4104 6480
423 349 532 410 9.95

1696 331 2054 393 DIONYSIUS
2090 326 2412 388 EXIGUUS.

3607 318 3713 375 €96

427 467 622 535 agitur,
665 459 996 532 transfugam
1026 456 1279 513 clericum
1311 452 1376 509 ad
1407 449 1706 508 Ecclesium
1729 464 1882 505 suam
1910 462 2019 501 me-
2053 457 2091 510 ,ι
2124 443 2379 500 Ecclesiae
2402 456 2530 497 cura
2560 438 2877 503 conﬂueret,
2923 445 2980 492 et
3016 435 3145 493 nihil
3177 447 3400 502 usquam
3431 447 3462 487 a
3489 447 3591 488 suo
3619 448 3714 490 ca-

429 555 790 626 tropolitauus
833 551 1008 606 redire
1034 546 1342 617 compellet.
1393 542 1449 598 Si
1479 551 1660 598 autem
1689 538 1897 608 longius
1923 554 2012 592 rc-

429 646 612 711 cessit,
662 643 739 698 tui
768 639 1018 714 praecepti
1051 636 1377 693 auctoritate
1404 632 1770 692 revocabitur.
1820 637 1879 683 ut
1919 641 2018 682 nec

429 735 731 807 cupiditati,
763 748 864 788 nec
893 728 1174 786 ambitioni
1207 725 1425 783 occasio
1455 723 1808 791 relinquatur.

436 849 506 906 Ut
534 851 587 904 in
617 847 891 902 erocandis
918 841 1320 916 provincialibus
1346 838 1597 909 episcopis
1629 854 1658 889 a
1692 831 2022 916 Thessaloni-

504 936 653 975 ceuse
690 906 935 990 ponti/ire
979 915 1265 990 moderatio
1313 906 1656 988 coitseri'etur,
1701 923 1770 990 nne
1799 906 1888 956 sub
1931 907 2024 955 hoc

502 978 1037 1045 colore'saccrdotalis
1068 986 1231 1038 Ironor
1261 980 1586 1036 contumeliis
1606 978 1900 1028 (addicatur.
1935 987 2025 1024 nec

506 1059 728 1129 amplius
754 1074 909 1129 quam
938 1055 1044 1129 bini
1076 1056 1139 1129 de
1166 1052 1441 1129 prouinciis
1471 1048 1721 1112 eniswpi,
1761 1061 1886 1110 quos
1922 1059 2024 1096 me-

506 1123 810 1201 tropolitani
839 1126 1188 1196 probarerint,
1216 1123 1533 1193 dirigantur.

507 1240 618 1298 XL.
647 1239 705 1296 In
730 1236 1020 1296 evocandis
1049 1244 1226 1290 autem
1253 1249 1282 1288 a
1315 1243 1367 1287 te
1396 1226 1667 1300 episcopis
1705 1222 2020 1280 moderatis-

436 1337 632 1394 simum
660 1349 782 1390 esse
811 1341 865 1387 te
907 1331 1175 1388 volumus,
1234 1341 1300 1381 nc
1349 1340 1444 1392 per
1496 1319 1712 1386 majoris
1741 1316 2030 1384 diligentite

437 1427 677 1498 speciem
718 1425 970 1481 fraternis
997 1418 1216 1492 gloriari
1261 1415 1491 1470 videaris
1533 1410 1758 1480 injuriis.
1810 1407 1961 1464 Unde
1987 1407 2031 1460 si

439 1535 600 1576 causa
633 1517 809 1587 aliqua
838 1513 1012 1583 major
1038 1511 1163 1574 erit,
1192 1507 1262 1563 ob
1291 1519 1452 1576 quam
1484 1499 1824 1562 rationabile,
1846 1513 1910 1551 ae
1941 1510 2034 1551 ne-

441 1609 728 1666 cessarium
754 1607 822 1662 sit
865 1603 1160 1658 fraternum
1191 1598 1456 1653 advocare
1484 1600 1832 1652 conventum,
1878 1589 2035 1642 binos

441 1701 508 1755 de
535 1698 760 1768 singulis
784 1692 1074 1766 provinciis
1105 1689 1411 1760 episcopos,
1456 1698 1594 1754 quos
1634 1676 2034 1748 metropolitani

444 1790 773 1847 crediderint
810 1802 928 1841 esse
974 1779 1286 1848 mittendos,
1335 1776 1403 1831 ad
1450 1773 1840 1829 fraternitatem
1886 1779 2033 1824 tuam

446 1881 636 1944 venire
661 1877 913 1933 sufficiat.

451 1993 520 2048 Ut
548 2007 654 2046 non
681 1989 902 2056 amplius
932 2002 964 2038 a
993 1991 1194 2056 statuto
1219 1980 1706 2056 conciliitempore,
1747 1987 1906 2056 quant
1929 1970 2038 2023 dies

521 2079 588 2116 xv
613 2044 934 2113 remorentur
966 2053 1218 2125 epierpi,
1248 2061 1296 2105 et
1337 2053 1382 2105 si
1420 2049 1555 2125 inter
1579 2063 1662 2125 cols
1682 2045 1832 2115 fuerit
1859 2044 2040 2122 oborta

521 2112 1006 2194 contentio,cnuctti
1031 2112 1268 2178 Romano
1303 2120 1536 2194 pontiﬁci
1564 2114 1656 2194 sub
1673 2112 1927 2194 gesto-rum
1957 2112 2041 2190 in-

519 2182 814 2255 sinuatione
842 2196 1139 2265 pandantur
1160 2209 1179 2246 :
1201 2203 1259 2244 ut
1283 2182 1347 2245 ab
1375 2182 1596 2260 eo'quod
1626 2182 1733 2239 Deo
1766 2182 2042 2252 placuerit,

523 2272 814 2326 ordinetur.

519 2383 656 2438 XLI.
690 2382 765 2436 Ita
811 2389 868 2435 ut
905 2394 937 2434 a
979 2377 1280 2449 pmtituto
1325 2381 1574 2442 tempore
1623 2382 1733 2423 non
1783 2365 1924 2421 ultra
1974 2361 2047 2416 15

451 2477 588 2540 dies,
632 2475 725 2544 qni
753 2471 1124 2534 convenerint,
1158 2484 1264 2522 non
1294 2465 1658 2521 retardantur.
1691 2459 1750 2516 Si
1777 2467 1958 2515 autem
1989 2458 2045 2513 in

456 2583 525 2624 eo
560 2565 707 2636 quod
757 2578 880 2620 cum
935 2561 1190 2616 fratribus
1239 2556 1578 2613 tractandum
1613 2549 2047 2608 deﬁniendumve

455 2657 769 2722 Credideris,
796 2653 1007 2709 diversa
1035 2665 1225 2707 eorum
1253 2646 1416 2702 fuerit
1437 2662 1466 2700 a
1500 2655 1588 2699 tua
1615 2643 1895 2697 voluntate
1923 2653 2050 2693 sen-

456 2749 646 2816 tentia,
677 2747 745 2801 ad
768 2760 868 2800 nos
896 2743 1076 2799 omnia
1104 2742 1204 2795 sub
1232 2745 1510 2808 gestorum
1540 2731 1923 2789 testificatione
1965 2725 2047 2783 fe-

456 2846 662 2902 rentur,
691 2844 750 2892 ut
776 2833 998 2890 remotis
1027 2827 1485 2896 ambiguitatibus,
1528 2821 1674 2894 quod
1709 2821 1818 2876 Deo
1841 2819 2051 2890 placeat

456 2928 797 2985 decernatur.
847 2923 927 2978 Ad
968 2921 1115 2977 hunc
1142 2919 1286 2974 enim
1332 2916 1494 2972 linem
1535 2928 1750 2969 omnem
1793 2909 2049 2967 allectum
2119 2944 2132 2958 .

459 3028 705 3078 nostrum
753 3029 1049 3086 curamque
1075 3013 1374 3082 dirigimus,
1417 3015 1476 3064 ut
1504 3007 1648 3078 quod
1678 3004 1744 3059 ad
1787 3005 2048 3058 unitatem

460 3109 783 3175 concordiae,
809 3116 866 3164 et
888 3105 1030 3178 quod
1059 3104 1125 3160 ad
1147 3103 1448 3160 custodiam
1480 3098 1712 3170 pertinet
1735 3095 2048 3166 disciplinae,

2125 539 2232 609 pite
2259 535 2562 592 dissideret.
2596 535 2696 601 Qui
2741 548 2870 600 ergo
2897 531 3002 586 scit
3039 545 3100 585 se
3148 527 3468 596 rpiilmsdam
3500 541 3715 595 ["18th-

2123 629 2309 696 situm,
2332 643 2439 683 non
2461 625 2691 682 moleste
2718 621 2858 678 ferat
2878 621 3113 689 aliquem
3137 618 3240 673 sibi
3269 631 3390 671 esse
3414 618 3714 686 pnelatum,

2124 721 2219 776 sed
2247 717 2628 779 obedientiam.
2674 729 2834 784 quam
2865 712 3052 780 exigit,
3082 709 3246 765 etiam
3278 709 3395 778 ipse
3423 707 3718 777 dependat,

2126 821 2184 867 ct
2208 812 2351 868 sicut
2379 825 2484 866 non
2535 810 2649 862 volt
2687 807 2864 874 gravis
2910 803 3092 858 oneris
3119 802 3386 856 sarcinam
3432 798 3594 863 ferre,
3646 800 3718 853 ita

2130 918 2236 959 non
2264 901 2458 956 amicat
2481 899 2568 954 alii
2603 895 2946 968 importabile
2979 892 3192 964 pondus
3221 893 3521 961 imponere.
3556 889 3722 945 Disci-

2131 995 2240 1064 puli
2271 993 2414 1048 cnitn
2443 1007 2631 1047 sumus
2661 988 2878 1044 humilis
2904 993 2962 1041 et
3002 984 3150 1040 mitis
3172 982 3433 1050 magistri,
3457 981 3722 1038 dicentis:

2135 1082 2334 1140 Discite
2362 1097 2392 1136 a
2421 1097 2526 1144 me,
2558 1081 2684 1151 quia
2723 1077 2868 1133 mitis
2913 1090 3035 1131 sum
3075 1081 3133 1129 et
3176 1070 3396 1128 humilis
3439 1070 3630 1132 corde.
3668 1081 3727 1124 ct

2135 1175 2419 1232 invenietis
2468 1173 2708 1243 requiem
2755 1168 3036 1224 animabus
3081 1164 3309 1229 vestris;
3351 1163 3538 1230 jugum
3580 1161 3724 1216 enim

2138 1281 2314 1322 meum
2342 1280 2512 1320 suave
2535 1261 2639 1328 est,
2675 1271 2731 1317 ct
2759 1276 2896 1316 onus
2920 1273 3100 1316 meum
3129 1257 3247 1312 leve
3268 1264 3355 1311 est
3383 1251 3598 1324 (Matth.
3626 1256 3725 1308 λιι.

2136 1359 2291 1425 Quod
2313 1355 2586 1427 quomodo
2616 1352 2980 1424 experiemur,
3029 1349 3131 1406 nisi
3170 1357 3224 1403 et
3275 1347 3408 1401 illud
3451 1347 3504 1400 in
3538 1345 3728 1399 obser-

2135 1455 2374 1510 vantiam
2399 1453 2602 1518 veniat,
2634 1449 2780 1522 quod
2805 1449 2946 1503 idem
2977 1445 3236 1500 Dominus
3264 1443 3344 1496 ait
3371 1459 3383 1494 :
3423 1439 3523 1507 Qui
3558 1438 3732 1507 major

2137 1557 2224 1604 est
2261 1556 2521 1610 vestrum,
2552 1545 2659 1600 erit
2696 1543 2942 1598 minister
2970 1547 3146 1594 vester
3191 1533 3408 1607 (Matth.
3451 1549 3553 1598 xx;
3599 1530 3726 1585 Luc.

2142 1640 2311 1705 xm);
2342 1639 2433 1705 qui
2463 1645 2645 1691 autem
2674 1648 2736 1690 se
2762 1630 3085 1688 exaltaverit
3134 1626 3521 1690 humiliabitur,
3559 1632 3615 1678 et
3639 1621 3731 1692 qui

2141 1745 2202 1786 se
2229 1729 2474 1785 humiliat
2496 1724 2823 1782 exaltabitur
2851 1721 3006 1793 (Luc.
3040 1719 3187 1791 xxv)?

2215 1841 2326 1897 Leo
2360 1840 2558 1896 Nicena
2585 1839 2842 1909 episcopo
2870 1833 3200 1905 Aquileiensi
3231 1831 3483 1888 salutem.

2219 1933 2512 2001 Regressus
2541 1929 2606 1984 ad
2641 1944 2738 1983 nos
2765 1928 2904 1981 Illius
2936 1941 3086 1980 meus
3117 1921 3440 1984 Adeodatns,
3468 1916 3611 1975 sedis
3639 1933 3736 1974 no-

2144 2034 2268 2080 stra:
2292 2022 2570 2082 diaconus,
2603 2017 2949 2072 dilectionem
2997 2023 3142 2068 tuam
3187 2011 3497 2082 poposcisse
3526 2022 3736 2061 memo—

2145 2115 2303 2176 ravit,
2346 2122 2405 2167 ut
2445 2111 2513 2166 de
2543 2110 2626 2165 his
2656 2109 3034 2163 auctoritatem
3063 2105 3377 2175 apostoliczc
3425 2100 3566 2158 sedis
3595 2101 3738 2156 acci-

2146 2219 2325 2276 peres,
2375 2216 2494 2272 quae
2522 2199 2738 2270 quidem
2788 2211 3037 2267 magnam
3087 2195 3456 2250 difﬁcultatem
3487 2191 3740 2262 dijudica-

2148 2295 2310 2351 tionis
2334 2294 2580 2349 videntur
2608 2291 2800 2346 afferre
2828 2308 2840 2342 :
2865 2288 2959 2344 sed
2986 2304 3085 2359 pro
3110 2284 3443 2357 inspectione
3473 2291 3741 2351 tempora-

2149 2385 2278 2442 lium
2308 2385 2688 2440 necessitatum
2719 2379 3017 2436 adhihenda
3046 2377 3254 2432 curatio
3277 2383 3379 2440 est,
3410 2381 3469 2428 ut
3493 2372 3737 2436 vulnera,

2149 2491 2268 2546 qua:
2317 2473 2645 2530 adversitatc
2692 2468 3003 2525 hostilitatis
3050 2465 3196 2522 illata
3243 2469 3414 2533 sunt,
3463 2459 3740 2530 religionis

2152 2569 2388 2626 maxime
2421 2565 2633 2620 ratione
2663 2573 2941 2616 sanentur.
3638 2589 3744 2636 .\

2155 2687 2303 2756 Quod
2324 2682 2793 2756 debeantfemine,
2825 2693 2939 2749 qua:
2957 2675 3120 2756 captis
3146 2673 3268 2756 uiris
3291 2676 3571 2756 nupserant
3595 2667 3740 2750 aliis,
3781 2657 3834 2692 "'-

2223 2738 2468 2827 rcgressis
2515 2738 2578 2806 de
2612 2738 2904 2827 captivitdte
2932 2738 3052 2801 viris
3086 2738 3640 2826 prioribuscopulari,
3682 2745 3740 2789 ut

2224 2815 2360 2899 quvod
2388 2840 2534 2878 suum
2561 2830 2633 2876 est
2661 2815 3002 2889 unusquisque
3027 2815 3258 2883 recipiat.

2223 2936 2383 2995 XLII.
2433 2934 2567 2990 Cum
2595 2947 2724 3002 ergo
2750 2948 2849 3002 per
2877 2929 3125 2984 bellicam
3179 2924 3385 2981 cladem
3415 2931 3470 2977 et
3496 2936 3600 3000 per;
3621 2934 3742 2987 gra-

2152 3029 2403 3086 vissimos
2438 3025 2747 3081 hostilitatis
2792 3024 3036 3078 incursus
3067 3021 3139 3074 ita
3168 3018 3409 3087 quaadam
3441 3013 3629 3069 dicatis
3658 3010 3742 3065 di-

2155 3123 2266 3178 visa
2298 3135 2418 3175 esse
2445 3116 2714 3186 conjugia,
2745 3124 2802 3169 ut
2828 3111 3070 3168 abductis
3114 3109 3167 3163 in
3217 3106 3581 3178 captivitatem
3616 3103 3748 3158 viris

463 3203 610 3260 nulla
636 3198 974 3256 dissensione
1000 3194 1254 3260 violetur,
1304 3191 1448 3246 nulla
1491 3187 1697 3244 desidia
1729 3185 2046 3254 negligatur.
2079 3200 2124 3263 ς
2157 3211 2367 3268 feminae
2396 3185 2582 3266 eorum
2606 3204 2962 3262 remanserint
2987 3200 3277 3264 destituta},
3306 3212 3428 3267 qua,
3457 3196 3598 3250 viros
3612 3210 3743 3264 pro-

462 3293 530 3350 Et
560 3301 613 3349 te
637 3293 814 3360 igitur,
841 3289 1007 3343 frater
1030 3284 1396 3348 dilectissime,
1413 3289 1468 3336 ct
1483 3296 1578 3335 eos
1600 3279 1793 3332 fratres
1815 3284 2050 3339 nostros,

464 3385 557 3458 qui
584 3383 653 3440 de
679 3382 784 3438 tuis
813 3377 1156 3436 oil'enduntur
1184 3373 1512 3435 excessibus,
1561 3383 1683 3424 cum
1718 3378 1897 3420 tamen
1944 3379 2049 3418 non

464 3474 655 3530 similis
701 3471 771 3528 sit
797 3469 1048 3527 omnibus
1091 3466 1318 3523 materia
1348 3461 1714 3534 querelarum,
1760 3459 1950 3512 hortor
1999 3463 2056 3510 et

467 3579 684 3630 moueo,
716 3574 774 3619 ut
801 3577 920 3633 quae
942 3562 1028 3631 pie
1055 3567 1180 3614 sunt
1207 3556 1476 3619 ordinata,
1517 3552 1914 3619 salubriterque
1939 3547 2052 3602 dis-

467 3659 665 3732 posita,
707 3653 853 3712 nulla
899 3648 1308 3710 concertatione
1348 3646 1668 3708 turbentur,
1709 3656 1870 3698 nemo
1909 3637 2054 3710 quod

466 3728 626 3808 suum
666 3754 751 3802 est
792 3751 1020 3815 qutcrat,
1070 3741 1162 3797 sed
1220 3737 1365 3809 quod
1403 3736 1626 3792 alterius
1657 3731 1712 3801 (Ι
1732 3731 1851 3787 Cor.
1880 3729 1958 3800 χ).
1992 3728 2057 3782 Ει

467 3841 608 3896 sicut
633 3838 709 3893 ait
746 3833 1054 3906 Apostolus,
1109 3830 1474 3898 unusquisque
1519 3833 1759 3880 vestrum
1806 3820 2056 3890 proximo

468 3947 568 3988 suo
608 3930 822 4001 placeat
865 3926 919 3980 in
964 3925 1164 3979 bonum
1193 3919 1262 3974 ad
1287 3916 1697 3973 mdilicationem
1726 3910 1904 3982 (Rom.
1940 3909 2054 3978 xv).

470 4021 586 4077 Non
611 4018 755 4074 enim
777 4013 979 4086 poterit
997 4009 1219 4066 unitatis
1241 4016 1438 4062 nostra:
1461 4003 1612 4058 firma
1632 4015 1751 4058 esse
1771 4013 2055 4070 compago,

473 4112 575 4168 nisi
605 4123 704 4165 nos
732 4106 799 4161 ad
825 4100 1240 4175 inseparabilem
1270 4095 1602 4153 soliditatem
1628 4091 1899 4147 vinculum
1929 4089 2060 4144 cha-

472 4205 649 4264 ritatis
675 4200 987 4258 astrinxerit
1014 4215 1027 4251 :
1059 4195 1184 4266 quia
1223 4193 1364 4248 sicut
1401 4191 1455 4245 in
1485 4204 1593 4244 uno
1633 4200 1864 4256 corpore
1891 4182 2060 4239 multa

473 4296 719 4352 membra
747 4292 1026 4354 habemus,
1059 4286 1239 4342 omnia
1263 4293 1443 4338 autem
1481 4279 1724 4335 membra
1755 4292 1862 4331 non
1905 4289 2058 4329 eum-

472 4389 598 4444 dem
619 4393 797 4440 actum
826 4383 1059 4444 habent;
1091 4378 1164 4432 ita
1194 4374 1350 4431 multi
1380 4387 1542 4428 unum
1570 4382 1768 4438 corpus
1795 4380 1979 4420 sumus
2009 4365 2059 4416 in

476 4478 716 4540 Christo,
757 4472 949 4542 singuli
979 4477 1160 4524 autem
1209 4465 1344 4520 alter
1373 4461 1594 4518 alterius
1624 4459 1886 4512 membra.
1911 4453 2059 4508 Con-

2155 3303 2303 3372 prius
2345 3306 2438 3354 aut
2474 3297 2827 3365 interemptos
2853 3297 3124 3362 putarent,
3166 3295 3258 3343 aut
3284 3301 3556 3357 nunquam
3584 3300 3615 3338 a
3645 3282 3748 3338 do-

2157 3390 2450 3445 minatione
2479 3385 2761 3442 crederent
2789 3379 3116 3446 liberandos,
3170 3387 3226 3434 et
3265 3378 3317 3432 in
3351 3377 3578 3431 aliorum
3623 3391 3751 3430 cou-

2152 3481 2358 3550 jugium
2387 3476 2674 3534 solitudine
2703 3481 2930 3543 cogente
2962 3469 3307 3526 transierint:
3341 3482 3571 3538 cumque
3602 3482 3749 3522 nunc

2157 3579 2299 3625 statu
2325 3583 2526 3635 rerum,
2557 3565 2851 3620 auxiliante
2880 3562 3128 3624 Domino,
3157 3561 3209 3615 in
3233 3558 3458 3616 meliora
3485 3572 3749 3614 converso

2158 3661 2398 3718 nonnulli
2437 3675 2650 3724 eorum,
2676 3658 2767 3728 qui
2799 3657 3126 3726 putabantur
3161 3652 3405 3724 periisse,
3437 3651 3747 3715 remearint,

2158 3752 2352 3807 merito
2379 3750 2617 3805 charitas
2645 3756 2733 3800 tua
2765 3746 2975 3800 videtur
2999 3743 3271 3812 ambigere
3314 3742 3441 3812 quid
3466 3741 3533 3797 de
3561 3740 3754 3794 mulieo

2159 3843 2327 3907 ribus,
2377 3856 2496 3910 qua:
2535 3837 2879 3905 aliisjuncttc
2925 3842 3054 3890 sunt
3101 3834 3248 3897 viris,
3293 3848 3323 3887 a
3355 3832 3511 3888 nobis
3557 3830 3753 3886 debeat

2159 3936 2418 3992 ordinari.
2465 3932 2572 3988 Sed
2617 3931 2742 4001 quia
2793 3930 3039 3985 novimus
3075 3927 3354 3996 scriptum,
3405 3923 3549 3996 quod
3577 3938 3609 3977 a
3640 3923 3752 3977 Dco

2155 4026 2397 4096 jungitur
2440 4022 2632 4078 mulier
2661 4021 2795 4082 viro,
2845 4027 2900 4073 et
2937 4019 3131 4074 iterum
3161 4023 3488 4086 prmceptum
3526 4013 3752 4080 agnovi-

2163 4131 2301 4176 mus,
2333 4123 2389 4166 ut
2417 4111 2561 4182 quod
2587 4109 2726 4163 Deus
2752 4106 2928 4176 junxit
2976 4106 3137 4160 homo
3159 4119 3266 4159 non
3287 4110 3504 4172 separet
3533 4100 3608 4171 (Μ
3617 4101 3749 4154 ana.

2163 4206 2302 4272 nx),
2329 4217 2552 4258 necesse
2581 4208 2666 4255 est
2702 4207 2762 4253 ιιι
2812 4198 3170 4264 legitimarum
3214 4195 3412 4250 hedera
3445 4191 3750 4261 nuptiarum

2163 4291 2577 4362 rediutcgranda
2607 4290 2909 4351 credamus,
2950 4297 3002 4342 et
3035 4287 3254 4342 remotis
3296 4285 3468 4348 malis,
3501 4298 3620 4352 qua:
3651 4282 3751 4336 ho-

2164 4388 2358 4443 stilitas
2412 4385 2608 4447 intulit,
2672 4381 2959 4448 unicuique
3001 4378 3054 4432 id
3097 4377 3243 4448 quod
3280 4376 3520 4444 legitime
3568 4374 3753 4428 habuit

2166 4479 2528 4534 refer-inetur,
2578 4472 2833 4539 otnniqne
2881 4470 3058 4524 stmlio
3127 4467 3522 4538 procurandum
3567 4473 3650 4520 est
3695 4473 3754 4520 nt

479 4570 641 4626 nexio
669 4564 836 4619 totius
851 4560 1095 4630 corporis
1118 4571 1278 4611 unam
1306 4553 1615 4616 sanitatem,
1644 4563 1804 4604 unam
1825 4544 2059 4616 pulehri-
2088 4564 2136 4622 ι)
2163 4571 2387 4639 κείνω
2411 4566 2772 4633 unusquisque
2799 4561 2944 4632 quod
2976 4557 3248 4631 prdprium
3277 4567 3378 4614 est.

479 4659 717 4716 tudinem
748 4653 890 4708 facit.
925 4651 992 4705 Et
1037 4649 1151 4704 btce
1177 4646 1390 4716 quidem
1417 4642 1687 4700 connexio
1733 4639 1901 4694 totius
1941 4649 2062 4691 cor-

479 4749 630 4823 poris
675 4741 1080 4801 unanimitatem
1126 4735 1386 4807 requirit,
1435 4730 1531 4787 sed
1580 4727 1850 4798 praecipue
1897 4722 2063 4792 exigit

478 4817 824 4894 concordiam
871 4828 1232 4892 sacerdotum,
1279 4823 1474 4894 quibus
1510 4819 1611 4875 etsi
1655 4817 1888 4887 dignitas
1912 4827 2064 4868 com-

480 4927 659 4986 munis
687 4940 793 4980 non
833 4929 935 4985 est,
985 4929 1161 4976 tamen
1209 4915 1343 4971 ordo
1368 4913 1635 4984 generalis
1663 4915 1764 4964 est.
1795 4903 2062 4971 Quoniam

480 5030 539 5077 et
566 5021 704 5076 inter
730 5012 1065 5072 beatissimos
1089 5006 1364 5079 apostolos
1391 5004 1446 5057 in
1473 4997 1821 5056 similitudine
1840 4993 2063 5050 honoris

481 5111 581 5167 fuit
607 5107 849 5178 quaedam
876 5102 1131 5158 discretio
1156 5095 1458 5169 potestatis,
1483 5101 1540 5147 et
1565 5105 1684 5146 cum
1706 5087 1944 5144 omnium
1966 5101 2064 5156 par

483 5210 629 5256 esset
654 5197 862 5262 electio,
890 5194 981 5249 uni
1022 5201 1202 5246 tamen
1231 5188 1415 5242 datum
1476 5191 1560 5239 est
1602 5190 1659 5235 ut
1693 5179 1902 5236 ctctcris
1929 5191 2063 5247 pra!-

483 5285 971 5353 emincret.Dequa
999 5281 1168 5335 forma
1198 5277 1572 5347 episcoporum
1597 5283 1814 5340 quoque
1835 5275 1919 5322 est
1946 5272 2066 5321 orta

483 5382 775 5438 distinctio.
808 5377 874 5432 Et
916 5390 1106 5444 magna
1151 5369 1490 5429 ordinatione
1537 5365 1810 5436 provisum
1861 5367 1962 5425 est,
1997 5373 2065 5413 ne

484 5487 676 5528 omnes
698 5469 800 5525 sibi
829 5468 1009 5524 omnia
1032 5464 1386 5527 vindicarent,
1416 5458 1510 5516 sed
1539 5463 1719 5511 essent
1747 5454 1802 5508 in
1839 5448 2064 5520 singulis

486 5563 776 5635 provinciis
820 5560 1040 5627 singuli,
1091 5571 1316 5624 quorum
1357 5555 1496 5608 inter
1538 5548 1730 5605 fratres
1777 5545 2066 5600 haberetur

486 5652 659 5722 prima
686 5649 972 5709 sententia,
1003 5655 1059 5698 et
1083 5659 1290 5699 rursum
1321 5640 1533 5710 quidam
1565 5638 1618 5691 in
1649 5633 1942 5703 majoribus
1971 5645 2062 5684 ur-

489 5741 645 5796 bibus
673 5737 950 5794 constituti
981 5733 1390 5788 sollicitudinem
1439 5729 1557 5795 ejus
1587 5724 1921 5794 susciperent
1947 5735 2064 5774 am-

489 5832 736 5904 pliorem,
759 5843 854 5902 per
881 5841 1017 5899 quos
1062 5826 1130 5882 ad
1169 5837 1329 5880 unam
1364 5819 1510 5876 Petri
1537 5817 1722 5876 sedem
1751 5811 2068 5870 universalis

2167 4709 2318 4774 Quod
2345 4725 2449 4762 non
2473 4707 2715 4778 probetur
2738 4719 2848 4778 esse
2868 4702 3164 4778 culpabilis,
3185 4701 3269 4772 qui
3297 4715 3511 4778 uxorem
3535 4696 3671 4766 capti
3697 4696 3750 4749 in

2488 4775 2819 4830 matrimonio
2847 4771 3047 4827 videtur
3074 4788 3184 4826 esse
3200 4771 3436 4825 sortitus.

2239 4888 2413 4946 XLIII.
2447 4888 2555 4945 Nec
2588 4901 2766 4942 tamen
2794 4885 3074 4955 culpabilis
3096 4885 3384 4953 juzlicetur,
3414 4893 3470 4937 et
3499 4891 3753 4950 umquam

2167 4981 2326 5037 alieni
2371 4980 2508 5050 juris
2548 4994 2808 5050 pervasor
2843 4977 3122 5042 habeatur,
3167 4975 3260 5045 qui
3308 4989 3590 5043 personam
3638 4974 3752 5040 ejus

2169 5077 2370 5142 mariti,
2401 5075 2492 5145 qui
2512 5073 2621 5142 jam
2652 5089 2760 5126 non
2803 5085 2922 5125 esse
2961 5067 3393 5130 existimabatur,
3443 5066 3749 5134 assumpsit.

2169 5168 2260 5224 Sic
2287 5168 2429 5222 enim
2472 5165 2639 5219 multa
2667 5179 2784 5234 quae
2813 5162 2877 5217 ad
2907 5177 3003 5216 eos
3053 5160 3142 5229 qui
3177 5161 3230 5213 in
3257 5158 3618 5228 captivitatem
3645 5155 3750 5208 du-

2169 5259 2241 5314 cti
2270 5267 2395 5312 sunt
2423 5256 2780 5327 pertinebant,
2831 5253 2884 5306 in
2911 5251 2997 5322 jus
3042 5251 3273 5306 alienum
3307 5248 3531 5302 transire
3560 5255 3752 5314 potue-

2172 5357 2316 5411 runt,
2346 5355 2402 5400 et
2425 5354 2604 5398 tamen
2633 5343 2848 5411 plenum
2870 5340 3089 5410 justitia:
3117 5347 3202 5396 est
3245 5347 3302 5392 ut
3349 5336 3538 5392 iisdem
3569 5349 3754 5390 rever-

2172 5439 2246 5492 sis
2294 5436 2508 5508 propria
2537 5431 3086 5496 refortucntor.Quod
3115 5432 3158 5483 si
3187 5432 3238 5484 in
3270 5427 3547 5496 mancipiis
3584 5425 3666 5478 vel
3700 5424 3754 5477 in

2168 5528 2327 5596 agris,
2361 5534 2454 5580 aut
2479 5525 2639 5580 etiam
2689 5525 2740 5577 in
2771 5522 3017 5576 domibus
3063 5536 3129 5575 ac
3184 5517 3609 5589 possessionibus
3651 5518 3755 5567 rite

2167 5625 2438 5681 servatur,
2487 5625 2688 5684 quanto
2715 5613 2883 5681 magis
2911 5612 2962 5666 in
3007 5610 3376 5679 conjugiorum
3416 5607 3753 5672 redintegra-

2173 5715 2316 5766 tionc
2344 5708 2644 5763 faciendum
2671 5715 2770 5770 est,
2796 5713 2854 5758 ut
2881 5704 3024 5773 quod
3056 5701 3247 5758 bellica
3281 5699 3608 5756 necessitate
3634 5703 3754 5752 tur-

2170 5805 2354 5865 batum
2379 5811 2462 5859 est
2488 5799 2635 5874 pacis
2657 5797 2892 5856 remedio
2918 5793 3271 5855 reformctur!
3750 5775 3772 5783 ”
