4104 6544
291 472 398 528 297

1331 462 1703 528 CULLECTIO
1742 463 2204 525 DECRETORUM
2247 467 2348 524 PP.
2395 466 2508 524 RR.

3468 470 3578 524 298

293 578 373 638 (Μ’
390 583 436 638 si
471 583 658 655 viride
688 583 983 655 captivitate
1024 583 1696 655 regressi,intemperantia
1741 596 1876 655 uajo-
1912 583 1962 642 Λ
1988 588 2266 648 ceperunt.
2322 595 2446 638 cum
2491 571 2748 652 baptizati
2797 591 2952 638 antea
2999 596 3106 637 non
3151 575 3407 649 fuissent,
3454 583 3574 637 sola

355 671 468 708 rum
497 654 685 723 offensi
717 651 820 708 non
845 655 1043 777 iuerint
1064 651 1165 718 {et
1203 651 1464 706 voluerint
1483 668 1572 705 eas
1604 653 1658 702 in
1689 651 1874 719 conju-

357 726 496 777 aium
524 727 771 777 recinere.
803 724 839 777 li
876 740 1017 777 erant
1047 721 1272 775 habeant
1300 723 1618 777 facultatem.

357 726 496 796 gium
524 721 771 794 recipere,
803 721 1017 777 liberam
1047 721 1272 775 habeant
1298 723 1618 792 facultatem.

357 699 1655 796 ῥῖᾶιὶιίὶὲξρὲίὲζ’ἱεὶὲἓὲιὶἱὶἰῖαὶιὲαὶιί“ῖὶιὶὶὶὶὶαέἓὶιιζ’⁷

359 831 538 886 XLIV.
571 831 637 884 Et
662 832 784 885 ideo
812 831 859 886 si
889 831 987 886 viri
1013 839 1137 901 post
1165 831 1380 900 longam
1405 832 1770 902 captivitatem
1793 845 1878 885 re-

287 923 428 978 versi
454 922 526 976 ita
559 923 611 976 in
639 922 930 977 dilectione
955 937 1170 976 suarum
1194 921 1478 981 coniugum
1509 927 1873 981 perseverent,

287 923 428 978 versi
454 922 526 976 ita
559 923 611 976 in
639 922 930 977 dilectione
955 937 1170 976 suarum
1194 921 1478 991 coniugum
1509 927 1873 992 perseverent,

285 1023 344 1068 ut
371 1029 464 1068 eas
490 1014 714 1082 cupiant
757 1011 808 1066 in
853 1028 1008 1067 suum
1035 1011 1213 1066 redire
1241 1013 1592 1077 consortium,
1623 1011 1878 1066 omitten-

283 1107 412 1160 dum
437 1111 541 1167 est,
575 1110 630 1159 et
655 1101 980 1172 inculpabile
1004 1100 1370 1170 iudicandum,
1404 1100 1549 1169 quod
1585 1101 1875 1155 necessitas

282 1197 482 1260 intulit,
516 1201 572 1249 et
599 1193 991 1249 restituendum
1019 1201 1103 1248 est
1130 1193 1274 1262 quod
1297 1191 1427 1247 lldes
1457 1193 1647 1262 poscit.

283 1310 351 1365 Ut
375 1311 422 1364 si
446 1308 687 1362 mulieres
717 1305 788 1359 ad
819 1306 1015 1376 priores
1043 1302 1458 1376 maritosredire
1478 1303 1755 1376 noluerint,
1791 1319 1873 1355 ve-

323 1381 397 1433 lut
423 1379 622 1448 impias,
649 1372 997 1430 ecclesiastica
1026 1374 1382 1428 communione
1409 1372 1674 1436 privantia:
1693 1375 1818 1425 sint.

351 1490 509 1545 XLV.
545 1490 604 1544 Si
646 1497 826 1544 autem
875 1475 1066 1558 aliqua:
1105 1487 1354 1542 mulieres
1402 1486 1474 1540 ita
1515 1485 1872 1556 posteriorum

280 1585 519 1637 virorum
552 1597 736 1635 amore
766 1587 890 1635 sunt
929 1587 1116 1648 capue,
1167 1587 1223 1632 ut
1254 1577 1442 1631 malint
1470 1577 1552 1631 his
1579 1577 1871 1642 cohatrere,

280 1689 445 1744 quam
470 1674 537 1728 ad
566 1672 858 1741 legitimum
906 1671 1082 1726 redire
1112 1670 1462 1733 consortium,
1511 1668 1705 1723 merito
1749 1674 1874 1722 sunt

281 1763 570 1829 notandte,
637 1763 708 1818 ita
755 1771 811 1817 ut
857 1763 1018 1817 etiam
1069 1761 1432 1816 ecclesiastica
1496 1757 1873 1815 communione

281 1859 581 1928 priventur,
636 1871 757 1926 quae
803 1855 870 1910 de
919 1869 977 1908 re
1022 1852 1316 1909 excusablli
1362 1849 1871 1906 contaminationem

1981 671 2152 724 sancti
2169 670 2401 744 Spiritus
2421 673 2762 728 invocatione
2783 688 2878 744 per
2898 675 3293 744 impositionem
3317 687 3570 729 manuum

1980 761 2330 817 confirmandi
2359 773 2500 829 sunt,
2533 765 2657 834 quia
2688 766 2913 819 formam
2941 773 3148 820 tantum
3177 765 3433 834 baptismi
3454 766 3571 820 sine

1978 853 2417 909 sanctiﬁcationis
2437 855 2631 910 virtute
2652 865 3015 926 sumpserunt.
3059 855 3126 910 Et
3145 857 3285 910 hanc
3303 855 3564 924 regulam,

1979 952 2037 997 ut
2058 944 2220 1008 scitis,
2237 940 2556 999 servandam
2583 947 2636 1000 in
2661 947 2908 1002 omnibus
2924 947 3177 1002 Ecclesiis
3195 946 3569 1016 pratdicamus,

1978 1040 2037 1087 ut
2067 1034 2340 1090 lavacrum
2377 1037 2545 1092 semel
2588 1038 2777 1092 initum
2807 1038 2954 1092 nulla
3002 1039 3286 1094 iteratione
3317 1039 3571 1102 violetur,

1977 1118 2478 1195 dicente-Apostolo
2520 1145 2534 1180 :
2580 1117 2726 1184 Unus
2755 1129 2914 1196 Deus,
2947 1145 3051 1183 una
3083 1129 3235 1197 fides,
3264 1145 3429 1184 unum
3468 1130 3568 1185 ba-

1978 1215 2170 1284 ptisma
2203 1209 2420 1286 (Ep/tes.
2456 1217 2552 1287 tv),
2584 1217 2739 1286 cujus
2767 1218 2971 1273 ablutio
3003 1219 3147 1273 nulla
3176 1220 3461 1274 iteratione
3486 1227 3569 1274 te-

1979 1306 2232 1359 meranda
2261 1315 2362 1372 est,
2396 1307 2508 1372 sed,
2542 1315 2602 1362 ut
2625 1307 2876 1375 diximus,
2921 1309 3036 1364 sola
3063 1309 3416 1364 sanctificatio
3442 1309 3566 1378 Spi-

1980 1397 2114 1450 ritus
2157 1397 2328 1451 sancti
2383 1395 2680 1452 invocanda
2730 1407 2852 1464 cst,
2901 1407 2961 1452 ut
2995 1397 3139 1467 quod
3189 1397 3256 1452 ab
3305 1397 3569 1453 haereticis

1980 1501 2138 1540 nemo
2168 1486 2384 1556 accipit,
2417 1502 2448 1541 a
2487 1486 2768 1544 catholicis
2789 1490 3157 1546 sacerdotibus
3188 1498 3562 1558 consequatur.

1979 1572 2128 1628 Hanc
2156 1584 2333 1629 autem
2356 1577 2638 1644 epistolam
2691 1587 2950 1645 nostram,
2996 1595 3158 1649 quam
3190 1580 3256 1634 ad
3295 1582 3567 1636 consulta-

1979 1664 2180 1721 tionem
2209 1674 2312 1720 tua:
2335 1666 2687 1724 fraternitatis
2712 1667 3004 1737 emisimus,
3041 1670 3106 1726 ad
3138 1686 3325 1725 omnes
3353 1670 3566 1736 fratres,

1978 1763 2033 1809 et
2060 1757 2539 1826 comprovinciales
2569 1767 2688 1815 tuos
2733 1761 3018 1830 episcopos
3068 1761 3234 1816 facias
3261 1763 3565 1831 pervenire,

1979 1855 2036 1900 ut
2067 1849 2304 1902 omnium
2334 1840 2689 1904 observantia:
2730 1850 2853 1904 data
2882 1853 3053 1921 prosit
3081 1855 3390 1909 auctoritas.
3433 1853 3566 1908 Data

280 1949 526 2004 criminis
550 1949 848 2018 elegerunt,
881 1947 1227 2002 ostendentes
1274 1943 1490 1999 sibimet
1518 1958 1617 2013 pro
1665 1957 1761 1997 sua
1793 1942 1870 1995 in-
1908 1946 1949 2004 Β
1980 1935 2045 1989 1'2
2073 1937 2174 1991 cal.
2207 1935 2487 2008 Aprilium,
2519 1955 2669 1995 cons.
2699 1937 2990 2009 Maioriano
3023 1942 3281 2011 Augusto.

283 2039 617 2094 continentia
663 2038 957 2108 placuisse,
1000 2035 1145 2107 quod
1175 2035 1318 2104 justa
1367 2033 1611 2089 remissio
1659 2039 1872 2102 poterat

281 2129 522 2198 expiare.
570 2128 815 2183 Redeant
845 2141 972 2196 ergo
1021 2125 1074 2181 in
1121 2141 1277 2182 suum
1324 2132 1521 2178 statum
1574 2121 1870 2176 voluntaria

280 2220 736 2289 redintegratione
760 2217 1032 2287 coniugia,
1056 2231 1232 2285 neque
1255 2215 1364 2270 ullo
1391 2213 1554 2269 modo
1579 2213 1642 2267 ad
1672 2227 1868 2282 oppro-

279 2312 455 2368 brium
486 2311 638 2365 malac
689 2309 977 2364 voluntatis
1024 2309 1286 2373 trahatur,
1327 2307 1470 2378 quod
1509 2306 1745 2360 conditio
1777 2319 1871 2359 ne-

279 2405 548 2460 cessitatis
577 2403 837 2458 extorsit:
862 2401 984 2472 quia
1012 2400 1150 2454 sicut
1201 2400 1284 2453 hac
1330 2397 1602 2464 mulieres,
1649 2411 1768 2466 qua:
1794 2412 1872 2452 re-

279 2495 418 2549 verti
449 2495 514 2548 ad
543 2495 688 2548 viros
725 2507 854 2548 suos
883 2490 1173 2553 noluerint,
1219 2489 1395 2560 impia:
1438 2497 1562 2543 sunt
1589 2486 1866 2551 habendae,

280 2582 354 2638 ita
386 2584 506 2648 ilhc,
537 2597 658 2652 quae
687 2582 742 2636 in
773 2578 1023 2636 allectum
1046 2593 1114 2634 ex
1139 2578 1251 2634 Deo
1275 2579 1463 2634 initum
1489 2577 1729 2642 redeunt,
1759 2592 1869 2631 me-

280 2678 388 2733 rito
419 2685 541 2732 sunt
565 2674 866 2730 laudanda}.

279 2787 510 2858 Captivis
540 2795 628 2840 aut
657 2802 852 2858 errore,
901 2795 989 2837 aut
1034 2785 1194 2858 fame,
1236 2800 1338 2858 non
1370 2783 1691 2858 veneratione
1732 2780 1870 2858 cibos

313 2851 670 2913 immolatitios
690 2857 840 2910 edere
862 2851 1136 2924 compulsis
1160 2852 1457 2924 ptenitentia
1485 2851 1830 2906 concedenda.

350 2968 534 3023 XLVI.
569 2969 642 3022 De
668 2967 752 3022 his
775 2974 950 3020 autem
990 2964 1330 3028 Christianis,
1374 2965 1464 3032 qui
1507 2964 1646 3018 inter
1692 2978 1807 3030 eos,
1839 2980 1870 3020 a

280 3065 474 3133 quibus
513 3060 724 3115 fuerant
750 3059 1022 3129 captivati,
1074 3057 1427 3111 itnmolatitiis
1462 3055 1594 3110 cibis
1622 3070 1870 3110 asserun-

279 3165 370 3207 tur
392 3167 512 3207 esse
534 3148 1144 3220 polluti,consultationi
1167 3146 1446 3200 charitatis
1465 3153 1566 3200 tuae
1587 3146 1689 3200 hoc
1710 3146 1869 3200 etiam

281 3242 714 3314 respondendum
750 3256 868 3296 esse
896 3240 1236 3304 credidimus,
1283 3247 1340 3292 ut
1368 3237 1694 3308 pmnitentim
1721 3237 1873 3291 satis-

282 3305 518 3390 factione
545 3343 859 3404 purgentur,
901 3347 1019 3401 qua:
1048 3346 1155 3384 non
1206 3337 1311 3384 tam
1351 3305 1606 3398 temporis
1635 3327 1868 3396 longitu-
1900 3305 1944 3365 (ἶ

281 3427 431 3492 dine,
482 3441 645 3496 quam
684 3424 862 3479 cordis
906 3421 1322 3491 eompunctione
1369 3419 1641 3490 pensanda
1671 3426 1770 3474 est.
1804 3417 1872 3472 Et

282 3518 396 3572 sive
427 3517 529 3569 hoc
569 3527 720 3569 error
751 3512 1054 3577 extorscrit,
1098 3511 1210 3564 sive
1255 3510 1421 3564 fames
1466 3509 1718 3590 suaserit,
1761 3523 1870 3563 non

281 3606 556 3661 dubitctur
577 3605 918 3669 abolendum,
937 3618 1056 3657 cum
1083 3601 1387 3667 huiusmodi
1411 3601 1560 3655 cibus
1582 3615 1680 3670 pro
1704 3608 1866 3661 metu,

282 3704 375 3749 aut
423 3693 743 3763 indigentia,
791 3706 899 3746 non
949 3705 1049 3760 pro
1097 3689 1368 3758 religionis
1414 3687 1756 3744 veneratione
1803 3688 1872 3742 sit

282 3795 549 3859 sumptus.

283 3899 436 3963 Quod
465 3899 538 3960 hi,
568 3899 653 3967 qui
682 3896 750 3950 ad
777 3897 1099 3950 ite-rationem
1130 3895 1368 3962 baptismi
1396 3894 1568 3967 celei,
1593 3895 1872 3967 reltimore

349 3969 520 4022 coacti
541 3964 740 4022 animos
760 3967 1095 4031 inclinarunt,
1121 3967 1430 4035 pwnitentiw
1451 3965 1550 4016 sint
1573 3964 1872 4017 sublevandi

350 4039 619 4092 remedio:
656 4039 730 4090 ita
764 4047 819 4089 ut
853 4037 1030 4090 senilis
1068 4035 1253 4098 (etatis,
1293 4035 1620 4104 parvulorum
1653 4049 1870 4104 quoque,

349 4119 398 4162 et
421 4107 808 4177 mgritudinum,
833 4114 1229 4175 cwlerarumque
1250 4103 1604 4157 necessitatum
1625 4103 1874 4156 habeatur

349 4180 576 4232 sollicita
606 4177 1017 4230 consideratione
1038 4184 1312 4246 respectus.

347 4292 558 4347 XLVII.
593 4291 658 4344 lli
687 4305 835 4355 vero,
886 4290 1182 4374 dequibus
1230 4287 1476 4345 similiter
1519 4285 1738 4341 dilectio
1786 4291 1874 4338 tua

280 4400 382 4440 nos
421 4381 649 4437 credidit
675 4380 1068 4444 consulendos,
1119 4380 1208 4449 qui
1251 4378 1316 4432 ad
1353 4377 1657 4432 iterandum
1698 4375 1874 4443 bapti-
1911 4411 1918 4422 .

282 4489 460 4532 smum
493 4474 576 4529 vel
608 4483 752 4526 metu
791 4473 986 4538 coacti,
1036 4470 1118 4524 vel
1156 4483 1341 4523 errore
1371 4467 1597 4521 traducti
1625 4472 1770 4530 sunt,
1821 4472 1877 4517 et

278 4585 423 4625 nunc
455 4583 514 4622 se
543 4575 730 4623 contra
776 4565 1053 4621 catholica:
1100 4562 1220 4616 lidci
1269 4568 1660 4617 sacramentum
1702 4559 1876 4626 egisse

1977 2022 2041 2082 In
2069 2024 2492 2105 causa_Lupicini
2522 2026 2749 2105 episcepi
2776 2029 2899 2105 _Leo_
2923 2027 3175 2105 universis
3200 2033 3452 2103 episcopis
3477 2050 3565 2105 per

2208 2097 2582 2154 Cwsariensem
2609 2097 2988 2154 Mauritaniam
3014 2097 3324 2156 constitutis.

2045 2185 2228 2243 XLIX.
2277 2187 2415 2243 Cum
2461 2190 2530 2244 de
2577 2167 3006 2246 ordinationibus
3053 2192 3394 2247 sacerdotum
3421 2208 3567 2263 qua»

1973 2279 2096 2334 dam
2125 2279 2267 2349 apud
2305 2296 2402 2335 vos
2425 2281 2607 2337 illicite
2635 2286 2891 2350 usurpata
2915 2282 3155 2336 crebrior
3179 2283 3245 2336 ad
3270 2296 3368 2337 nos
3405 2300 3559 2338 com-

1973 2371 2270 2425 meantium
2297 2385 2476 2426 sermo
2507 2371 2794 2441 perferret,
2845 2372 2986 2426 ratio
3017 2373 3233 2442 pietatis
3278 2374 3478 2442 exegit,
3509 2383 3565 2428 ut

1972 2475 2072 2530 pro
2100 2461 2459 2516 sollicitudine
2490 2463 2670 2532 (quam
2700 2462 2964 2518 universa:
2997 2462 3249 2518 Ecclesia:
3290 2477 3355 2518 ex
3385 2465 3566 2521 divina

1972 2552 2310 2608 institutione
2349 2553 2736 2624 dependimus)
2794 2569 2973 2609 rerum
3020 2555 3177 2610 fidem
3224 2556 3566 2614 studeremus

1973 2655 2287 2710 agnoscere,
2338 2643 2511 2698 vicem
2557 2659 2697 2698 cura:
2736 2652 2933 2698 nostra:
2964 2642 3323 2714 proficiscenti
3350 2661 3380 2699 a
3408 2648 3572 2702 nobis

1974 2731 2233 2787 confratri
2261 2741 2316 2788 et
2343 2733 2715 2789 consacerdoti
2745 2741 2930 2789 nostro
2954 2732 3205 2790 Potentio
3228 2735 3561 2804 delegantes,

1973 2825 2064 2892 qui
2092 2824 2384 2880 secundum
2409 2824 2629 2895 scripta,
2674 2839 2792 2894 quae
2820 2841 2917 2896 per
2947 2827 3120 2896 ipsum
3146 2827 3213 2881 ad
3242 2841 3337 2882 vos
3365 2827 3563 2883 direxi-

1975 2931 2112 2981 mus,
2144 2916 2211 2970 de
2235 2916 2520 2987 episcopis,
2569 2931 2798 2985 quorum
2846 2917 3125 2986 culpabilis
3154 2916 3421 2972 ferebatur
3454 2920 3563 2973 ele—

1975 3006 2104 3071 ctio,
2137 3007 2261 3074 quid
2295 3006 2491 3061 veritas
2517 3005 2762 3076 haberet,
2793 3007 3106 3076 inquireret,
3160 3008 3422 3078 nobisque
3445 3025 3563 3062 om-

1976 3099 2064 3152 nia
2096 3097 2326 3152 Iideliter
2374 3097 2662 3153 indicaret.
2711 3098 2865 3154 Unde
2911 3101 3035 3170 quia
3081 3099 3219 3156 idem
3259 3101 3566 3170 plenissime

1977 3189 2180 3242 notitia:
2204 3198 2400 3242 nostra:
2421 3199 2611 3243 cuncta
2643 3192 2919 3249 reseravit,
2954 3198 3008 3244 et
3029 3192 3128 3246 sub
3153 3192 3368 3260 quibus,
3395 3193 3566 3261 quali-

1977 3279 2183 3347 busque
2211 3279 2512 3335 rectoribus
2540 3280 2783 3350 quatdam
2801 3281 2998 3338 Christi
3025 3283 3210 3353 plebes
3241 3285 3292 3343 in
3324 3285 3566 3356 partibus

1974 3370 2264 3440 provincitc
2292 3370 2639 3428 Ctesariensis
2677 3372 2998 3440 habeantur,
3047 3375 3252 3430 sincera
3296 3376 3450 3433 nobis
3480 3392 3577 3430 re--

1974 3461 2174 3514 latione
2198 3460 2472 3530 patefecit,
2504 3463 2868 3518 necessarium
2895 3463 3015 3533 fuit,
3039 3474 3097 3520 ut
3117 3465 3360 3521 dolorem
3386 3450 3571 3523 cordis.

1975 3553 2161 3614 nostri,
2194 3565 2301 3619 quo
2328 3565 2426 3620 pro
2447 3551 2838 3607 dominicorum
2861 3568 3084 3623 gregum
3105 3557 3354 3626 periculis
3373 3566 3566 3613 aestua-

1975 3656 2111 3706 mus,
2138 3641 2278 3695 datis
2308 3658 2448 3698 nunc
2487 3659 2703 3714 quoque
2742 3645 2810 3699 ad
2839 3646 3180 3701 dilectionem
3211 3658 3442 3703 vestram
3475 3651 3564 3705 lit--

1976 3735 2104 3788 teris
2134 3747 2524 3802 promeremus,
2573 3735 2830 3790 mirantes
2877 3743 3084 3790 tantum
3133 3739 3275 3807 apud
3323 3755 3418 3794 vos
3467 3755 3564 3810 per

1974 3824 2316 3878 occasionem
2349 3825 2606 3894 temporis
2634 3825 2884 3896 impacati
2923 3835 3016 3880 aut
3052 3828 3401 3884 ambientium
3428 3847 3566 3901 pta:-

1975 3915 2355 3984 sumptionem,
2408 3925 2500 3971 aut
2541 3917 2828 3972 tumultum
2857 3919 3088 3977 valuisse
3115 3923 3454 3992 popularem,
3506 3934 3566 3981 ut

1973 4007 2207 4075 indignis
2236 4009 2557 4078 quibusque,
2601 4018 2655 4064 et
2677 4009 2836 4079 longe
2861 4020 3011 4066 extra
3037 4013 3566 4071 sacerdotale'meri-

1978 4107 2090 4152 tum
2137 4099 2444 4154 constitutis
2491 4101 2761 4170 pastorale
2801 4102 3102 4173 fastigium,
3154 4113 3211 4160 et
3250 4107 3566 4174 gubernatio

1977 4189 2232 4246 Ecclesia:
2259 4192 2568 4248 dederetur.
2618 4195 2732 4251 Non
2764 4203 2849 4251 cst
2887 4198 2992 4252 hoc
3020 4200 3302 4254 consulere
3333 4203 3561 4271 populis,

1977 4279 2072 4334 sed
2101 4279 2316 4347 nocere,
2348 4298 2448 4338 nec
2477 4292 2734 4351 prazstare
2759 4286 3016 4352 regimen,
3041 4287 3134 4342 sed
3156 4303 3352 4356 augere
3380 4292 3568 4346 discri-

1977 4388 2120 4427 men.
2167 4371 2454 4440 lntegritas
2485 4375 2628 4428 enim
2658 4376 3058 4444 pratsidentium
3087 4379 3231 4434 salus
3275 4389 3359 4435 est
3387 4382 3568 4436 subdi-

1976 4473 2174 4529 torum,
2202 4472 2258 4518 et
2285 4465 2374 4518 ubi
2403 4473 2487 4519 est
2515 4465 2856 4526 incolumitas
2873 4466 3212 4537 obedietttim,
3237 4469 3305 4524 ibi
3330 4485 3459 4525 sana
3489 4481 3572 4528 est

1979 4551 2151 4607 forma
2173 4553 2452 4608 doctrinm.
2487 4552 2826 4624 Principatus
2854 4565 3054 4623 autem,
3083 4573 3241 4627 quem
3264 4569 3355 4616 aut
3375 4562 3570 4617 seditio

277 4668 635 4731 cognoscunt,
687 4674 750 4713 ea
798 4667 885 4712 est
908 4655 1256 4712 custodienda
1299 4653 1621 4716 moderatio,
1671 4666 1775 4719 qua
1821 4652 1872 4704 in
1906 4681 1951 4736 υ
1980 4644 2227 4710 contulit,
2261 4652 2352 4698 aut
2381 4645 2612 4699 ambitus
2641 4647 2948 4716 occupavit,
2980 4649 3190 4705 etiamsi
3229 4653 3468 4708 moribus
3499 4664 3573 4707 at~

277 4756 595 4811 societatem
645 4747 882 4805 nostram
930 4764 1035 4801 non
1069 4746 1168 4801 nisi
1215 4761 1311 4815 per
1338 4743 1666 4814 poenitentiae
1701 4756 1873 4796 rente-

279 4846 446 4904 dium,
482 4850 536 4896 et
566 4857 662 4910 per
695 4841 1091 4910 impositionem
1120 4836 1439 4907 episcopalis
1469 4849 1679 4897 manus,
1723 4847 1870 4886 cout-

277 4934 553 4989 munionis
583 4933 846 5000 recipiant
873 4930 1152 4984 unitatem.
1199 4928 1461 4998 Tempora
1499 4922 1870 4995 paenitudinis,

277 5024 463 5078 habita
495 5022 884 5086 moderatione,
922 5029 1016 5074 tuo
1059 5019 1435 5075 constituenda
1463 5016 1686 5085 judicio,
1715 5023 1875 5085 prout

276 5128 666 5168 conversorum
697 5114 906 5166 animos
936 5111 1236 5181 inspexeris
1265 5125 1385 5165 esse
1430 5107 1680 5173 devotos,
1731 5105 1872 5174 pari-

274 5213 474 5272 terque
504 5205 665 5257 etiam
694 5203 954 5258 habentes
980 5201 1153 5255 aetatis
1181 5200 1364 5254 senilis
1394 5199 1664 5259 intuitum,
1697 5206 1752 5250 et
1781 5212 1874 5265 pe-

273 5295 571 5349 riculorum
602 5307 957 5362 quorumque,
1010 5299 1103 5344 aut
1130 5289 1500 5357 aegritudinum
1529 5287 1876 5356 respicientes

275 5385 658 5444 necessitates.
702 5384 760 5438 In
803 5384 998 5454 quibus
1024 5383 1066 5437 si
1094 5383 1213 5452 quis
1239 5381 1312 5434 ita
1338 5381 1574 5454 graviter
1603 5386 1873 5444 urgeatur,

274 5489 338 5534 ut
367 5479 498 5531 dum
525 5475 700 5532 adhuc
729 5476 972 5544 pmuilet,
1022 5475 1089 5527 de
1117 5472 1291 5527 salute
1334 5469 1498 5539 ipsius
1539 5467 1873 5536 desperetur,

275 5576 503 5642 oportet
543 5569 591 5623 ei
623 5585 720 5639 per
759 5567 1148 5623 sacerdotalem
1192 5561 1607 5621 sollicitudinem
1637 5575 1877 5614 commu-

278 5665 462 5719 nionis
494 5663 665 5731 gratia
695 5661 987 5715 subveniri.

281 5776 350 5830 Ut
385 5778 456 5841 hi,
484 5775 572 5846 qui
601 5774 663 5828 ab
693 5773 942 5846 luet-elicis
972 5772 1384 5846 baptizatisunt,
1417 5770 1527 5823 sola
1557 5770 1724 5822 sancti
1757 5769 1878 5838 Spi-

689 5846 819 5896 ritus
847 5842 1169 5896 invocatione
1196 5842 1490 5911 ﬁrmentur.

354 5933 587 5991 XLVIII.
646 5933 778 5987 Nam
810 5933 885 5994 hi,
930 5932 1020 6000 qui
1050 5931 1370 6000 baptismum
1402 5931 1467 5984 ab
1497 5929 1758 5985 Inereticis
1787 5943 1879 5983 ac-

575 6029 845 6089 l’nnot.
897 6022 1146 6084 LXVII.

1982 4751 2087 4805 que
2113 4736 2320 4793 actibus
2350 4754 2456 4793 non
2482 4738 2736 4807 oll‘endat,
2786 4742 2953 4810 ipsius
2984 4752 3163 4799 tamen
3213 4747 3349 4802 initii
3379 4750 3459 4803 sui
3490 4760 3572 4805 est

1982 4829 2317 4897 perniciosus
2345 4832 2614 4900 exemplo,
2649 4841 2703 4887 et
2731 4833 2782 4887 di
2807 4833 2946 4890 Iicilc
2986 4844 3086 4901 est,
3139 4845 3196 4891 ut
3225 4839 3366 4895 bono
3412 4857 3574 4910 pera-

1982 4926 2175 4987 gantur
2202 4921 2370 4989 exitu,
2387 4936 2505 4990 quae
2527 4924 2668 4978 malo
2693 4931 2819 4979 sunt
2841 4926 3091 4982 inchoata
3121 4929 3401 5000 principio.
3421 4932 3573 4997 Quod

1982 5011 2025 5064 si
2049 5011 2100 5063 in
2128 5012 2454 5080 quibuslibet
2474 5014 2726 5070 Ecclesiae
2747 5017 3000 5084 gradibus
3021 5021 3383 5089 providenter,
3407 5024 3574 5078 sciens

1984 5111 2174 5171 terque
2204 5105 2498 5159 curandum
2525 5116 2625 5172 est,
2669 5117 2728 5162 ut
2759 5108 2810 5161 in
2835 5108 3046 5163 Domini
3071 5110 3231 5166 domo
3262 5113 3392 5166 nihil
3412 5115 3482 5167 sit
3504 5115 3574 5168 iu-

1982 5195 2308 5262 ordinatum,
2339 5197 2579 5266 nihilque
2603 5207 3013 5268 praeposterum,
3039 5208 3240 5268 quanto
3269 5203 3438 5270 magis
3467 5205 3575 5258 eia.

1983 5287 2279 5341 boraudum
2297 5297 2398 5351 est,
2416 5298 2474 5343 ut
2489 5291 2540 5343 in
2557 5279 2822 5346 electione
2837 5292 2973 5360 ejus,
2987 5292 3078 5359 qui
3089 5307 3248 5364 supra
3261 5309 3448 5348 omnes
3463 5310 3575 5363 gra~

1983 5379 2084 5434 dus
2112 5381 2472 5446 constituitur,
2504 5396 2609 5436 non
2632 5384 2880 5438 erretur?
2902 5381 3032 5434 Nam
3057 5385 3220 5438 totius
3243 5382 3456 5438 familia:
3480 5385 3575 5439 Do~

1985 5471 2116 5525 mini
2145 5479 2336 5539 status,
2355 5480 2409 5527 et
2430 5472 2561 5527 ordo
2585 5474 2812 5539 nutabit,
2831 5474 2876 5528 si
2905 5474 3048 5542 quod
3072 5476 3358 5545 requiritur
3380 5477 3432 5531 in
3456 5494 3570 5531 cor-

1984 5577 2117 5631 pore
2147 5579 2253 5616 non
2277 5563 2576 5618 inveniatur
2601 5565 2653 5618 in
2685 5565 2879 5634 capite.
2911 5564 3008 5620 Ubi
3031 5575 3112 5621 est
3139 5557 3229 5622 illa
3255 5567 3402 5624 beati
3428 5570 3574 5625 Pauli

1987 5657 2226 5728 Apostoli
2257 5674 2354 5727 per
2400 5660 2644 5728 spiritum
2694 5659 2790 5713 Dei
2837 5660 3029 5714 emissa
3078 5663 3410 5732 pmceptio:
3467 5679 3576 5733 qua

1988 5751 2040 5803 in
2073 5765 2303 5819 persona
2332 5749 2598 5805 Timothei
2621 5751 2860 5806 omnium
2889 5751 3086 5808 Christi
3109 5755 3450 5810 sacerdotum
3482 5773 3573 5810 nu-

1989 5856 2168 5896 merus
2197 5840 2459 5909 eruditur,
2483 5851 2536 5898 et
2563 5843 2851 5911 unicuique
2873 5853 3117 5899 nostrum
3139 5845 3352 5912 dicitur,
3386 5847 3574 5901 Manus

1990 5934 2097 5987 cito
2123 5934 2321 5987 nemini
2352 5934 2695 6004 imposueris,
2741 5951 2915 6006 neque
2944 5939 3308 5995 communices
3335 5940 3573 6007 peccatis

2988 6027 3060 6087 10
