4104 6494
529 361 631 416 ‘299

1808 343 2162 405 DIONYSIUS
2202 345 2528 408 EXIGUUS.

3709 348 3814 406 ζ’)ῡο

534 471 722 528 alienis
747 467 838 540 (II
872 469 1004 524 Tim.
1029 469 1122 540 v)?
1153 466 1291 534 Quid
1321 471 1404 522 est
1442 462 1550 520 cito
1599 475 1790 516 manus
1819 461 2117 532 imponere,
2156 461 2202 520 A
2230 461 2500 531 adjuvant,
2531 476 2690 534 quam
2720 461 2964 533 diligens,
3016 471 3069 517 et
3096 477 3259 531 quam
3301 461 3538 532 prudens
3566 462 3813 523 habenda

535 562 635 616 nisi
665 568 792 616 ante
817 567 1033 616 atatem
1061 555 1407 621 maturitatis,
1440 560 1567 609 ante
1593 560 1804 623 tempus
1833 552 2118 620 examinis,

535 662 662 708 ante
691 650 944 714 meritum
967 648 1310 717 obedientim,
1335 647 1560 716 laboris,
1587 652 1713 700 ante
1731 643 2122 714 experientiam

534 742 828 812 disciplina:
853 738 1248 796 sacerdotalem
1281 737 1549 792 honorem
1579 735 1818 800 tribucre
1844 749 1952 790 non
1991 749 2121 804 pro-

537 835 710 890 batis?
738 833 806 888 Et
834 833 964 903 quid
989 838 1072 888 est
1091 830 1492 888 communicare
1514 829 1752 898 peccatis
1781 827 1994 895 alienis,
2023 825 2124 881 nisi

536 934 591 979 et
620 926 778 978 talem
830 924 972 979 el'liei
1016 923 1390 987 ordinantem,
1422 920 1599 990 qualis
1630 926 1711 974 est
1741 918 1849 980 ille,
1897 918 1987 986 qui
2016 933 2123 982 non

539 1015 733 1070 meruit
761 1012 1032 1069 ordinari?
1053 1013 1206 1068 Sicut
1232 1012 1374 1067 enim
1408 1010 1535 1066 boni
1574 1008 1754 1078 operis
1781 1007 1883 1062 sibi
1908 1021 2126 1076 compa-

539 1113 623 1158 rat
666 1103 920 1169 fructum,
946 1104 1040 1174 qui
1068 1112 1277 1158 rectum
1307 1108 1457 1155 tenet
1487 1099 1540 1154 in
1573 1099 1818 1167 eligendo
1843 1091 2126 1152 sacerdote

538 1197 799 1268 judicium
829 1215 840 1250 :
869 1197 941 1250 ita
957 1195 1106 1264 gravi
1127 1194 1482 1263 semetipsum
1511 1191 1677 1245 allicit
1704 1190 1923 1254 damno,
1951 1187 2043 1256 qui
2074 1188 2127 1242 in

540 1305 696 1347 suum
728 1288 1011 1356 collegium
1041 1286 1266 1343 assumit
1294 1285 1589 1353 indignum.
1623 1281 1741 1338 Non
1771 1295 1901 1350 ergo
1933 1281 1984 1334 in
2035 1295 2130 1334 cu-

541 1381 790 1449 jusquam
819 1393 1051 1448 persona
1071 1372 1592 1446 praetermittendum
1624 1381 1737 1438 est,
1770 1371 1912 1442 quod
1942 1371 1994 1424 in
2021 1378 2129 1424 sta-

527 1472 674 1525 ‘tutis
702 1469 1040 1538 generalibus
1063 1467 1396 1534 continetur,
1426 1479 1526 1519 nec
1547 1463 1817 1533 putandus
1846 1471 1928 1516 est
1957 1462 2131 1516 honor

542 1562 634 1616 ille
662 1559 1056 1628 legitimus,qui
1079 1557 1239 1613 fuerit
1267 1565 1453 1614 contra
1478 1556 1669 1611 divinae
1699 1554 1832 1621 legis
1861 1559 2129 1623 pnncep'ta

543 1651 787 1706 collatus.
824 1650 1044 1705 Dicente
1068 1648 1212 1704 enim
1261 1647 1544 1718 Apostolo,
1577 1654 1637 1701 ut
1669 1645 1810 1701 inter
1855 1643 1988 1698 alias
2016 1643 2128 1697 ele-

545 1741 744 1798 ctionis
773 1739 986 1809 regulas
1015 1739 1061 1794 is
1110 1739 1397 1808 episcopus
1425 1736 1724 1802 ordinetur,
1756 1749 1918 1804 quem
1974 1733 2130 1788 unius

2223 562 2308 607 est
2353 554 2681 623 dispensatio
2726 553 3032 609 divinorum
3061 571 3369 624 munerum,
3405 561 3465 611 et
3511 557 3814 613 caelestium

2225 645 2580 712 dignitatum?
2654 645 2732 701 Ne
2776 646 2832 701 in
2877 645 3060 715 aliquo
3104 649 3399 716 apostolica
3443 654 3499 703 et
3549 647 3815 704 canonica

2225 737 2444 792 decreta
2482 737 2774 804 violentur,
2805 746 2862 795 et
2909 738 2996 794 his
3040 737 3286 796 Ecclesia
3339 739 3550 795 Domini
3577 739 3817 809 regenda

2228 825 2502 889 credatur,
2549 827 2642 896 qui
2687 827 3048 896 legitimarum
3098 828 3496 884 institutionum
3536 831 3726 896 nescii,
3761 839 3818 886 et

2229 915 2393 971 totius
2420 915 2739 978 humilitatis
2762 917 2931 987 ignari
2952 932 3060 974 non
3093 918 3160 972 ab
3189 916 3387 974 inﬁmis
3407 934 3619 974 sumere
3648 920 3818 978 incre-

2227 1013 2488 1070 mentum,
2517 1005 2614 1062 sed
2640 1021 2671 1061 a
2701 1007 2926 1062 summis
2972 1007 3164 1062 volunt
3212 1008 3414 1068 habere
3467 1009 3817 1079 principium,

2230 1110 2353 1151 cum
2391 1096 2554 1151 valde
2601 1097 2842 1166 iniquum
2892 1098 2980 1164 sit,
3013 1109 3069 1153 et
3113 1098 3429 1168 absurdum,
3479 1107 3540 1154 ut
3585 1101 3818 1170 imperiti

2229 1189 2520 1256 magistris,
2574 1191 2700 1245 novi
2725 1192 2990 1259 antiquis,
3025 1199 3081 1246 et
3107 1191 3268 1252 rudes
3297 1192 3647 1264 praiferantur
3672 1207 3819 1246 emc-

2228 1281 2365 1336 ritis.
2395 1279 2455 1334 In
2481 1281 2642 1334 domo
2670 1281 2885 1350 quidem
2917 1296 3129 1352 magna,
3160 1284 3303 1340 sicut
3327 1283 3620 1355 Apostolus
3645 1283 3819 1342 disse-

2229 1369 2318 1434 rit,
2345 1385 2568 1426 necesse
2595 1378 2694 1438 est,
2729 1379 2787 1426 ut
2811 1388 2938 1427 vasa
2966 1373 3176 1428 diversa
3203 1375 3332 1439 sint,
3357 1376 3602 1444 quaedam
3631 1390 3817 1441 aurea,

2229 1470 2285 1515 et
2312 1471 2585 1530 argentea,
2617 1464 2858 1533 quaedam
2889 1481 3020 1520 vero
3048 1466 3244 1536 lignea,
3275 1476 3330 1524 et
3363 1469 3570 1536 lictilia,
3599 1471 3693 1526 sed
3723 1471 3817 1525 ho-

2229 1568 2348 1607 rum
2375 1554 2730 1622 ministerium
2769 1572 2868 1626 pro
2905 1559 3146 1614 materia:
3173 1559 3435 1630 qualitate
3470 1562 3818 1630 discernitur,

2231 1657 2334 1699 nec
2357 1652 2439 1700 est
2463 1647 2826 1715 pretiosorum
2859 1648 2997 1704 idem
3027 1665 3182 1717 usus,
3201 1657 3257 1706 et
3284 1651 3490 1706 vilium.
3515 1651 3646 1706 Nam
3681 1652 3816 1707 inore

2233 1734 2416 1790 dinata
2449 1745 2607 1791 erunt
2642 1740 2843 1806 omnia,
2876 1740 2923 1795 si
2955 1740 3138 1796 lictilia
3165 1742 3365 1807 aureis,
3397 1750 3453 1798 et
3485 1742 3659 1812 lignea
3680 1759 3818 1813 pra:-

531 1833 730 1889 -uxeris
756 1831 928 1886 virum
952 1830 1142 1898 fuisse,
1165 1839 1256 1883 aut
1285 1843 1405 1885 esse
1429 1828 1732 1884 cons'iterit
1757 1825 1825 1898 (1
1857 1826 1990 1882 Tim.
2023 1821 2126 1894 ιιι),
2163 1846 2208 1906 Β
2233 1825 2478 1881 feruntur
2503 1828 2793 1896 argenteis.
2824 1829 2977 1884 Sicut
3018 1838 3195 1884 autem
3224 1831 3275 1884 in
3303 1831 3515 1901 ligneis,
3556 1839 3614 1895 et
3639 1828 3819 1888 lictili~

529 1927 656 1976 tam
711 1928 922 1976 sacrata
963 1935 1181 1991 semper
1226 1917 1406 1974 habita
1445 1926 1530 1975 est
1575 1918 1677 1975 ista
1713 1917 2018 1988 prmceptio,
2075 1924 2132 1973 ut

528 2013 713 2068 etiam
734 2011 802 2067 de
846 2010 1072 2065 muliere
1118 2009 1416 2065 sacerdotis
1442 2009 1673 2079 eligendi
1706 2008 1895 2064 eadem
1928 2007 2130 2062 intelli-

545 2109 764 2170 geretur
783 2100 1045 2157 servanda
1071 2100 1308 2156 conditio
1341 2117 1355 2155 :
1385 2103 1454 2155 ne
1483 2099 1623 2158 forte
1665 2101 1777 2166 illa,
1819 2101 2131 2171 priusquam

544 2194 602 2250 in
625 2193 1024 2248 matrimonium
1052 2193 1169 2262 ejus
1197 2192 1422 2258 veniret,
1449 2185 1542 2261 qui
1583 2191 1743 2248 aliam
1773 2207 1881 2247 non
1912 2191 2132 2250 habuis-

545 2295 632 2343 set
662 2301 906 2350 uxorem,
937 2284 1161 2340 alterius
1184 2284 1286 2340 viri
1335 2292 1486 2341 esset
1531 2291 1754 2354 experta
1801 2283 2127 2352 conjugium.

527 2378 680 2448 “Quis
701 2377 864 2449 igitur
891 2378 1126 2434 tolerare
1149 2377 1372 2452 audeat,
1391 2377 1538 2447 quod
1565 2379 1621 2432 in
1645 2378 1778 2444 tanti
1807 2377 2132 2440 sacramenti

529 2455 894 2541 .pcrpetratur
918 2468 1202 2539 injuriam,
1249 2485 1372 2534 cum
1419 2470 1546 2525 huic
1571 2482 1768 2537 magno
1797 2467 2134 2525 venerande.-

525 2575 653 2631 que
701 2563 982 2633 mysterio,
1017 2575 1116 2616 nec
1142 2561 1340 2617 divinae
1366 2561 1585 2630 quidem
1613 2561 1748 2632 legis
1789 2569 1993 2617 statuta
2037 2560 2134 2618 de-

545 2651 765 2719 fuerint,
793 2651 985 2722 quibus
1013 2651 1295 2721 evidenter
1323 2659 1408 2708 est
1443 2650 1744 2719 definitum,
1783 2659 1841 2710 ut
1869 2652 2136 2721 virginem

545 2743 795 2799 sacerdos
820 2743 1050 2815 accipiat
1078 2758 1302 2799 uxorem
1328 2742 1538 2816 (Leuit,
1560 2760 1684 2811 xxx;
1718 2742 1935 2812 Ezech.,
1956 2744 2128 2816 xciv),

544 2841 603 2890 ct
638 2834 860 2892 alterius
899 2841 1075 2896 torum
1103 2834 1314 2891 nesciat
1339 2835 1600 2904 conjugis,
1643 2849 1764 2904 qua:
1791 2851 1927 2890 uxor
1947 2836 2128 2902 futura

533 2933 629 2979 cst
651 2923 982 2980 sacerdotis?
1000 2922 1120 3008 iam
1147 2933 1261 2979 tum
1284 2924 1427 2982 enim
1458 2925 1510 2980 in
1540 2913 1914 2981 sacerdotibus
1946 2926 2134 2996 figura.-

546 3017 706 3070 batur
749 3012 949 3070 Christi
987 3021 1042 3069 et
1088 3013 1346 3082 Ecclesia:
1391 3016 1632 3086 spiritale
1682 3017 2021 3088 conjugium,
2073 3025 2133 3074 ut

545 3104 802 3174 quoniam
827 3103 910 3158 vir
944 3111 1108 3174 caput
1134 3112 1218 3162 est
1243 3105 1504 3172 mulieris,
1533 3105 1708 3160 discat
1746 3121 1942 3176 sponsa
1969 3106 2134 3162 Verbi

2235 1915 2335 1972 bus
2363 1931 2552 1972 eorum
2576 1918 2855 1974 hominum
2879 1921 3088 1992 species
3117 1920 3392 1990 ﬁguratur,
3422 1923 3515 1992 qui
3543 1923 3702 1978 nullis
3722 1923 3822 1978 ad-

2236 2007 2342 2063 huc
2371 2007 2655 2064 virtutibus
2681 2010 2886 2074 nitent,
2933 2011 3007 2065 ita
3057 2012 3110 2066 in
3153 2013 3332 2074 aureis
3361 2025 3416 2068 et
3462 2016 3736 2085 argenteis
3765 2017 3821 2076 lii

2233 2097 2351 2156 sine
2379 2098 2544 2156 dubio
2598 2101 2972 2170 declarantur,
3007 2105 3096 2174 qui
3140 2121 3238 2176 per
3285 2106 3456 2176 longm
3503 2108 3823 2174 eruditionis

2234 2186 2435 2257 ignem,
2461 2198 2516 2244 et
2544 2206 2642 2261 per
2669 2191 2942 2248 fornacem
2988 2193 3228 2249 diuturni
3258 2195 3457 2251 laboris
3487 2199 3702 2253 excocti
3727 2215 3824 2254 au-

2232 2293 2352 2333 rum
2380 2281 2690 2351 probatum,
2720 2283 2775 2338 et
2801 2294 3083 2353 argentum
3120 2301 3314 2356 purum
3339 2302 3459 2344 esse
3480 2299 3819 2348 meruerunt.

2234 2369 2440 2442 Quibus
2463 2375 2506 2427 si
2531 2386 2738 2428 merces
2765 2388 2865 2443 pro
2891 2375 3179 2432 devotione
3221 2393 3324 2434 non
3355 2379 3613 2446 redditur,
3644 2383 3823 2440 omnis

2234 2461 2596 2518 ecclesiastica
2625 2461 2911 2533 disciplina
2933 2465 3220 2521 resolvitur
3244 2485 3258 2520 :
3283 2469 3457 2523 omnis
3485 2469 3618 2524 ordo
3643 2470 3822 2524 turba-

2233 2558 2342 2618 tur,
2369 2551 2494 2607 dum
2527 2553 2579 2607 in
2608 2551 2872 2622 Ecclesia,
2903 2557 2994 2624 qui
3035 2557 3239 2612 nullum
3269 2559 3550 2615 subierunt
3576 2561 3822 2616 ministe-

2232 2640 2661 2711 rium,perverso
2685 2643 2996 2712 eligentium
3019 2644 3222 2715 judicio
3249 2647 3545 2704 indebitum
3568 2650 3820 2705 obtinent

2232 2733 2612 2804 principatum.
2643 2733 2779 2790 Cum
2831 2751 2960 2808 ergo
3003 2739 3143 2794 inter
3175 2755 3273 2796 vos
3316 2749 3524 2795 tantum
3553 2743 3822 2798 valuerint

2234 2833 2328 2880 aut
2353 2825 2530 2884 studia
2557 2827 2906 2899 populorum,
2939 2838 3032 2886 aut
3061 2832 3296 2888 ambitus
3325 2834 3679 2904 superborum
3713 2853 3726 2889 :
3761 2847 3821 2890 ut

2233 2931 2342 2970 non
2369 2917 2544 2971 solum
2567 2917 2754 2986 laicos,
2782 2921 2876 2976 sed
2905 2923 3067 2976 etiam
3095 2923 3452 2994 secundarum
3484 2942 3712 2981 uxorum
3735 2928 3820 2981 vi-

2233 3023 2344 3074 ros,
2391 3016 2484 3064 aut
2507 3008 2788 3065 viduarum
2816 3014 3042 3067 maritos
3071 3012 3138 3067 ad
3166 3013 3398 3069 ollicium
3428 3029 3819 3084 cognoscamus

2235 3100 2508 3170 pastorale
2552 3109 2839 3170 provectos
2889 3120 2905 3157 :
2969 3119 3149 3158 nonne
3197 3105 3550 3174 apertissima:
3599 3105 3822 3174 exigunt

546 3211 656 3251 non
688 3195 851 3252 alium
882 3195 1057 3252 virum
1085 3211 1270 3271 nosse!
1299 3213 1462 3272 quam
1507 3197 1780 3260 Christum
1813 3198 2126 3271 (Epljegjv;
2160 3216 2203 3278 Ο
2237 3203 2431 3255 causae,
2463 3197 2521 3244 ιιι
2570 3188 2826 3246 Ecclesia:
2876 3191 2931 3247 in
2959 3193 3151 3262 quibus
3179 3194 3280 3248 ista
3329 3196 3614 3250 commissa
3667 3203 3820 3262 sunt,

546 3284 576 3341 1
605 3284 726 3342 Cor.
757 3287 859 3357 ιιι).
915 3286 1017 3354 Qui
1038 3288 1424 3358 meritounatn
1459 3289 1642 3359 elegit,
1673 3305 1830 3344 unam
1860 3289 2050 3358 diligit,
2077 3299 2133 3346 et

546 3378 930 3447 aliam.pra:ter
959 3380 1131 3449 ipsam
1177 3395 1276 3436 suo
1313 3381 1589 3448 consortio
1637 3397 1744 3451 nep
1783 3381 2040 3450 adjungit.
2073 3381 2132 3446 Si

547 3480 677 3537 ergo
701 3467 862 3521 etiam
887 3468 938 3522 in
969 3466 1149 3525 Veteri
1181 3467 1528 3532 Testamento
1567 3471 1682 3528 haec
1708 3472 2131 3533 sacerdotalium

545 3557 914 3626 conjugiorum
962 3557 1136 3616 forma
1181 3567 1398 3617 servata
1442 3568 1562 3624 est:
1595 3570 1799 3632 quanto
1841 3563 2009 3632 magis
2032 3563 2133 3628 sub

546 3645 823 3718 Evangelii
852 3649 1026 3719 gratia
1074 3651 1352 3720 constituti
1381 3654 1694 3725 apostolicis
1732 3655 1992 3712 debemus
2019 3671 2132 3712 scr-

544 3739 663 3795 vire
717 3741 1045 3812 praeceptis?
1075 3739 1146 3797 Ut
1182 3743 1480 3814 quamlibet
1520 3746 1643 3816 quis
1689 3746 1847 3802 bonis
1895 3747 2135 3805 moribus

543 3829 817 3902 prazditus,
842 3839 897 3886 et
927 3834 1127 3888 sanctis
1154 3835 1409 3904 operibus
1438 3837 1742 3892 inveniatur
1766 3848 2007 3904 ornatus,
2041 3856 2136 3897 ne-

545 3934 816 3990 quaquam
839 3929 1020 3977 tamea
1043 3923 1130 3978 vel
1155 3923 1224 3978 ad
1252 3924 1463 3980 diaconi
1487 3927 1732 3996 gradum,
1768 3929 1855 3982 vel
1893 3929 1961 3984 ad
1982 3945 2135 3999 pres-

545 4011 738 4082 byterii
761 4011 1043 4079 honorem,
1067 4013 1151 4068 vel
1173 4013 1240 4068 ad
1263 4015 1606 4086 episcopatus
1622 4016 1832 4072 culmen
1857 4020 2131 4076 ascendat:

544 4105 590 4160 si
635 4112 727 4160 aut
765 4106 938 4176 ipsum
984 4122 1092 4162 non
1122 4107 1281 4163 unius
1331 4108 1514 4163 uxoris
1543 4109 1734 4174 virum,
1763 4117 1858 4163 aut
1909 4126 2132 4167 uxorem

540 4195 662 4264 ejus
704 4212 812 4252 non
864 4197 1022 4252 unius
1047 4197 1150 4252 viri
1191 4196 1357 4253 fuisse
1400 4197 1688 4253 claruerit?
1711 4198 1964 4256 Monente
2004 4216 2134 4257 vero

545 4290 825 4358 Apostolo,
854 4297 1015 4360 atque
1037 4289 1251 4364 dicente
1277 4309 1290 4346 :
1316 4289 1385 4345 Et
1406 4291 1460 4346 hi
1488 4298 1668 4346 autem
1697 4292 1996 4362 probentur
2016 4295 2132 4364 pri-

544 4393 711 4444 mum,
743 4387 799 4434 et
821 4381 900 4435 sic
927 4361 1231 4437 ministrent
1253 4381 1307 4453 (ι
1339 4382 1475 4437 Tim.
1506 4381 1607 4454 ιιι),
1653 4361 1782 4454 quid
1811 4383 1956 4438 aliud
1978 4361 2136 4440 intel-

545 4468 814 4537 ligendum
857 4479 1129 4540 putamus,
1153 4474 1256 4528 nisi
1285 4482 1342 4528 ut
1366 4473 1419 4527 in
1445 4475 1528 4530 his
1557 4475 1996 4545 provectiouihus
2025 4491 2134 4532 non

544 4560 719 4615 solum
741 4562 1208 4620 matrimoniorum
1228 4567 1620 4630 castimoniam,
1652 4567 1748 4622 sed
1779 4568 1942 4622 etiam
1981 4568 2134 4623 labo-

544 4665 668 4706 rum
697 4652 885 4706 merita
919 4655 1235 4724 cogitemus,
1279 4671 1349 4711 ne
1371 4665 1466 4710 aut
1509 4672 1540 4711 a
1563 4657 1834 4728 baptismo
1882 4659 2130 4726 novellis,

543 4749 637 4797 aut
666 4757 695 4796 a
718 4743 960 4799 saeculari
990 4755 1111 4816 actu
1136 4755 1364 4817 repente
1384 4749 1658 4804 conversis
1689 4748 1927 4804 ol'lieium
1958 4759 2137 4820 pasto-

541 4834 660 4889 rale
684 4833 968 4889 credatur?
1005 4834 1138 4898 Cum
1162 4853 1262 4908 per
1289 4853 1479 4894 omnes
1507 4839 1707 4908 gradus
1736 4840 1938 4896 militia:
1977 4840 2132 4897 Chri-

542 4924 734 4979 stianae
764 4925 831 4980 de
856 4925 1203 4984 incrementis
1226 4927 1563 4998 profectuum
1592 4931 1824 4988 debeant
1855 4933 2128 4998 aestimari,

543 5035 610 5072 an
663 5019 870 5088 possint
895 5021 1145 5091 cuiquam
1175 5022 1380 5092 majora
1411 5025 1695 5093 committi,
1722 5027 1920 5082 merito
1950 5027 2134 5084 beato-

542 5127 660 5166 rum
692 5109 910 5168 Patrum
937 5115 1273 5172 venerabiles
1313 5117 1640 5185 sanctiones,
1690 5136 1811 5176 cum
1857 5120 1925 5176 de
1955 5135 2134 5176 sacer-

545 5201 732 5260 dutum
764 5207 1029 5265 electione
1048 5209 1420 5281 loquerentur,
1446 5212 1664 5268 eosdem
1695 5221 1756 5268 ut
1784 5215 2010 5269 idoneos
2039 5227 2130 5269 sa-

543 5297 651 5351 cris
686 5297 1236 5358 administrationibus
1276 5303 1613 5371 censuerint,
1651 5305 1745 5373 qui
1784 5305 1954 5360 multo
1997 5312 2133 5360 tem-

545 5399 678 5454 pore
703 5402 801 5456 per
826 5389 1066 5460 singulos
1105 5393 1405 5450 olliciorum
1437 5393 1638 5465 gradus
1665 5395 1930 5465 provecti,
1961 5411 2129 5466 expe-

543 5474 830 5531 rimentum
858 5480 941 5535 sui
980 5482 1258 5550 probabile
1301 5483 1678 5554 praebuissent,
1729 5493 1788 5538 ut
1841 5484 2131 5551 unicuique

544 5568 910 5626 testimonium
939 5574 1064 5629 vita:
1091 5591 1202 5632 suae
1221 5585 1437 5640 actuum
1465 5592 1685 5633 suorum
1715 5577 1854 5634 ratio
1881 5577 2133 5646 perhibe—

544 5666 645 5712 ret.
675 5657 731 5715 Si
754 5661 896 5716 enim
928 5664 994 5718 ad
1024 5666 1260 5723 honores
1281 5669 1466 5724 mundi
1489 5671 1607 5725 sine
1635 5667 1890 5739 sulfragio
1922 5676 2132 5737 tempo-

549 5746 640 5814 ris,
670 5749 787 5806 sine
832 5753 1026 5808 merito
1051 5754 1254 5812 laboris
1302 5757 1575 5825 indignum
1622 5765 1706 5812 est
1737 5757 2040 5827 pervenire,
2075 5765 2130 5810 et

546 5840 720 5894 notari
749 5843 981 5899 ambitus
1001 5845 1194 5914 solent,
1217 5860 1353 5916 quos
1367 5847 1650 5918 probitatis
1670 5848 1992 5906 documenta
2021 5863 2127 5902 non

2229 3278 2430 3347 judicio
2475 3281 2751 3337 severiore
2781 3293 3094 3353 purgentur,
3127 3292 3183 3338 et
3218 3299 3326 3338 non
3376 3285 3551 3339 solum
3597 3285 3650 3338 in
3682 3285 3822 3341 tales

2235 3371 2510 3441 praesules,
2539 3372 2634 3427 sed
2664 3374 2825 3428 etiam
2860 3374 2912 3428 in
2934 3374 3273 3430 ordinatores
3301 3391 3490 3430 eorum
3515 3375 3645 3430 ultio
3670 3392 3824 3430 com-

2234 3469 2425 3532 petens
2454 3463 2794 3532 prol‘cratur?
2835 3464 2942 3519 Sed
2985 3465 3336 3520 circumstant
3383 3481 3482 3521 nos
3521 3467 3644 3522 hinc
3674 3482 3824 3521 man-

2235 3553 2464 3608 suetudo
2492 3554 2811 3622 clementiae,
2843 3555 2969 3610 hinc
3019 3571 3245 3611 censura
3290 3556 3554 3626 iustitiae:
3610 3566 3665 3613 et
3693 3559 3824 3627 quia

2236 3644 2502 3700 universa:
2530 3645 2675 3700 sedis
2718 3646 3028 3715 apostolicae
3077 3647 3286 3721 pietate
3328 3647 3705 3716 compellimur
3745 3649 3824 3705 ita

2236 3744 2479 3792 nostram
2509 3744 2814 3807 temperare
2843 3739 3196 3805 sententiam,
3221 3746 3280 3794 ut
3302 3739 3558 3794 trutinato
3581 3739 3826 3809 pondere

2237 3827 2578 3894 delictorum,
2609 3844 2837 3898 quorum
2885 3835 3072 3900 utique
3117 3845 3226 3885 non
3257 3846 3360 3884 una
3417 3846 3668 3886 mensura
3711 3841 3821 3901 est,

2235 3920 2481 3995 quamam
2503 3919 2784 3976 credamus
2809 3917 3080 3992 utcunque
3096 3921 3394 3989 toleranda,
3420 3923 3667 3994 quaedam
3688 3939 3825 3980 vero

2235 4010 2450 4081 penitus
2493 4012 2839 4082 amputanda.
2871 4011 2979 4069 Eos
3009 4015 3151 4068 enim
3179 4015 3270 4084 qui
3299 4013 3386 4070 vel
3427 4015 3693 4070 secundas
3721 4031 3826 4070 nu~

2238 4102 2378 4171 ptias
2405 4103 2674 4170 inierunt,
2713 4104 2798 4159 vel
2838 4091 3119 4159 viduarum
3148 4113 3207 4160 Se
3244 4104 3494 4174 conjugio
3525 4106 3824 4170 sociarum,

2238 4208 2337 4249 nec
2364 4195 2686 4263 apostolica,
2733 4211 2834 4250 nec
2882 4195 3070 4266 legalis
3117 4196 3416 4258 auctoritas
3460 4194 3825 4256 sacerdotium

2237 4284 2534 4342 obtendere
2555 4285 2839 4356 permittit.
2883 4284 2952 4338 Et
2981 4286 3151 4341 multo
3191 4286 3361 4354 magis
3391 4284 3562 4351 illum,
3590 4285 3634 4340 si
3667 4283 3826 4342 fuerit

2237 4377 2291 4450 in
2341 4386 2519 4433 vestro
2545 4378 2746 4447 judicio
2777 4377 3103 4447 confutatus,
3137 4379 3247 4448 qui,
3281 4379 3424 4434 sicut
3458 4379 3524 4434 ad
3556 4394 3656 4435 nos
3683 4377 3824 4432 rela-

2238 4475 2349 4522 tum
2380 4476 2481 4533 est,
2512 4469 2738 4523 duarum
2766 4468 2925 4523 simul
2965 4478 3048 4523 est
3095 4470 3326 4524 maritus
3356 4483 3607 4535 uxorum,
3648 4468 3735 4522 vel
3761 4467 3798 4521 il

2237 4561 2351 4616 lum
2377 4561 2467 4629 qui
2490 4561 2557 4616 ab
2586 4577 2756 4616 uxore
2781 4561 3053 4628 dimissus,
3085 4562 3312 4616 alteram
3334 4561 3552 4616 duxisse
3575 4560 3822 4631 perhibe~

2240 4660 2342 4706 tur.
2369 4651 2604 4708 Caeteros
2630 4665 2780 4721 vero,
2813 4667 3045 4722 quor-um
3069 4653 3350 4722 provectio
3380 4653 3488 4708 hoc
3514 4660 3721 4710 tantum
3745 4666 3827 4706 re~

2236 4741 2612 4814 prehensionis
2641 4743 2882 4810 incurrit,
2915 4741 3061 4812 quod
3091 4758 3158 4799 ex
3181 4743 3332 4798 laicis
3361 4744 3426 4797 ad
3446 4741 3682 4797 ollicium
3706 4741 3825 4812 cpi.

2235 4833 2455 4904 scopale
2475 4833 2674 4889 delecti
2699 4842 2844 4901 sunt,
2877 4849 3052 4904 neque
3075 4850 3144 4890 ex
3172 4834 3296 4900 hoc,
3325 4835 3471 4903 quod
3503 4848 3699 4888 uxores
3729 4833 3827 4886 ha-

2236 4927 2385 4991 bent,
2398 4935 2624 4996 possunt
2647 4942 2766 4983 esse
2788 4927 3102 4998 culpabiles,
3127 4936 3436 4997 susceptum
3466 4926 3828 4983 sacerdotium

2239 5025 2425 5072 tenere
2475 5018 2856 5087 permittimus,
2888 5034 2998 5072 non
3053 5017 3468 5088 prmjudicantes
3515 5017 3829 5086 apostolica:

2237 5109 2379 5164 sedis
2406 5110 2647 5178 statutis,
2690 5126 2792 5166 nec
2821 5110 3105 5164 beatorum
3135 5109 3354 5165 Patrum
3392 5108 3606 5180 regulas
3654 5110 3831 5164 resola

2235 5209 2444 5266 ventes,
2485 5201 2678 5270 quibus
2728 5201 3017 5257 salubriter
3072 5202 3428 5257 constitutum
3455 5208 3559 5268 est,
3608 5215 3678 5255 ne
3719 5201 3832 5271 pri-

2235 5310 2406 5361 mum,
2433 5302 2525 5349 aut
2551 5293 2866 5361 secundum,
2893 5303 2988 5350 aut
3010 5295 3229 5351 tertium
3259 5295 3313 5349 in
3335 5293 3576 5350 Ecclesia
3603 5293 3834 5361 gradum

2234 5387 2520 5456 quisquam
2549 5384 2830 5451 laicorum,
2865 5385 3196 5455 quibuslibet
3223 5383 3490 5454 suﬂ‘ragiis
3527 5383 3692 5437 fultus
3746 5398 3836 5436 ass

2236 5476 2456 5544 cendat,
2472 5475 2786 5545 priusquam
2811 5477 2879 5531 ad
2906 5476 3012 5531 hoc
3032 5476 3287 5530 meritum
3305 5491 3402 5546 per
3430 5475 3667 5544 legitima
3698 5488 3831 5540 aug-

2235 5577 2415 5625 menta
2439 5574 2735 5640 perveniat.
2765 5569 2920 5636 Quod
2945 5571 3086 5624 enim
3119 5586 3262 5636 nunc
3289 5579 3568 5638 utcunque
3591 5567 3832 5638 patimur

2234 5677 2352 5717 esse
2383 5663 2608 5729 veniale,
2647 5662 2873 5730 inultum
2918 5662 3266 5731 postmodum
3315 5677 3433 5716 esse
3463 5677 3569 5716 non
3601 5660 3833 5729 poterit,

2233 5755 2276 5808 si
2305 5755 2586 5825 quisquam
2613 5754 2665 5808 id
2689 5751 2832 5822 quod
2866 5753 3087 5818 omnino
3128 5753 3500 5808 interdicimus
3528 5751 3831 5820 usurparit.

2234 5845 2368 5912 Quia
2396 5845 2644 5903 remissio
2666 5843 2872 5914 peccati
2908 5859 3013 5901 non
3036 5844 3128 5900 dat
3157 5845 3430 5899 licentiam
3452 5839 3829 5913 delinquendi,
