4104 6532
288 424 384 478 5οῑ

1330 418 1706 477 CULLECTIO
1747 418 2214 476 DECRETORUM
2256 421 2362 480 PP.
2405 411 2522 477 RR.

2317 65 2476 74 _————=

3477 431 3582 487 302

285 551 464 606 neque
499 533 657 603 'quod
689 535 867 603 potuit
917 536 1093 604 aliqua
1125 536 1336 591 ratione
1364 538 1624 606 concedi,
1678 539 1756 591 fas
1787 536 1889 590 erit
1920 538 1967 595 Α
1996 536 2285 606 episcopus
2315 535 2513 592 factum
2544 553 2662 594 esse
2691 547 2941 596 causatus
2972 541 3069 606 est,
3106 548 3163 597 et
3191 540 3584 601 rationabiliter

290 627 520 697 amplius
550 626 773 695 impune
803 628 1088 680 committi.
1121 627 1256 682 Cum
1305 629 1487 696 itaque
1525 629 1593 683 de
1631 627 1883 684 omnibus

291 715 426 783 fere,
455 732 576 786 quas
632 716 814 771 fratris
843 720 1012 772 nostri
1039 717 1275 772 Potentii
1326 719 1520 774 relatio
1549 719 1878 775 continebat.

295 811 609 882 plenissime
637 809 981 863 dilectionem
1013 819 1248 865 vestram
1298 825 1398 880 per
1437 810 1606 865 David
1660 809 1880 863 fratrem

291 911 349 958 et
377 901 762 971 coepiscopum
818 909 1098 965 nostrum,
1129 900 1219 969 qui
1252 908 1307 954 et
1350 899 1636 955 sacerdotii
1693 898 1887 952 merito

297 996 458 1052 nobis
487 1004 570 1050 est
597 996 878 1065 probatus,
926 1002 983 1049 et
1013 994 1254 1048 moribus
1284 992 1510 1048 videatis
1541 993 1882 1056 instructum,

293 1095 564 1157 superest,
600 1086 816 1154 fratres,
848 1097 909 1140 ut
934 1085 1274 1140 concorditer
1293 1093 1349 1139 et
1373 1085 1615 1140 salubres
1636 1082 1889 1151 suscipia-

298 1178 370 1233 tis
400 1179 672 1242 hortatus,
699 1187 753 1232 et
799 1177 931 1231 nihil
963 1193 1061 1246 per
1099 1178 1499 1232 contentionem
1530 1185 1770 1246 agentes,
1793 1173 1889 1230 sed

297 1271 368 1325 ad
425 1286 589 1325 omne
637 1271 871 1324 studium
924 1269 1228 1324 devotionis
1270 1271 1549 1324 unanimes
1604 1268 1800 1324 divinis
1835 1276 1891 1324 et

298 1360 616 1431 apostolicis
646 1361 1124 1415 constitutionibus
1149 1360 1408 1430 parcatis,
1439 1367 1494 1414 et
1523 1360 1580 1414 in
1624 1360 1770 1414 nullo
1795 1375 1891 1430 pa-

297 1453 509 1508 tiamini
566 1452 1038 1523 providentissima
1087 1468 1357 1509 canonum
1403 1453 1621 1508 decreta
1676 1451 1885 1506 violari.

298 1547 430 1612 Qua:
479 1547 622 1601 enim
652 1553 922 1599 certarum
954 1545 1258 1599 remisimus
1286 1543 1720 1600 consideratione
1755 1557 1887 1596 cau-

299 1653 504 1699 sarum,
538 1637 771 1706 anliquis
817 1637 1071 1706 deinceps
1111 1636 1461 1693 custodienda
1513 1643 1639 1690 sunt
1667 1635 1885 1704 regulis,

299 1743 367 1781 ne
397 1727 542 1795 quod
571 1727 637 1780 ad
685 1735 895 1796 tempus
942 1727 1028 1796 pia
1059 1726 1281 1781 lenitate
1322 1725 1706 1787 concessimus,
1744 1723 1888 1793 justa

300 1816 664 1885 postulatione
687 1815 1004 1884 plectamus,
1039 1815 1090 1868 in
1120 1831 1214 1871 eos
1248 1814 1530 1884 specialius
1561 1819 1617 1869 et
1657 1827 1890 1883 propen-

1993 626 2300 696 postulavit,
2327 634 2386 681 ut
2432 628 2477 684 si
2525 629 2767 701 episcopi
2793 645 2980 687 eorum
3009 632 3275 698 locorum,
3315 632 3367 686 in
3391 635 3586 702 quibus

1991 733 2098 770 non
2122 718 2420 774 debuerant
2448 721 2707 788 ordinari,
2732 724 2965 780 humana
2990 726 3305 782 conditione
3333 726 3588 780 decesse-

1991 807 2120 871 rint,
2144 807 2264 864 loca
2318 810 2428 880 ipsa
2479 811 2541 866 ad
2569 811 2657 882 jus
2687 813 2802 882 ejus
2849 816 3104 872 antistitis
3152 818 3398 887 redeant,
3431 817 3588 888 cujus

1991 895 2190 951 fuerint
2237 906 2364 953 ante
2411 901 2630 970 priora:
2664 911 2720 957 et
2750 901 2936 958 inutile
2976 913 3078 974 est,
3139 915 3197 960 ut
3232 910 3584 966 sacerdotalis

1993 986 2223 1055 dignitas
2253 989 2650 1046 inconsiderata
2680 994 2994 1050 ordinandis
3025 997 3281 1054 facilitate
3309 999 3580 1072 superﬂua

1994 1078 2442 1150 multiplicatione
2465 1082 2754 1137 minuatur.

2067 1169 2143 1224 De
2174 1168 2256 1224 his
2285 1179 2496 1238 autem,
2529 1187 2647 1242 quae
2680 1174 2733 1227 in
2763 1188 2918 1229 sacro
2947 1175 3270 1244 virginitatis
3299 1181 3579 1250 proposito

1993 1260 2299 1315 constitutae
2323 1261 2663 1323 barbaricam
2691 1265 2964 1334 pertulere
2994 1267 3328 1336 violentiam,
3361 1278 3417 1324 et
3439 1271 3579 1326 intc-

1995 1352 2246 1420 gritatem
2269 1353 2490 1424 pudoris
2506 1371 2612 1410 non
2635 1357 2834 1425 animo,
2849 1358 2943 1414 sed
2963 1372 3192 1430 corpore
3212 1361 3578 1431 perdiderunt,

1996 1459 2058 1498 ea
2089 1446 2244 1502 nobis
2267 1445 2482 1502 videtur
2533 1449 2796 1504 servanda
2843 1449 3164 1518 moderatio,
3216 1461 3276 1508 ut
3327 1457 3582 1524 uequein

1997 1536 2272 1592 viduarum
2295 1536 2619 1608 dejiciantur
2641 1541 2831 1608 gradu,
2866 1557 2966 1597 nec
2988 1542 3040 1597 in
3069 1559 3362 1612 sacrarum,
3389 1553 3444 1600 et
3467 1561 3583 1616 pcr-

1990 1629 2356 1685 severantium
2387 1631 2656 1699 virginum
2688 1645 2916 1687 numero
2947 1641 3270 1688 censeantur
3297 1652 3308 1687 :
3365 1635 3578 1705 quibus,

1993 1718 2038 1774 si
2069 1718 2122 1773 in
2153 1719 2401 1774 omnibus
2424 1720 2770 1788 virginalibus
2793 1732 3162 1792 perseverant,
3183 1726 3583 1782 etcastimonia:

1994 1808 2322 1864 soliditatem
2350 1819 2532 1868 mente
2577 1813 2908 1882 custodiunt,
2957 1825 3421 1873 sacramentorum
3473 1836 3581 1874 non

296 1913 410 1965 sius
430 1909 824 1976 commovendi,
850 1909 941 1977 qui
973 1909 1024 1962 in
1047 1905 1316 1976 episcopis
1345 1904 1656 1960 ordinandis
1676 1911 1892 1962 sancto-
1923 1912 1970 1972 Β
1997 1911 2080 1954 est
2104 1900 2350 1969 neganda
2381 1904 2710 1971 communio,
2743 1905 2871 1976 quia
2901 1905 3160 1976 injustum
3182 1917 3265 1964 est
3291 1908 3409 1965 illas
3433 1910 3484 1964 in
3516 1925 3583 1965 co

297 2017 418 2055 rum
450 2000 668 2056 Patrum
698 1995 897 2054 statuta
948 2000 1326 2069 neglexerunt,
1377 2004 1432 2052 et
1485 2013 1621 2068 quos
1650 1995 1888 2050 refutare

297 2092 605 2158 debuerint,
637 2092 1095 2146 consecraverint.
1133 2087 1286 2143 Unde
1317 2088 1360 2142 si
1392 2089 1484 2156 qui
1527 2085 1768 2157 episcopi
1806 2094 1889 2141 ta-

297 2183 406 2238 lem
438 2183 873 2238 consecraverint
895 2181 1254 2245 sacerdotem,
1287 2181 1502 2249 qualern
1533 2193 1654 2233 esse
1679 2195 1785 2233 non
1818 2177 1885 2231 li-

298 2283 438 2339 ceat,
462 2273 673 2328 etiamsi
716 2274 898 2344 aliquo
947 2271 1108 2326 modo
1155 2271 1408 2325 danmum
1438 2269 1640 2340 proprii
1667 2268 1888 2324 honoris

296 2348 588 2429 evaserint,
621 2363 976 2418 ordinationis
1003 2370 1180 2416 tamen
1215 2361 1304 2431 jus
1328 2361 1552 2415 ulterius
1580 2374 1688 2414 non
1718 2358 1886 2414 habe-

295 2453 448 2518 bunt,
483 2468 584 2507 nec
632 2467 868 2522 unquam
901 2451 948 2506 ei
981 2459 1322 2506 sacramento
1373 2450 1710 2513 intererunt,
1744 2447 1887 2517 quod

297 2543 547 2612 neglecto
578 2541 762 2598 divino
784 2541 988 2609 judicio
1037 2541 1307 2596 immerito
1331 2541 1720 2610 przcstiterunt.
1752 2538 1889 2593 Illud

295 2648 452 2702 sane,
476 2633 621 2703 quod
649 2631 716 2687 ad
746 2631 1138 2688 sacerdotalem
1179 2632 1413 2702 pertinet
1441 2631 1776 2698 dignitatem,
1801 2629 1886 2683 in-

296 2733 382 2781 ter
407 2724 587 2780 omnia
611 2724 862 2778 volumus
891 2739 1156 2779 canonum
1179 2730 1380 2778 statuta
1405 2722 1608 2779 servari
1640 2739 1654 2776 :
1689 2728 1749 2777 ut
1779 2736 1886 2777 non
1908 2772 1910 2775 .

297 2818 352 2872 in
381 2816 711 2885 quibuslibet
735 2816 891 2879 locis,
920 2831 1092 2884 neque
1119 2815 1171 2869 in
1195 2815 1603 2885 quibuscunque
1631 2813 1886 2878 castellis,

292 2919 355 2963 et
378 2908 467 2963 ubi
497 2916 622 2963 ante
644 2923 752 2963 non
782 2905 998 2962 fuerunt
1023 2908 1281 2978 episcopi,
1307 2915 1693 2963 consecrantur
1725 2926 1737 2960 :
1766 2923 1888 2963 cum

296 3003 392 3056 ubi
442 3001 682 3055 minores
734 3007 861 3054 sunt
913 2999 1122 3068 plebes,
1176 2999 1521 3066 minoresque
1567 3006 1884 3068 conventus,

296 3094 740 3164 presbyterorum
769 3105 896 3146 cura
936 3090 1188 3155 sufliciat,
1220 3089 1545 3160 cpiscopalia
1583 3097 1766 3143 autem
1791 3103 1904 3157 gu—*

293 3183 588 3240 bernacula
613 3197 718 3237 non
749 3182 850 3236 nisi
880 3181 1175 3251 majoribus
1204 3181 1444 3252 populis,
1477 3188 1533 3234 et
1554 3179 1886 3248 frequentio-

1993 1994 2078 2049 vel
2100 1994 2272 2064 argui,
2298 1995 2384 2051 vel
2407 1996 2604 2061 notari,
2630 1996 2776 2067 quod
2804 2013 2916 2054 non
2960 1999 3215 2055 voluntas
3238 2001 3457 2069 amittit,
3488 2003 3584 2058 sed

1995 2085 2073 2142 vis
2100 2085 2312 2142 hostilis
2329 2087 2544 2158 eripuit.
2577 2089 2805 2166 Causam
2828 2105 3045 2162 quoque
3070 2091 3311 2163 Lupicini
3335 2096 3578 2166 episcopi

1993 2173 2102 2230 illic
2125 2175 2374 2244 jnbemus
2397 2179 2591 2245 audiri,
2633 2159 2717 2235 etii
2742 2159 2970 2236 multum
2996 2191 3050 2237 et
3071 2159 3264 2252 saepius
3288 2159 3584 2256 postulanti
3675 2243 3680 2250 ,

1991 2267 2424 2324 communionem
2457 2284 2520 2324 ac
2548 2270 2812 2326 rationem
2857 2271 3148 2339 reddimus,
3179 2277 3435 2344 quoniam
3458 2291 3580 2332 cum

1993 2355 2059 2410 ad
2091 2364 2335 2414 nostrum
2389 2359 2649 2425 judicium
2707 2369 3079 2430 provocasset,
3131 2361 3402 2418 immerito
3457 2377 3580 2420 eum

1991 2449 2257 2519 pendente
2285 2451 2523 2519 negotio,
2557 2468 2587 2506 a
2617 2451 2999 2514 communione
3043 2454 3359 2512 videbamus
3415 2455 3582 2514 fuisse

1991 2554 2331 2608 suspensum.
2363 2540 2646 2610 Adjectum
2676 2541 2840 2597 etiam
2867 2541 2997 2597 illud
3027 2551 3128 2610 est,
3161 2545 3306 2614 quod
3336 2543 3463 2600 huic
3503 2554 3582 2600 te-

1992 2645 2142 2685 mere
2170 2632 2617 2700 superordinatus
2647 2648 2767 2689 esse
2796 2635 3160 2702 cognoscitur,
3205 2637 3296 2705 qui
3327 2652 3433 2691 non
3482 2638 3578 2694 de-

1991 2719 2109 2774 buit
2131 2721 2389 2788 ordinari,
2423 2729 2711 2793 antequam
2761 2721 3052 2794 Lupicinus
3080 2724 3134 2778 in
3161 2725 3412 2794 praesenti
3435 2729 3582 2796 posi-

1993 2819 2100 2876 tus,
2145 2819 2238 2866 aut
2267 2811 2592 2878 confutatus,
2619 2821 2712 2866 aut
2739 2821 2887 2867 certe
2915 2811 3194 2868 confessus
3228 2813 3387 2883 justa:
3409 2816 3581 2884 possit

1991 2901 2277 2971 subjaccre
2303 2902 2603 2965 sententiae,
2647 2910 2710 2955 ut
2736 2909 3016 2957 vacantem
3066 2902 3266 2965 locum,
3316 2901 3579 2972 quemad-

1991 2996 2206 3048 modum
2231 2994 2513 3061 disciplina
2544 2995 2908 3049 ecclesiastica
2937 2995 3132 3063 exigit,
3167 2995 3229 3060 is,
3263 2995 3352 3064 qui
3385 3011 3578 3049 conse-

1992 3086 2260 3149 crabatur,
2316 3085 2605 3154 acciperet.
2640 3085 2695 3138 Si
2753 3100 2873 3154 qua:
2913 3101 3044 3140 vero
3095 3086 3212 3139 alite
3263 3089 3580 3141 emerserint

1991 3189 2184 3240 causae,
2202 3189 2321 3243 qum
2344 3175 2409 3228 ad
2439 3181 2638 3229 statum
2661 3173 3036 3244 Ecclesiarum,
3057 3185 3111 3231 et
3138 3176 3203 3230 ad
3233 3178 3578 3232 concordiam

295 3274 444 3329 ribus
474 3275 784 3330 civitatibus
831 3281 1082 3344 oporteat
1130 3274 1438 3345 pimsidere,
1473 3289 1542 3328 ne
1588 3274 1733 3342 quod
1761 3289 1887 3331 san-
1914 3283 1958 3346 ρ
1991 3267 2299 3337 pertineant
2325 3266 2687 3333 sacerdotum,
2715 3267 2823 3322 illic
2846 3267 2945 3321 sub
2969 3268 3163 3323 timore
3188 3268 3396 3322 Domini
3427 3268 3582 3322 volu-

294 3372 508 3419 etorum
538 3360 756 3419 Patrum
775 3355 1035 3420 divinitus
1054 3363 1309 3434 inspirata
1332 3365 1550 3419 decreta
1574 3372 1884 3436 vetuerunt,

296 3456 511 3522 viculis,
542 3464 596 3510 et
643 3456 1077 3526 possessionibus
1123 3455 1208 3508 vel
1237 3455 1506 3516 obscuris,
1537 3461 1592 3508 et
1631 3453 1887 3511 solitariis
1925 3451 1942 3467 ⁸

295 3549 602 3618 municipiis
631 3549 898 3603 tribuatur
925 3546 1265 3602 sacerd-Otale
1289 3546 1576 3616 fastigium,
1612 3557 1667 3603 et
1686 3549 1881 3636 honpr,

295 3640 386 3694 tui
415 3639 616 3694 debent
645 3640 1028 3694 excellentiora
1057 3638 1341 3702 committi,
1378 3639 1488 3706 ipsa
1519 3639 1599 3694 sui
1632 3655 1886 3695 numero-

295 3731 459 3787 sitatc
484 3731 723 3786 vilescat.
749 3729 902 3796 Quod
935 3744 1076 3784 nunc
1107 3730 1160 3784 in
1190 3745 1284 3786 sua
1317 3730 1535 3785 dioecesi
1587 3730 1888 3787 Restitutus

1992 3375 2111 3416 mus
2154 3359 2357 3429 judicio
2397 3359 2753 3425 ventilentur,
2785 3368 2838 3415 et
2892 3359 2959 3414 de
2991 3360 3381 3429 componendis
3421 3368 3586 3429 atque

1993 3451 2306 3521 compositis
2334 3451 2584 3506 omnibus
2611 3450 2677 3504 ad
2709 3466 2807 3505 nos
2855 3450 3047 3506 relatio
3078 3451 3234 3520 plena
3283 3450 3528 3505 mittatur
3567 3470 3577 3501 :

1993 3551 2052 3599 ut
2078 3558 2142 3599 ea
2165 3583 2180 3607 ,
2219 3558 2340 3612 qure
2362 3543 2514 3613 juxta
2546 3542 2970 3598 ecclesiasticum
3002 3558 3206 3598 morem
3235 3542 3381 3612 juste
3409 3551 3464 3598 et
3487 3557 3574 3597 ra-

1992 3635 2322 3690 tionabiliter
2344 3632 2541 3688 fuerint
2563 3633 2802 3697 delinita,
2854 3641 3036 3688 nostra
3069 3647 3286 3702 quoque
3313 3632 3582 3686 sententia

1993 3727 2338 3782 roborentur.
2371 3725 2503 3777 Data
2544 3740 2593 3778 Iv
2619 3723 2693 3777 ld.
2729 3724 2974 3792 Augusti.

321 3879 3577 3908 .me

1436 3995 1798 4056 DECRETA
1848 3993 2052 4056 GELA
2064 3995 2159 4054 SH
2205 3995 2301 4053 PA
2314 3991 2453 4050 PJK-3.

301 4225 380 4281 De
406 4223 698 4279 constitutis
727 4221 1085 4342 ecclesiaséicis
1115 4238 1208 4343 piro
1241 4223 1483 4291 temporis
1504 4218 1752 4290 qualitate
1783 4235 1894 4274 mo-

1001 4308 1123 4343 errm
1169 4308 1228 4343 ιε.

1001 4308 1228 4345 ermtats.

372 4387 413 4441 l.
438 4385 686 4440 Gelasius
716 4383 970 4436 fratribus
1000 4383 1264 4438 universis
1293 4383 1558 4454 episcopis
1588 4398 1687 4453 per
1715 4381 1888 4438 Luca-

300 4481 449 4536 niam
500 4485 557 4534 et
582 4477 816 4542 Brutius,
850 4483 906 4530 et
939 4474 1176 4528 Siciliam
1209 4476 1534 4530 constitutis.
1578 4474 1892 4529 Necessaria

298 4584 488 4624 rerum
513 4565 917 4637 dispensatione
971 4564 1414 4631 constringimur,
1475 4572 1530 4618 et
1578 4564 1892 4634 apostolica:

297 4659 448 4714 sedis
475 4656 842 4712 moderamine
870 4656 1238 4718 convenimur,
1271 4655 1348 4710 sic
1395 4671 1662 4709 canonum
1709 4664 1892 4725 patera-
1928 4632 1972 4689 ί)

296 4765 502 4807 norum
540 4749 756 4804 decreta
787 4747 1016 4815 librare,
1047 4756 1101 4801 ct
1130 4757 1276 4803 retro
1311 4747 1599 4818 praisulum
1637 4746 1892 4803 decesso-

297 4856 533 4911 rumque
583 4848 891 4895 nostrorum
921 4846 1188 4910 prazcepta
1218 4838 1416 4904 metiri,
1477 4847 1535 4893 ut
1579 4853 1698 4909 qua:
1754 4854 1894 4909 pra:-

299 4936 539 4990 sentium
572 4933 866 4988 necessitas
889 4937 1194 5000 temporum
1224 4931 1588 4985 rcstaurandis
1639 4929 1896 4986 Ecclesiis

300 5022 599 5079 relaxanda
628 5021 891 5091 deposcit,
915 5021 1149 5076 adhibita
1173 5019 1608 5076 consideratione
1629 5021 1891 5089 diligenti,

297 5121 567 5182 quantum
590 5117 778 5179 potest
808 5110 944 5175 ﬁeri,
973 5119 1354 5178 temperemus,
1381 5125 1490 5180 quo
1517 5127 1617 5166 nec
1644 5111 1698 5164 in
1722 5118 1894 5165 totum

299 5201 537 5254 formam
565 5208 810 5255 veterum
849 5199 1128 5255 videamur
1157 5200 1420 5257 excedere
1478 5201 1806 5270 regularum,
1840 5210 1895 5257 et

297 5289 622 5358 reparandis
651 5290 852 5344 militia:
873 5291 1138 5347 clericalis
1160 5291 1370 5361 ofﬁciis,
1393 5308 1513 5362 quae
1544 5308 1639 5364 per
1657 5294 1897 5350 diversas

297 5379 471 5432 Italia:
500 5387 682 5450 partes
705 5382 779 5436 ita
809 5382 933 5437 belli
989 5381 1252 5452 famisque
1279 5386 1609 5456 consumpsit
1638 5385 1893 5450 incursio,

297 5479 364 5528 ut
391 5472 447 5526 in
479 5472 664 5527 multis
689 5471 946 5529 Ecclesiis
975 5475 1134 5544 (sicut
1162 5475 1343 5530 fratris
1368 5484 1421 5530 et
1449 5477 1757 5547 coepiscopi
1788 5493 1891 5532 no-

295 5563 397 5620 stri
412 5559 662 5626 Joannis,
680 5560 1007 5618 Ravennatis
1030 5563 1280 5620 Ecclesiae
1294 5566 1607 5632 sacerdotis,
1629 5566 1892 5636 frequenti

296 5650 572 5705 relatione
613 5651 1010 5726 comperimus)
1047 5669 1431 5725 usquequaque
1460 5649 1745 5711 deﬁciente
1776 5672 1892 5712 ser-

294 5749 434 5797 vntio
465 5740 856 5807 ministrorum,
891 5745 993 5800 nisi
1035 5746 1358 5801 remittendo
1406 5746 1679 5816 paulisper
1725 5748 1893 5802 eccle-

293 5832 534 5886 siasticis
563 5832 996 5900 promotiouibus
1021 5834 1314 5902 antiquitus
1347 5833 1626 5888 intervalla
1651 5833 1885 5904 prmﬁxa,

297 5933 624 5983 remaneant
651 5925 788 5996 (sine
802 5927 995 5998 quibus
1019 5926 1378 5982 administrari
1409 5925 1699 5998 nequeant)
1728 5928 1896 5982 sacris

1999 4219 2278 4276 ordinibus
2299 4216 2554 4274 Ecclesia:
2594 4214 2832 4272 funditus
2860 4215 3152 4285 destitutae,
3183 4225 3345 4286 atque
3371 4217 3423 4272 in
3463 4218 3585 4290 plu-

2003 4308 2156 4364 rimis
2185 4307 2322 4363 locis
2349 4321 2444 4376 per
2470 4306 2708 4376 inopiam
2753 4306 3112 4374 competentis
3141 4306 3325 4361 auxilii
3353 4308 3589 4364 salutare

1998 4401 2290 4458 subsidium
2345 4399 2777 4455 redimendarum
2829 4397 2970 4452 desit
3024 4398 3344 4464 animarum,
3377 4416 3585 4470 uosque

2000 4508 2195 4564 magno
2223 4501 2400 4560 reatu,
2447 4492 2494 4548 si
2525 4498 2677 4546 tanto
2708 4497 3023 4547 coarctante
3052 4491 3317 4561 periculo,
3345 4508 3452 4548 non
3483 4495 3582 4548 ali-

2001 4595 2266 4655 quatenus
2294 4583 2662 4650 consulemus,
2693 4582 2908 4638 invecti.

2005 4695 2180 4750 Utubi
2209 4695 2353 4748 nulla
2381 4701 2617 4764 perurget
2672 4693 2980 4764 necessitas,
3038 4694 3319 4747 constituta
3371 4693 3590 4748 Patrum

2071 4765 2321 4820 inuiolata
2343 4762 2625 4820 serventur.
2656 4763 2735 4817 vel
2757 4779 2872 4818 cum
2895 4762 3154 4823 defuerint
3180 4765 3371 4831 clerici,
3397 4767 3460 4818 de
3491 4783 3590 4819 mo.

2074 4837 2254 4890 nacln's
2285 4836 2560 4906 eligantur.

2074 4927 2138 4982 ll.
2191 4925 2388 4981 Priscis
2428 4925 2589 4996 igitur
2634 4940 2735 4994 pro
2775 4924 2856 4980 sui
2900 4926 3206 4982 reverentia
3251 4925 3592 4980 manentibus

2001 5019 2328 5084 constitutis,
2358 5032 2478 5088 qua:
2519 5017 2606 5071 ubi
2637 5017 2781 5071 nulla
2811 5018 2896 5073 vel
2935 5033 3137 5084 rerum,
3167 5019 3253 5074 vel
3280 5027 3587 5086 temporqu

2001 5119 2256 5182 perurget
2276 5110 2542 5179 angustia,
2563 5111 2888 5178 regulariter
2909 5111 3162 5167 convenit
3189 5109 3463 5175 custodiri,
3491 5125 3586 5164 ca-

2001 5212 2160 5258 tenus
2200 5201 2481 5268 Ecclesiis,
2513 5216 2632 5270 quso
2662 5202 2746 5257 vel
2771 5204 2984 5258 cunctis
3011 5210 3135 5258 sunt
3180 5202 3400 5273 privata:
3430 5203 3592 5256 mini-

1998 5293 2149 5358 stris,
2180 5291 2267 5346 vel
2285 5290 2678 5347 sufﬁcientibus
2719 5306 2889 5361 usque
2914 5291 3049 5346 adeo
3080 5290 3384 5367 dispoliatae
3417 5292 3592 5347 servi-

2001 5383 2110 5451 tiis,
2138 5389 2197 5436 ut
2242 5381 2490 5452 plebibus
2518 5381 2586 5436 ad
2634 5396 2694 5437 se
2717 5381 3108 5451 pertinentibus
3153 5382 3332 5436 divina
3363 5397 3590 5440 munera

2004 5475 2257 5544 supplere
2287 5489 2394 5528 non
2414 5474 2649 5538 valeant,
2685 5481 2793 5526 tam
2823 5472 3157 5539 instituendi,
3187 5490 3348 5544 quam
3379 5492 3593 5547 pronio-

1999 5565 2158 5620 vcndi
2181 5565 2447 5622 clericalis
2469 5565 2632 5620 officii
2662 5565 2740 5619 sic
2787 5565 2958 5633 spatia
3005 5565 3365 5638 dispensanda
3395 5585 3595 5626 conceo

2004 5656 2197 5720 diinus,
2231 5663 2288 5709 ut
2316 5657 2360 5710 si
2389 5655 2509 5724 quis
2535 5657 2698 5709 etiam
2719 5655 2785 5710 de
2805 5655 3058 5724 religioso
3081 5661 3379 5730 proposito,
3406 5670 3462 5716 et
3482 5661 3594 5716 dis-

2003 5746 2215 5818 ciplinis
2242 5745 2711 5801 monasterialibus
2734 5746 2972 5803 eruditus
3012 5749 3079 5804 ad
3117 5751 3372 5807 clericale
3401 5767 3594 5806 mimus

2000 5835 2244 5900 accedat,
2278 5835 2540 5906 imprimis
2589 5834 2705 5904 ejus
2734 5837 2842 5891 vita
2870 5840 3157 5907 praeteritis
3189 5849 3310 5896 acta
3339 5841 3597 5909 tempori—

2001 5927 2098 5982 bus
2129 5927 2445 5998 inquiratur,
2483 5927 2566 5984 vel
2594 5927 2638 5984 si
2665 5928 2811 5984 nullo
2862 5927 3010 6000 gravi
3051 5927 3289 5986 facinore
3335 5929 3597 6000 probatur
