4104 6482
506 310 613 372 503

1805 305 2072 363 DlONYSl
2081 304 2162 361 US
2200 305 2520 364 EXIGUUS.

3687 306 3800 364 504
3853 265 3856 268 ’

507 427 756 492 infectus,
788 425 835 481 si
861 423 1155 482 secundam
1180 437 1287 478 non
1329 423 1517 478 habuit
1561 421 1806 480 fortassis
1836 439 2088 490 uxorem,
2125 425 2174 486 Α
2201 423 2377 479 aliena
2398 423 2698 495 pervadere
2728 421 2932 494 absque
2965 422 3106 480 sedis
3155 421 3467 493 apostolicae
3491 421 3638 491 justa
3683 424 3793 480 dis-

507 535 610 576 nee
633 535 664 574 a
692 518 887 573 marito
916 517 1160 574 relictam
1205 515 1431 571 sortitus
1481 516 1811 583 ostenditur,
1841 518 1886 571 si
1918 518 2095 588 ι)ωηὶ-

509 612 734 667 tentiam
760 608 1028 679 publicam
1057 606 1301 663 fortassis
1327 623 1434 662 non
1463 607 1666 676 gessit,
1716 623 1819 663 nec
1845 608 1954 662 ulla
1977 623 2100 664 cor-

509 705 657 774 poris
686 708 838 772 parte
867 699 1084 754 vitiatus
1113 706 1355 769 apparet,
1383 698 1427 753 si
1455 699 1659 766 servili,
1683 706 1776 752 aut
1795 699 2100 767 originariae

521 811 631 850 non
679 801 760 848 est
784 791 1079 848 conditioni
1128 791 1414 855 obnoxius,
1450 790 1493 845 si
1520 791 1683 846 curiae
1703 789 1814 860 jam
1842 789 2101 860 probatur

514 885 741 941 nexibus
762 882 1058 950 absolutus,
1091 882 1137 937 si
1165 890 1439 938 assecutus
1465 888 1547 936 est
1568 880 1794 946 litteras,
1823 881 1939 936 sine
1983 881 2102 950 qui-

512 976 613 1030 bus
642 974 733 1028 vix
756 973 1003 1028 fortassis
1031 972 1238 1028 ostiarii
1269 973 1441 1042 possit
1470 971 1694 1042 implere
1721 972 2099 1037 ministerium,

514 1074 572 1120 ut
599 1065 644 1119 si
669 1064 755 1118 his
793 1063 1066 1131 omnibus,
1102 1078 1220 1132 quae
1246 1071 1370 1117 sunt
1398 1061 1680 1134 praedicta,
1711 1061 1946 1128 fulcitur,
1972 1079 2103 1118 con-

513 1155 666 1210 tinuo
692 1154 887 1220 lector,
908 1154 998 1209 vel
1024 1153 1288 1220 notarius,
1311 1161 1404 1206 aut
1427 1160 1576 1206 certe
1603 1150 1854 1206 defensor
1883 1152 2104 1209 effectus

513 1256 639 1319 post
662 1257 772 1303 tres
814 1261 1027 1302 menses
1074 1245 1270 1300 existat
1298 1244 1596 1316 acolythus,
1628 1245 1862 1298 maxime
1906 1245 1951 1301 si
1980 1245 2106 1300 huic

515 1346 647 1394 aetas
685 1339 850 1393 etiam
879 1337 1221 1406 suffragatur,
1251 1344 1408 1391 sexto
1455 1351 1640 1391 mense
1669 1336 1984 1391 subdiaconi
2007 1351 2108 1392 no-

518 1450 642 1492 men
673 1435 920 1506 accipiat,
948 1449 1012 1488 ac
1033 1433 1078 1488 si
1099 1434 1355 1489 modestae
1374 1432 1822 1500 conversationis,
1845 1431 2110 1488 honesta:-

523 1543 635 1598 que
686 1525 986 1582 voluntatis
1039 1525 1240 1591 existit,
1299 1540 1445 1579 nono
1495 1538 1683 1579 mense
1729 1524 1800 1578 sit
1826 1523 2107 1589 diaconus,

522 1617 898 1688 completoque
926 1631 1066 1668 anno
1089 1615 1158 1670 sit
1187 1615 1490 1685 presbyter,
1523 1614 1608 1669 cui
1637 1621 1817 1668 tamen
1847 1613 1991 1684 quod
2013 1629 2110 1667 an—

522 1721 716 1762 norum
747 1704 961 1758 fuerant
1011 1703 1298 1758 interstitia
1330 1703 1612 1772 collatura,
1644 1703 1818 1758 sancti
1846 1704 2109 1774 propositi

524 1803 716 1865 rponte
742 1801 993 1865 suscepta
1023 1793 1283 1849 doceatur
1311 1793 1626 1863 praestitisse
1657 1793 1894 1850 devotio.

529 1974 597 2030 Ut
625 1977 671 2028 si
711 1973 794 2039 qui
824 1975 886 2027 de
913 1973 1062 2028 laicis
1089 1974 1349 2044 eliguntur
1377 1974 1445 2027 ad
1472 1974 1686 2039 clerum,
1717 1975 1878 2030 multo
1920 1977 2116 2030 sollici—

596 2047 698 2098 tius
727 2046 780 2098 in
811 2046 914 2111 his,
935 2061 996 2098 ea
1017 2059 1136 2114 qua:
1177 2044 1239 2097 de
1286 2045 1554 2098 monachis
1601 2045 1740 2099 dicta
1769 2055 1908 2110 sunt,
1944 2047 2116 2117 inqui-

597 2123 799 2168 rantur.

597 2252 683 2308 lll.
718 2253 772 2309 Si
797 2269 923 2308 vero
949 2253 1016 2310 de
1046 2254 1194 2310 laicis
1213 2255 1479 2326 quispiam
1505 2255 1887 2314 ecclesiasticis
1914 2265 1997 2313 est
2025 2272 2118 2326 ag-

515 2344 831 2414 ‘gregandus
859 2343 1068 2410 officiis,
1103 2351 1254 2400 tanto
1307 2346 1590 2403 sollicitius
1640 2347 1694 2400 in
1724 2347 1968 2416 singulis,
1999 2363 2118 2417 qua:

517 2435 773 2505 superius
799 2435 1194 2505 comprehensa
1223 2444 1370 2506 sunt,
1397 2437 1706 2508 hujusmodi
1736 2437 1892 2494 decet
1914 2439 2118 2493 exami-

527 2530 646 2583 nari
687 2543 996 2598 personam,
1030 2539 1292 2597 quantum
1339 2531 1481 2585 inter
1520 2531 1846 2586 mundanam
1904 2532 2120 2609 religio-

528 2636 752 2692 sanique
781 2621 946 2675 vitam
975 2629 1188 2676 constat
1233 2637 1352 2679 esse
1377 2623 1725 2692 discriminis,
1757 2625 1886 2694 quia
1933 2626 2120 2696 utique

528 2713 905 2769 convenientia
929 2711 1185 2768 Ecclesia:
1216 2714 1512 2769 ministeria
1537 2715 1835 2786 reparanda
1865 2724 1991 2772 sunt
2012 2732 2118 2772 non

529 2806 1036 2870 inconvenientibus
1065 2807 1269 2861 meritis
1292 2808 1588 2874 ingerendi.
1622 2809 1907 2877 Tantoque
1929 2794 2122 2878 magis,

530 2898 675 2972 quod
722 2897 890 2953 sacris
919 2904 1103 2966 aptum
1147 2898 1320 2967 possit
1371 2914 1490 2954 esse
1535 2900 1790 2964 servitiis,
1839 2901 1892 2955 in
1934 2916 2120 2956 eorum

531 2990 878 3062 quaerendum
908 2997 991 3045 est
1018 2989 1296 3057 institutis,
1329 3001 1588 3061 quantum
1610 2992 1678 3047 de
1719 3001 1984 3065 tempore,
2010 3009 2120 3064 quo

533 3080 748 3135 fuerant
769 3079 885 3134 haec
914 3081 1264 3150 assequenda,
1295 3080 1607 3152 decerpitur
1638 3101 1651 3136 :
1685 3091 1744 3138 ut
1782 3101 1994 3140 morum
2024 3085 2120 3151 ha-_

531 3173 663 3228 bere
685 3171 945 3227 doceatur
974 3172 1076 3226 hoc
1121 3173 1380 3243 probitas,
1411 3173 1556 3244 quod
1584 3174 1848 3244 prolixior
1885 3191 2117 3232 consue-
2149 3162 2194 3225 Ο

535 3263 664 3318 tudo
692 3279 800 3318 non
825 3263 1074 3329 contulit,
1099 3279 1167 3318 ne
1190 3279 1286 3334 per
1310 3264 1657 3320 occasionem
1683 3265 1996 3336 supplenda:
2025 3283 2119 3337 pe-

535 3354 703 3410 nuriae
729 3353 994 3410 clericalis
1029 3355 1155 3409 vitia
1179 3355 1359 3425 potius
1389 3354 1586 3410 divinis
1611 3356 1845 3412 cultibus
1875 3357 2121 3414 intulisse
2169 3393 2178 3400 -

534 3443 854 3514 iudicemur,
901 3459 1008 3499 non
1036 3444 1288 3513 legitima:
1316 3445 1531 3500 familiae
1557 3445 1900 3503 confutemur
1924 3465 2120 3519 procu-

534 3553 684 3596 rasse
711 3539 1030 3610 compendia
1063 3557 1075 3593 :
1101 3554 1329 3608 quorum
1350 3541 1784 3610 promotionibus
1805 3558 1968 3612 super
1996 3545 2123 3599 anni

533 3638 708 3686 metas
728 3646 824 3686 sex
844 3645 1057 3686 menses
1079 3630 1428 3687 nihilominus
1442 3632 1812 3702 subrogamus.
1834 3633 2120 3700 Quoniam,

534 3722 672 3779 sicut
724 3722 928 3780 dictum
980 3731 1084 3791 est,
1110 3723 1312 3779 distare
1355 3727 1611 3781 convenit
1663 3727 1807 3782 inter
1835 3742 2123 3798 personam

535 3815 718 3872 divino
747 3815 915 3870 cultui
943 3813 1199 3880 deditam,
1233 3825 1287 3870 et
1309 3814 1378 3871 de
1405 3816 1667 3871 laicorum
1709 3819 2126 3877 conversatione

539 3905 862 3960 venientem.
897 3903 1027 3971 Quae
1067 3913 1250 3960 tamen
1279 3912 1506 3961 eatenus
1537 3906 1861 3976 indulgenda
1890 3909 2124 3964 credidi-

537 4011 675 4062 mus,
704 4003 762 4050 ut
792 3995 895 4049 illis
939 3993 1222 4061 Ecclesiis,
1253 3995 1449 4063 quibus
1483 3995 1831 4052 infestatione
1859 3996 2125 4054 bellorum

538 4085 625 4141 vel
653 4084 799 4140 nulla
820 4083 1052 4153 penitus,
1081 4083 1164 4137 vel
1187 4084 1380 4152 exigua
1403 4093 1783 4140 remanserunt
1807 4087 2124 4156 ministeria,

535 4181 886 4230 renoventur.
921 4171 1198 4240 Quatenus
1245 4174 1329 4229 his
1357 4173 1468 4232 Deo
1504 4176 1741 4246 propitio
1786 4179 2050 4236 restitutis
2073 4182 2127 4236 in

537 4266 916 4323 ecclesiasticis
944 4263 1203 4334 gradibus
1230 4266 1612 4336 subrogandis,
1640 4283 1910 4324 canonum
1941 4279 2126 4341 pater-

540 4375 732 4414 norum
761 4367 917 4413 vetus
941 4356 1110 4413 forma
1135 4367 1396 4425 servetur,
1435 4373 1534 4415 nec
1561 4368 1749 4416 contra
1778 4376 1874 4417 eos
1905 4362 2013 4417 ulla
2042 4379 2128 4418 ra-

541 4451 687 4506 tione
714 4449 1020 4520 praevaleat,
1049 4450 1194 4520 quod
1221 4467 1317 4520 pro
1345 4452 1656 4509 accedentis
1685 4453 1927 4511 defectus
1948 4471 2128 4512 reme-

541 4543 630 4598 dio
657 4539 992 4612 providetur,
1042 4557 1150 4594 non
1207 4542 1463 4598 adversus
1509 4545 1645 4599 scita
1676 4545 1945 4616 majorum
1987 4565 2126 4604 nova
2161 4549 2206 4607 Ι)

541 4633 661 4702 lege
681 4631 1022 4702 proponitur,
1054 4632 1262 4688 caeteris
1292 4631 1549 4690 Ecclesiis
1585 4637 1652 4691 ab
1693 4637 1795 4693 hac
1837 4639 2126 4695 occasione

540 4723 894 4786 cessantibus,
921 4736 1054 4792 quas
1083 4737 1192 4777 non
1220 4723 1555 4782 similiclade
1586 4736 1821 4784 vastatas
1846 4729 2126 4798 pristinam

541 4813 799 4871 faciendis
827 4812 1253 4870 ordinationibus
1282 4817 1534 4871 convenit
1565 4827 1752 4874 tenere
1779 4821 2124 4887 sententiam,

539 4923 649 4978 quo
675 4906 846 4975 magis
873 4905 976 4962 hac
1017 4909 1420 4977 opportunitate
1466 4909 1785 4965 commoniti
1823 4910 2128 4967 observan-

542 5002 672 5054 tiam
693 4995 1120 5053 venerandorum
1144 5013 1413 5053 canonum
1445 5001 1764 5070 propensius
1795 4999 2128 5071 delegamus,

540 5092 872 5162 singulorum
899 5089 1159 5161 graduum
1186 5090 1547 5147 conscientias
1586 5089 1958 5158 admonentes,
1987 5110 2054 5147 ne
2078 5095 2131 5148 in

544 5186 761 5242 illicitos
781 5201 1136 5257 prorumpere
1160 5185 1450 5239 moliantur
1473 5199 1745 5239 excessus.
1771 5185 1880 5241 Nec
1904 5185 1981 5242 fas
2010 5203 2136 5244 esse

542 5279 778 5334 confidat
805 5279 1032 5350 quisque
1078 5277 1391 5349 pontiﬁcum
1447 5277 1710 5346 bigamos,
1746 5287 1839 5333 aut
1877 5280 2126 5350 conjugia

543 5369 836 5424 sortientes
863 5369 930 5423 ab
961 5369 1078 5423 aliis
1107 5368 1381 5433 derelicta,
1425 5368 1541 5424 sive
1573 5370 1843 5438 quoslibet
1870 5381 1993 5443 post
2022 5389 2129 5442 poe-

546 5460 844 5522 nitentiam,
880 5460 961 5513 vel
992 5459 1108 5513 sine
1147 5459 1361 5527 litteris,
1393 5459 1477 5514 vel
1513 5475 1742 5530 corpore
1773 5461 2010 5528 vitiatos,
2043 5463 2128 5517 vel

544 5549 988 5616 conditionarios,
1011 5558 1104 5604 aut
1126 5550 1304 5616 curiae,
1330 5549 1772 5619 publicarumque
1793 5567 1968 5605 rerum
1984 5553 2131 5605 nexi-

547 5639 648 5694 bus
678 5640 998 5710 implicatos,
1029 5648 1120 5694 aut
1150 5641 1347 5710 passim
1377 5640 1520 5694 nulla
1552 5641 1809 5710 temporis
1835 5656 2126 5710 congruen-

545 5732 616 5785 tis
643 5730 1050 5800 exspectatione
1095 5732 1369 5787 discussos
1399 5732 1592 5787 divinis
1642 5733 1938 5788 servituros
1963 5735 2127 5802 appli-

546 5835 672 5882 care
699 5821 984 5892 mysteriis,
1033 5835 1208 5892 neque
1253 5836 1351 5892 pro
1400 5837 1497 5880 suo
1549 5821 1700 5878 libito
1727 5821 1846 5892 jura
1876 5821 2132 5878 studeant

2201 515 2474 585 positione
2494 516 2804 569 mandante.

2209 630 2275 684 Ut
2304 629 2368 684 ab
2393 629 2669 701 episcopis,
2692 629 3035 701 prwceptione
3060 642 3244 698 papas,
3276 641 3421 682 nova:
3445 625 3676 682 basilice
3702 625 3799 680 de-

2869 699 3122 752 dicentur.

2274 791 2363 846 lV.
2415 784 2672 848 Basilicas
2724 791 2937 846 noviter
2997 788 3296 852 institutas,
3349 804 3459 844 non
3500 787 3685 858 petitis
3730 803 3798 842 ex

2205 898 2358 940 more
2405 883 2880 954 praeceptionibus,
2937 879 3188 935 dedicare
3237 895 3344 933 non
3389 879 3638 943 audeant,
3690 895 3798 934 non

2207 974 2445 1028 ambiant
2473 973 2688 1028 sibimet
2717 971 2990 1026 vindicare
3020 969 3245 1024 clericos
3271 967 3555 1037 potestatis
3587 967 3796 1021 alienae.

2213 1086 2282 1142 Ut
2323 1086 2465 1140 nulla
2488 1086 2652 1153 pretia
2675 1085 2752 1154 de
2766 1083 3094 1154 baptizandis
3122 1081 3590 1154 reusignaudisque
3624 1080 3802 1154 fideli-

2280 1158 2371 1210 bus
2393 1151 2688 1226 exigantur.
2719 1151 2869 1218 Quod
2891 1156 2935 1208 si
2959 1155 3044 1226 qui
3066 1154 3159 1206 hoc
3186 1151 3602 1222 perpetrauerint,
3636 1151 3797 1204 Itono-

2281 1229 2354 1280 ris
2385 1227 2465 1280 sui
2483 1224 2721 1296 periculo
2741 1226 2832 1279 sub
2830 1224 3093 1296 jucebunt.

2284 1338 2347 1393 V.
2411 1336 2754 1407 Baptizandis
2815 1334 3302 1405 consignandisque
3349 1332 3593 1390 ﬁdelibus
3634 1333 3807 1404 pretia

2212 1431 2359 1486 nulla
2389 1427 2686 1499 praefigant,
2715 1444 2814 1483 nec
2837 1427 3168 1482 illationibus
3191 1427 3518 1496 quibuslibet
3546 1425 3811 1496 impositis

2213 1525 2493 1596 exagitare
2514 1523 2734 1593 cupiant
2761 1530 3136 1586 renascentes,
3163 1520 3418 1590 quoniam
3471 1518 3615 1589 quod
3645 1519 3812 1588 gratis

2213 1615 2530 1686 accipimus,
2563 1613 2728 1682 gratis
2759 1613 2890 1668 dare.
2918 1612 3234 1667 mandamur
3257 1610 3470 1683 (Matth.
3492 1610 3570 1681 κ).
3596 1608 3661 1662 Et
3691 1609 3812 1661 ideo

2220 1705 2355 1760 nihil
2385 1721 2415 1759 a
2446 1703 2715 1776 praedictis
2737 1718 2956 1774 prorsus
2988 1704 3205 1770 exigere
3245 1703 3556 1768 moliantur,
3587 1715 3692 1770 quo
3729 1699 3812 1752 vel

2145 1781 2192 1840 B
2221 1803 2537 1868 paupertate
2558 1803 2786 1864 cogente
2798 1794 3060 1857 deterriti,
3088 1793 3170 1848 vel
3194 1793 3558 1862 indignatione
3574 1792 3813 1848 revocati

2220 1884 2605 1956 redemptionis
2660 1884 2743 1939 sui
2794 1899 2985 1938 causas
3027 1882 3175 1936 adire
3228 1882 3527 1952 despiciant
3561 1900 3572 1934 :
3606 1888 3814 1936 certum

2220 1974 2513 2041 habentes,
2541 1974 2686 2044 quod
2711 1975 2801 2044 qui
2840 1973 3109 2044 prohibita
3141 1973 3461 2042 deprehensi
3497 1972 3694 2028 fuerint
3728 1973 3812 2024 ad-

2220 2063 2454 2132 misisse,
2481 2064 2568 2118 vel
2595 2063 2878 2118 commissa
2909 2079 3016 2118 non
3045 2061 3221 2132 potius
3235 2076 3332 2116 sua
3353 2070 3545 2132 sponte
3570 2077 3812 2116 correxe-

2220 2156 2346 2223 rint,
2381 2156 2678 2227 periculum
2702 2154 2931 2210 subituri
2966 2154 3167 2224 proprii
3195 2153 3304 2210 sint
3328 2154 3568 2210 honoris.

2226 2269 2295 2323 Ut
2340 2268 2622 2340 presbyteri
2672 2268 2880 2322 modum
2923 2267 3147 2321 debitum
3191 2277 3408 2332 servent,
3453 2283 3557 2321 non
3585 2265 3814 2340 chrisma

2293 2336 2592 2408 conﬁciant,
2627 2355 2729 2392 non
2777 2340 3115 2408 consignant,
3147 2354 3238 2390 nec
3291 2347 3542 2408 praesente
3590 2336 3815 2408 quolibet

2295 2410 2551 2480 episcopo,
2585 2409 2687 2461 nisi
2721 2408 3002 2480 jubeantur
3027 2408 3089 2480 ab
3125 2409 3259 2480 ipso,
3310 2409 3385 2461 vel
3406 2425 3578 2480 orare,
3624 2409 3700 2459 ret
3730 2424 3817 2459 se-

2295 2477 2416 2533 dere
2456 2477 2791 2548 pr'wsumaiit,
2827 2495 2917 2531 uec
2964 2479 3276 2548 arolyt/zum,
3311 2480 3386 2532 rei
3439 2477 3814 2532 subdiaconum

2295 2552 2510 2622 faciant.

2301 2657 2384 2712 Vl.
2431 2658 2541 2713 Nec
2570 2659 2744 2714 minus
2771 2661 2932 2713 etiam
2969 2659 3312 2729 presbyteros
3341 2659 3479 2712 ultra
3519 2673 3672 2713 suum
3696 2673 3816 2712 mo-

2223 2751 2348 2804 dum
2378 2749 2602 2806 tendere
2623 2749 2991 2820 prohibemus,
3026 2766 3127 2806 nec
3157 2751 3447 2821 episcopali
3477 2750 3692 2818 fastigio
3719 2749 3818 2804 de~

2222 2838 2357 2905 bita,
2412 2838 2627 2894 sibimet
2670 2839 2930 2896 audacter
2985 2855 3260 2896 assumere
3296 2858 3308 2892 :
3341 2856 3448 2894 non
3496 2839 3816 2896 conficiendi

2224 2928 2546 2996 chrismatis,
2578 2945 2684 2984 non
2707 2929 3129 2999 consignationis
3151 2926 3475 2998 pontificalis
3497 2930 3818 2986 adhibendae

2224 3020 2441 3074 sibimet
2470 3020 2713 3090 arripere
2738 3021 3053 3075 facultatem
3087 3037 3099 3074 :
3129 3035 3237 3075 non
3281 3029 3545 3089 praesente
3573 3021 3818 3089 quolibet

2225 3110 2485 3176 antistite,
2516 3110 2619 3164 nisi
2663 3110 2893 3166 fortasse
2935 3111 3248 3180 jubeantur,
3282 3111 3365 3165 vel
3412 3112 3693 3176 orationis,
3729 3114 3818 3168 vel

2225 3199 2454 3255 actionis
2479 3213 2646 3254 sacra:
2693 3207 2980 3269 suppetere
3028 3200 3125 3254 sibi
3158 3209 3484 3270 praesumant
3507 3201 3779 3256 licentiam
3799 3243 3814 3266 ,

2227 3306 2400 3361 neque
2425 3291 2524 3348 sub
2547 3291 2662 3361 ejus
2710 3300 2949 3361 aspectu,
2981 3292 3082 3347 nisi
3127 3291 3458 3362 jubeantur,
3509 3301 3600 3347 aut
3627 3293 3822 3350 sedero

2225 3390 2569 3452 praesumant,
2600 3388 2692 3436 aut
2728 3383 3057 3438 venerabilia
3107 3391 3344 3439 tractare
3389 3385 3670 3455 mysteria,
3715 3401 3821 3442 nec

2225 3473 2326 3528 sibi
2374 3473 2717 3528 meminerint
2743 3473 2849 3527 ulla
2898 3474 3109 3528 ratione
3157 3475 3403 3540 concedi,
3435 3476 3551 3530 sine
3604 3491 3820 3531 summo

2224 3566 2500 3636 pontifice,
2551 3566 2963 3628 subdiaconum,
2997 3566 3083 3620 vel
3131 3567 3443 3637 acolytbum
3485 3567 3573 3636 jus
3615 3566 3822 3624 habere

2225 3655 2480 3724 faciendi;
2515 3673 2615 3714 nec
2669 3673 2892 3728 prorsus
2945 3657 3282 3726 addubitent,
3336 3658 3380 3712 si
3410 3657 3701 3728 quidquam
3749 3658 3820 3711 ad

2227 3749 2536 3818 episcopale
2551 3749 2907 3804 ministerium
2925 3748 3228 3820 specialiter
3253 3750 3530 3820 pertinens
3550 3763 3649 3803 suo
3667 3756 3822 3802 motu

2227 3840 2536 3912 putaverint
2587 3839 3013 3910 exsequendum,
3063 3839 3320 3894 continuo
3376 3854 3435 3894 se
3490 3838 3816 3909 presbyterii

2229 3932 2489 4002 dignitate
2519 3941 2575 3987 et
2624 3948 2777 3988 sacra
2819 3933 3197 3988 communione
3241 3932 3460 4002 privari.
3518 3929 3672 3998 Quod
3703 3928 3823 3986 fieri

2229 4037 2451 4078 necesse
2472 4032 2574 4089 est,
2605 4038 2924 4078 censeamus
2943 4066 2956 4091 ,
2987 4023 3032 4078 si
3061 4039 3248 4079 eorum
3271 4023 3501 4094 praesule
3523 4022 3822 4089 deferente,

2229 4113 2533 4183 hujusmodi
2558 4113 2715 4169 fuerit
2743 4116 3114 4185 praevaricatio
3147 4115 3525 4185 comprobata,
3560 4129 3662 4169 nec
3704 4115 3823 4184 ipso

2232 4221 2422 4259 eorum
2455 4205 2712 4275 episcopo
2742 4205 2944 4274 aculpa
2976 4205 3352 4269 conniventiae,
3400 4211 3455 4258 et
3485 4203 3693 4258 ultione
3723 4219 3821 4255 va-

2229 4302 2439 4359 caturo,
2470 4295 2515 4350 si
2542 4295 2891 4350 immoderata
2921 4293 3180 4350 facientes
3209 4293 3629 4349 dissimulaverit
3658 4293 3825 4348 vindi.

2231 4400 2374 4439 care.

2233 4497 2483 4552 Similiter
2503 4507 2555 4552 ut
2577 4499 2784 4554 diaconi
2807 4515 3100 4554 mensuram
3128 4501 3391 4570 propriam
3409 4501 3565 4570 juxta
3588 4499 3808 4554 Patrum

2759 4571 2965 4624 decreta
2991 4571 3302 4624 custodiant.

2309 4685 2416 4740 Vll.
2445 4685 2711 4741 Diaconos
2737 4700 2955 4754 quoque
2979 4686 3253 4756 propriam
3297 4685 3675 4740 constituimus
3705 4701 3822 4742 scr—

2237 4791 2365 4830 vare
2387 4791 2716 4842 mensuram,
2749 4790 2850 4831 nec
2871 4775 3009 4829 ultra
3041 4783 3283 4830 tenorem
3326 4776 3568 4846 paternis
3596 4777 3822 4830 canoni-

2237 4866 2338 4922 bus
2367 4867 2678 4936 deputatum
2709 4865 2984 4936 quidpiam
3031 4875 3241 4922 tentare
3285 4867 3669 4938 permittimus,
3693 4867 3825 4922 nihil

2240 4973 2428 5013 eorum
2470 4973 2570 5012 suo
2594 4957 2895 5012 ministerio
2919 4958 3134 5028 penitus
3163 4959 3453 5029 applicare,
3481 4973 3599 5028 qum
3638 4959 3826 5028 primis

2237 5048 2518 5104 ordinibus
2563 5049 2781 5119 proprie
2817 5049 3059 5104 decrevit
3089 5050 3402 5119 antiquitas,
3455 5050 3663 5118 absque
3710 5051 3828 5119 epi-

2237 5155 2424 5210 scopo,
2441 5139 2527 5193 vel
2541 5141 2854 5210 presbytero
2876 5140 3148 5208 baptizare
3165 5155 3274 5195 non
3296 5139 3547 5205 audeant,
3565 5140 3666 5194 nisi
3691 5156 3827 5208 prae

2237 5228 2394 5284 dictis
2419 5230 2663 5285 fortassis
2714 5229 2906 5285 officiis
2936 5230 3148 5300 longius
3177 5231 3487 5285 constitutis
3529 5232 3831 5285 necessitas

2234 5332 2476 5378 extrema
2518 5323 2824 5392 compellat,
2851 5323 2997 5392 quod
3024 5331 3078 5378 et
3127 5323 3275 5378 laicis
3303 5321 3619 5377 Christianis
3649 5321 3832 5376 facere

2236 5415 2554 5484 plerumque
2576 5413 2906 5469 conceditur.

2240 5524 2392 5588 Quod
2421 5525 2626 5590 diaconi
2660 5527 2711 5578 in
2749 5525 3063 5596 presbyterio
3108 5528 3332 5580 residere
3363 5544 3464 5580 non
3490 5529 3708 5596 possint,
3738 5544 3830 5579 nec

2310 5613 2424 5648 cum
2448 5606 2694 5648 tractatus
2727 5595 2940 5648 habetur
2972 5597 3377 5657 ecclesiasticus,
3425 5595 3516 5650 nec
3545 5599 3683 5650 sacri
3713 5615 3821 5649 ror-

2309 5668 2454 5789 pori;
2480 5668 2911 5737 prwroyationem
2943 5667 3285 5736 praesentibus
3313 5667 3530 5720 debeant
3575 5675 3824 5736 usurpare

2310 5754 2422 5789 nrcs
2461 5740 2636 5789 uteris.

2309 5740 2614 5807 presbyteris
2625 5778 2636 5790 .

2309 5827 2438 5883 Vill.
2471 5828 2585 5884 Non
2619 5830 2667 5883 in
2692 5828 3029 5901 presbyterio
3077 5831 3330 5891 residere.
3359 5845 3478 5885 Cum
3519 5830 3698 5887 divina
3735 5845 3828 5883 ce-
