4104 6502
311 395 414 447 Z-nqj
1360 391 1739 448 COLLECTIO
1779 391 2242 452 DECRETOBUM
2282 397 2383 452 PP.
2427 398 2541 454 RR.
2615 421 2618 423 ·

3474 407 3578 462 506

310 508 606 573 lebrantur,
639 509 725 564 vel
765 509 1162 566 ecclesiasticus
1193 509 1420 564 habetur
1459 511 1763 578 quicunque
1790 515 1898 563 tra-
1925 513 1971 571 Α
2005 511 2055 565 in
2078 527 2185 581 quo
2215 513 2507 568 verendum
2538 521 2620 568 est
2643 555 2656 579 ,
2698 504 2769 569 ne
2799 513 2972 569 morbi
3016 521 3293 570 crescente
3337 517 3578 585 periculo

307 607 506 664 elatus,
531 601 670 656 sacri
701 603 945 673 corporis
977 600 1425 671 pratrogationem
1455 601 1554 653 sub
1601 607 1896 667 conspectu

307 689 582 761 pontificis
607 706 704 746 seu
732 691 1053 762 presbyteri,
1088 691 1186 745 nisi
1211 678 1292 744 bis
1321 690 1652 756 absentibus,
1671 690 1758 758 jus
1788 704 1898 744 non

309 783 548 838 habeant
576 783 886 838 exercendi.
923 783 1056 837 Cum
1088 783 1232 836 enim
1262 782 1478 837 decreta
1509 781 1900 837 venerabilium

309 873 653 927 sanetionum
696 888 797 928 nos
825 887 1041 941 quoque
1066 886 1392 941 magnopere
1432 871 1705 926 custodire
1757 871 1900 929 nita-

310 981 456 1034 mur,
487 982 551 1021 ac
579 967 699 1022 sine
747 983 935 1022 eorum
961 952 1243 1036 dispendio
1286 968 1449 1020 etiam
1494 966 1604 1033 illa,
1634 982 1752 1037 qua:
1797 984 1897 1040 pro

311 1057 538 1127 alicujus
602 1058 852 1112 utilitatis
934 1059 1162 1114 fortasse
1236 1059 1556 1130 compendio
1618 1060 1900 1116 videantur

311 1147 570 1217 laxanda,
593 1149 894 1204 credamus.

316 1255 471 1322 Quod
491 1261 774 1329 apostolica
803 1276 949 1314 senes
969 1270 1212 1331 paternos
1245 1278 1470 1316 canones
1500 1263 1586 1332 pio
1612 1263 1782 1316 studio
1811 1263 1900 1315 de-

853 1339 1067 1402 votoque
1092 1332 1368 1385 custodiat.

380 1415 480 1487 .lX.
514 1416 757 1487 Cumque
799 1419 954 1473 nobis
984 1428 1172 1474 contra
1199 1421 1512 1474 salutarium
1543 1422 1901 1477 reverentiam

313 1509 621 1576 regularum
647 1511 926 1580 cupiamus
956 1519 1161 1565 temere
1190 1511 1322 1566 nihil
1350 1512 1544 1578 licere,
1575 1522 1630 1566 et
1665 1529 1786 1568 cum
1811 1529 1900 1569 se-

315 1599 416 1654 des
462 1601 760 1669 apostolica
791 1601 1063 1671 superbis
1092 1603 1341 1657 omnibus
1388 1602 1600 1659 favente
1652 1604 1900 1670 Domino,

315 1703 436 1758 qua:
462 1690 702 1758 paternis
727 1692 1023 1746 canonibus
1052 1701 1176 1746 sunt
1197 1693 1436 1761 piat-ﬁxa,
1490 1695 1578 1763 pio
1601 1694 1903 1764 devotoque

315 1779 530 1834 studeat
560 1787 747 1836 tenere
768 1783 1066 1851 proposito,
1093 1783 1225 1838 satis
1272 1783 1545 1851 indignum
1589 1793 1671 1839 est
1717 1799 1904 1854 quem-

2001 602 2116 658 sine
2140 605 2382 658 remedio
2412 603 2632 659 salutari
2680 604 2923 661 fortassis
2951 615 3217 673 a‘grotans
3247 605 3409 662 exitio
3442 621 3575 677 pra:-

1998 701 2187 748 ventus
2214 693 2482 747 abscedat.

2003 798 2426 872 Presbyteroram
2451 810 2498 854 et
2524 803 2859 857 diaconoram
2888 805 3242 860 ordinationes
3269 806 3417 859 certis
3442 806 3576 862 cete-2

2431 871 2574 925 brari
2613 890 2760 944 posse
2801 875 3128 944 temporibus.

2075 960 2166 1016 XI.
2229 960 2607 1020 Ordinationes
2638 966 2800 1021 etiam
2848 966 3286 1036 presbytermum
3326 965 3576 1020 diacono-

2005 1069 2254 1124 rumque,
2279 1055 2380 1111 nisi
2411 1057 2573 1112 certis
2624 1058 2953 1127 temporibus
2990 1066 3045 1112 et
3087 1057 3276 1112 diebus
3323 1071 3579 1112 exercere

2003 1159 2110 1200 non
2134 1144 2384 1211 debeant,
2416 1146 2469 1201 id
2515 1155 2597 1201 est
2622 1146 2778 1217 primi
2822 1157 2875 1201 et
2903 1147 3078 1216 quarti
3117 1147 3316 1202 mensis
3353 1145 3577 1216 jejunio,

2004 1235 2218 1304 septimi
2246 1244 2300 1291 et
2328 1236 2520 1292 decimi
2553 1257 2564 1290 :
2593 1238 2686 1292 sed
2716 1239 2878 1292 etiam
2907 1236 3384 1306 quadragesimalis
3406 1236 3541 1291 initii
3562 1277 3575 1297 ,

2005 1339 2069 1378 ac
2097 1325 2344 1378 mediana
2370 1325 2806 1395 Quadragesimze
2843 1327 2947 1393 die,
2975 1327 3183 1382 sabbati
3208 1325 3409 1396 jejunio
3438 1325 3580 1380 circa

2005 1425 2286 1480 vesperam
2334 1414 2548 1468 noverit
2574 1414 2940 1468 celebrandas.
2973 1415 3080 1470 Nec
3127 1415 3412 1483 cujuslibet
3438 1413 3585 1466 utili-

2008 1502 2134 1556 tatis
2160 1517 2321 1558 causa
2350 1519 2444 1559 seu
2475 1506 2878 1577 presbyterum,
2902 1523 2996 1562 seu
3021 1506 3306 1561 diaconum
3335 1506 3416 1562 bis
3443 1521 3582 1576 pra:-

2006 1591 2167 1660 l‘erre,
2196 1592 2287 1662 qui
2317 1603 2441 1648 ante
2465 1595 2608 1664 ipsos
2636 1593 2834 1649 fuerint
2861 1595 3110 1650 ordinati.

2189 1703 2256 1759 Ut
2277 1707 2512 1776 praeﬁxis
2535 1707 2711 1761 diebus
2733 1709 2956 1779 virgines
2979 1724 3141 1763 sacra:
3163 1709 3405 1764 velentur.

2078 1793 2191 1849 ΧΠ.
2224 1795 2442 1852 Devotis
2481 1812 2695 1866 quoque
2745 1799 3056 1866 virginibus,
3089 1798 3190 1853 nisi
3218 1807 3311 1853 aut
3355 1799 3410 1853 in
3457 1797 3584 1869 Epi-

316 1883 478 1936 tillam
502 1869 587 1923 vel
619 1868 930 1939 Ροηιίίίουτη
955 1872 1038 1926 νει
1060 1872 1304 1927 ordinum
1323 1873 1742 1943 ευδδείίυθηίυη]
1768 1875 1906 1932 hanc
1940 1879 1982 1938 Β
2008 1885 2345 1954 phaniorum,
2379 1894 2472 1939 aut
2495 1887 2548 1939 in
2577 1886 2712 1942 albis
2754 1885 3123 1952 Paschalibus,
3154 1895 3246 1940 aut
3273 1888 3326 1941 in
3353 1868 3584 1957 Aposto-

319 1957 718 2012 observantiam
765 1959 1018 2026 refutare,
1061 1977 1222 2030 quam
1265 1962 1408 2016 beati
1436 1961 1578 2017 Petri
1621 1964 1803 2018 sedem
1849 1973 1904 2019 et

319 2047 474 2114 sequi
502 2047 703 2114 videat,
747 2056 802 2103 et
828 2049 1024 2104 docere
1054 2069 1065 2103 :
1098 2051 1339 2122 satisque
1369 2053 1695 2108 conveniens
1724 2055 1816 2122 sit,
1847 2067 1904 2108 ut

319 2150 490 2196 totum
521 2159 718 2214 corpus
750 2143 1004 2199 Ecclesia:
1047 2145 1098 2198 in
1139 2146 1242 2200 hac
1270 2145 1484 2200 sibimet
1527 2147 1904 2202 observatione

319 2236 633 2302 concordet,
658 2251 820 2306 quam
851 2237 961 2292 illic
991 2238 1171 2306 vigere
1197 2238 1514 2307 conspiciat,
1538 2239 1626 2292 ubi
1649 2238 1904 2293 Dominus

319 2327 573 2384 Ecclesiae
601 2329 767 2386 totius
797 2330 976 2399 posuit
1015 2331 1400 2400 principatum.
1446 2331 1667 2386 Dicente
1719 2341 1900 2385 autem

318 2420 620 2490 Scriptura,
655 2423 911 2476 Ordinate
938 2425 994 2477 in
1020 2440 1100 2476 me
1123 2423 1447 2488 charitatem,
1471 2432 1526 2478 et
1543 2424 1690 2490 item,
1713 2422 1906 2477 Omnia

322 2529 438 2564 cmn
465 2513 648 2565 ordine
678 2513 812 2581 ﬁant
836 2511 887 2584 (1
914 2511 1112 2567 Corint.
1144 2515 1291 2581 xw);
1321 2523 1483 2583 atque
1525 2514 1720 2567 iterum
1753 2513 1904 2568 Psal-

318 2603 480 2655 mista
506 2603 849 2672 praedicante,
881 2602 1207 2657 Circumdate
1237 2604 1368 2658 Sion
1389 2645 1406 2670 ,
1429 2614 1480 2657 et
1507 2603 1906 2672 comptectimini

322 2710 453 2755 eam,
482 2703 695 2748 narrate
722 2695 779 2748 in
826 2695 1051 2749 turribus
1080 2696 1192 2766 ejus
1213 2738 1228 2762 ,
1250 2695 1427 2764 ponite
1464 2695 1623 2748 corda
1656 2704 1825 2748 vestra
1849 2695 1906 2749 in

320 2787 505 2839 rirtute
536 2787 669 2855 ejus,
692 2795 740 2840 et
771 2786 1062 2840 distribuite
1085 2787 1276 2858 gradus
1307 2789 1444 2856 ejus,
1475 2793 1530 2838 ut
1576 2787 1826 2841 enarratis
1849 2787 1905 2841 in

322 2879 566 2946 progenie
596 2879 779 2944 altera,
807 2881 1053 2948 quoniam
1093 2879 1174 2932 hic
1199 2889 1275 2932 est
1304 2877 1438 2932 Dens
1458 2918 1473 2942 ,
1497 2877 1636 2932 Deus
1659 2888 1832 2933 noster
1850 2881 1906 2934 in

321 2979 606 3033 wternam,
635 2980 685 3024 et
733 2971 843 3040 ipse
869 2979 1010 3042 reget
1039 2988 1134 3026 nos
1181 2973 1235 3024 in
1279 2971 1467 3024 sa‘cuta
1519 2969 1687 3037 (Psal.
1716 2970 1902 3042 van),

324 3061 414 3116 hic
461 3061 652 3130 procul
691 3060 885 3127 dubio,
917 3062 1008 3130 qui
1039 3062 1094 3115 in
1145 3061 1626 3116 ecclesiasticarum
1658 3054 1908 3116 narratur

322 3153 606 3207 altitudine
645 3153 984 3222 dignitatum,
1017 3163 1074 3209 et
1101 3157 1152 3209 in
1181 3155 1332 3224 cujus
1379 3156 1575 3209 virtute
1602 3155 1755 3209 bonis
1777 3171 1907 3226 ope-

2008 1974 2181 2028 lorum
2205 1975 2470 2030 natalibus
2497 1991 2711 2030 sacrum
2744 1977 2963 2032 minime
2989 1977 3234 2047 velamen
3263 1979 3540 2056 imponant
3569 1997 3582 2030 :

2007 2063 2108 2117 nisi
2139 2062 2383 2128 forsitan,
2415 2065 2554 2120 sicut
2581 2065 2648 2120 de
2691 2065 3014 2135 baptismate
3040 2068 3244 2122 dictum
3299 2077 3409 2134 est,
3439 2067 3586 2135 gravi

2007 2153 2265 2221 languore
2292 2156 2573 2224 correptis,
2606 2170 2676 2210 ne
2725 2157 2842 2211 sine
2890 2157 2993 2212 hoc
3037 2172 3260 2212 munere
3295 2156 3362 2211 de
3391 2157 3586 2212 saeculo

2007 2253 2220 2310 exeant,
2251 2244 2664 2314 implorantibus
2693 2261 2799 2300 non
2830 2255 3074 2314 negetur.

2474 2355 2542 2409 Ut
2565 2355 2732 2410 vidua
2753 2372 2856 2411 non
2879 2357 3123 2410 velentur.

2077 2443 2214 2500 λιιι.
2243 2444 2442 2501 Viduas
2463 2455 2644 2501 autem
2669 2447 2848 2502 velare
2874 2449 3187 2516 pontiﬁcum
3211 2448 3388 2504 nullus
3414 2457 3585 2504 atte.:-

2008 2540 2086 2590 tet
2116 2551 2129 2586 :
2163 2534 2304 2610 quod
2327 2527 2428 2589 nec
2468 2535 2762 2590 auctoritas
2787 2535 2966 2591 divina
3016 2536 3248 2606 delegat,
3293 2553 3393 2592 nec
3422 2553 3591 2593 cano-

2010 2640 2139 2680 num
2167 2625 2338 2680 forma
2368 2625 2671 2695 praestituit.
2705 2625 2822 2681 Non
2874 2635 2958 2682 est
3013 2641 3141 2695 ergo
3191 2629 3405 2696 penitus
3434 2644 3587 2682 usur-

2009 2718 2262 2788 pandum,
2288 2703 2471 2786 eisque
2499 2717 2577 2772 sic
2605 2717 2968 2773 ecclesiastica
3005 2726 3130 2772 sunt
3157 2717 3430 2774 inferenda
3459 2734 3588 2790 prae.

1989 2808 2174 2874 esidia,
2207 2816 2263 2862 ut
2294 2806 2427 2861 nihil
2453 2807 2820 2862 committatur
2847 2808 3114 2862 illicitum.

2015 2919 2083 2976 Ut
2103 2918 2274 2972 nullus
2305 2918 2495 2988 prazsnl
2522 2917 2600 2971 vel
2629 2915 2871 2988 Ecclesia:
2889 2958 2902 2981 ,
2934 2918 3013 2971 vel
3042 2918 3340 2988 monasterii
3365 2934 3585 2984 servant,

2083 2997 2171 3043 aut
2199 2986 2536 3059 orig—inarium
2562 2987 2849 3041 nolentibus
2887 2989 3110 3041 dominis
3151 2986 3239 3059 sub
3271 2989 3477 3040 nomine
3496 3005 3588 3059 rc-

2084 3061 2265 3130 ligioso
2284 3058 2532 3130 defendat
2556 3075 2572 3111 :
2606 3059 2816 3130 [tenoris
2838 3068 2886 3110 et
2914 3058 3589 3130 communionispericulum

2081 3128 2339 3183 subiturus
2356 3128 2592 3198 quisquis
2619 3128 2712 3180 hoc
2734 3138 3030 3197 perpetrare
3059 3129 3347 3182 tentaverit.

323 3243 472 3296 ribus
500 3241 663 3298 corda
690 3218 936 3312 ponenda
962 3218 1104 3305 sunt,
1131 3218 1378 3312 gradibus
1407 3244 1589 3313 utique
1610 3218 1905 3301 distribdtis
1932 3252 1976 3311 α
2084 3220 2222 3275 xw'
2251 3218 2530 3274 cenemus
2556 3219 2716 3313 etiam
2741 3219 2974 3304 quem“:
2995 3219 3212 3313 Vitam]?
3239 3218 3588 3313 pmsumm“

323 3338 534 3392 cunctis
563 3336 706 3390 Deus
737 3345 939 3401 noster,
976 3344 1031 3391 et
1070 3345 1251 3390 rector
1298 3337 1510 3406 populis
1541 3335 1908 3406 praedicandus

324 3435 411 3482 est
447 3424 800 3493 Christianis,
834 3427 924 3482 ubi
974 3442 1133 3482 nemo
1165 3428 1378 3483 sibimet
1430 3428 1631 3497 aliquid
1682 3430 1912 3484 :estimet

325 3518 667 3573 imminutum
702 3537 714 3571 :
745 3533 864 3573 cum
896 3527 950 3574 et
983 3519 1051 3573 de
1092 3519 1510 3588 uniuscujusque
1538 3519 1735 3590 gradus
1784 3536 1908 3591 per-

327 3608 562 3664 fectione
588 3609 661 3662 nil
681 3609 913 3678 deperit,
939 3617 993 3664 et
1020 3610 1406 3664 convenienter
1427 3610 1707 3665 retinendo
1725 3653 1737 3675 ,
1768 3609 1912 3678 quod

326 3699 535 3755 cmlesti
566 3699 970 3769 dispensatione
1016 3701 1270 3755 collatum
1301 3709 1400 3766 est,
1435 3702 1639 3773 pariter
1665 3703 1820 3757 nobis
1857 3709 1913 3756 et

325 3792 748 3859 cognoscibilein
777 3792 946 3847 Deum
978 3793 1114 3858 tieri,
1143 3802 1197 3848 et
1223 3794 1410 3849 tribuit
1452 3810 1572 3850 esse
1620 3803 1909 3851 rectorem.

325 3880 462 3936 Nam
494 3890 545 3934 et
589 3883 631 3935 si
674 3881 802 3950 quid
835 3883 1139 3951 indulgetur
1168 3884 1234 3938 de
1269 3888 1570 3954 temporum
1615 3887 1914 3956 quantitate

326 3974 568 4027 moribus
594 3982 879 4042 aggregata
904 3974 1222 4028 strenuitale
1255 3984 1516 4045 pensatur
1542 3995 1553 4028 :
1588 3977 1633 4032 si
1662 3979 1784 4050 vitae
1801 3978 1913 4047 jam

323 4065 609 4133 proposito
659 4066 986 4129 continetur,
1018 4066 1160 4136 quod
1210 4067 1475 4135 protelata
1533 4069 1708 4122 fuerat
1755 4078 1914 4124 artate

326 4153 652 4220 curandum,
679 4154 970 4209 dummodo
993 4155 1080 4209 illa
1106 4155 1407 4210 nullatenus
1434 4157 1766 4212 dissimulata
1791 4160 1915 4214 sub-

323 4245 529 4314 ripiant
561 4263 574 4297 :
607 4260 835 4313 quorum
866 4246 1140 4316 quodlibet
1183 4247 1236 4300 in
1291 4261 1408 4302 esse
1439 4247 1692 4302 claruerit
1723 4249 1915 4304 merito

326 4333 667 4388 clericalibus
689 4333 869 4388 infulis
893 4335 1283 4405 reprobabilem
1313 4337 1598 4392 convincat
1640 4353 1759 4392 esse
1786 4353 1914 4407 per-

325 4440 538 4480 sonam.
585 4424 696 4480 Etsi
723 4426 813 4480 illa
862 4442 1245 4496 nonnunquam
1276 4428 1499 4482 sinenda
1545 4438 1688 4492 sunt,
1722 4445 1842 4498 quae
1869 4429 1916 4484 si

327 4524 652 4571 ceterorum
699 4523 911 4571 constet
961 4517 1239 4585 integritas
1267 4560 1280 4584 ,
1308 4518 1422 4572 sola
1452 4533 1649 4572 nocere
1679 4535 1787 4574 non
1818 4535 1914 4572 va-

2011 3323 2131 3380 est,
2174 3329 2280 3383 qua
2331 3311 2726 3383 propemodum
2774 3301 3065 3366 causantur
3108 3312 3338 3366 universi
3391 3311 3589 3380 passim

2012 3424 2219 3474 servos,
2243 3416 2298 3463 et
2327 3406 2648 3475 originarios
2667 3407 3004 3460 dominorum
3023 3405 3144 3474 jura
3175 3405 3592 3474 possessionem-

2011 3519 2116 3575 que
2146 3504 2410 3571 fugientes
2462 3502 2561 3556 sub
2591 3503 2856 3569 religiosae
2911 3504 3343 3568 conversationis
3370 3503 3591 3557 obtentu

2012 3597 2096 3651 vel
2143 3597 2210 3650 ad
2239 3597 2565 3650 monasteria
2594 3610 2716 3650 sese
2766 3594 3033 3661 conferre,
3065 3596 3149 3650 vel
3175 3596 3244 3650 ad
3273 3595 3594 3650 ecclesiasti-

2013 3701 2132 3741 cum
2162 3684 2498 3751 famulatum,
2530 3684 2904 3740 cobibentibus
2930 3700 3148 3754 quoque
3177 3684 3490 3754 prmsulibus
3513 3684 3594 3737 in-

2014 3775 2322 3832 differenter
2353 3777 2582 3832 admitti.
2615 3775 2746 3843 Qua:
2793 3776 2966 3830 modis
3019 3776 3268 3831 omnibus
3314 3785 3396 3831 est
3442 3791 3596 3830 amo-

2014 3867 2186 3922 venda
2237 3868 2504 3937 pernicies
2533 3886 2545 3921 :
2574 3883 2640 3922 ne
2675 3883 2773 3938 per
2800 3867 3090 3922 Christiani
3120 3868 3352 3924 nominis
3380 3865 3595 3922 institu-

2016 3967 2129 4013 tum
2157 3968 2249 4014 aut
2278 3959 2451 4014 aliena
2494 3959 2736 4030 pervadi,
2771 3968 2861 4013 aut
2891 3959 3104 4028 publica
3149 3949 3398 4014 videatur
3431 3959 3591 4014 disci-

2014 4053 2160 4123 plina
2202 4053 2459 4106 subverti.
2492 4051 2764 4122 Przecipue
2790 4094 2805 4120 ,
2837 4067 2956 4106 cum
2986 4067 3084 4107 nec
3115 4052 3283 4120 ipsam
3313 4052 3593 4106 ministerii

2017 4142 2280 4198 clericalis
2306 4143 2408 4197 hac
2436 4142 2762 4210 obligatione
2811 4141 3003 4196 fuscari
3035 4142 3320 4195 conveniat
3366 4140 3593 4208 dignita—

2019 4244 2147 4303 tem,
2177 4235 2507 4303 cogaturque
2537 4251 2634 4304 pro
2679 4241 2824 4288 statu
2867 4233 3210 4286 militantium
3240 4232 3371 4297 sibi,
3401 4232 3594 4288 condi-

2017 4329 2270 4396 tioneque
2288 4327 2512 4397 jurgari,
2538 4335 2631 4380 aut
2653 4326 2820 4380 videri
2848 4325 3014 4399 (quod
3042 4324 3198 4396 absit)
3223 4325 3456 4381 obnoxia
3474 4328 3598 4396 qui-

2017 4427 2119 4481 bus
2153 4424 2385 4480 sollicita
2441 4429 2812 4492 competenter
2864 4419 3243 4476 interdictione
3291 4421 3595 4490 prohibitis.

2019 4515 2270 4586 Quisquis
2311 4515 2610 4583 episcopus,
2647 4513 2946 4583 presbyter,
2976 4513 3256 4577 diaconus,
3289 4514 3374 4568 vel
3405 4529 3597 4568 eorum

326 4607 514 4660 leant:
550 4606 639 4659 illa
669 4614 845 4660 tamen
870 4615 994 4660 sunt
1022 4623 1350 4678 magnopere
1379 4609 1762 4679 praecavenda,
1795 4625 1913 4680 qua:
1945 4629 1990 4686 ι)
2020 4608 2109 4677 qui
2141 4605 2480 4661 monasteriis
2511 4618 2740 4673 prmesse
2785 4611 3099 4664 noscuntur,
3129 4604 3430 4672 hujusmodi
3479 4619 3602 4674 pcr-

325 4696 498 4766 recipi
525 4697 643 4751 sine
679 4696 961 4752 manifesta
993 4696 1399 4753 decoloratione
1427 4715 1535 4753 non
1564 4709 1805 4769 possunt.
1839 4702 1916 4755 Ac

326 4786 371 4841 si
396 4803 460 4840 ea
486 4787 618 4856 ipsa,
638 4802 755 4856 qua:
778 4788 925 4842 nullo
946 4788 1270 4842 detrimento
1294 4788 1578 4856 aliquoties
1599 4789 1918 4857 indulgenda

326 4875 659 4941 creduntur,
699 4878 785 4930 vel
814 4893 996 4931 rerum
1037 4886 1452 4947 temporumque
1481 4879 1627 4948 cogit
1671 4879 1916 4942 intuitus,

326 4967 418 5020 vel
443 4967 758 5021 accelerauc
780 4968 1105 5036 provisionis
1127 4977 1406 5037 respectus
1433 4976 1659 5022 excusat
1681 4985 1692 5020 :
1719 4975 1920 5037 quanto

328 5059 505 5126 magis
533 5058 623 5112 illa
675 5059 982 5114 nullatenus
1025 5059 1320 5113 mutilanda
1365 5066 1508 5124 sunt,
1541 5073 1659 5127 qum
1688 5075 1787 5113 nec
1817 5058 1920 5112 ulla

329 5149 656 5214 necessitas,
697 5163 797 5204 nec
827 5149 1190 5204 ecclesiastica
1220 5164 1440 5219 prorsus
1489 5156 1774 5218 extorquet
1819 5150 1921 5203 uti-

323 5241 496 5295 litas?

327 5351 400 5409 Ut
433 5363 624 5423 printer
644 5353 887 5425 paschale
929 5363 1149 5423 tempus,
1175 5354 1250 5406 vel
1276 5352 1611 5408 I’enterosten
1648 5367 1795 5404 nemo
1822 5351 1916 5425 ba-

397 5421 603 5494 ptizare
628 5421 926 5493 prmsumnt.
954 5421 1053 5476 nisi
1076 5440 1250 5476 omnes
1283 5432 1480 5476 tantum
1510 5439 1634 5492 quos
1666 5421 1918 5491 (egritudo

399 5505 636 5549 extrema
664 5496 989 5564 compulerit.

400 5606 473 5663 Χ.
520 5607 832 5679 Baptizandi
885 5608 985 5661 sibi
1028 5607 1292 5677 quispiam
1351 5606 1549 5676 passim
1601 5619 1923 5673 quocunque

327 5710 580 5770 tempore
605 5701 805 5755 nullam
840 5698 1022 5754 credat
1054 5698 1228 5752 inesse
1271 5697 1544 5764 ﬁduciam,
1595 5703 1793 5766 prmter
1822 5693 1923 5749 Pa-

328 5793 521 5849 schale
549 5791 773 5854 festum,
817 5800 871 5843 et
900 5787 1256 5843 Pentecosten
1286 5788 1589 5843 venerabile
1620 5801 1924 5844 sacramen-

331 5896 474 5956 tum,
502 5891 734 5954 cxcepto
763 5882 1025 5937 duntaxat
1053 5879 1348 5948 gravissimi
1379 5878 1650 5948 languoris
1679 5878 1916 5941 incursu,

2021 4714 2182 4753 sonas
2226 4697 2370 4766 apud
2399 4711 2457 4749 se
2493 4703 2737 4749 tenentes
2776 4710 2881 4747 non
2933 4693 3290 4748 restituendas
3339 4697 3600 4763 patronis,

2023 4795 2114 4842 ant
2143 4788 2396 4855 deinceps
2425 4786 2508 4838 νει
2539 4785 2919 4840 ecclesiasticae
2944 4785 3207 4849 servituti,
3231 4786 3310 4840 vel
3343 4787 3602 4853 religiosis

2023 4875 2868 4950 congregationibusputaverint
2897 4875 3258 4944 applicandae,
3292 4877 3390 4928 nisi
3423 4877 3602 4930 volun~

2028 4978 2136 5026 tate
2168 4967 2392 5022 forsitan
2440 4967 2779 5020 dominorum
2811 4968 2907 5021 sub
2956 4967 3245 5036 Scriptura:
3295 4967 3608 5019 testimonio

2026 5060 2272 5131 primitus
2301 5057 2592 5118 absolutas,
2619 5064 2711 5108 aut
2737 5055 2972 5124 legitima
3003 5057 3360 5110 transactione
3388 5071 3613 5108 conces~

2028 5167 2158 5208 sas:
2193 5150 2492 5220 periculum
2521 5165 2579 5204 se
2633 5149 2854 5203 honoris
2899 5147 3104 5217 proprii
3149 5163 3253 5200 non
3308 5147 3602 5216 ambigaut,

2027 5241 2529 5308 communionisque
2573 5239 2870 5307 subituros,
2897 5239 2941 5292 si
2989 5253 3153 5307 super
3183 5239 3283 5291 hac
3312 5252 3373 5292 re
3424 5237 3605 5307 cujus-

2027 5348 2187 5401 quam
2212 5347 2377 5386 verax
2429 5345 2528 5384 nos
2577 5329 2798 5398 querela
2825 5327 3135 5398 pulsaverit.
3175 5326 3378 5394 Magnis
3407 5328 3606 5397 quippe

2029 5421 2216 5475 studiis
2266 5417 2805 5473 secundumbeatum
2837 5413 3150 5485 Apostolum
3196 5415 3603 5483 prmcavendtuu

2029 5519 2139 5575 est,
2173 5525 2240 5564 ne
2290 5508 2441 5571 fides,
2494 5514 2551 5560 et
2599 5504 2883 5574 disciplina
2941 5502 3155 5558 Domini
3208 5503 3599 5574 blasphemetui

2031 5601 2209 5674 (Rom.
2277 5615 2311 5654 ιι
2346 5597 2411 5664 ;1
2439 5597 2569 5651 Tim.
2597 5597 2692 5666 vr).

2036 5712 2102 5768 Ut
2150 5713 2329 5766 clerici
2371 5710 2542 5765 nullas
2586 5707 2959 5779 negotiationes
2999 5706 3301 5762 inhonestus
3335 5714 3386 5762 et
3437 5711 3606 5778 turpia

2595 5781 2739 5834 lucra
2767 5788 3040 5832 sectentur.

2105 5871 2216 5929 XV.
2243 5869 2590 5939 Consequens
2636 5869 2767 5935 fuit,
2794 5877 2851 5924 ut
2898 5869 2984 5925 illa
3014 5885 3250 5940 quoquc,
3280 5885 3397 5940 qua:
3429 5867 3492 5923 de
3521 5865 3606 5919 Pi-
