4104 6478
511 318 610 378 501

1792 313 2148 371 DIONYSIUS
2187 312 2504 371 EXIGUUS.

3678 312 3785 369 δὶὶὸ

513 431 631 487 ceni
655 429 894 500 partibus
933 446 1106 500 nuper
1125 431 1191 484 ad
1223 447 1319 486 nos
1367 429 1528 490 missa
1560 430 1751 485 relatio
1798 429 2088 492 nuntiavit,
2123 435 2163 489 Λ
2200 442 2360 494 quam
2410 442 2577 482 sacra:
2632 425 2981 496 professionis
3012 426 3270 490 -oblitos-,
3313 426 3784 496 praevaricatores-

515 537 624 585 non
654 522 1022 591 praetereunda
1054 529 1395 591 putaremus,
1428 521 1480 576 id
1509 529 1592 576 est
1633 522 1893 591 plurimos
1932 521 2094 575 cleri-

516 627 706 672 corum
732 612 1190 681 negotiationibus
1223 610 1522 666 inhonestis
1540 653 1555 678 ,
1584 621 1639 667 et
1668 613 1831 666 lucris
1853 611 2099 681 turpibus

520 703 828 772 imminere,
871 703 1018 758 nullo
1070 701 1281 774 pudore
1308 713 1592 758 cernentes
1619 703 1982 772 evangelicam
2023 703 2095 757 le-

525 795 782 860 ctionem,
813 795 940 864 quia
995 793 1110 865 ipse
1139 795 1397 852 Dominus
1452 796 1818 864 negotiatores
1847 810 1876 850 e
1900 795 2102 864 templo

522 887 835 944 verberatos
869 886 1098 956 ﬂagellis
1129 889 1389 943 asseritur
1416 888 1689 959 expulisse
1717 887 1931 959 (Matth.
1956 903 2046 942 xxx
2085 905 2100 954 ;

521 975 677 1041 Joan.
711 976 790 1048 ιι).
820 976 929 1032 Nec
957 977 1208 1047 Apostoli
1231 983 1392 1032 verba
1423 979 1744 1043 recolentes,
1762 978 1956 1045 quibus
1985 976 2061 1031 ait
2086 994 2098 1028 :

524 1065 693 1135 Nemo
721 1067 960 1122 militans
994 1067 1105 1122 Deo
1146 1068 1384 1138 implicat
1413 1083 1473 1123 se
1501 1067 1731 1136 negotiis
1761 1067 2106 1122 smcularibus

527 1154 615 1226 (II
648 1156 779 1211 Tim.
805 1160 886 1226 ιι).
920 1157 1258 1212 Psalmistam
1286 1173 1503 1228 quoque
1552 1157 1719 1212 David
1761 1158 1918 1212 surda
1949 1156 2106 1211 dissi-

525 1245 791 1300 mulantes
812 1262 943 1301 aure
968 1255 1274 1302 cantantem
1302 1265 1314 1300 :
1339 1247 1604 1314 Quoniam
1635 1264 1744 1302 non
1771 1250 1999 1318 cognovi
2021 1263 2110 1302 ne-

524 1336 875 1404 gotiationes,
899 1338 1132 1393 introibo
1157 1339 1210 1392 in
1231 1339 1500 1408 potentias
1519 1337 1731 1393 Domini
1756 1337 1928 1408 (Psal.
1952 1337 2106 1408 Lxx);

526 1425 763 1494 proinde
789 1426 1094 1496 bujusmodi
1124 1435 1219 1483 aut
1247 1427 1314 1483 ab
1363 1427 1596 1496 indignis
1640 1427 1864 1498 posthac
1891 1429 2109 1496 quaesti-

527 1515 628 1572 bus
654 1518 908 1572 noverint
948 1517 1342 1584 abstinendum,
1371 1527 1428 1574 et
1449 1519 1516 1575 ab
1544 1519 1794 1574 omnibus
1823 1519 2111 1588 cujuslibet

529 1609 914 1677 negotiationis
962 1610 1190 1679 ingeniis
1219 1650 1233 1676 ,
1293 1610 1696 1680 cupiditateque
1742 1608 2062 1665 cessandum
2093 1649 2108 1674 ,

528 1711 621 1758 aut
640 1702 694 1757 in
715 1717 1038 1774 quocunque
1066 1703 1236 1773 gradu
1281 1704 1390 1759 sint
1417 1704 1599 1774 positi,
1632 1719 1759 1758 mox
1788 1718 1818 1757 a
1841 1703 2110 1758 clericali-

2198 529 2303 583 que
2343 516 2515 570 sancti
2556 516 2818 586 propositi
2857 516 3042 586 procul
3085 515 3248 570 dubio
3292 516 3707 572 submovendos.

2201 623 2354 690 Quod
2382 626 2650 683 dwmoniis
2676 628 2895 698 aliisque
2915 627 3240 696 passionibus
3260 630 3475 683 irretitis
3496 629 3788 685 ministeria

2608 714 2760 751 sacra
2798 708 3024 752 tractare
3062 716 3164 752 non
3195 699 3366 754 liceat.

2271 787 2416 844 XIX.
2447 785 2630 858 Usque
2673 787 2809 842 adeo
2837 803 2968 842 sane
2998 791 3359 858 comperimus
3407 790 3594 846 illicita
3641 807 3786 858 qutu-

2203 893 2310 947 que
2338 892 2716 948 prorumpere,
2742 885 2801 932 ut
2823 877 3098 933 dmmouiis
3125 878 3495 949 similibusque
3523 882 3788 951 passioni-

2203 969 2303 1025 bus
2343 969 2564 1024 irretitis
2611 969 2907 1024 ministeria
2936 978 3278 1024 sacrosancta
3309 979 3542 1026 tractare
3585 973 3788 1025 tribua—

2207 1067 2310 1124 tur,
2337 1059 2532 1128 quibus
2558 1059 2604 1114 si
2644 1060 2698 1113 in
2726 1060 2831 1114 hoc
2860 1075 3026 1130 opere
3072 1061 3261 1130 positis
3301 1061 3504 1130 aliquid
3555 1064 3788 1132 propria:

2207 1151 2545 1208 necessitatis
2565 1160 2834 1216 occurrat,
2859 1153 2979 1220 quis
3001 1152 3069 1208 de
3089 1167 3183 1207 sua
3206 1152 3438 1208 ﬁdelium
3468 1153 3639 1210 salute
3660 1171 3791 1210 con-

2211 1241 2356 1310 ﬁdat,
2393 1242 2482 1297 ubi
2531 1242 2806 1297 ministros
2849 1243 2996 1313 ipsos
3024 1244 3318 1299 curationis
3349 1246 3594 1300 humanae
3638 1254 3792 1301 tanta

2209 1334 2547 1402 perspexerit
2575 1333 2883 1390 calamitate
2913 1335 3138 1390 vexari?
3180 1334 3357 1406 Atque
3384 1336 3506 1392 ideo
3535 1352 3790 1394 necessa-

2211 1426 2292 1479 rio
2351 1425 2663 1481 removendi
2713 1433 2868 1493 sunt,
2921 1442 2990 1482 ne
3039 1428 3404 1496 quibuslibet,
3451 1443 3550 1499 pro
3597 1431 3793 1499 quibus

2211 1516 2457 1573 Christus
2477 1527 2561 1574 est
2582 1526 2846 1585 mortuus,
2875 1520 3191 1574 scandalum
3230 1528 3516 1589 generetur
3544 1521 3794 1580 inlirmis.

2213 1610 2496 1666 Postremo
2537 1611 2582 1666 si
2623 1626 2853 1682 corpore
2889 1611 3187 1666 sauciatum
3233 1611 3488 1674 fortassis,
3519 1621 3612 1666 aut
3638 1612 3793 1668 debi-

2215 1702 2320 1757 lem
2344 1716 2685 1772 nequaquam
2713 1709 2900 1757 sancta
2929 1701 3244 1770 contingere
3271 1702 3358 1757 lex
3385 1701 3565 1757 divina
3590 1705 3793 1772 permi-

529 1791 629 1850 bus
673 1793 865 1850 olliciis
891 1795 1166 1851 abstinere
1195 1804 1477 1866 cogantur,
1509 1796 1766 1866 quoniam
1795 1794 1987 1849 domus
2016 1793 2110 1848 Dei
2144 1801 2189 1861 Β
2215 1793 2284 1847 sit
2333 1791 2512 1862 (Rom.
2560 1808 2681 1859 xrv;
2717 1791 2745 1846 1
2776 1790 2974 1847 Corint.
3017 1807 3140 1857 VIII;
3178 1790 3343 1846 Leuit.
3385 1791 3516 1864 xm)
3545 1809 3559 1846 :
3591 1802 3793 1861 quanto

529 1881 721 1939 domus
767 1884 1033 1939 orationis
1061 1894 1116 1939 et
1143 1899 1263 1946 esse
1306 1884 1500 1950 debet,
1539 1895 1596 1940 et
1623 1885 1728 1939 dici
1754 1901 1767 1937 :
1798 1899 1868 1939 ne
1897 1881 2112 1953 ol‘licina

531 1973 930 2042 negotiationis,
962 1981 1018 2029 et
1043 1973 1300 2048 spelunca
1321 1975 1502 2046 potius
1529 1974 1601 2030 sit
1639 1975 1910 2030 latronum
1957 1974 2109 2045 (an.

533 2075 648 2130 six;
683 2063 816 2119 Isai.
841 2065 971 2136 LVI).

535 2175 603 2230 Ut
624 2194 771 2233 nemo
801 2178 1001 2250 litteras
1028 2179 1284 2246 nesciens,
1300 2179 1380 2235 vel
1400 2180 1573 2249 aliqua
1600 2188 1749 2250 parte
1766 2181 1996 2250 corporis
2017 2180 2110 2232 im-

851 2249 1077 2302 minutus
1096 2260 1456 2319 promoveatur
1481 2250 1551 2303 ad
1578 2257 1791 2306 clerum.

609 2357 742 2416 XVI.
765 2359 1078 2417 “litteratos
1103 2376 1336 2432 quoque,
1366 2370 1422 2418 et
1441 2362 1700 2416 nonnulla
1729 2371 1884 2432 parte
1913 2379 2114 2434 corpo-

536 2452 609 2505 ris
646 2451 955 2506 imminutos
979 2452 1094 2506 sine
1131 2453 1240 2508 ullo
1291 2462 1540 2523 respectu
1571 2453 1638 2507 ad
1686 2453 2116 2509 ecclesiasticum

535 2541 818 2596 didicimus
847 2542 1030 2597 venire
1050 2544 1348 2609 servitium,
1381 2544 1525 2614 quod
1554 2545 1712 2600 simul
1761 2547 1981 2616 antiqua
2008 2553 2116 2600 tra-

534 2629 689 2695 ditio,
713 2639 768 2686 ct
806 2631 1118 2702 apostolicae
1145 2633 1288 2689 sedis
1319 2642 1472 2690 vetus
1521 2633 1694 2689 forma
1746 2650 1856 2691 non
1898 2637 2115 2707 recipit,

533 2721 656 2791 quia
679 2737 782 2780 nec
802 2723 995 2789 litteris
1023 2740 1215 2790 carens
1244 2727 1413 2782 sacris
1449 2741 1570 2782 esse
1604 2735 1787 2796 potest
1812 2735 1969 2797 aptus
1998 2726 2116 2783 ofﬁ-

535 2813 650 2878 ciis,
675 2821 731 2868 et
745 2814 998 2869 vitiosum
1025 2815 1158 2869 nihil
1187 2815 1299 2871 Deo
1325 2831 1547 2886 prorsus
1573 2815 1754 2872 oll‘erri
1784 2817 1972 2887 legalia
1990 2835 2121 2890 prae-

535 2911 689 2976 cepta
713 2913 1012 2969 sanxerunt
1042 2904 1227 2971 (Leuit.
1253 2908 1389 2976 nr).
1423 2905 1609 2976 Itaque
1633 2907 1701 2962 de
1727 2917 1922 2963 cetera
1943 2908 2118 2965 modis

536 2994 788 3048 omnibus
814 2994 930 3054 huic
967 2995 1234 3060 vitentur,
1266 3011 1368 3051 nec
1395 2997 1679 3074 quisquam
1707 2999 1830 3060 talis
1854 3001 2117 3071 suscipia-

539 3091 626 3142 tur
649 3083 703 3138 in
749 3087 973 3142 clerum.
1004 3085 1063 3146 Si
1091 3101 1182 3156 qui
1229 3102 1360 3143 vero
1389 3088 1477 3144 vel
1519 3089 1831 3145 temeritate
1872 3093 2109 3162 prOpria,

538 3175 625 3230 vel
650 3176 856 3234 incuria
879 3178 1280 3248 praesidentium
1304 3181 1445 3238 tales
1470 3191 1598 3238 ante
1635 3186 1868 3255 suscepti
1889 3194 2031 3252 sunt,
2061 3187 2117 3247 in
2147 3174 2191 3234 C

537 3266 624 3322 his
650 3267 844 3338 quibus
870 3270 1150 3332 constituti
1175 3281 1302 3328 sunt
1321 3273 1456 3330 locis
1476 3281 1702 3331 eatenus
1728 3287 2116 3348 perseverent:

539 3365 601 3452 ut
624 3359 760 3452 nihil
795 3365 1419 3452 unquam’promotionis
1445 3367 1738 3439 arripiant,
1761 3371 1999 3440 satisque
2023 3372 2122 3428 ba-

540 3443 722 3517 heant,
750 3451 855 3512 hoc
883 3443 1058 3533 ipsum
1103 3455 1206 3512 sibi
1253 3471 1356 3528 pro,
1401 3458 1562 3525 nimia
1608 3459 1953 3517 miseratione
1996 3477 2121 3533 per-

541 3553 782 3604 HNSSUHL
862 3593 886 3604 -

901 3658 976 3714 De
999 3660 1079 3715 liis
1099 3663 1187 3732 qui
1211 3678 1409 3734 sespsos
1431 3663 1758 3731 abscindunt.

611 3769 770 3827 XVII.
803 3771 878 3828 De
908 3773 992 3830 bis
1012 3783 1190 3832 autem
1211 3776 1304 3848 qui
1333 3779 1655 3849 semetipsos
1683 3781 2012 3838 absciderint
2034 3799 2124 3854 pa-

541 3863 930 3926 ternicanones
951 3867 1232 3929 evidenter
1250 3870 1524 3938 sequenda
1544 3881 1867 3941 posuerunt,
1891 3890 2120 3944 quorum

542 3961 784 4016 tenorem
811 3953 1042 4015 sufﬁciet
1065 3956 1563 4028 indidisse-Dicunt,
1592 3961 1734 4017 enim
1767 3963 1892 4018 talia
1929 3980 2126 4036 perpe-

541 4052 762 4109 trantes,
806 4061 933 4108 mox
983 4054 1041 4109 ut
1083 4048 1246 4116 agniti
1303 4050 1531 4116 fuerint,
1557 4066 1587 4105 a
1619 4068 1842 4108 munere
1887 4054 2124 4111 clericali

541 4139 740 4196 debere
781 4141 1004 4208 secludi,
1033 4142 1176 4210 quod
1217 4143 1394 4198 modis
1420 4144 1671 4200 omnibus
1715 4147 1986 4204 custodire
2026 4165 2125 4206 nos

541 4231 825 4299 convenit,
865 4232 988 4301 quia
1050 4232 1130 4288 fas
1188 4249 1308 4289 esse
1364 4235 1495 4300 nulli
1552 4237 1878 4306 suppeditat,
1929 4251 2125 4309 prmter

541 4323 630 4378 illa
692 4324 983 4395 quidquam
1041 4341 1160 4406 quae
1225 4328 1593 4386 memorabilis
1639 4328 1879 4386 decrevit
1929 4331 2123 4404 forma,

542 4427 784 4472 censere.

2217 1887 2385 1956 magis
2406 1885 2536 1940 doni
2557 1884 2792 1942 caelestis
2817 1885 3216 1953 dispensatores
3237 1898 3353 1939 esse
3376 1899 3482 1938 non
3507 1885 3759 1938 convenit
3780 1925 3796 1954 ,

2217 1977 2361 2046 quod
2391 1985 2476 2032 est
2495 1976 2751 2042 deterius,
2783 1984 2962 2028 mente
2995 1975 3318 2044 perculsos?

2222 2084 2372 2149 Quod
2397 2087 2448 2140 lii
2478 2087 2563 2154 qui
2584 2103 2640 2140 se
2663 2088 2826 2141 sacris
2856 2085 3135 2158 virginibus
3163 2087 3382 2150 sociant,
3412 2095 3460 2139 et
3491 2085 3684 2158 [etiam
3713 2088 3792 2140 in-

2295 2166 2434 2209 cesta
2464 2158 2812 2220 commiscent,
2855 2156 3234 2212 communicare
3281 2174 3383 2211 non
3435 2156 3663 2226 possint,
3696 2158 3795 2210 nisi

2293 2229 2425 2296 forte
2451 2227 2706 2297 publicam
2732 2226 3081 2298 paenitentiam
3104 2230 3374 2297 gesserint.

2293 2316 2408 2372 XX.
2444 2318 2751 2387 Virginibus
2779 2319 2948 2373 sacris
2979 2326 3183 2372 temere
3221 2335 3280 2374 se
3309 2320 3570 2388 quosdam
3591 2323 3794 2378 sociare

2221 2407 2593 2473 cognovimus,
2623 2416 2678 2462 et
2701 2415 2823 2476 post
2842 2407 3078 2462 dicatum
3108 2406 3218 2462 Deo
3242 2410 3572 2478 prepositum
3598 2410 3796 2467 incesta

2221 2493 2421 2549 lbedera
2448 2497 2814 2567 sacrilegaque
2863 2497 3112 2564 miscere,
3143 2513 3278 2566 quos
3307 2499 3557 2568 protinus
3586 2514 3796 2568 tequum

2221 2596 2307 2641 est
2334 2602 2362 2640 a
2394 2602 2544 2642 sacra
2588 2588 2969 2642 communione
2997 2587 3230 2654 detrudi,
3265 2595 3320 2642 et
3369 2589 3471 2642 nisi
3499 2603 3598 2657 per
3626 2589 3796 2658 publi-

2219 2692 2337 2732 cam
2380 2679 2770 2747 probatamque
2813 2678 3185 2747 paenitentiam
3213 2678 3432 2732 omnino
3472 2693 3578 2732 non
3609 2679 3796 2748 recipi,

2221 2775 2314 2820 aut
2335 2767 2417 2820 his
2437 2775 2588 2822 certe
2608 2767 2864 2822 viaticum
2894 2766 2962 2820 de
2990 2767 3188 2822 sreculo
3209 2767 3631 2834 transeuntibus,
3661 2768 3703 2822 si
3726 2779 3806 2822 ta--

2220 2871 2342 2911 men
2373 2857 2740 2926 pmnituerint,
2775 2871 2881 2911 non
2905 2864 3149 2926 negetur.

2225 2963 2378 3030 Quod
2405 2967 2594 3031 virtute,
2628 2975 2684 3020 ut
2730 2985 2887 3038 supra
2917 2967 3110 3021 dictum
3151 2974 3246 3029 est,
3276 2984 3378 3022 non
3404 2968 3650 3030 velentur,
3681 2978 3732 3022 et
3756 2969 3807 3023 si

2291 3039 2580 3107 professum
2609 3038 2976 3092 continentiam
3022 3039 3281 3108 proposito
3323 3047 3518 3091 mutulo
3569 3041 3794 3093 calcave-

2293 3106 2418 3179 rint,
2449 3109 2576 3177 ipsa:
2609 3124 2702 3178 pro
2730 3125 2784 3162 se
2827 3106 3084 3163 rationem
3119 3106 3238 3162 Deo
3265 3125 3359 3179 pro
3403 3110 3508 3162 suis
3539 3111 3641 3162 sint
3668 3111 3795 3163 acti-

2291 3175 2384 3231 bus
2410 3175 2709 3233 redditum.

2292 3265 2434 3322 XXI.
2459 3267 2590 3321 Nam
2625 3268 2692 3322 de
2718 3267 2894 3324 viduis
2922 3267 3021 3325 sub
3048 3269 3192 3324 nulla
3217 3267 3592 3325 benedictione
3615 3271 3797 3325 velan-

2219 3359 2322 3425 dis,
2351 3361 2598 3430 superius
2624 3360 2731 3414 late
2755 3360 3007 3417 duximus
3030 3346 3426 3428 disserendum,
3450 3377 3568 3432 qum
3605 3362 3649 3416 si
3670 3377 3798 3431 pro-

2222 3451 2336 3521 pria
2359 3451 2639 3506 voluntate
2660 3449 2957 3520 prolessam
2989 3452 3202 3522 pristini
3232 3452 3466 3522 conjugii
3496 3454 3799 3508 castitatem

2223 3541 2466 3595 mutabili
2496 3549 2678 3595 mente
2705 3541 3050 3608 calcaverint,
3067 3542 3290 3612 periculi
3321 3559 3504 3598 earum
3533 3545 3799 3614 intererit,

2222 3633 2365 3703 quali
2391 3632 2558 3688 Deum
2573 3632 2806 3687 debeant
2825 3633 3191 3689 satisfactione
3211 3634 3446 3704 placare.
3464 3634 3614 3692 Sicut
3634 3637 3802 3703 enim,

2223 3711 2269 3778 si
2315 3739 2375 3778 se
2424 3721 2647 3776 forsitan
2699 3723 2978 3777 continere
3028 3737 3135 3776 non
3183 3733 3476 3794 poterant,
3508 3725 3803 3782 secundum

2225 3813 2544 3883 Apsstolum
2574 3811 2628 3884 (Ι
2660 3810 2847 3866 Timot.
2883 3813 2938 3882 v)
2969 3813 3273 3868 nullatenus
3300 3813 3504 3869 nubere
3541 3815 3803 3869 vetaban-

2226 3914 2312 3961 tur
2338 3923 2350 3958 :
2381 3906 2458 3960 sic
2479 3903 2662 3960 habita
2691 3917 2872 3958 secum
2903 3903 3291 3960 deliberatione
3331 3907 3648 3975 promissam
3693 3907 3805 3962 Deo

2227 3997 2497 4068 pudicitia:
2519 3996 2676 4052 Iidem
2697 3996 2997 4052 debuerunt
3017 3997 3304 4052 custodire.
3329 3997 3438 4054 Nos
3467 4007 3644 4052 autem
3687 3999 3805 4052 nul-

2228 4091 2336 4144 lum
2363 4088 2557 4143 talibus
2580 4087 2828 4157 laqueum
2857 4087 3117 4143 debemus
3139 4088 3379 4157 injicere,
3404 4088 3498 4144 sed
3535 4087 3678 4144 solas
3706 4088 3808 4142 ad-

2228 4180 2570 4243 hortationes
2595 4179 2801 4249 prtemii
2823 4179 3156 4248 sempiterni,
3182 4194 3478 4248 poenasque
3500 4193 3808 4249 proponere

2227 4271 2393 4326 divini
2417 4270 2605 4340 judicii
2631 4287 2644 4322 :
2677 4277 2738 4349 ut
2760 4277 2941 4324 nostra
2981 4269 3052 4324 sit
3076 4270 3318 4326 absoluta
3368 4271 3718 4336 conscientia,
3749 4280 3808 4326 ct

2229 4362 2441 4418 illarum
2465 4378 2564 4432 pro
2592 4378 2652 4417 se
2673 4362 2936 4416 rationem
2973 4362 3085 4418 Deo
3113 4363 3302 4418 reddat
3331 4364 3576 4418 intentio.
3601 4364 3807 4419 Caven-

2236 4452 2362 4508 dum
2389 4460 2472 4507 est
2517 4452 2737 4522 quippe,
2765 4466 2884 4522 qum
2925 4451 2992 4507 de
3019 4467 3206 4507 earum
3235 4453 3472 4508 moribus
3496 4454 3810 4523 actibusquo

545 4519 1022 4617 Q"_°,‘f_‘_’“_f{ff_.“"_‘_.
1055 4528 1965 4617 εζεηλιξξξρξίιηειιξιειιζιι,ρῖοιηοξξενὶε
1995 4545 2044 4617 εξ
2070 4538 2126 4617 in
2159 4536 2208 4596 D
2230 4543 2422 4599 beatus
2449 4519 2897 4601 Paulu'svtestatur
2920 4546 3195 4616 apostolus
3218 4544 3486 4615 (Ibidem),
3529 4547 3672 4617 quod
3694 4519 3809 4617 pla-

612 4592 750 4670 clero
775 4595 949 4670 positi,
979 4597 1030 4670 s_i
1065 4597 1119 4670 in
1147 4597 1402 4666 aliquibus
1425 4592 1858 4670 'fuerint'incenli
1889 4592 2124 4668 crimini-

613 4661 725 4728 bus,
749 4661 783 4716 ά
811 4666 918 4718 suis
947 4666 1130 4735 oﬁiciis
1149 4661 1443 4724 arceantur:

609 4773 793 4843 XVIII.
831 4775 1206 4847 Comperimus
1258 4780 1420 4834 etiam
1477 4782 1759 4838 horrendis
1806 4785 2123 4854 quibusdam

540 4869 854 4923 criminibus
883 4869 1200 4940 implicatos,
1236 4879 1346 4935 tota
1374 4871 1698 4928 discretione
1728 4875 1991 4939 submota,
2015 4892 2125 4936 non

545 4961 714 5013 solum
744 4959 814 5018 de
855 4959 1006 5024 factis
1046 4962 1319 5027 atrocibus
1349 4965 1708 5018 necessariam
1737 4967 2124 5035 pmuitudinem

544 5068 651 5104 non
678 5051 908 5114 habere,
941 5052 1034 5107 sed
1065 5068 1166 5108 nec
1191 5053 1370 5122 aliqua
1400 5056 1740 5124 correptione
1767 5059 1977 5138 penitus
2006 5075 2127 5114 suc-

544 5141 774 5195 cedente
819 5140 884 5195 ad
914 5141 1153 5199 divinum
1208 5143 1564 5198 ministerium
1595 5145 1964 5221 honoremque
1998 5164 2129 5205 con-

545 5233 786 5288 tendere.
819 5231 1117 5290 Nonnullos
1141 5243 1323 5291 autem
1354 5234 1408 5288 in
1449 5236 1580 5306 ipsis
1610 5239 1890 5296 ordinibus
1925 5243 2128 5299 consti-

547 5331 692 5378 tutos
717 5324 969 5394 gravibus
998 5325 1371 5394 delinquentes
1401 5326 1729 5384 facinoribus
1751 5347 1855 5384 non
1886 5333 2073 5402 repelli
2109 5352 2122 5387 :

543 5426 666 5466 cum
713 5422 770 5469 et
816 5415 1106 5486 Apostolus
1156 5416 1350 5474 clamet
1381 5416 1436 5488 (Ι
1464 5416 1595 5476 Tim.
1630 5419 1707 5488 v),
1759 5420 1969 5476 Nemini
2018 5423 2127 5486 cito

545 5521 740 5562 manus
768 5507 1136 5578 imponendas,
1162 5523 1335 5578 neque
1357 5512 1861 5578 communicandum
1890 5515 2130 5582 peccatis

447 5653 456 5665 ,
547 5598 778 5654 alienis:
813 5608 866 5653 et
905 5598 1169 5667 majorum
1219 5602 1527 5658 veneranda
1555 5604 1846 5659 constituta
1891 5619 2131 5673 pronun-

552 5688 706 5754 ticut,
758 5689 1103 5758 huiusmodi,
1136 5692 1347 5747 etiarnsi
1395 5692 1533 5750 forte
1589 5695 1989 5765 subrepserint,
2024 5705 2131 5751 tam

552 5782 642 5857 qui
690 5793 813 5839 ante
869 5785 1248 5856 peccaverint,
1307 5786 1546 5842 detectus
1598 5797 1849 5857 oportere
1901 5788 2118 5859 depclli-

2231 4636 2352 4691 nius
2377 4650 2650 4706 exponere
2678 4637 3034 4706 praeterimus,
3067 4652 3136 4692 ne
3182 4652 3342 4709 sexus
3391 4638 3653 4693 instabilis
3699 4656 3809 4695 non

2230 4734 2339 4788 tam
2367 4725 2629 4782 deterreri
2657 4741 2816 4797 quam
2845 4728 3122 4783 admoneri
3153 4729 3416 4784 videatur.

2231 4835 2381 4912 Quod
2401 4838 2628 4892 secunda
2649 4839 2890 4912 conjugia
2912 4841 3246 4912 sa'cularibus
3274 4857 3376 4895 non
3401 4851 3666 4912 negentur,
3695 4843 3812 4912 qni-

2299 4909 2390 4962 bns
2418 4918 2588 4983 tamen
2618 4910 2685 4962 ad
2733 4909 2924 4964 elerum
2945 4928 3039 4981 pro
3069 4911 3163 4968 hoc
3203 4915 3342 4983 {acto
3379 4909 3588 4966 minime
3641 4909 3812 4966 venire

2303 4980 2618 5034 conceditur.

2303 5089 2464 5155 XXII.
2516 5090 2793 5147 Secundas
2845 5103 3062 5163 nuptias
3101 5093 3241 5148 sicut
3283 5093 3625 5148 smcularibus
3677 5091 3812 5146 inire

2230 5181 2568 5250 conceditur,
2592 5181 2664 5236 ita
2694 5190 2819 5251 post
2846 5198 2938 5238 eas
2958 5185 3134 5238 nullus
3154 5183 3220 5237 ad
3241 5184 3488 5238 clericale
3514 5184 3705 5238 sinitur
3725 5199 3813 5237 ve~

2232 5270 2347 5326 nire
2376 5272 2679 5340 collegium.
2715 5273 2830 5327 Alia
2860 5282 2942 5328 est
2977 5276 3120 5331 enim
3149 5275 3396 5330 humana:
3426 5273 3695 5343 lragilitati
3721 5289 3814 5343 ge-

2145 5395 2149 5400 -
2232 5360 2489 5414 neraliter
2513 5376 2770 5416 concessa
2803 5363 3036 5428 licentia,
3066 5365 3168 5418 alia
3199 5365 3357 5419 debet
3387 5379 3504 5419 esse
3529 5365 3637 5418 vita
3673 5364 3815 5418 divi-

2169 5461 2421 5542 gnarum
2451 5466 2630 5504 rerum
2653 5454 2874 5507 servitio
2903 5454 3149 5508 dedicata
3183 5454 3235 5528 (Ι
3259 5453 3377 5510 Cor.
3413 5457 3529 5525 vn).

2179 5541 2305 5722 βε
2325 5558 2370 5610 si
2397 5559 2509 5628 quis
2537 5563 2815 5631 susceperit
2841 5561 3089 5618 Ecclesia?
3129 5568 3354 5635 propria:
3395 5567 3736 5633 desertorem,
3769 5577 3815 5622 el

2305 5628 2358 5707 in
2381 5630 2553 5722 aliqua
2583 5635 2872 5700 provexerit
2893 5634 3169 5722 dignitate,
3193 5638 3392 5707 utrique
3414 5639 3684 5692 sententia:
3703 5639 3815 5690 sub-

2305 5628 2358 5707 ιη
2381 5630 2553 5698 aliqua
2583 5628 2872 5700 prouexerit
2893 5628 3169 5704 dignitate,
3193 5628 3392 5707 utrique
3414 5639 3684 5692 sententia:
3703 5628 3815 5690 sub-

2299 5708 2510 5767 Jaceunt
2533 5715 2683 5770 quam
2713 5719 2934 5756 canones
2960 5707 3316 5775 pra’ﬁxerunt.

2316 5787 2499 5844 XXIII.
2531 5790 2782 5861 Quisquis
2815 5798 3042 5866 [γνοίη-ἕω
3088 5797 3327 5852 desertor
3359 5798 3633 5867 Ecclesia},
3658 5801 3814 5855 uull‘r
