4104 6494
340 332 443 385 509

1385 325 1767 383 COLIECTIO
1808 326 2273 384 DECRETORUM
2314 326 2416 383 I‘P.
2462 330 2572 384 RR.

3506 340 3608 396 5ιῦ

342 443 697 501 existentibus
723 445 923 513 causis,
942 443 1008 499 ad
1030 444 1188 498 aliam
1219 441 1489 525 putave‘rit
1518 440 1920 509 transeundum,
1954 445 1997 503 Α
2026 441 2295 507 mandem,
2329 443 2420 511 qui
2461 441 2733 496 immensis
2781 455 2843 496 ac
2872 440 3251 514 multiplicibus
3280 443 3604 512 pravitatum

342 543 652 604 tcmereque
680 542 964 604 susceptus
985 534 1165 598 fuerit,
1191 540 1244 587 et
1270 538 1568 601 promotus,
1598 528 1927 585 reverendo-

342 640 455 676 rum
485 639 781 692 canonum,
810 624 898 679 vel
928 624 1043 694 ipse
1069 624 1156 677 vel
1178 630 1429 691 receptor
1448 620 1582 689 ejus,
1613 628 1775 691 atque
1801 637 1928 691 pro-

343 726 545 782 vector,
574 718 869 771 constituta
898 732 1006 771 non
1053 715 1275 783 effugiet
1304 728 1423 783 quae
1460 712 1528 768 de
1554 710 1927 783 hujuscemodi

343 807 821 874 pnes-nuptoribus
848 805 1130 875 prmﬁxere
1151 802 1436 858 servanda.
1460 830 1461 833 η

345 917 491 983 Quod
515 920 558 972 si
580 923 666 991 qui
693 936 759 974 ea:
787 920 1050 974 monachis
1070 989 1077 991 ξ
1099 928 1153 991 et
1177 917 1325 970 lairis
1360 916 1422 970 de
1450 914 1630 991 quibus
1660 933 1817 991 supra
1849 916 1929 969 di-

412 1000 546 1040 ctum
592 987 688 1055 est,
722 992 980 1059 eligantur
1010 989 1078 1041 ad
1108 988 1329 1059 clerum,
1361 1002 1473 1039 cum
1503 987 1644 1039 nulla
1675 988 1808 1059 cogit
1838 1003 1930 1059 ne:

415 1061 645 1124 cessitas,
672 1055 885 1130 antiqua
912 1060 973 1112 de
994 1060 1067 1113 eis
1088 1057 1269 1130 debent
1291 1058 1524 1110 instituta
1539 1058 1742 1130 seruari
1753 1073 1768 1118 ;
1793 1055 1929 1126 quod

414 1131 456 1181 si
481 1130 761 1195 probentur
788 1127 990 1182 sacram
1024 1129 1241 1181 mercati
1281 1144 1391 1181 esse
1418 1127 1582 1197 pretio
1603 1127 1925 1196 dignitatem,

415 1199 476 1269 ab
502 1200 663 1267 efficio
692 1200 1047 1269 deponantur,
1080 1213 1203 1250 nam
1247 1201 1457 1251 dantem
1492 1205 1541 1250 ct
1594 1198 1929 1265 accipientem

419 1267 647 1321 Simonis
679 1267 825 1339 Magi
848 1270 1043 1321 crimen
1070 1268 1308 1321 involvit.

416 1355 603 1409 XXIV.
629 1356 707 1411 De
746 1356 1026 1411 monachis
1055 1356 1318 1423 laicisque
1360 1356 1414 1410 in
1460 1357 1633 1426 prima
1659 1354 1931 1424 copiosius

348 1448 723 1517 prmeeptionis
748 1447 905 1517 hujus
924 1453 1077 1517 parte
1098 1447 1304 1514 digesta
1327 1456 1473 1514 sunt,
1494 1462 1612 1514 qua:
1632 1446 1717 1501 vel
1742 1453 1932 1515 quate-

350 1554 447 1591 nus
475 1553 571 1607 pro
610 1544 792 1592 rerum
838 1546 1250 1606 temporumque
1304 1538 1628 1591 necessitate
1675 1549 1929 1589 concessa

350 1630 473 1694 sint,
519 1627 969 1697 quemadmodum
1009 1627 1100 1681 ubi
1142 1626 1339 1682 nullius
1368 1625 1494 1681 facti
1533 1626 1828 1680 necessitas
1857 1626 1929 1677 in-

350 1726 553 1773 teresse
581 1718 929 1788 probabitur,
958 1733 1069 1773 non
1112 1718 1213 1771 nisi
1236 1725 1389 1772 vetus
1439 1716 1704 1772 institutio
1738 1715 1933 1771 debeat

2028 531 2257 585 molibus
2279 533 2525 600 occupati
2549 532 2815 598 ingentem
2839 532 3047 587 ruinam
3070 532 3398 590 multimodis
3419 534 3614 605 impul-

2030 621 2275 676 sionibus
2322 621 2769 691 cdiderunt,quaz
2817 628 2925 677 non
2955 624 3126 679 solum
3175 626 3320 695 ipsos
3365 623 3614 683 videatur

2030 713 2277 779 obruere,
2308 712 2403 767 sed
2443 709 2698 768 Ecclesiis
2743 714 3006 769 universis
3035 716 3388 783 mortiferam,
3422 716 3468 771 si
3496 732 3608 771 non

2029 809 2301 864 sanentur,
2335 802 2532 857 inferre
2575 802 2888 872 perniciem.
2918 802 3028 859 Nec
3056 806 3346 874 ambigunt,
3377 806 3469 875 qui
3498 807 3614 862 lucc

2030 905 2285 947 exercere
2314 899 2440 947 sunt
2487 891 2625 959 ausi,
2654 892 2746 947 sed
2795 894 2958 947 etiam
2986 895 3079 963 qui
3108 894 3371 950 hactenus
3397 896 3611 964 cognita

2029 982 2312 1049 siluerunt,
2343 982 2442 1037 sub
2462 982 2685 1036 honoris
2712 983 2913 1052 proprii
2940 997 2999 1037 se
3022 984 3203 1053 jacere
3225 984 3505 1054 diapendio
3526 1027 3541 1052 ,
3566 986 3609 1041 si

2032 1086 2140 1127 non
2178 1079 2328 1125 tanta
2359 1087 2464 1141 qua
2494 1080 2722 1142 possunt
2765 1073 3040 1129 celeritate
3070 1073 3322 1134 festinent
3350 1084 3409 1131 ut
3435 1077 3612 1133 letha-
3675 1112 3679 1116 λ

2033 1160 2102 1221 lia
2135 1160 2353 1214 vulnera
2399 1161 2725 1229 competenti
2769 1162 3128 1219 medicatione
3174 1174 3450 1221 curentur.
3492 1165 3611 1233 Quo

2033 1252 2175 1305 enim
2205 1266 2357 1305 more
2401 1259 2620 1306 teneant
2645 1251 2765 1320 jura
2795 1252 3137 1321 pontiﬁcum,
3169 1255 3259 1325 qui
3288 1255 3612 1326 pontiﬁcali-

2034 1342 2132 1397 bus
2158 1341 2399 1397 excubiis
2428 1350 2651 1397 eatenus
2680 1342 2920 1411 injuncta
2950 1343 3304 1413 dissimulant,
3323 1355 3381 1401 ut
3400 1355 3614 1402 contra-

2036 1434 2116 1487 ria
2171 1432 2352 1488 domui
2401 1433 2519 1502 Dei,
2571 1433 2656 1488 cui
2705 1433 3013 1504 praesident,
3063 1436 3242 1505 potius
3290 1440 3615 1508 apercntur?

2035 1522 2411 1592 Quantumque
2457 1525 2596 1593 apud
2622 1525 2788 1579 Deum
2818 1533 3070 1594 possent,
3096 1527 3140 1582 si
3171 1528 3384 1584 nonnisi
3417 1544 3615 1584 conve-

2035 1615 2236 1669 nientia
2287 1624 2656 1685 procurarent,
2693 1624 2899 1670 tantum
2946 1616 3075 1685 quid
3122 1628 3434 1674 mereantur
3473 1620 3615 1689 aspi~

2035 1705 2199 1770 ciant,
2227 1721 2352 1761 cum
2405 1705 2726 1760 exsecrabili
2770 1706 2950 1760 studio
2990 1715 3266 1762 sectentur
3295 1707 3540 1777 adversa,
3563 1718 3640 1770 et.

350 1807 627 1862 custodiri.
653 1807 802 1874 Quos
828 1822 958 1862 vero
987 1807 1296 1862 constiterit
1336 1806 1586 1874 indignos
1609 1805 1817 1860 meritis
1845 1819 1932 1858 sa-

2041 1794 2191 1863 quasi
2216 1794 2385 1861 magis
2406 1794 2519 1849 haec
2540 1795 2725 1862 regula
2753 1795 2844 1862 sit,
2884 1809 2989 1863 qua
3016 1796 3259 1851 Ecclesia
3299 1796 3495 1853 debeat
3521 1812 3616 1867 gu-

351 1915 497 1955 cram
552 1910 826 1957 mercatos
878 1916 999 1956 esse
1045 1900 1221 1971 pretio
1271 1899 1605 1967 dignitatem,
1657 1898 1932 1954 convictos

298 1992 303 1999 ’
352 2003 569 2064 oportet
597 1995 790 2060 arceri,
822 2011 929 2049 non
956 1994 1075 2049 sine
1096 1993 1337 2063 periculo
1360 1992 1563 2046 facinus
1590 1992 1694 2045 tale
1715 1998 1932 2059 patran-

353 2093 452 2149 tes,
499 2085 624 2153 quia
654 2086 871 2138 dantem
922 2084 1126 2153 pariter
1153 2082 1616 2152 accipientemque
1658 2081 1932 2136 damnatio

353 2172 605 2239 Simonis,
635 2190 796 2244 quam
826 2190 979 2229 sacra
1029 2174 1190 2229 lectio
1232 2180 1462 2228 testatur
1510 2174 1644 2243 (Act.
1680 2171 1814 2240 VIII),
1850 2172 1931 2224 in—

357 2264 543 2319 volvit.

360 2405 649 2484 De__sacris
699 2405 1066 2484 locis-nouiter
1121 2405 1371 2459 institutis
1412 2404 1652 2484 quamvis
1702 2404 1933 2484 superius

426 2475 616 2529 dictum
668 2478 773 2537 sit,
825 2475 918 2527 hoc
947 2491 1083 2527 nunc
1132 2484 1299 2528 tamen
1355 2473 1640 2543 adjicitur,
1691 2481 1747 2524 ut
1792 2473 1936 2543 nulla

427 2545 638 2599 basilica
669 2545 761 2598 sub
800 2545 1160 2615 defunctorum
1208 2542 1503 2599 constructa
1542 2544 1747 2597 nomine
1784 2542 1934 2595 dedi-

2035 1890 2290 1955 bernari,
2338 1890 2415 1945 sic
2458 1888 2719 1958 quidquid
2773 1897 2855 1943 est
2911 1890 3294 1946 ecclesiasticis
3344 1891 3618 1951 inimicum

2036 1980 2252 2049 regulis,
2283 1987 2624 2050 perpetratur
2656 1996 2669 2031 :
2703 1994 2824 2035 cum
2858 1986 2914 2034 et
2952 1980 2999 2034 si
3027 1980 3272 2049 cognitos
3313 1980 3503 2035 habuit
3530 1995 3616 2036 ca-

2038 2087 2207 2125 nones
2228 2071 2594 2139 unusquisque
2640 2068 2986 2139 pontiﬁcum,
3026 2068 3345 2125 intemerata
3374 2070 3617 2126 debuerit

2038 2166 2223 2214 tenere
2264 2158 2526 2224 custodia,
2555 2166 2611 2213 et
2650 2160 2697 2213 si
2738 2158 2963 2215 forsitan
3011 2153 3307 2225 nesciebat,
3340 2161 3622 2223 consulere

2039 2249 2267 2305 ﬁdenter
2313 2250 2614 2320 oportuerit
2643 2250 2928 2306 scientem.
2978 2249 3096 2316 Quo
3125 2250 3295 2319 magis
3348 2251 3619 2313 excusatio

2039 2340 2184 2394 nulla
2231 2340 2500 2395 succurrit
2538 2340 2841 2395 errantibus
2871 2357 2883 2393 :
2916 2340 3043 2408 quia
3069 2342 3314 2403 nesciens
3344 2342 3619 2419 proposuit

2038 2444 2259 2485 servare
2288 2429 2432 2499 quod
2482 2438 2734 2495 noverat,
2764 2444 2862 2485 nec
2910 2429 3164 2499 ignorans
3214 2430 3423 2487 curavit
3464 2444 3624 2486 nosse

2038 2519 2183 2590 quod
2211 2524 2441 2588 gereret.

110 2640 137 2697 χ
178 2625 283 2701 χ
427 2625 585 2667 catur.
2246 2660 2259 2672 .
2760 2676 2770 2689 ,
2886 2661 2894 2671 .
3170 2660 3180 2670 .
3226 2676 3231 2681 Α
3468 2678 3478 2687 ι
3514 2677 3525 2693 ἱ

106 2700 159 2739 ἔκ
428 2724 571 2739 vv"
617 2725 657 2739 ἢ
722 2726 736 2739 ⁸
1254 2727 1287 2739 Α
1556 2735 1564 2739 Δ
2042 2659 2191 2735 Quod
2224 2674 2296 2739 in
2343 2658 2935 2739 unaquaque‘fzjtclesm
2970 2661 3052 2739 cui
3098 2675 3367 2739 cpiscopus
3402 2671 3621 2739 Pttbesf,

428 2724 591 2779 XXV.
617 2725 695 2781 De
721 2726 961 2781 locorum
990 2727 1398 2782 consecratione
1418 2735 1726 2782 sanctorum
1756 2740 1938 2796 quam—
2110 2732 2329 2812 quatuor
2349 2724 2789 2812 'tain'de'rerlditu
2839 2746 2995 2801 quam
3017 2730 3078 2783 de
3100 2724 3359 2811 oblatione
3388 2724 3620 2812 fidelium

362 2817 442 2870 vis
471 2816 721 2886 superius
770 2816 997 2871 strictim
1047 2815 1206 2871 fuerit
1251 2818 1700 2887 comprehensum
1736 2834 1748 2870 :
1782 2816 1937 2872 nobis

100 2918 125 2927 ~-
359 2922 571 2940 nnnmm
602 2905 926 2940 nnlnfonrnm
953 2916 1033 2940 mn
1086 2907 1227 2940 num!
1259 2909 1461 2940 nheri-1A
1502 2915 1769 2940 ηκηιωηθη
1795 2908 1936 2940 amns

2113 2782 2229 2869 fieri
2277 2797 2497 2852 debeant
2538 2782 2803 2869 portiones
2835 2782 3622 2922 iratunasitepiscolri,altera
3680 2834 3703 2875 χ

2110 2870 2435 2936 clericorum,
2458 2872 2611 2922 tertia
2648 2886 2952 2940 pauperum,
2977 2879 3025 2923 et
3072 2878 3256 2940 quarta
3288 2871 3339 2940 fa
3377 2871 3498 2924 ricis
3541 2887 3621 2923 cc-
3704 2868 3759 2915 ‘n/

100 2906 147 2931 ⁵-³
359 2922 571 2936 ιιηΛηηΛ
602 2906 926 2936 nnlnfnnlnns
955 2916 1033 2936 ne.
1087 2907 1227 2936 IIl-Al“
1259 2909 1460 2936 ηιιηη..Α
1502 2915 1768 2936 ιρι-ΜΛΛἎΟΛ
1795 2908 1936 2936 ιιΛᾹΞ..

2110 2906 2202 2923 νινι
2219 2906 2312 2924 ιννι
2328 2906 2435 2936 "III,
2458 2906 2521 2922 ,ιι
2537 2906 2611 2922 σιω
2848 2906 2952 2933 lilii,
2977 2906 3025 2923 It.
3072 2906 3186 2936 ἿἏἊΙ
3205 2906 3256 2923 III.
3288 2906 3389 2936 [uva
3406 2906 3498 2924 ιυσσ
3541 2906 3621 2923 PU‘
3718 2906 3721 2911 ’

87 2905 147 3007 (⁵
359 2922 571 2974 quoque
602 2905 928 2975 patefactum
953 2916 1054 2973 est,
1086 2907 1229 2975 quod
1258 2909 1461 2978 absque
1502 2915 1770 2978 praecepto
1795 2908 1938 2963 sedis

359 2996 671 3064 apostolicae
692 2996 931 3051 nonnulli
964 2997 1132 3052 factas
1160 2998 1437 3067 ecclesias,
1456 2999 1543 3055 vel
1582 2999 1819 3067 oratoria
1846 3013 1935 3053 sa-

359 3101 513 3140 crare
542 3096 890 3156 pnesumant,
920 3088 1027 3143 hoc
1056 3102 1241 3142 sumus
1267 3097 1445 3145 tamen
1474 3090 1671 3144 indicio
1700 3091 1938 3145 detesta-

360 3179 536 3235 biliori
558 3180 808 3248 permoti,
835 3180 978 3249 quod
1002 3181 1055 3236 in
1077 3195 1399 3252 quocunque
1419 3183 1636 3238 nomine
1657 3182 1938 3239 defuncto-

2109 2940 2423 2993 clesiasticis
2437 2940 2744 3009 applicetur.

2112 3048 2322 3110 XXVII.
2336 3049 2578 3117 Quatuor
2589 3060 2769 3107 autem
2788 3061 2896 3107 tam
2912 3053 2978 3108 de
2992 3053 3201 3108 redditu
3216 3060 3377 3123 quam
3390 3052 3457 3109 de
3476 3054 3625 3109 obla-

1967 3176 2012 3240 C
2045 3151 2193 3197 tione
2203 3142 2456 3208 ﬁdelium,
2470 3142 2926 3213 proutcujuslibet
2941 3143 3191 3200 EcheSiae
3207 3145 3431 3199 facultas
3443 3146 3625 3199 admit-

359 3284 499 3334 rum,
532 3279 587 3325 et
614 3281 874 3340 quantum
905 3271 1122 3337 dicitur,
1154 3288 1256 3328 nec
1284 3274 1503 3329 omnino
1534 3274 1770 3330 ﬁdelium
1816 3290 1941 3332 con-

361 3361 686 3414 structiones
710 3358 1005 3416 :ediﬁcatas
1038 3362 1205 3418 sacris
1235 3363 1659 3434 professionibus
1688 3365 1941 3423 audacter

364 3452 644 3507 instituere
696 3462 1088 3520 memorantur,
1118 3471 1237 3525 quae
1283 3458 1536 3525 quoniam
1569 3465 1677 3512 tam
1724 3459 1937 3522 acerba,

364 3553 472 3599 tam
503 3544 635 3599 dura
664 3552 810 3613 sunt,
843 3554 901 3599 ut
928 3546 1116 3601 eadem
1143 3548 1232 3602 vix
1260 3557 1446 3603 noster
1472 3549 1614 3603 ferre
1642 3549 1814 3619 possit
1846 3566 1945 3605 au—

365 3634 509 3689 ditus
539 3653 552 3687 :
583 3635 629 3688 si
652 3651 839 3690 revera
860 3634 1527 3694 Christianitatisaffeetus
1557 3639 1608 3694 in
1640 3641 1744 3695 illis
1767 3641 1945 3710 regio-

366 3727 523 3780 nibus
552 3735 732 3782 certus
769 3735 824 3781 et
854 3727 988 3785 ﬁxus
1018 3737 1129 3797 est,
1154 3738 1209 3783 et
1236 3729 1531 3785 districtius
1568 3732 1667 3786 ista
1698 3747 1944 3801 quaeran-

367 3824 474 3883 tur,
499 3823 553 3869 et
568 3830 598 3869 a
620 3816 814 3884 quibus
842 3815 1037 3870 fuerint
1057 3826 1206 3886 gesta
1226 3820 1540 3887 prodantur.
1565 3821 1819 3888 quoniam
1839 3821 1948 3876 sic-

365 3917 421 3962 ut
453 3908 741 3969 latentibus
777 3908 829 3960 in
854 3908 956 3962 hac
979 3908 1260 3963 atrocitate
1290 3910 1614 3977 nominibus,
1640 3928 1748 3967 non
1772 3920 1948 3967 exstat

365 4002 418 4064 in
450 4016 611 4071 quem
646 4001 913 4055 sententia
943 4001 1122 4055 debita
1164 4001 1488 4071 proferatur,
1522 4004 1593 4058 ita
1623 4019 1743 4059 cum
1775 4005 1947 4060 mani-

365 4090 519 4152 festis
543 4090 700 4144 fuerit
722 4091 1058 4145 documentis
1071 4092 1370 4160 expositus,
1387 4109 1550 4163 quam
1573 4094 1790 4150 sceleris
1812 4096 1945 4150 tanti

366 4182 542 4251 poscit
568 4181 891 4247 immanitas,
925 4196 1031 4237 non
1062 4181 1280 4250 effugiet
1304 4184 1572 4239 ullatenus
1599 4186 1878 4245 ultionem.

369 4294 523 4360 Quod
547 4296 694 4367 nefas
715 4298 780 4349 sit
810 4297 1030 4366 feminas
1051 4298 1216 4350 sacris
1244 4297 1497 4350 altaribus
1515 4299 1846 4367 ministrare,
1871 4299 1950 4354 vel

440 4366 637 4435 aliquid
664 4383 729 4419 ea;
767 4367 846 4419 Itis
879 4382 991 4437 qua:
1024 4368 1250 4421 virorum
1295 4376 1415 4421 sunt
1452 4368 1631 4437 ofﬁciis
1672 4366 1947 4439 deputata,

438 4452 605 4506 pra-su
614 4452 767 4488 mere.

440 4544 628 4599 XXVI.
663 4545 1017 4602 Nihilominus
1043 4547 1386 4617 impatienter
1414 4546 1714 4604 audivimus
1744 4555 1948 4603 tantum
1982 4546 2033 4605 D

366 4635 672 4690 divinarum
700 4652 880 4691 rerum
914 4639 1122 4695 subisse
1151 4638 1485 4707 despectum,
1515 4647 1574 4693 ut
1601 4640 1810 4696 femina:
1857 4655 1946 4695 sa-

368 4727 477 4781 cris
499 4727 752 4781 altaribus
772 4729 1077 4786 ministrare
1098 4728 1394 4795 firmentur,
1416 4739 1715 4801 cunctaque
1738 4733 1949 4787 nonnisi

369 4818 611 4871 virorum
641 4818 919 4873 famulatui
951 4820 1208 4889 deputata
1238 4837 1448 4889 sexum,
1477 4823 1563 4876 cui
1591 4840 1695 4879 non
1732 4841 1949 4894 compe-

372 4908 459 4972 tit,
493 4906 771 4963 exhibere.
825 4909 936 4963 Nisi
984 4910 1127 4978 quod
1175 4912 1412 4965 omnium
1464 4912 1801 4980 delictorum,
1832 4930 1951 4984 qua:

372 4998 683 5066 singillatim
715 5001 1147 5068 perstrinximus,
1174 5003 1456 5057 noxiorum
1488 5013 1666 5058 reatus
1687 5006 1879 5070 omnis,
1900 5013 1955 5060 et

372 5089 578 5145 Crimen
622 5104 718 5144 eos
748 5092 972 5161 respicit
999 5094 1328 5162 sacerdotes,
1359 5096 1448 5165 qui
1479 5097 1562 5151 vel
1588 5097 1685 5152 ista
1708 5100 1953 5153 commit-

373 5188 517 5247 tunt,
559 5179 646 5235 vel
701 5183 1106 5238 committentes
1158 5185 1378 5243 minime
1426 5187 1747 5256 publicando
1778 5190 1954 5259 pravis

370 5271 685 5325 excessibus
713 5286 773 5325 se
801 5268 985 5329 favere
1025 5273 1323 5343 signiﬁcant
1357 5294 1370 5328 :
1403 5277 1447 5332 si
1494 5285 1671 5333 tamen
1698 5280 1950 5334 sacerdo-

346 5370 486 5418 ‘tum
531 5363 642 5432 jam
673 5364 782 5419 sint
808 5366 1073 5421 vocabulo
1105 5367 1466 5444 nuncupandi,
1507 5369 1600 5438 qui
1649 5370 1951 5439 delegatum

367 5454 471 5508 sibi
505 5455 779 5523 religionis
816 5455 1048 5511 ofﬁcium
1075 5457 1153 5513 sic
1179 5466 1522 5527 prosternere
1552 5461 1863 5526 moliuntur,
1896 5470 1955 5515 ut

370 5544 426 5598 in
457 5560 709 5615 perversa
745 5561 971 5616 quaeque
1010 5546 1345 5618 profanaque
1391 5548 1628 5605 declives
1678 5551 1795 5605 sine
1843 5551 1952 5606 ullo

369 5645 624 5707 respectu
646 5637 840 5707 regula:
860 5636 1175 5693 Christianm
1197 5640 1486 5709 przecipitia
1512 5640 1715 5696 funesta
1742 5649 1956 5696 secten-

370 5735 478 5781 tur.
506 5728 748 5798 Cumque
796 5729 1051 5798 scriptum
1106 5729 1174 5784 sit
1205 5729 1392 5802 (Eccli.
1429 5730 1538 5797 xxx)
1570 5748 1582 5783 :
1618 5730 1831 5785 Minima
1862 5734 1952 5801 qui

373 5819 598 5894 spernit,
628 5819 882 5889 paulatim
907 5820 1124 5887 decidit,
1180 5821 1306 5891 quid
1362 5830 1442 5878 est
1471 5822 1537 5877 de
1587 5823 1780 5878 talibus
1810 5825 1948 5879 testi-

2044 3234 2109 3287 tit
2126 3233 2282 3304 (siCut
2306 3233 2502 3287 dudum
2525 3233 2917 3288 rationabiliter
2938 3241 3021 3289 est
3047 3234 3347 3304 decretum)
3379 3234 3626 3289 convenit

2044 3325 2159 3380 ﬁeri
2208 3326 2521 3395 portiones,
2570 3338 2796 3394 quarum
2847 3326 2918 3381 sit
2968 3334 3075 3379 una
3105 3324 3412 3396 pontificis,
3459 3324 3626 3381 altera

2043 3415 2384 3482 clericorum,
2412 3431 2709 3485 pauperum
2739 3418 2917 3482 tertia,
2944 3422 3140 3486 Quarta
3194 3416 3409 3471 fabricis
3458 3414 3628 3484 appli-

2044 3506 2237 3562 canda.
2270 3506 2347 3560 De
2373 3506 2586 3577 quibus,
2617 3508 2757 3562 sicut
2783 3496 3078 3563 sacerdotis
3100 3508 3344 3562 intererit
3369 3507 3627 3573 integram

2044 3597 2303 3653 ministris
2324 3595 2580 3651 Ecclesiae
2629 3606 2981 3652 memoratam
3030 3596 3338 3667 dependere
3366 3599 3629 3669 quantita~

2045 3696 2175 3754 tem,
2207 3688 2285 3743 sic
2312 3688 2487 3742 clerus
2532 3687 2674 3741 ultra
2715 3688 3015 3756 delegatum
3057 3689 3159 3743 sibi
3205 3702 3474 3745 summsun
3500 3689 3631 3745 nihil

2048 3779 2341 3837 insolenter
2368 3775 2578 3831 noverit
2603 3778 2980 3848 expetendum.
3009 3776 3089 3833 Ea
3115 3791 3246 3833 vero
3296 3792 3414 3846 quae
3455 3779 3631 3833 eccle-

2047 3868 2275 3925 siasticis
2302 3867 2540 3923 redificiis
2564 3867 2821 3923 attributa
2846 3874 2993 3931 sunt,
3021 3865 3148 3929 huic
3188 3866 3340 3937 operi
3364 3867 3631 3921 veraciter

2048 3967 2376 4031 prorogata,
2432 3958 2676 4015 locorum
2731 3957 2929 4015 doceat
2981 3959 3298 4015 instauratio
3350 3957 3635 4016 manifesta

2049 4060 2383 4120 sanctorum,
2408 4050 2534 4121 quia
2564 4051 2713 4106 nefas
2734 4058 2834 4115 est,
2861 4050 2907 4105 si
2934 4051 3099 4106 sacris
3127 4050 3333 4105 aedibus
3361 4048 3630 4105 destitutis

2051 4145 2104 4199 in
2124 4144 2331 4199 lucrum
2353 4154 2508 4198 suum
2530 4142 2722 4211 pratsul
2750 4142 3022 4212 impendia
3065 4140 3148 4197 his
3192 4141 3470 4210 designata
3500 4154 3631 4202 con-

2051 4243 2227 4295 vertat
2258 4252 2271 4288 :
2302 4235 2473 4305 ipsam
2496 4234 2841 4291 nihilominus
2856 4234 3142 4304 ascriptam
3167 4234 3489 4304 pauperibus
3507 4247 3633 4302 por-

2051 4328 2272 4391 tionem,
2323 4325 2564 4395 quamvis
2610 4325 2802 4380 divinis
2847 4325 3145 4381 rationibus
3190 4340 3249 4381 se
3297 4325 3632 4394 dispensasse

2052 4423 2446 4471 monstraturus
2462 4431 2580 4471 esse
2593 4416 2852 4482 videatur,
2869 4426 3044 4471 tamen
3054 4416 3146 4485 jux
3156 4423 3207 4477 ta
3221 4416 3362 4485 quod
3376 4416 3631 4485 scriptum

2054 4515 2155 4573 est,
2186 4505 2257 4562 Ut
2283 4508 2490 4561 videant
2533 4525 2691 4578 opera
2730 4519 2899 4563 vestra
2929 4507 3091 4575 bona,
3124 4517 3172 4562 et
3202 4509 3492 4579 gloriﬁcent
3521 4508 3624 4561 Pa-

2055 4608 2183 4653 trem
2232 4608 2476 4664 vestrum,
2526 4601 2609 4673 qui
2664 4602 2720 4654 in
2762 4600 2903 4655 caelis
2957 4609 3033 4655 est
3082 4599 3293 4670 (Matth.
3315 4602 3389 4669 v),
3422 4610 3631 4670 Oportet

2055 4690 2217 4746 etiam
2241 4690 2490 4759 praesenti
2523 4691 2887 4747 testiﬁcationi
2914 4691 3192 4760 prredicari
3222 4700 3277 4745 et
3305 4694 3461 4746 bona:
3482 4691 3633 4767 fama}

2056 4782 2337 4852 prmconiis
2360 4797 2465 4836 non
2496 4784 2680 4837 taceri.

2061 4888 2210 4965 Quod
2242 4893 2533 4965 episcopus,
2563 4892 2845 4965 presbyter,
2875 4901 2924 4944 et
2973 4892 3240 4956 diaconus,
3266 4911 3297 4946 a
3340 4910 3633 4965 quocunque

2128 4961 2312 5014 clerico
2341 4961 2585 5014 veraciter
2620 4964 2771 5031 fuerit
2819 4973 3108 5025 accusatus,
3141 4965 3260 5031 quia
3306 4961 3486 5017 centra
3525 4961 3633 5017 litvo

2126 5032 2404 5084 constituta
2434 5033 2607 5102 fecerit
2632 5049 2650 5085 :
2676 5042 2839 5101 potest
2878 5033 2989 5085 sine
3043 5034 3360 5090 dubitatione
3404 5035 3632 5102 percelli,

2126 5102 2207 5153 sui
2248 5101 2401 5153 etiam
2450 5100 2976 5171 honoris'episcopus
3024 5103 3309 5171 periculum
3352 5100 3631 5167 subiturus,

2124 5172 2170 5223 si
2190 5174 2298 5224 Itwc
2319 5172 2457 5224 ontni
2478 5170 2725 5225 Ecclesia:
2749 5170 3005 5225 noscenda
3026 5170 3271 5225 tacuerit.

2127 5280 2359 5339 XXVIII.
2391 5282 2730 5353 Quapropter
2778 5299 2845 5338 nc
2900 5282 3216 5339 clericorum
3265 5286 3545 5354 quisquam
3576 5301 3635 5339 se

2060 5375 2215 5445 hujus
2243 5374 2459 5432 offensa:
2514 5376 2750 5431 futurum
2798 5375 3033 5433 conﬁdat
3061 5377 3370 5455 immunem,
3396 5378 3440 5433 si
3470 5380 3521 5433 in
3552 5380 3634 5436 his

2060 5480 2179 5535 qute
2206 5466 2491 5521 salubriter
2518 5466 2789 5536 sequenda
2816 5467 3268 5538 depromp‘simus,
3293 5469 3404 5523 sive
3427 5470 3636 5539 cpisco-

2058 5568 2205 5624 pum,
2237 5553 2349 5608 sive
2378 5554 2774 5623 presbyterum,
2809 5569 2904 5608 seu
2934 5554 3221 5623 diaconum
3251 5556 3445 5611 viderit
3472 5574 3635 5613 cxce-

2058 5643 2295 5707 dentem,
2327 5656 2433 5697 non
2464 5643 2709 5710 protinus
2756 5643 2823 5697 ad
2866 5660 3024 5701 aures
3068 5656 3278 5703 nostras
3307 5648 3513 5703 deferre
3544 5666 3636 5703 cu-

2060 5732 2275 5795 raverit,
2308 5731 2715 5801 probationibus
2745 5733 3007 5790 duntaxat
3035 5748 3402 5800 competenter
3427 5738 3635 5791 exhibi-

2059 5826 2144 5890 tis,
2182 5832 2238 5878 ut
2260 5824 2667 5893 transgressoris
2697 5824 2827 5879 ultio
2855 5824 2973 5894 ﬁat,
3010 5835 3064 5882 et
3092 5830 3299 5884 caeteris
3330 5827 3631 5886 interdictio
