4104 6486
427 252 535 310 BH

1722 249 2096 309 DIONYSIUS.
2112 249 2432 307 EXIGUUS.

3613 252 3717 305 Si?

441 360 801 433 delinquendi.
832 361 928 418 Sui
950 375 1086 420 vero
1102 363 1278 424 modis
1323 363 1572 421 omnibus
1603 365 1709 420 erit
1738 369 2024 437 unusquis—
2055 374 2098 432 Λ
2129 369 2402 438 putaverit
2455 367 2858 441 supprimenda.
2916 370 3107 425 Datum
3151 385 3180 422 v
3217 368 3333 423 idus
3382 367 3712 432 Martiarum,

442 467 549 522 que
587 451 906 524 pontificum
952 452 1176 518 ordinis,
1205 463 1262 509 et
1303 455 1525 511 honoris
1578 456 1740 511 elisor
1769 473 1781 509 :
1815 457 1858 510 si
1906 457 2022 512 cui-

445 559 605 616 quam
654 545 994 613 clericorum,
1023 547 1108 604 vel
1157 546 1413 602 Ecclesiae
1465 549 1630 606 totius
1678 548 1882 603 auditui
1911 549 2029 605 haec

2131 459 2346 533 Asterio
2382 469 2438 515 et
2463 460 2717 516 Praesidio
2750 477 2834 514 vv.
2866 476 2947 515 cc.
2974 476 3153 516 conss.
3187 460 3310 533 (An.
3345 458 3535 513 Christi
3565 458 3716 529 494.)

1523 748 1884 810 D-ECRETA
1933 749 2352 810 ANASTASII
2401 751 2644 811 PAR-’13.

512 958 913 1018 Gloriosissimo
982 971 1040 1017 et
1095 960 1514 1029 clementissimo
1592 958 1701 1013 tilio
1751 956 2038 1011 Anastasio

447 1052 708 1122 Augusto,
733 1053 1048 1110 Anastasius
1076 1053 1380 1123 episcopus.

517 1143 810 1199 Exordium
838 1144 1185 1215 pontificatus
1212 1145 1317 1198 mei
1346 1145 1593 1214 primitus
1621 1144 1801 1198 oblata
1827 1143 2040 1213 populis

447 1251 582 1307 pace
607 1236 920 1310 pronuntio,
951 1245 1344 1306 consequenter
1365 1250 1464 1305 pro
1514 1233 1616 1290 fide
1644 1235 1913 1290 catholica
1935 1235 2037 1289 hu-

453 1331 598 1386 milis
648 1331 836 1402 pietati
878 1339 981 1385 tute
1035 1339 1286 1400 precator
1312 1345 1562 1397 occurro,
1595 1331 1647 1384 in
1669 1345 1898 1399 quorum
1928 1331 2040 1401 pri-

452 1437 605 1477 mum
657 1421 788 1474 mihi
838 1420 1075 1475 divinum
1107 1420 1342 1476 favorem
1373 1422 1761 1490 propinquasse
1804 1421 2038 1486 confido,

453 1511 599 1580 quod
627 1512 980 1568 consonantia
1008 1511 1060 1565 in
1099 1526 1208 1577 me,
1240 1519 1293 1566 et
1322 1513 1681 1581 augustissimi
1705 1513 1937 1568 nominis
1967 1512 2041 1566 tui

445 1616 562 1656 non
608 1599 827 1655 dubium
878 1597 1098 1670 praestat
1144 1601 1423 1670 auxilium,
1453 1610 1512 1656 ut
1549 1603 1688 1658 sicut
1729 1603 2042 1673 praecelsum

453 1694 772 1750 vocabulum
815 1693 1033 1764 pietatis
1080 1702 1187 1749 tua:
1238 1710 1336 1765 per
1386 1695 1663 1750 universas
1710 1705 1899 1764 gentes
1927 1703 2044 1750 toto

2140 973 2248 1028 que
2300 961 2664 1030 unusquisque
2720 970 2961 1016 nostrum
3014 975 3112 1031 pro
3142 976 3203 1017 se
3247 961 3513 1017 rationem
3535 963 3725 1019 reddet

2143 1048 2275 1103 Deo.
2301 1049 2417 1104 Non
2444 1065 2572 1118 ergo
2620 1050 2851 1121 amplius
2899 1052 3127 1107 invicem
3149 1051 3470 1120 judieemus,
3501 1042 3598 1107 sed
3623 1054 3727 1109 hoc

2139 1139 2375 1208 judicate
2402 1141 2593 1210 magis,
2623 1156 2692 1197 ne
2730 1142 2945 1212 ponatis
2990 1141 3370 1198 offendiculum
3427 1143 3598 1208 fratri,
3639 1145 3726 1198 vel

2145 1232 2476 1286 scandalum.
2505 1234 2687 1288 Monet
2714 1234 2875 1302 igitur
2895 1235 3085 1288 beatus
3114 1232 3424 1302 Apostolus,
3458 1250 3526 1289 ne
3549 1233 3614 1288 de
3642 1235 3726 1287 his

2145 1321 2300 1375 nobis
2327 1322 2698 1390 praesumendo
2721 1321 2981 1391 judicium
3003 1361 3018 1387 ,
3049 1321 3117 1376 de
3147 1321 3341 1390 quibus
3359 1336 3520 1375 nemo
3550 1330 3728 1390 potest

2145 1413 2327 1468 verius
2377 1414 2465 1467 vel
2515 1414 2705 1468 melius
2747 1413 2992 1483 judicare
3030 1428 3191 1481 quam
3223 1413 3384 1481 Deus,
3415 1413 3466 1466 in
3497 1413 3598 1468 hoc
3625 1413 3724 1466 sibi

2143 1503 2408 1572 quispiam
2447 1505 2762 1558 temerarios
2811 1519 2971 1560 ausus
3018 1511 3262 1573 usurpet,
3285 1510 3337 1559 et
3379 1512 3598 1572 propter
3627 1504 3729 1558 hoc

2146 1607 2251 1661 pax
2304 1602 2462 1661 atque
2511 1593 2686 1647 unitas
2739 1592 2990 1648 Ecclesiae
3029 1592 3333 1662 dissipetur.
3388 1592 3520 1646 Nam
3567 1602 3620 1646 et
3674 1594 3728 1646 in

2149 1682 2452 1750 Regnorum
2485 1683 2620 1738 libro
2649 1684 2846 1739 dicitur
2869 1683 2920 1753 (l
2977 1683 3106 1754 Reg.
3137 1685 3246 1752 xvi)
3283 1702 3296 1736 :
3321 1683 3439 1738 Non
3459 1685 3728 1752 quomodo

455 1784 589 1840 orbe
613 1783 912 1854 prasfulget',
945 1785 1019 1838 ita
1049 1800 1146 1855 per
1175 1785 1533 1845 ministerium
1559 1801 1692 1840 mea:
1722 1786 2044 1840 humilitatis
2075 1775 2122 1834 B
2146 1769 2295 1827 videt
2322 1774 2504 1840 homo,
2530 1774 2680 1830 videt
2732 1775 2892 1840 Deus,
2926 1776 3053 1844 quia
3103 1775 3268 1830 homo
3320 1774 3465 1829 videt
3490 1775 3540 1827 in
3571 1774 3727 1840 facie,

454 1875 612 1932 sedes
639 1877 936 1933 beatissimi
987 1875 1134 1930 Petri
1184 1877 1238 1932 in
1289 1877 1579 1932 universali
1608 1875 1852 1932 Ecclesia
1885 1877 2046 1947 (sicut

457 1967 796 2038 semperest)
828 1968 1158 2036 assignatum
1203 1967 1308 2023 sibi
1353 1983 1383 2022 a
1432 1967 1660 2024 Domino
1701 1968 1815 2024 Dco
1871 1976 2048 2023 teneat

457 2059 838 2127 principatum,
868 2073 968 2113 nec
993 2066 1215 2128 propter
1246 2074 1410 2114 unum
1438 2068 1710 2114 mortuum
1739 2059 1939 2113 diutius
1965 2067 2050 2112 tu-

459 2148 581 2202 nica
613 2147 701 2201 illa
723 2147 972 2203 salutaris
997 2149 1227 2220 desuper
1255 2157 1508 2204 contexta
1537 2165 1634 2219 per
1664 2157 1833 2204 totum
1867 2149 2046 2220 (Joun.

458 2239 600 2307 XIX),
623 2238 779 2293 malae
807 2239 967 2295 sortis
987 2241 1222 2309 patiatur
1248 2241 1514 2295 incertum
1543 2258 1555 2293 :
1581 2254 1699 2309 quae
1725 2241 1836 2296 sola
1860 2242 1912 2294 in
1943 2241 2051 2296 dis-

460 2329 746 2384 cissionem
797 2343 896 2398 pro
951 2326 1203 2386 firmitate
1246 2331 1326 2385 sui
1375 2333 1560 2387 venire
1590 2348 1695 2387 no.1
1726 2333 1920 2403 potuit.
1953 2332 2049 2386 Cui

461 2421 624 2474 etiam
657 2422 708 2474 in
737 2421 944 2490 privata
970 2423 1078 2476 vita
1108 2430 1314 2476 tantum
1345 2424 1491 2478 circa
1518 2425 1746 2479 sincerae
1775 2424 2049 2493 religionis

461 2509 696 2564 studium
749 2509 849 2564 fuit
896 2519 975 2580 ut,
1007 2513 1146 2567 sicut
1192 2513 1332 2568 fama
1383 2515 1684 2570 certissima
1734 2515 2045 2579 celebravit,

461 2616 623 2657 nemo
650 2603 823 2674 magis
851 2603 938 2657 vel
966 2604 1107 2658 inter
1135 2605 1434 2674 praecipuos
1463 2606 1776 2662 sacerdotes
1805 2605 2050 2676 praefixas

461 2705 493 2745 a
514 2691 715 2746 sanctis
745 2691 993 2748 Patribus
1019 2695 1232 2762 regulas
1273 2694 1531 2752 Ecclesiae
1573 2696 1874 2752 custodisse
1901 2697 2047 2752 dica-

462 2789 567 2848 tur,
593 2780 736 2850 quod
765 2790 1008 2836 sanctum
1057 2777 1305 2840 studium
1344 2799 1464 2840 cum
1521 2785 1804 2859 majestate
1840 2786 2047 2857 imperii

465 2873 699 2928 crevisse
728 2874 1066 2930 conﬁdimus.

467 2981 617 3052 Quod
666 3001 761 3055 pro
804 2985 1007 3042 Christo
1058 2989 1306 3064 {ungatu_r
1348 2990 1620 3064 legatione,
1655 2993 1775 3046 dum
1798 3010 1890 3063 pro
1923 2981 2050 3064 pace

986 3068 1224 3128 precatur
1252 3058 1521 3115 Ecclésite.

536 3165 581 3220 Ι.
605 3163 898 3238 Legatione
943 3167 1123 3238 itaque
1175 3168 1444 3240 fungimur
1481 3188 1579 3242 pro
1608 3175 1841 3238 Christo,
1873 3190 1938 3230 ne
1961 3191 2055 3231 eos
2083 3142 2126 3203 Ο

468 3264 692 3337 propter
712 3257 1084 3323 offensionem,
1109 3259 1192 3314 vel
1213 3261 1520 3331 scandalum
1542 3264 1824 3340 patiamini
1845 3265 2056 3334 publice

469 3348 740 3407 nominari
776 3367 790 3403 :
840 3365 1068 3420 quorum
1116 3352 1329 3418 merita,
1356 3353 1441 3407 vel
1471 3360 1623 3408 actus
1650 3354 1798 3410 illum
1818 3356 2052 3424 judicent

467 3437 640 3496 latere
688 3455 796 3496 non
842 3451 1090 3512 possunt,
1123 3444 1176 3498 in
1209 3444 1360 3513 cujus
1403 3445 1514 3515 jam
1553 3455 1678 3502 sunt
1691 3447 1894 3517 judicio
1925 3466 2054 3505 con-

465 3532 663 3610 stituti,
695 3546 795 3589 nec
822 3533 930 3587 illic
950 3548 1008 3588 se
1035 3543 1218 3605 potest
1245 3536 1634 3592 intersercrcin
1655 3553 1883 3608 corpore
1910 3556 2055 3596 mor-

469 3622 561 3676 tali
594 3622 770 3681 adltuc
805 3624 1088 3678 temeraria
1119 3628 1486 3698 pnnsumptio,
1512 3627 1565 3681 in
1611 3642 1717 3696 quo
1739 3644 1847 3685 non
1879 3628 2052 3684 solum

465 3714 732 3770 confessio
762 3713 889 3769 facit
916 3725 1105 3785 aperta
1135 3717 1322 3770 merita
1363 3717 1692 3785 singulorum
1721 3737 1732 3771 :
1766 3719 1862 3774 sed
1884 3721 2046 3775 etiam

464 3803 662 3861 silentii
716 3805 882 3875 ipsius
913 3823 1021 3862 non
1059 3815 1238 3876 potest
1278 3806 1447 3862 latere
1491 3816 1781 3863 secretum.
1814 3808 2053 3878 Namque

465 3903 523 3953 et
573 3895 939 3964 praedecessor
979 3907 1162 3952 noster
1212 3913 1352 3968 papa
1380 3897 1550 3964 Felix,
1595 3899 1692 3954 sed
1723 3899 1884 3954 etiam
1914 3899 2052 3955 Aca-

465 3983 575 4040 tius
603 3984 711 4042 illic
731 3985 918 4054 procul
941 3985 1102 4060 dubio
1125 3993 1269 4053 sunt,
1287 3985 1376 4042 tibi
1401 3987 1766 4060 unusquisque
1785 3987 1884 4044 sub
1907 3997 2054 4044 tanto

468 4074 648 4143 judice
673 4093 780 4132 non
811 4086 992 4148 potest
1017 4077 1245 4148 perdere
1274 4079 1356 4134 sui
1379 4079 1556 4135 meriti
1577 4080 1912 4150 qualitatem.

469 4213 623 4280 Quod
649 4232 750 4271 non
783 4219 850 4272 sit
893 4227 1081 4292 temere
1120 4220 1462 4292 judicandttm
1499 4222 1563 4275 de
1603 4222 1685 4276 Itis
1732 4223 1820 4292 qui
1839 4223 1956 4292 jam
1985 4223 2054 4276 ad

997 4287 1163 4343 Deum
1183 4291 1549 4362 migrauerunt.

544 4397 607 4452 II.
638 4399 822 4469 Itaque
845 4409 1099 4456 monente
1127 4417 1226 4457 nos
1246 4384 1558 4461 beatissimo
1587 4403 1754 4462 Paulo
1783 4405 2050 4476 apostolo,

470 4503 538 4543 ne
586 4491 730 4556 quod
777 4491 846 4544 sit
892 4493 944 4545 in
987 4492 1092 4546 hoc
1138 4493 1513 4550 offendiculum
1555 4497 1607 4551 in
1637 4496 1894 4564 Ecclesia,
1926 4497 2052 4552 dum
2085 4514 2132 4574 ι)

469 4578 616 4647 quod
648 4577 822 4634 facere
844 4596 951 4634 non
975 4597 1276 4650 possumus,
1302 4585 1367 4638 de
1385 4585 1466 4638 bis
1486 4587 1577 4654 qui
1595 4585 1705 4655 jam
1723 4588 2054 4642 transierunt

469 4669 712 4741 judicare
740 4687 1017 4740 conemur,
1037 4677 1426 4731 observandum
1450 4694 1566 4733 esse
1585 4680 1940 4748 tranquillitas
1964 4681 2052 4734 tua

469 4772 778 4830 cognoscat.
812 4763 902 4818 Ait
928 4767 1068 4820 enim
1100 4766 1279 4822 deliis
1307 4769 1397 4837 qui
1429 4769 1498 4824 de
1527 4770 1754 4825 rebusad
1779 4770 1945 4825 Deum
1973 4787 2055 4827 so-

472 4853 581 4908 lum
612 4855 1005 4923 pertinentibus
1043 4857 1284 4925 judicare
1314 4869 1647 4928 prtosutnunt
1674 4860 1851 4932 (Rom.
1888 4862 1999 4932 xxv)
2037 4882 2050 4917 :

469 4943 638 4999 Nemo
659 4946 801 5000 enim
831 4957 1072 5002 nostrum
1103 4949 1204 5004 sibi
1225 4949 1374 5015 vivit,
1399 4958 1453 5004 et
1479 4966 1637 5006 nemo
1661 4951 1760 5005 sibi
1788 4953 2014 5007 moritur
2037 4973 2048 5006 :

466 5034 585 5090 sive
606 5035 748 5090 enim
774 5023 1025 5106 vivimus,
1055 5037 1284 5094 Domino
1328 5040 1588 5107 vivimus;
1618 5041 1731 5098 sive
1775 5043 2055 5109 morimur,

470 5126 699 5186 Domino
720 5131 984 5188 morimur
1017 5150 1029 5185 :
1058 5133 1172 5188 sive
1193 5133 1337 5188 enim
1358 5134 1607 5199 vivimus,
1635 5135 1750 5191 sive
1778 5136 2058 5204 morimur,

472 5216 685 5276 Domini
711 5238 916 5279 sumus.
960 5223 1018 5282 In
1070 5225 1176 5280 hoc
1229 5225 1374 5280 enim
1423 5225 1668 5282 Christus
1708 5227 2058 5282 resurrexita

471 5314 718 5378 mortuis,
749 5322 804 5370 ut
834 5323 889 5369 et
918 5315 1157 5372 vivorum
1187 5325 1242 5371 et
1269 5325 1604 5374 mortuorum
1631 5318 1971 5385 dominetur;
2003 5328 2062 5375 tu

475 5410 655 5457 autem
708 5405 835 5474 quid
874 5406 1085 5475 judicas
1138 5407 1359 5462 fratrem
1413 5408 1744 5465 tuum?Aut
1796 5417 1851 5463 tu
1892 5423 2060 5477 quare

474 5496 684 5564 Spernis
752 5496 974 5554 fratrem
1060 5501 1244 5554 tuum?
1317 5497 1517 5556 Omnes
1581 5501 1724 5557 cnim
1802 5503 2062 5559 stabimus

475 5595 602 5642 ante
654 5587 885 5642 tribunal
915 5589 1030 5645 Dei.
1088 5590 1353 5661 Scriptum
1384 5599 1467 5647 est
1513 5592 1654 5648 enim
1697 5591 1852 5663 (Isai.
1893 5593 2056 5668 μήτ

478 5671 613 5728 Vivo
669 5689 792 5744 ego,
826 5677 954 5732 dicit
1007 5679 1295 5744 Dominus,
1328 5682 1581 5750 quoniam
1637 5683 1765 5737 mihi
1818 5665 2060 5738 flectetur

481 5778 639 5846 emne
668 5780 828 5841 genu,
860 5777 914 5826 et
962 5772 1133 5828 omnis
1185 5771 1365 5843 lingua
1423 5772 1760 5830 confitebitur
1791 5774 1919 5829 Deo.
1955 5774 2056 5829 Ita-

2147 1865 2292 1922 Dcus
2319 1874 2496 1921 autem
2526 1867 2674 1923 videt
2715 1869 2767 1922 in
2817 1867 2999 1922 corde.
3023 1867 3155 1922 Item
3201 1867 3255 1920 in
3283 1865 3730 1936 Paralipomenon

2150 1958 2284 2012 libro
2309 1957 2560 2029 pritno(1
2577 1958 2762 2012 Paral.
2791 1960 2977 2030 xxviii)
3000 1957 3271 2026 :Etnunc,
3289 1958 3565 2023 Salomon,
3595 1959 3731 2013 scito

2154 2053 2318 2107 Deum
2349 2059 2562 2122 patrum
2587 2061 2820 2120 tuorum,
2853 2062 2908 2107 et
2930 2052 3070 2107 servi
3101 2053 3176 2106 illi
3204 2053 3256 2106 in
3287 2051 3446 2106 corde
3471 2051 3728 2122 perfecto,

2151 2153 2208 2200 et
2255 2145 2434 2200 animo
2479 2146 2714 2211 volente,
2748 2146 3001 2216 quoniam
3048 2146 3228 2200 omnia
3255 2146 3419 2200 corda
3460 2154 3732 2200 scrutatur

2153 2236 2428 2300 Dominus,
2461 2244 2518 2290 et
2565 2251 2779 2292 onmem
2837 2236 3217 2304 cogitationem
3274 2235 3442 2290 novit.
3493 2234 3622 2288 Item
3679 2235 3732 2290 in

2155 2325 2431 2382 Ezechiele
2453 2327 2564 2381 lme
2586 2327 2712 2382 dicit
2734 2327 2987 2381 Dominus
3007 2325 3218 2396 (Ezeclt.
3248 2325 3323 2395 x1)
3351 2344 3362 2378 :
3393 2325 3484 2380 Sic
3501 2325 3729 2391 dixistis,

2154 2417 2343 2471 (lOIIIUS
2374 2416 2620 2481 l.sracl,et
2642 2417 3003 2484 cogitationes
3029 2416 3249 2486 spiritus
3269 2415 3432 2470 vestri
3458 2415 3578 2469 novi
3609 2430 3728 2483 ego.

2156 2511 2309 2565 Unde
2358 2520 2411 2565 et
2459 2510 2528 2566 de
2583 2510 2812 2566 Domino
2849 2509 3032 2577 judice
3079 2508 3272 2563 dicitur
3325 2506 3377 2560 in
3405 2506 3731 2574 Evangelio:

2153 2603 2340 2658 Sciens
2382 2611 2560 2657 autem
2609 2599 2764 2657 Jesus
2787 2601 3142 2670 cogitationes
3178 2614 3365 2654 eorum
3395 2598 3530 2654 dixit
3560 2616 3572 2650 :
3599 2597 3732 2664 Quid

2151 2694 2399 2762 cogitatis
2421 2693 2558 2747 mala
2586 2693 2638 2747 in
2667 2692 2919 2748 cordibus
2938 2692 3168 2747 vestris?

2227 2806 2293 2860 Ut
2320 2808 2612 2876 specialiter
2640 2808 2692 2859 in
2723 2805 2960 2860 Ecclesia
3001 2823 3186 2860 nomen
3212 2817 3442 2860 taceatur
3469 2807 3658 2860 Aeolii.

2219 2897 2308 2952 lll.
2341 2897 2629 2954 Precamur
2659 2899 2838 2969 itaque
2867 2899 3207 2954 c‘ementiam
3241 2908 3494 2956 vestram.
3521 2907 3576 2951 ut
3605 2913 3731 2966 spe-

2151 2989 2359 3043 cialiter
2389 3006 2582 3044 nomen
2611 2990 2754 3059 quod
2784 2991 2967 3045 multis
3007 3006 3073 3044 cx
3103 2991 3277 3045 causis
3306 2990 3611 3046 scandalum
3645 2992 3725 3044 vel

2156 3078 2534 3136 oﬂ‘endiculum
2576 3081 2836 3137 Ecclesia:
2883 3084 3185 3147 concitavit,
3227 3083 3444 3152 speciali
3499 3083 3733 3152 appella-

2159 3173 2306 3226 tione
2355 3181 2612 3234 taceatur,
2644 3188 2786 3238 cum,
2818 3173 2958 3227 sicut
3011 3173 3258 3238 diximus,
3287 3174 3337 3226 in
3387 3174 3734 3240 generalitate

2158 3260 2500 3316 sacerdotum
2555 3261 2973 3332 uniuscujusque
3025 3263 3274 3316 meritum
3317 3263 3463 3316 illum
3507 3263 3735 3332 judicent

2159 3350 2326 3405 latere
2379 3367 2485 3407 non
2533 3353 2723 3422 possit,
2756 3353 2884 3422 quid
2937 3353 3131 3422 cuique
3186 3353 3521 3408 tribuendum
3552 3355 3616 3407 sit
3641 3371 3736 3424 pro

2156 3445 2419 3498 testintata
2468 3445 2869 3516 dispensatione
2897 3447 3232 3512 meritorum,
3265 3448 3349 3502 cui
3399 3448 3500 3502 soli
3528 3448 3734 3513 cogita-

2159 3536 2332 3589 tiones
2353 3549 2570 3605 quoque
2594 3526 2889 3593 manifestae
2908 3545 3051 3592 sunt.
3081 3536 3321 3603 Quantos
3343 3553 3469 3592 vero
3487 3554 3737 3594 excessus

2157 3633 2319 3692 atque
2367 3627 2812 3695 praesumptiones
2839 3627 3088 3682 habuerit
3113 3627 3353 3694 Acutius,
3387 3644 3456 3683 ne
3503 3629 3737 3684 elemen-

2157 3719 2244 3772 tiae
2277 3727 2379 3772 tute
2408 3733 2505 3788 per
2527 3718 2734 3787 singula
2765 3733 3052 3789 suggerere
3084 3719 3312 3776 fortasse
3340 3721 3589 3776 videatur
3609 3737 3737 3778 one-

2155 3824 2358 3873 rosum,
2384 3799 2695 3876 Cresconio,
2726 3811 2811 3865 vel
2857 3811 3019 3866 etiam
3066 3811 3356 3877 Germano,
3392 3811 3641 3869 fratribus
3685 3824 3737 3868 et

2156 3899 2491 3968 coepiscopis
2542 3899 2715 3964 meis,
2785 3915 2921 3969 quos
2970 3900 3212 3956 misimus
3265 3902 3332 3957 ad
3392 3903 3738 3958 serenitatem

2159 3997 2322 4053 tuam,
2353 3987 2422 4043 de
2451 3987 2628 4044 causis
2657 3989 2878 4058 singulis
2906 3990 3105 4055 Acatii,
3129 3993 3302 4062 qualis
3329 3993 3508 4060 fuerit,
3545 3995 3739 4048 instru-

2157 4078 2390 4133 ctionem
2413 4078 2774 4149 plenissimam
2799 4080 3060 4146 dedimus,
3089 4082 3385 4137 clementia:
3404 4093 3594 4137 vestrre
3621 4099 3739 4153 spe«

2158 4171 2347 4227 cialius
2373 4173 2782 4239 recensendam,
2809 4173 2853 4227 si
2877 4173 2981 4228 hoc
3002 4174 3189 4242 pietati
3221 4183 3325 4228 tua:
3354 4174 3617 4244 placuerit
3645 4191 3738 4230 cu-

2156 4264 2354 4320 riosius
2383 4265 2657 4336 indagare,
2684 4281 2753 4321 ne
2808 4266 2863 4320 in
2913 4266 3094 4334 aliquo
3144 4267 3498 4334 suggestionis
3543 4275 3740 4322 nostra:

2156 4356 2356 4411 veritas
2381 4356 2615 4412 defuisse
2641 4357 2910 4422 videatur,
2937 4365 2996 4411 ut
3024 4373 3121 4427 pro
3143 4357 3318 4412 divina
3351 4359 3612 4426 sapientia
3657 4374 3739 4412 vc-

2157 4455 2286 4510 stra,
2319 4445 2597 4514 perspicue
2623 4445 2807 4501 videre
2827 4446 3058 4515 possitis,
3094 4462 3198 4500 non
3228 4447 3496 4515 superbia,
3522 4446 3601 4500 vel
3627 4446 3741 4500 ela-

2158 4536 2306 4591 tione
2330 4536 2476 4591 sedis
2501 4537 2813 4607 apostolicae
2858 4538 2911 4590 in
2955 4536 3198 4592 Acatium
3224 4537 3384 4592 talem
3417 4539 3742 4607 processisse

2158 4630 2497 4697 sententiam,
2517 4629 2951 4684 sedfacinoribus
2979 4631 3142 4684 certis
3167 4629 3444 4701 (quantum
3469 4635 3570 4685 nos
3592 4642 3742 4686 extra

2159 4720 2289 4775 illud
2317 4720 2598 4790 judicium,
2631 4721 2776 4790 quod
2800 4721 2971 4775 solum
2995 4720 3118 4792 falli
3140 4737 3249 4776 non
3279 4728 3479 4790 potest,
3509 4723 3741 4778 azstima-

2159 4815 2302 4886 mus)
2333 4817 2451 4871 zelo
2477 4817 2646 4886 magis
2667 4815 2958 4871 divinitatis
2979 4824 3240 4870 exortam.

2400 4925 2550 4992 Quod
2572 4945 2881 5000 magnopere
2900 4929 3158 4982 contentio
3185 4929 3253 4981 sit
3273 4928 3520 4981 cavenda.

2234 5039 2321 5093 IV.
2353 5039 2462 5095 Nos
2480 5055 2609 5096 vero
2628 5041 3290 5112 humilitersupplieantes,
3321 5043 3739 5097 controversiam

2163 5132 2216 5187 in
2249 5129 2486 5186 Ecclesia
2531 5146 2812 5187 remanere
2852 5131 3120 5197 nolumus,
3151 5148 3272 5188 cum
3323 5134 3492 5201 magis
3529 5133 3744 5188 vitanda

2164 5222 2439 5277 contentio
2488 5221 2586 5287 sit,
2633 5223 2771 5277 sicut
2796 5222 2991 5278 dicitur
3027 5223 3080 5278 in
3111 5223 3414 5279 Proverbiis
3458 5223 3608 5295 (Cap.
3638 5224 3694 5292 χ)
3728 5242 3741 5278 :

2165 5313 2354 5368 Odium
2402 5315 2622 5370 suscitat
2650 5315 2946 5371 contentio.
2979 5314 3177 5372 Omnes
3200 5317 3342 5371 enim
3364 5319 3454 5385 qui
3481 5333 3585 5371 non
3616 5333 3742 5370 con~

2167 5406 2410 5470 tendunt,
2453 5408 2688 5476 protegit
2738 5409 2991 5463 amicitia.
3045 5407 3178 5462 Nam
3232 5418 3288 5464 et
3337 5409 3626 5480 Apostolus
3680 5412 3745 5465 ad

2164 5498 2476 5555 Corinthios
2504 5502 2578 5556 ait
2609 5500 2659 5572 (I
2684 5501 2804 5556 Cor.
2838 5501 2914 5572 nt)
2952 5519 2964 5555 :
2990 5500 3124 5558 Cum
3155 5502 3298 5557 enim
3328 5502 3436 5556 sint
3481 5501 3620 5554 inter
3649 5515 3746 5553 vos

2165 5591 2536 5648 tumulationes
2580 5602 2633 5647 et
2671 5588 3065 5657 contentiones,
3100 5608 3278 5648 nonne
3327 5591 3569 5647 carnales
3596 5589 3746 5654 estis,

2167 5695 2220 5738 et
2248 5684 2538 5739 secundant
2595 5686 2866 5742 hominem
2898 5684 3369 5740 ambulatisHtem
3430 5683 3493 5737 ad
3549 5682 3744 5750 Philip-

2166 5788 2358 5843 penscs
2383 5774 2530 5844 (Cap.
2566 5778 2652 5848 n):
2687 5776 2743 5832 Si
2774 5791 2878 5843 qua
2910 5791 3039 5844 ergo
3069 5775 3364 5832 consolatio
3412 5774 3463 5830 in
3513 5771 3716 5844 Chris‘vf
