4104 6494
381 293 485 348 515

1439 293 1820 352 COLLECTIO
1850 290 2319 350 DECRETORI'M
2361 292 2463 348 PP.
2506 293 2620 352 RR.

3542 279 3647 359 sit

377 412 548 481 siqua
579 411 832 466 allocutio
863 408 1162 471 cbaritatis,
1192 409 1238 462 si
1286 421 1389 476 qua
1435 409 1669 464 societas
1715 408 1954 478 spiritus,
1991 410 2036 470 Α
2065 407 2313 476 attingat,
2357 422 2465 476 quo
2513 409 2735 465 forsitan
2772 427 2868 482 per
2914 413 3151 482 iniquum
3212 414 3400 469 tradita
3458 430 3649 471 saera-

374 507 419 560 si
466 518 571 572 qua
614 501 842 567 viscera,
865 509 930 564 et
984 499 1375 565 miserationes,
1432 499 1651 569 implete
1704 498 1954 566 gaudium

374 611 574 660 meum,
604 604 664 651 ut
711 596 764 650 id
801 597 975 665 ipsum
1004 593 1193 650 dicatis
1215 606 1422 658 omnes,
1453 591 1698 647 eamdem
1727 591 1959 646 charita-

372 699 483 746 tem
523 689 806 756 habentes,
835 685 966 740 nihil
1019 700 1116 755 per
1171 683 1593 748 contentionem,
1646 696 1822 752 neque
1860 697 1958 751 per

372 780 588 838 inanem
619 779 867 848 gloriam,
900 765 1008 832 sed'
1031 777 1084 833 in
1131 775 1433 830 humilitate
1482 773 1678 830 mentis
1727 773 1956 829 invicem

369 872 702 933 azstimantes
749 869 1113 937 sibimetipsos
1162 867 1488 937 superiores,
1513 881 1619 921 non
1642 879 1740 920 sua
1763 865 1956 933 singuli

371 963 742 1033 respicientes,
774 961 867 1017 sed
898 959 1146 1013 aliorum.

373 1075 443 1128 Ut
471 1073 854 1128 Alexandrinos
874 1073 1156 1141 imperator
1181 1069 1473 1141 admoneat
1495 1069 1564 1122 ad
1596 1068 1753 1138 fidem
1784 1067 1954 1122 since-

691 1160 802 1196 ram
824 1152 874 1196 et
904 1140 1084 1211 pacem
1110 1140 1278 1194 redire
1303 1140 1629 1193 catholicam.

445 1237 504 1291 V.
548 1236 663 1291 liae
706 1245 884 1290 tamen
939 1232 1462 1304 przecipue'insinuo
1503 1232 1777 1287 serenitati
1827 1242 1951 1297 tum,

367 1327 754 1398 gloriosissime
801 1333 857 1380 et
886 1313 1302 1379 clementissime
1331 1321 1402 1375 ﬁli
1439 1321 1693 1390 Auguste,
1725 1331 1784 1375 ut
1828 1336 1950 1375 cum

366 1433 542 1474 causa:
595 1416 1080 1470 Alexandrinorum
1127 1413 1400 1483 patuerint
1437 1411 1689 1482 piissimis
1736 1410 1953 1466 auribus

365 1510 579 1575 vestris,
603 1507 668 1561 ad
693 1507 958 1562 sinceram
995 1513 1052 1560 et
1078 1503 1399 1560 catholicam
1442 1503 1600 1558 ﬁdem
1629 1518 1725 1559 eos
1762 1511 1949 1557 aucto-

365 1603 554 1667 ritate,
593 1599 890 1669 sapientia,
922 1597 1221 1666 divinisque
1263 1597 1456 1652 vestris
1509 1597 1726 1651 monitis
1772 1596 1947 1651 redire

365 1692 592 1745 faciatis.
618 1689 755 1744 Num
775 1688 904 1760 quid
931 1688 1219 1744 tenendum
1240 1689 1310 1743 sit
1332 1689 1383 1744 in
1402 1688 1658 1756 religione
1681 1687 1944 1742 catholica

2059 500 2220 552 menti
2252 502 2420 567 gratia
2462 503 2639 558 minus
2670 503 2819 558 ﬁrma
2862 505 3122 559 videatur.
3167 507 3298 560 Nam
3341 516 3398 561 ct
3446 506 3647 576 baptis-

2057 607 2226 657 mum,
2257 595 2399 662 quod
2431 596 2618 664 procul
2649 597 2716 651 sit
2744 598 2812 652 ab
2843 597 3104 661 Ecclesia,
3138 599 3251 653 sive
3275 615 3342 652 ao
3371 599 3640 674 adultero.

2055 681 2142 734 vel
2171 697 2200 734 a
2229 681 2347 737 fure
2373 683 2534 740 fuerit
2562 685 2765 751 datum,
2791 687 2856 741 ad
2888 689 3270 758 percipientem
3301 706 3492 744 munus
3515 707 3640 760 pcr—

2055 773 2204 826 venit
2231 773 2513 842 illibatum,
2536 777 2661 845 quia
2691 792 2796 831 vox
2821 778 2931 847 illa,
2952 794 3072 847 qua:
3101 781 3281 834 sonuit
3311 797 3407 849 per
3435 784 3638 836 colum-

2055 857 2197 924 bam,
2227 876 2440 916 omnem
2470 863 2734 918 maculam
2766 865 3009 920 humana:
3037 868 3349 937 pollutionis
3383 871 3637 924 excludit.

2055 949 2209 1014 Quod
2237 949 2545 1006 declaratur
2564 969 2686 1008 cum
2715 955 2911 1010 dicitur
2940 957 3121 1026 (Joan.
3161 959 3199 1029 I)
3228 977 3240 1012 ε
3291 958 3390 1014 llic
3428 970 3508 1014 est
3549 963 3640 1030 qui

2055 1037 2292 1118 baptizat
2317 1039 2367 1094 in
2391 1039 2593 1111 Spiritu
2613 1054 2669 1098 et
2694 1045 2835 1114 igne.
2861 1045 2992 1099 Nam
3021 1048 3065 1101 si
3087 1048 3317 1102 visibilis
3337 1050 3465 1104 solis
3491 1051 3641 1103 istius

2054 1127 2207 1194 radii,
2241 1144 2360 1182 cum
2384 1146 2483 1199 per
2503 1131 2622 1186 loca
2653 1134 2966 1189 fetidissima
2997 1143 3292 1204 transeant,
3342 1140 3482 1192 nulla
3517 1157 3637 1194 con-

2055 1224 2228 1272 tactus
2257 1218 2625 1288 inquinatione
2655 1223 3021 1293 maculantur;
3066 1228 3234 1283 multo
3281 1232 3450 1298 magis
3497 1231 3638 1286 illius

2052 1307 2142 1375 qui
2174 1307 2334 1362 istum
2363 1310 2626 1368 visibilem
2660 1312 2820 1380 fecit,
2851 1316 3020 1371 virtus
3048 1319 3194 1372 nulla
3231 1321 3511 1376 ministerii
3556 1323 3635 1376 in-

2051 1398 2310 1467 dignitate
2341 1405 2745 1472 constringitur.
2780 1408 2912 1461 Nam
2941 1417 2996 1463 et
3024 1409 3188 1465 Judas
3217 1428 3337 1466 cum
3368 1413 3526 1467 fuerit
3546 1431 3637 1470 sa-

2052 1493 2281 1562 crilegus
2311 1503 2474 1566 atque
2502 1497 2606 1563 fur,
2633 1500 2889 1570 quidquid
2921 1504 3030 1569 egit
3062 1503 3203 1558 inter
3233 1507 3509 1574 apostolos
3538 1523 3636 1575 pro

2050 1583 2310 1651 dignitate
2358 1589 2676 1656 commissa,
2722 1591 2982 1646 beneﬁcia
3030 1609 3128 1662 per
3183 1595 3455 1665 indignum
3511 1599 3635 1652 data

2050 1677 2193 1730 nulla
2222 1692 2288 1732 ex
2324 1679 2426 1734 hoc
2455 1680 2776 1737 detrimenta
2822 1695 3124 1751 senserunt,
3179 1688 3486 1745 declarante
3534 1691 3635 1746 hoc

362 1783 656 1839 secundum
685 1783 904 1838 deﬁnita
935 1780 1151 1835 Patrum
1173 1789 1225 1836 et
1245 1781 1680 1851 praedicationem
1708 1780 1944 1834 omnium
1981 1775 2020 1832 Β
2052 1769 2221 1836 ipsum
2271 1771 2497 1827 Domino
2546 1775 2976 1832 manifrstissima
3026 1795 3159 1834 VOCC
3214 1781 3586 1850 (Μίιιιίωκιιι)
3619 1802 3630 1835 ε

361 1878 700 1936 sacerdotum
733 1877 824 1946 qui
845 1877 907 1930 in
937 1874 1173 1929 Ecclesia
1195 1874 1510 1940 lloruerunt,
1534 1873 1577 1927 si
1608 1873 1710 1926 hoc
1733 1887 1947 1942 quoque

362 1968 749 2040 pnrceperitis,
781 1967 1074 2023 scientibus
1126 1966 1178 2019 in
1227 1965 1485 2018 memoria
1535 1962 1947 2016 transmittendo

362 2059 758 2122 renovabimus,
786 2056 1154 2125 ignorantibus
1180 2055 1246 2109 ad
1287 2053 1598 2109 discendum
1641 2070 1738 2123 pro
1768 2052 1945 2108 ofﬁcio

361 2160 556 2206 nostra:
584 2148 953 2204 instructionis
975 2146 1268 2210 olTerimus,
1292 2155 1350 2200 ut
1373 2146 1516 2199 nulla
1545 2153 1696 2200 extra
1725 2145 1837 2199 lucc
1861 2146 1946 2199 in—

359 2243 636 2312 geniorum
661 2240 918 2310 jactantia
948 2238 1032 2293 vel
1063 2237 1298 2308 pravitas
1330 2236 1594 2291 audiatur.

358 2351 996 2420 Admoneturimpcrator,
1029 2357 1084 2470 ἵε
1121 2349 1414 2402 constitutis
1463 2348 1759 2417 apostolica:
1806 2351 1944 2403 sedis

997 2437 1026 2470 ο
1065 2427 1322 2470 temperet.

997 2427 1322 2488 obtemperet.

429 2514 515 2570 VI.
557 2512 693 2568 Illud
710 2527 839 2568 vero
859 2511 1183 2582 peculiarius
1205 2525 1302 2580 pro
1322 2525 1510 2568 amore
1529 2509 1738 2582 imperii
1759 2514 1940 2576 vestri,

357 2616 413 2662 et
445 2604 796 2668 beatitudine,
847 2617 965 2672 qua:
1003 2601 1266 2670 consequi
1307 2603 1507 2672 poterit
1553 2618 1795 2671 regnum,
1845 2619 1944 2674 pro

357 2695 656 2766 apostolico
686 2691 863 2749 otiicio
891 2692 1261 2763 praedicamus,
1291 2701 1371 2761 ut,
1401 2694 1540 2750 sicut
1561 2694 1719 2749 decet
1741 2702 1798 2750 et
1823 2694 1944 2765 Spi-

356 2790 490 2843 ritus
515 2794 736 2842 sanetus
761 2785 947 2852 dictat,
981 2783 1202 2840 monitis
1222 2785 1420 2839 nostris
1461 2785 1764 2840 obedientia
1806 2801 1944 2854 prae-

355 2879 566 2942 beatur,
598 2885 656 2932 ut
694 2877 832 2931 bona
869 2877 1051 2931 omnia
1101 2885 1279 2931 vestra
1322 2876 1704 2946 rempublicam
1752 2892 1943 2932 conse-

354 2976 608 3038 quantur,
641 2967 781 3022 sicut
822 2967 873 3020 in
904 2956 1108 3022 Exodo'
1122 2967 1451 3036 promittitur
1482 2965 1678 3037 (Ex-od.
1724 2968 1813 3038 xv)
1844 2985 1856 3020 :
1886 2968 1941 3022 Si

356 3058 592 3112 audieris
616 3071 800 3111 vocem
827 3057 1038 3111 Domini
1061 3057 1152 3110 Dei
1179 3057 1274 3124 tui,
1303 3065 1357 3110 et
1378 3071 1497 3127 qua:
1518 3057 1730 3124 placent
1755 3056 1943 3112 feceris

2049 1857 2249 1914 Scriba:
2274 1861 2488 1934 (inquit)
2527 1872 2583 1918 et
2629 1865 2881 1922 Pharisrci
2911 1885 3073 1938 super
3120 1872 3430 1925 cathedram
3475 1873 3639 1928 Musis

2047 1951 2268 2017 sedent;
2303 1968 2422 2021 qua:
2452 1955 2638 2009 dicunt
2670 1956 2846 2023 facite,
2874 1975 2992 2027 quae
3017 1970 3196 2013 autem
3223 1961 3423 2015 faciunt
3471 1963 3636 2016 nolite

2047 2040 2256 2109 facere;
2282 2043 2464 2099 dicunt
2491 2047 2655 2113 enim,
2701 2057 2755 2102 ct
2788 2066 2892 2103 non
2939 2052 3159 2105 faciunt.
3192 2053 3461 2121 Quidquid
3505 2071 3637 2124 ergo

2048 2129 2113 2184 ad
2144 2131 2418 2188 hominum
2447 2145 2761 2204 provectum
2787 2141 3012 2206 quilibet
3045 2142 3095 2194 in
3123 2143 3361 2199 Ecclesia
3392 2143 3634 2200 minister

2046 2223 2350 2291 proofﬁcio
2371 2241 2469 2280 suo
2496 2227 2709 2282 videtur
2738 2232 2970 2299 operari,
3025 2233 3127 2287 hoc
3160 2243 3329 2288 totum
3367 2237 3633 2294 contineri

2047 2312 2318 2381 implendo
2340 2315 2632 2371 divinitatis
2654 2319 2922 2387 effectum,
2956 2321 3025 2375 ita
3053 2323 3158 2387 ille,
3182 2340 3279 2393 per
3297 2340 3454 2393 quem
3478 2326 3632 2382 Chri-

2047 2413 2160 2460 stus
2190 2406 2442 2475 loquitur,
2471 2407 2668 2463 Paulus
2694 2408 2928 2464 afﬁrmat
2966 2411 3020 2483 (Ι
3050 2412 3170 2466 Cor.
3210 2413 3309 2483 tu),
3338 2415 3448 2486 Ego
3481 2417 3632 2486 plan-

2047 2497 2172 2559 tavi,
2207 2496 2397 2566 Apollo
2427 2500 2641 2568 rigavit,
2689 2501 2782 2556 sed
2834 2503 2973 2557 Deus
3020 2504 3413 2561 incrementum
3461 2509 3629 2563 dedit.

2045 2585 2231 2656 Itaque
2260 2604 2434 2659 neque
2457 2590 2549 2658 qui
2595 2591 2803 2661 plantat
2827 2601 2911 2649 cst
2937 2596 3157 2664 aliquid,
3191 2613 3367 2666 neque
3415 2601 3504 2669 qui
3563 2601 3632 2653 ri-

2043 2685 2154 2747 gat,
2187 2678 2284 2735 scd
2326 2680 2419 2750 qui
2455 2680 2845 2736 incrementum
2875 2685 2967 2738 dat
3003 2685 3158 2742 Deus.
3212 2687 3253 2741 A
3294 2689 3405 2743 Deo
3451 2700 3632 2744 autem

2046 2785 2153 2825 non
2193 2771 2450 2840 quaeritur
2491 2773 2633 2840 quis,
2681 2773 2765 2826 vel
2802 2775 2975 2841 qualis
3018 2777 3294 2845 praalicet,
3336 2778 3432 2833 sed
3471 2794 3632 2848 quem

2046 2858 2319 2926 praedicet,
2350 2867 2410 2913 ut
2436 2860 2644 2914 invidos
2671 2863 2832 2914 etiam
2862 2862 3001 2916 bene
3038 2863 3308 2918 Christum
3341 2867 3638 2935 prmdicare

2045 2949 2346 3003 conlirmct.
2375 2949 2492 3014 Quo
2534 2953 2676 3005 malo
2712 2952 2958 3007 diabolus
3005 2954 3120 3028 ipse
3160 2956 3401 3025 dejectus
3430 2969 3530 3025 est,
3583 2970 3642 3015 et

2045 3041 2146 3095 hoc
2179 3042 2296 3110 ipso
2325 3043 2617 3111 praedicare
2644 3061 2750 3100 non
2775 3046 2992 3101 desinit.

355 3167 536 3204 coram
570 3151 705 3220 ipso,
733 3157 788 3204 et
816 3148 1085 3203 obedieris
1115 3148 1399 3218 prmceptis
1414 3149 1553 3217 ejus,
1579 3155 1634 3201 et
1672 3149 1941 3203 custodic-
1971 3146 2015 3206 C
2049 3151 2198 3215 Quod
2238 3153 2364 3206 mali
2407 3155 2543 3208 bona
2589 3157 2933 3212 ministrando
2983 3160 3081 3213 sibi
3130 3164 3482 3217 tantummodo
3539 3180 3639 3219 no-

356 3239 430 3293 ris
457 3254 672 3293 omnem
693 3236 957 3306 justitiam
985 3235 1121 3304 ejus,
1146 3251 1360 3291 omnem
1393 3236 1757 3290 inﬁrmitatem
1778 3230 1939 3304 quam

354 3328 640 3397 importavi
673 3325 964 3398 Egyptiis,
995 3341 1102 3379 non
1129 3325 1432 3393 importabo
1461 3325 1513 3379 in
1546 3333 1598 3379 te
1625 3343 1635 3376 :
1662 3323 1774 3393 Ego
1796 3325 1938 3378 enim

352 3432 469 3470 sum
501 3417 760 3470 Dominus
796 3414 887 3483 qui
932 3413 1140 3468 salvum
1183 3411 1321 3466 facio
1353 3421 1425 3466 te.
1478 3410 1546 3466 Et
1593 3411 1700 3465 illic
1745 3412 1939 3467 iterum

354 3507 476 3560 tuba
506 3503 877 3574 potentissima
907 3503 1154 3560 canitur;
1187 3501 1250 3556 Et
1273 3517 1436 3569 nunc,
1468 3500 1653 3567 Israel,
1681 3502 1809 3569 quid
1829 3501 1937 3556 Do-

352 3596 528 3649 minus
551 3595 691 3648 Deus
722 3602 844 3648 tuus
867 3593 1159 3662 postulata
1191 3600 1242 3646 te
1269 3592 1412 3646 aliud
1443 3606 1602 3660 quam
1641 3599 1700 3645 ut
1751 3592 1940 3648 timeas

352 3681 632 3735 Dominum
663 3681 831 3735 Deum
868 3689 1038 3746 tuum,
1069 3689 1124 3736 et
1151 3681 1392 3737 ambules
1441 3682 1496 3736 in
1539 3682 1790 3739 omnibus
1835 3683 1938 3740 viis

349 3774 485 3842 ejus,
514 3782 570 3827 et
598 3772 788 3842 diligas
827 3788 971 3841 eum,
1003 3781 1057 3829 et
1101 3775 1308 3829 servias
1351 3774 1581 3830 Domino
1609 3773 1724 3830 Deo
1746 3781 1840 3830 tuo
1869 3790 1935 3830 ex

328 3869 464 3916 'toto
511 3860 676 3916 corde
729 3868 843 3930 tuo,
888 3869 944 3916 et
993 3876 1060 3917 ex
1089 3869 1204 3917 tota
1245 3862 1425 3916 anima
1473 3871 1562 3918 tua
1613 3861 1787 3934 (Deut.
1839 3862 1936 3934 x)?

345 3953 570 4009 Custodi
599 3961 868 4024 prmcepta
907 3953 1116 4009 Domini
1152 3954 1247 4008 Dei
1295 3955 1394 4022 tui,
1440 3962 1495 4008 et
1517 3955 1753 4025 justitias
1796 3955 1931 4023 ejus,

346 4058 478 4113 quas
508 4059 610 4114 ego
639 4043 836 4098 mando
859 4044 973 4098 tibi.
1007 4043 1135 4099 Haec
1161 4060 1248 4100 me
1273 4053 1647 4114 suggerentem
1679 4044 1934 4115 frequen-

346 4133 454 4186 tius
483 4148 590 4186 non
622 4140 840 4201 spernat
862 4133 1035 4202 pietas
1061 4140 1170 4197 tua,
1201 4141 1325 4187 ante
1349 4133 1536 4188 oculos
1576 4133 1780 4188 habens
1824 4134 1930 4188 Do-

345 4225 476 4277 mini
502 4224 556 4277 in
586 4221 876 4291 Evangelio
900 4224 1065 4278 verba
1092 4241 1104 4275 :
1140 4220 1240 4286 Qui
1269 4223 1416 4277 audit
1443 4239 1550 4288 vos,
1590 4239 1669 4276 me
1692 4224 1855 4288 audit,
1885 4234 1934 4278 et

345 4315 430 4384 qui
457 4331 544 4369 ros
572 4315 786 4382 spernit,
820 4330 900 4367 me
920 4315 1135 4384 spernit,
1185 4323 1234 4367 et
1261 4314 1346 4384 qui
1370 4329 1450 4366 me
1478 4313 1690 4383 spernit,
1738 4317 1936 4383 spernit

345 4422 461 4460 eum
488 4405 575 4475 qui
619 4422 698 4457 me
720 4405 856 4458 misit
879 4403 1028 4474 (Luc.
1055 4405 1132 4474 χ).
1161 4403 1294 4458 Nam
1330 4413 1385 4459 et
1423 4404 1712 4474 Apostolus
1749 4407 1933 4460 conci—

2180 3233 2348 3286 retmt,
2378 3241 2471 3279 nec
2498 3225 2751 3280 Ecclesia:
2775 3239 3098 3283 sacramenta
3123 3234 3512 3288 commaculent.

2117 3312 2243 3368 VIII.
2283 3313 2409 3369 Ideo
2438 3330 2565 3384 ergo
2594 3325 2649 3370 et
2675 3316 2784 3381 hic,
2823 3319 2976 3386 cujus
3006 3335 3200 3374 nomen
3248 3321 3472 3382 dicimus
3515 3339 3634 3378 esse

2042 3406 2394 3472 reticendum,
2424 3408 2563 3462 male
2590 3409 2730 3463 bona
2760 3411 3115 3468 ministrando
3145 3412 3246 3466 sibi
3287 3421 3493 3468 tantum
3535 3433 3631 3469 uo-

2042 3497 2171 3551 cuit.
2213 3496 2348 3552 Nam
2376 3498 2682 3554 inviolabile
2710 3510 3126 3567 sacramentum,
3157 3504 3301 3571 quod
3347 3521 3442 3574 per
3486 3507 3630 3561 illum

2041 3588 2224 3643 datum
2251 3597 2351 3656 est,
2394 3589 2514 3644 aliis
2537 3590 2922 3660 perfectionem
2970 3609 3081 3648 sua:
3118 3597 3344 3650 virtutis
3379 3598 3629 3653 obtinuit.

2041 3676 2194 3742 Quod
2220 3692 2343 3732 cum
2373 3679 2446 3732 ita
2476 3679 2567 3746 sit,
2599 3679 2900 3748 aliquorum
2934 3681 2987 3736 in
3031 3691 3238 3735 tantum
3285 3699 3344 3738 se
3386 3687 3637 3740 extendit

2041 3770 2252 3824 curiosa
2274 3770 2528 3840 suspicio,
2564 3781 2622 3824 ut
2645 3772 2969 3840 imaginetur
2990 3774 3201 3842 prolato
3231 3790 3260 3827 a
3291 3789 3430 3843 papa
3453 3775 3634 3832 Felice

2035 3860 2260 3931 judicio,
2293 3869 2479 3932 postea
2503 3861 2855 3916 inefﬁcaciter
2881 3863 2932 3917 in
2955 3865 3328 3932 sacramentis,
3354 3880 3473 3935 qua:
3494 3867 3629 3921 Aca-

2042 3952 2145 4006 tius
2199 3953 2495 4022 usurpavit,
2520 3953 2732 4021 egisse:
2777 3968 2841 4008 ac
2868 3953 3090 4023 perinde
3119 3969 3213 4009 eos
3240 3963 3499 4022 metuere,
3539 3957 3628 4026 qui

2040 4046 2123 4099 vel
2148 4044 2201 4099 in
2229 4045 2748 4111 consecrationibus,
2781 4046 2868 4100 vel
2908 4046 2959 4101 in
3001 4046 3326 4116 baptismate
3373 4049 3627 4120 mysteria

2039 4134 2234 4189 tradita
2279 4145 2649 4205 susceperunt,
2697 4151 2765 4191 ne
2810 4137 2959 4191 irrita
3009 4135 3267 4192 beneﬁcia
3325 4137 3502 4192 divina
3551 4139 3627 4192 vi-

2037 4225 2282 4292 deantur,
2314 4227 2674 4282 meminerunt
2702 4227 2756 4280 in
2776 4227 2916 4282 hanc
2943 4242 3159 4298 quoque
3194 4237 3397 4298 partem
3437 4230 3626 4283 simili-

2039 4322 2120 4369 ter
2143 4322 2428 4370 tractatum
2465 4315 2761 4385 praevalere
2795 4330 3155 4384 superiorem,
3197 4318 3323 4387 quia
3356 4333 3464 4372 non
3513 4320 3634 4373 sine

2038 4405 2388 4475 usurpatione
2433 4405 2726 4461 sacerdotii
2757 4405 3095 4475 adjudicatus
3128 4407 3234 4464 hoc
3276 4409 3404 4476 egit.
3437 4407 3494 4463 In
3521 4425 3627 4478 quo

345 4511 480 4551 nens
509 4497 776 4551 Salvatori
821 4504 1008 4552 nostro
1050 4497 1122 4550 ita
1152 4496 1390 4565 loquitur
1421 4515 1432 4549 :
1479 4495 1806 4568 Quapropter
1848 4499 1931 4567 qui
1965 4523 2012 4581 ο
2036 4495 2292 4549 virtutem
2328 4510 2482 4549 suam
2523 4495 2890 4551 obtinentibus
2933 4499 3227 4568 mysteriis,
3270 4499 3322 4554 in
3353 4499 3459 4556 hoc
3493 4517 3628 4570 quo~

343 4589 455 4643 lucc
501 4590 719 4658 spernit,
772 4605 877 4643 non
926 4590 1181 4643 hominem
1215 4591 1430 4659 spernit,
1478 4589 1569 4643 sed
1609 4589 1792 4652 Deum,
1843 4593 1929 4662 qui

342 4675 489 4735 dedit
519 4679 767 4749 Spiritum
792 4689 1028 4734 sanctum
1050 4681 1103 4734 in
1132 4680 1278 4735 nobis
1303 4679 1356 4747 (Ι
1388 4679 1566 4735 Thess.
1601 4682 1694 4751 Iv).
1737 4681 1929 4737 Pectus

341 4771 643 4828 clementiae
667 4781 857 4827 vestrae
871 4757 1168 4828 sacrarium
1200 4781 1284 4827 est
1314 4773 1534 4841 publice
1558 4771 1845 4837 felicitatis,
1872 4782 1929 4828 ut

340 4881 441 4935 per
467 4863 780 4918 instantiam
805 4871 1037 4918 vestram
1069 4864 1251 4933 (quam
1292 4864 1438 4917 velut
1469 4863 1740 4917 vicarium
1792 4878 1928 4932 prac-

339 4955 520 5013 sidere
562 4954 722 5023 jussit
775 4955 830 5008 in
884 4955 1084 5026 terris)
1141 4953 1460 5022 evangelicis
1513 4953 1928 5024 apostolicisque

341 5045 660 5113 prmeeptis,
719 5060 828 5100 non
869 5044 1004 5100 dura
1046 5045 1297 5115 superbia
1345 5046 1642 5109 resistatur,
1693 5044 1786 5100 sed
1833 5059 1930 5115 per

339 5134 722 5201 obedientiam,
756 5150 875 5207 quae
898 5144 1026 5191 sunt
1047 5135 1342 5203 salutifera,
1384 5137 1781 5207 compleantur.

340 5245 602 5328 Quodeos
623 5263 748 5328 quos
760 5243 1276 5328 postdamitalionem
1294 5248 1541 5328 su.am_vel.
1553 5248 1834 5328 baptizavit
1855 5251 1931 5305 vel

412 5317 671 5371 ordinavit
697 5317 929 5384 Aeetius,
960 5321 1108 5374 nulla
1139 5321 1305 5396 portio
1341 5319 1570 5374 ltesionis
1610 5317 1856 5392 attingat.

415 5407 522 5461 VII.
566 5407 698 5462 Nam
718 5412 1011 5464 secundum
1038 5409 1294 5466 Ecclesia:
1331 5411 1608 5466 catholicae
1639 5419 1928 5466 consuetu-

335 5501 520 5561 dinem
541 5502 957 5558 sacratissimum
987 5503 1291 5559 serenitatis
1315 5510 1416 5558 tuaa
1438 5513 1624 5573 pectus
1647 5515 1922 5574 agnoscat,

335 5590 485 5661 quod
516 5592 721 5647 nullum
748 5592 815 5648 de
838 5595 940 5657 his,
971 5595 1054 5650 vel
1085 5610 1222 5666 quos
1249 5593 1543 5665 baptizavit
1569 5593 1808 5660 Aeetius,
1841 5597 1926 5653 vel

335 5696 478 5750 quos
518 5683 854 5749 sacerdotes,
912 5684 1026 5741 sive
1073 5686 1284 5754 levitas,
1328 5686 1619 5742 secundum
1665 5704 1920 5756 canones,

339 5773 634 5852 ordinavit,
666 5775 772 5832 ulla
802 5789 895 5832 eos
925 5791 992 5832 ex
1021 5777 1236 5834 nomine
1269 5776 1438 5833 Acatii
1487 5777 1662 5847 portio
1692 5777 1924 5835 ltcsionis

2037 4601 2143 4656 que
2168 4586 2286 4640 aliis
2312 4601 2406 4640 rea
2434 4585 2535 4641 sibi
2573 4602 2806 4657 persona
2835 4603 2945 4642 non
2983 4589 3186 4654 nocuit,
3221 4606 3344 4644 nam
3385 4591 3452 4645 ad
3481 4593 3626 4648 illum

2037 4679 2317 4748 pertinuit,
2346 4679 2491 4747 quod
2535 4679 2658 4734 tuba
2691 4679 2862 4735 David
2896 4681 2969 4736 ita
2995 4683 3228 4752 canitur,
3266 4683 3626 4741 Verumtamen

2038 4771 2178 4825 Deus
2205 4771 2566 4841 conquassavit
2593 4773 2766 4844 capita
2786 4774 3114 4828 inimicorum
3135 4792 3363 4842 suorum,
3393 4781 3624 4832 uerticem

2041 4855 2229 4928 capilli
2254 4859 2741 4926 perambulantium
2786 4863 2837 4914 in
2866 4861 3065 4915 dilectis
3100 4866 3206 4917 suis
3236 4861 3400 4930 (Psal.
3429 4865 3616 4928 van).

2036 4948 2176 5006 Nam
2226 4950 2487 5020 superbia
2512 4966 2731 5022 semper
2774 4954 2900 5019 sibi,
2951 4967 3058 5006 non
3087 4953 3178 5007 alii
3215 4953 3342 5006 facit
3377 4952 3613 5018 ruinam,

2037 5040 2188 5110 quod
2209 5041 2465 5097 universa
2483 5042 2893 5113 Scripturarum
2911 5045 3220 5100 caelestium
3240 5052 3472 5100 testatur
3488 5059 3620 5099 aue-

2038 5133 2255 5197 toritas,
2280 5134 2426 5190 sicut
2447 5135 2614 5189 etiam
2641 5151 2739 5204 per
2763 5135 3027 5206 Spiritum
3047 5144 3298 5192 sanctum
3322 5135 3527 5191 dicitur
3559 5137 3614 5191 in

2035 5224 2307 5294 propheta
2331 5242 2345 5278 :
2379 5224 2502 5279 Non
2521 5227 2781 5282 habitavit
2802 5228 2854 5281 in
2876 5229 3046 5282 medio
3065 5229 3246 5282 domus
3265 5243 3412 5288 mete,
3432 5227 3524 5297 qui
3539 5228 3619 5295 fa-

2040 5316 2111 5369 cit
2128 5317 2427 5385 superbiam
2452 5317 2629 5387 (Psal.
2651 5319 2722 5389 c).
2751 5317 2906 5374 Unde
2927 5335 3056 5373 cum
3077 5319 3182 5375 sibi
3203 5318 3503 5374 sacerdotis
3522 5334 3619 5374 uo-

2037 5423 2162 5464 men
2189 5410 2579 5473 vindicaverit,
2622 5407 3021 5466 condemnatus
3046 5413 3099 5466 in
3137 5412 3312 5482 ipsius
3347 5411 3613 5466 verticem

2035 5500 2312 5571 superbiae
2336 5513 2521 5558 tumor
2541 5502 2784 5558 inllictus
2808 5513 2912 5564 est.
2937 5504 3065 5572 quia
3091 5518 3198 5558 non
3224 5503 3484 5574 populus,
3519 5504 3617 5574 qui

2035 5592 2092 5651 in
2115 5594 2394 5664 mysteriis
2423 5595 2630 5651 donum
2658 5595 2830 5666 ipsius
2850 5595 3090 5662 sitiebat,
3121 5595 3376 5652 exclusus
3396 5604 3500 5662 est,
3525 5595 3621 5651 sed

2037 5686 2219 5739 anima
2244 5686 2364 5740 sola
2389 5688 2479 5743 illa
2506 5705 2626 5758 qua:
2649 5699 2972 5758 peccaverat
2994 5690 3146 5761 justo
3166 5689 3377 5760 judicio
3404 5689 3622 5760 proprie

2035 5785 2152 5830 erat
2177 5773 2432 5844 obnoxia,
2462 5780 2611 5846 quod
2643 5779 2849 5852 ubique
2872 5796 3167 5838 numerosa
3200 5779 3614 5852 Scripturarum
