  <div class='ocr_page' id='page_1' title='image "/cluster/home/n/w/nwhite01/storage/ocr_20150623/67/umn.31951002477360y/172.png"; bbox 0 0 4104 6504; ppageno 0'>
   <div class='ocr_carea' id='block_1_1' title="bbox 388 367 488 424">
    <p class='ocr_par' dir='ltr' id='par_1_1' title="bbox 388 367 488 424">
     <span class='ocr_line' id='line_1_1' title="bbox 388 367 488 424; baseline -0.02 0"><span class='ocrx_word' id='word_1_1' title='bbox 388 367 488 424; x_wconf 74' lang='grc'><strong>517</strong></span> 
     </span>
    </p>
   </div>
   <div class='ocr_carea' id='block_1_2' title="bbox 1384 361 2646 419">
    <p class='ocr_par' dir='ltr' id='par_1_2' title="bbox 1384 361 2646 419">
     <span class='ocr_line' id='line_1_2' title="bbox 1384 361 2646 419; baseline 0 -2"><span class='ocrx_word' id='word_1_2' title='bbox 1384 361 1758 419; x_wconf 81' lang='lat' dir='ltr'><strong>COLLECTIO</strong></span> <span class='ocrx_word' id='word_1_3' title='bbox 1795 364 1836 417; x_wconf 85' lang='lat' dir='ltr'><strong>ll</strong></span> <span class='ocrx_word' id='word_1_4' title='bbox 1881 362 2347 418; x_wconf 78' lang='lat' dir='ltr'><strong>DECRETURUM</strong></span> <span class='ocrx_word' id='word_1_5' title='bbox 2389 362 2492 418; x_wconf 84' lang='lat' dir='ltr'><strong>PP.</strong></span> <span class='ocrx_word' id='word_1_6' title='bbox 2535 363 2646 417; x_wconf 81' lang='lat' dir='ltr'><strong>RR.</strong></span> 
     </span>
    </p>
   </div>
   <div class='ocr_carea' id='block_1_3' title="bbox 2338 41 2480 48">
    <p class='ocr_par' dir='ltr' id='par_1_3' title="bbox 2338 41 2480 48">
     <span class='ocr_line' id='line_1_3' title="bbox 2338 41 2480 48; baseline 0.007 -1"><span class='ocrx_word' id='word_1_7' title='bbox 2338 41 2480 48; x_wconf 60' lang='grc' dir='ltr'><strong>,η-τ</strong></span> 
     </span>
    </p>
   </div>
   <div class='ocr_carea' id='block_1_4' title="bbox 3547 366 3649 418">
    <p class='ocr_par' dir='ltr' id='par_1_4' title="bbox 3547 366 3649 418">
     <span class='ocr_line' id='line_1_4' title="bbox 3547 366 3649 418; baseline -0.01 0"><span class='ocrx_word' id='word_1_8' title='bbox 3547 366 3649 418; x_wconf 78' lang='grc'><strong>518</strong></span> 
     </span>
    </p>
   </div>
   <div class='ocr_carea' id='block_1_5' title="bbox 387 477 3646 551">
    <p class='ocr_par' dir='ltr' id='par_1_5' title="bbox 387 477 3646 551">
     <span class='ocr_line' id='line_1_5' title="bbox 387 477 3646 551; baseline -0.001 -12"><span class='ocrx_word' id='word_1_9' title='bbox 387 478 1080 551; x_wconf 79' lang='lat' dir='ltr'><strong>subscriptionesproprias</strong></span> <span class='ocrx_word' id='word_1_10' title='bbox 1098 477 1449 551; x_wconf 68' lang='lat' dir='ltr'><strong>commodam</strong></span> <span class='ocrx_word' id='word_1_11' title='bbox 1474 498 1485 531; x_wconf 87' lang='lat'><strong>:</strong></span> <span class='ocrx_word' id='word_1_12' title='bbox 1514 488 1568 532; x_wconf 90' lang='lat' dir='ltr'><strong>ut</strong></span> <span class='ocrx_word' id='word_1_13' title='bbox 1611 481 1852 551; x_wconf 81' lang='lat' dir='ltr'><strong>synodali</strong></span> <span class='ocrx_word' id='word_1_14' title='bbox 1878 483 1968 549; x_wconf 89' lang='lat' dir='ltr'><strong>jn-</strong></span> <span class='ocrx_word' id='word_1_15' title='bbox 2002 487 2046 543; x_wconf 75' lang='grc' dir='ltr'><strong>Α</strong></span> <span class='ocrx_word' id='word_1_16' title='bbox 2077 490 2203 534; x_wconf 91' lang='lat' dir='ltr'><strong>stet.</strong></span> <span class='ocrx_word' id='word_1_17' title='bbox 2227 480 2364 549; x_wconf 85' lang='lat' dir='ltr'><strong>Ergo</strong></span> <span class='ocrx_word' id='word_1_18' title='bbox 2386 483 2698 550; x_wconf 79' lang='lat' dir='ltr'><strong>suppliciter</strong></span> <span class='ocrx_word' id='word_1_19' title='bbox 2721 482 3366 551; x_wconf 83' lang='lat' dir='ltr'><strong>preeanmrapostolatum</strong></span> <span class='ocrx_word' id='word_1_20' title='bbox 3391 490 3646 548; x_wconf 89' lang='lat' dir='ltr'><strong>vestrum,</strong></span> 
     </span>
    </p>
   </div>
   <div class='ocr_carea' id='block_1_6' title="bbox 394 547 1314 609">
    <p class='ocr_par' dir='ltr' id='par_1_6' title="bbox 394 547 1314 609">
     <span class='ocr_line' id='line_1_6' title="bbox 394 547 1314 609; baseline -0.011 1"><span class='ocrx_word' id='word_1_21' title='bbox 394 555 536 609; x_wconf 82' lang='lat' dir='ltr'><strong>dicio</strong></span> <span class='ocrx_word' id='word_1_22' title='bbox 562 547 740 605; x_wconf 85' lang='lat' dir='ltr'><strong>aditus</strong></span> <span class='ocrx_word' id='word_1_23' title='bbox 779 547 1062 602; x_wconf 73' lang='lat' dir='ltr'><strong>(laudatur</strong></span> <span class='ocrx_word' id='word_1_24' title='bbox 1097 547 1314 602; x_wconf 74' lang='lat' dir='ltr'><strong>illicitis.</strong></span> 
     </span>
    </p>
   </div>
   <div class='ocr_carea' id='block_1_7' title="bbox 459 615 1971 687">
    <p class='ocr_par' dir='ltr' id='par_1_7' title="bbox 459 615 1971 687">
     <span class='ocr_line' id='line_1_7' title="bbox 459 615 1971 687; baseline -0.002 -11"><span class='ocrx_word' id='word_1_25' title='bbox 459 623 536 676; x_wconf 85' lang='lat' dir='ltr'><strong>Ah</strong></span> <span class='ocrx_word' id='word_1_26' title='bbox 564 620 826 674; x_wconf 74' lang='lat' dir='ltr'><strong>universis</strong></span> <span class='ocrx_word' id='word_1_27' title='bbox 855 616 1124 687; x_wconf 71' lang='lat' dir='ltr'><strong>episcopis</strong></span> <span class='ocrx_word' id='word_1_28' title='bbox 1154 626 1208 670; x_wconf 88' lang='lat' dir='ltr'><strong>et</strong></span> <span class='ocrx_word' id='word_1_29' title='bbox 1251 615 1578 687; x_wconf 80' lang='lat' dir='ltr'><strong>presbyteris</strong></span> <span class='ocrx_word' id='word_1_30' title='bbox 1618 619 1971 674; x_wconf 75' lang='lat' dir='ltr'><strong>acclamatum</strong></span> 
     </span>
    </p>
   </div>
   <div class='ocr_carea' id='block_1_8' title="bbox 389 684 1967 752">
    <p class='ocr_par' dir='ltr' id='par_1_8' title="bbox 389 684 1967 752">
     <span class='ocr_line' id='line_1_8' title="bbox 389 684 1967 752; baseline -0.001 -7"><span class='ocrx_word' id='word_1_31' title='bbox 389 704 506 747; x_wconf 71' lang='lat' dir='ltr'><strong>(st:</strong></span> <span class='ocrx_word' id='word_1_32' title='bbox 541 690 770 752; x_wconf 78' lang='lat' dir='ltr'><strong>Exaudi,</strong></span> <span class='ocrx_word' id='word_1_33' title='bbox 800 684 1634 752; x_wconf 37' lang='lat' dir='ltr'><strong>Christe,_llilaro_vita,&#39;dictum</strong></span> <span class='ocrx_word' id='word_1_34' title='bbox 1659 699 1738 744; x_wconf 88' lang='lat' dir='ltr'><strong>est</strong></span> <span class='ocrx_word' id='word_1_35' title='bbox 1770 693 1967 744; x_wconf 83' lang='lat' dir='ltr'><strong>sexies.</strong></span> 
     </span>
    </p>
   </div>
   <div class='ocr_carea' id='block_1_9' title="bbox 392 756 1968 824">
    <p class='ocr_par' dir='ltr' id='par_1_9' title="bbox 392 756 1968 824">
     <span class='ocr_line' id='line_1_9' title="bbox 392 756 1968 824; baseline -0.002 -9"><span class='ocrx_word' id='word_1_36' title='bbox 392 761 516 815; x_wconf 63' lang='lat' dir='ltr'><strong>lbee</strong></span> <span class='ocrx_word' id='word_1_37' title='bbox 569 759 972 824; x_wconf 84' lang='lat' dir='ltr'><strong>confirmamus,</strong></span> <span class='ocrx_word' id='word_1_38' title='bbox 1019 757 1134 811; x_wconf 75' lang='lat' dir='ltr'><strong>hmc</strong></span> <span class='ocrx_word' id='word_1_39' title='bbox 1179 756 1465 822; x_wconf 90' lang='lat' dir='ltr'><strong>docemus,</strong></span> <span class='ocrx_word' id='word_1_40' title='bbox 1525 758 1724 812; x_wconf 89' lang='lat' dir='ltr'><strong>dictum</strong></span> <span class='ocrx_word' id='word_1_41' title='bbox 1775 762 1968 816; x_wconf 78' lang='lat' dir='ltr'><strong>octies.</strong></span> 
     </span>
    </p>
   </div>
   <div class='ocr_carea' id='block_1_10' title="bbox 393 827 1974 900">
    <p class='ocr_par' dir='ltr' id='par_1_10' title="bbox 393 827 1974 900">
     <span class='ocr_line' id='line_1_10' title="bbox 393 827 1974 900; baseline -0.001 -15"><span class='ocrx_word' id='word_1_42' title='bbox 393 831 515 885; x_wconf 74' lang='lat' dir='ltr'><strong>[Lee</strong></span> <span class='ocrx_word' id='word_1_43' title='bbox 546 829 780 900; x_wconf 87' lang='lat' dir='ltr'><strong>tenenda</strong></span> <span class='ocrx_word' id='word_1_44' title='bbox 804 837 948 890; x_wconf 90' lang='lat' dir='ltr'><strong>sunt,</strong></span> <span class='ocrx_word' id='word_1_45' title='bbox 980 827 1092 880; x_wconf 62' lang='lat' dir='ltr'><strong>haec</strong></span> <span class='ocrx_word' id='word_1_46' title='bbox 1118 827 1382 900; x_wconf 82' lang='lat' dir='ltr'><strong>servanda</strong></span> <span class='ocrx_word' id='word_1_47' title='bbox 1405 834 1550 900; x_wconf 85' lang='lat' dir='ltr'><strong>sunt,</strong></span> <span class='ocrx_word' id='word_1_48' title='bbox 1580 829 1780 900; x_wconf 77' lang='lat' dir='ltr'><strong>dictum</strong></span> <span class='ocrx_word' id='word_1_49' title='bbox 1811 832 1974 900; x_wconf 72' lang='lat' dir='ltr'><strong>quin-</strong></span> 
     </span>
    </p>
   </div>
   <div class='ocr_carea' id='block_1_11' title="bbox 389 897 1972 970">
    <p class='ocr_par' dir='ltr' id='par_1_11' title="bbox 389 897 1972 970">
     <span class='ocr_line' id='line_1_11' title="bbox 389 897 1972 970; baseline 0.001 -17"><span class='ocrx_word' id='word_1_50' title='bbox 389 902 562 970; x_wconf 86' lang='lat' dir='ltr'><strong>quies.</strong></span> <span class='ocrx_word' id='word_1_51' title='bbox 604 899 871 952; x_wconf 83' lang='lat' dir='ltr'><strong>Doctrina:</strong></span> <span class='ocrx_word' id='word_1_52' title='bbox 900 905 1090 950; x_wconf 85' lang='lat' dir='ltr'><strong>vestra:</strong></span> <span class='ocrx_word' id='word_1_53' title='bbox 1117 897 1316 964; x_wconf 77' lang='lat' dir='ltr'><strong>gratias</strong></span> <span class='ocrx_word' id='word_1_54' title='bbox 1354 899 1581 966; x_wconf 80' lang='lat' dir='ltr'><strong>agimus,</strong></span> <span class='ocrx_word' id='word_1_55' title='bbox 1629 897 1842 954; x_wconf 48' lang='lat' dir='ltr'><strong>dictum‘</strong></span> <span class='ocrx_word' id='word_1_56' title='bbox 1874 901 1972 955; x_wconf 91' lang='lat' dir='ltr'><strong>de-</strong></span> 
     </span>
    </p>
   </div>
   <div class='ocr_carea' id='block_1_12' title="bbox 387 968 1973 1038">
    <p class='ocr_par' dir='ltr' id='par_1_12' title="bbox 387 968 1973 1038">
     <span class='ocr_line' id='line_1_12' title="bbox 387 968 1973 1038; baseline -0.001 -13"><span class='ocrx_word' id='word_1_57' title='bbox 387 968 516 1025; x_wconf 78' lang='lat' dir='ltr'><strong>cies.</strong></span> <span class='ocrx_word' id='word_1_58' title='bbox 539 968 723 1038; x_wconf 83' lang='lat' dir='ltr'><strong>istaut</strong></span> <span class='ocrx_word' id='word_1_59' title='bbox 744 970 796 1020; x_wconf 92' lang='lat' dir='ltr'><strong>in</strong></span> <span class='ocrx_word' id='word_1_60' title='bbox 818 974 1135 1038; x_wconf 82' lang='lat' dir='ltr'><strong>perpetuum</strong></span> <span class='ocrx_word' id='word_1_61' title='bbox 1155 981 1454 1038; x_wconf 81' lang='lat' dir='ltr'><strong>serventur,</strong></span> <span class='ocrx_word' id='word_1_62' title='bbox 1477 983 1748 1038; x_wconf 78' lang='lat' dir='ltr'><strong>rogamus,</strong></span> <span class='ocrx_word' id='word_1_63' title='bbox 1773 970 1973 1024; x_wconf 84' lang='lat' dir='ltr'><strong>dictum</strong></span> 
     </span>
    </p>
   </div>
   <div class='ocr_carea' id='block_1_13' title="bbox 391 1035 1971 1110">
    <p class='ocr_par' dir='ltr' id='par_1_13' title="bbox 391 1035 1971 1110">
     <span class='ocr_line' id='line_1_13' title="bbox 391 1035 1971 1110; baseline -0.001 -15"><span class='ocrx_word' id='word_1_64' title='bbox 391 1049 476 1095; x_wconf 87' lang='lat' dir='ltr'><strong>est</strong></span> <span class='ocrx_word' id='word_1_65' title='bbox 495 1035 834 1109; x_wconf 72' lang='lat' dir='ltr'><strong>quindecies.~</strong></span> <span class='ocrx_word' id='word_1_66' title='bbox 853 1035 956 1090; x_wconf 88' lang='lat' dir='ltr'><strong>Per</strong></span> <span class='ocrx_word' id='word_1_67' title='bbox 981 1035 1522 1110; x_wconf 83' lang='lat' dir='ltr'><strong>dominum__Petrum,</strong></span> <span class='ocrx_word' id='word_1_68' title='bbox 1547 1035 1622 1092; x_wconf 71' lang='grc' dir='ltr'><strong>ἰιι</strong></span> <span class='ocrx_word' id='word_1_69' title='bbox 1677 1035 1742 1093; x_wconf 85' lang='lat' dir='ltr'><strong>in</strong></span> <span class='ocrx_word' id='word_1_70' title='bbox 1773 1055 1971 1110; x_wconf 88' lang='lat' dir='ltr'><strong>perpe-</strong></span> 
     </span>
    </p>
   </div>
   <div class='ocr_carea' id='block_1_14' title="bbox 394 1105 1976 1174">
    <p class='ocr_par' dir='ltr' id='par_1_14' title="bbox 394 1105 1976 1174">
     <span class='ocr_line' id='line_1_14' title="bbox 394 1105 1976 1174; baseline 0.001 -11"><span class='ocrx_word' id='word_1_71' title='bbox 394 1105 541 1163; x_wconf 78' lang='lat' dir='ltr'><strong>tuum</strong></span> <span class='ocrx_word' id='word_1_72' title='bbox 587 1115 871 1163; x_wconf 86' lang='lat' dir='ltr'><strong>serventur</strong></span> <span class='ocrx_word' id='word_1_73' title='bbox 915 1120 1185 1174; x_wconf 78' lang='lat' dir='ltr'><strong>rogamus,</strong></span> <span class='ocrx_word' id='word_1_74' title='bbox 1233 1105 1436 1161; x_wconf 90' lang='lat' dir='ltr'><strong>dictum</strong></span> <span class='ocrx_word' id='word_1_75' title='bbox 1483 1117 1566 1162; x_wconf 89' lang='lat' dir='ltr'><strong>est</strong></span> <span class='ocrx_word' id='word_1_76' title='bbox 1608 1105 1797 1163; x_wconf 73' lang='lat' dir='ltr'><strong>octies.</strong></span> <span class='ocrx_word' id='word_1_77' title='bbox 1852 1105 1976 1164; x_wconf 73' lang='lat' dir='ltr'><strong>liiec</strong></span> 
     </span>
    </p>
   </div>
   <div class='ocr_carea' id='block_1_15' title="bbox 393 1175 1976 1248">
    <p class='ocr_par' dir='ltr' id='par_1_15' title="bbox 393 1175 1976 1248">
     <span class='ocr_line' id='line_1_15' title="bbox 393 1175 1976 1248; baseline 0.001 -16"><span class='ocrx_word' id='word_1_78' title='bbox 393 1178 738 1248; x_wconf 67' lang='lat' dir='ltr'><strong>piwsuinptio</strong></span> <span class='ocrx_word' id='word_1_79' title='bbox 780 1191 1052 1245; x_wconf 87' lang='lat' dir='ltr'><strong>nunquam</strong></span> <span class='ocrx_word' id='word_1_80' title='bbox 1084 1175 1448 1248; x_wconf 13' lang='lat' dir='ltr'><strong>ifiat,_dietum</strong></span> <span class='ocrx_word' id='word_1_81' title='bbox 1480 1179 1678 1232; x_wconf 90' lang='lat' dir='ltr'><strong>decies.</strong></span> <span class='ocrx_word' id='word_1_82' title='bbox 1720 1178 1821 1244; x_wconf 87' lang='lat' dir='ltr'><strong>Qui</strong></span> <span class='ocrx_word' id='word_1_83' title='bbox 1861 1180 1976 1233; x_wconf 77' lang='lat' dir='ltr'><strong>hmc</strong></span> 
     </span>
    </p>
   </div>
   <div class='ocr_carea' id='block_1_16' title="bbox 396 1244 1975 1317">
    <p class='ocr_par' dir='ltr' id='par_1_16' title="bbox 396 1244 1975 1317">
     <span class='ocr_line' id='line_1_16' title="bbox 396 1244 1975 1317; baseline 0.001 -15"><span class='ocrx_word' id='word_1_84' title='bbox 396 1244 692 1309; x_wconf 81' lang='lat' dir='ltr'><strong>violaverit,</strong></span> <span class='ocrx_word' id='word_1_85' title='bbox 738 1248 790 1301; x_wconf 94' lang='lat' dir='ltr'><strong>in</strong></span> <span class='ocrx_word' id='word_1_86' title='bbox 828 1261 888 1301; x_wconf 89' lang='lat' dir='ltr'><strong>se</strong></span> <span class='ocrx_word' id='word_1_87' title='bbox 913 1244 1172 1317; x_wconf 80' lang='lat' dir='ltr'><strong>inveniet,</strong></span> <span class='ocrx_word' id='word_1_88' title='bbox 1218 1244 1670 1317; x_wconf 85' lang='lat' dir='ltr'><strong>dietum_septies.</strong></span> <span class='ocrx_word' id='word_1_89' title='bbox 1721 1249 1787 1303; x_wconf 85' lang='lat' dir='ltr'><strong>Et</strong></span> <span class='ocrx_word' id='word_1_90' title='bbox 1830 1249 1975 1303; x_wconf 85' lang='lat' dir='ltr'><strong>facto</strong></span> 
     </span>
    </p>
   </div>
   <div class='ocr_carea' id='block_1_17' title="bbox 394 1315 1974 1386">
    <p class='ocr_par' dir='ltr' id='par_1_17' title="bbox 394 1315 1974 1386">
     <span class='ocr_line' id='line_1_17' title="bbox 394 1315 1974 1386; baseline -0.001 -14"><span class='ocrx_word' id='word_1_91' title='bbox 394 1319 630 1383; x_wconf 77' lang='lat' dir='ltr'><strong>silentio,</strong></span> <span class='ocrx_word' id='word_1_92' title='bbox 661 1317 874 1370; x_wconf 84' lang='lat' dir='ltr'><strong>Hilarus</strong></span> <span class='ocrx_word' id='word_1_93' title='bbox 903 1316 1188 1386; x_wconf 89' lang='lat' dir='ltr'><strong>episcopus</strong></span> <span class='ocrx_word' id='word_1_94' title='bbox 1208 1315 1380 1369; x_wconf 85' lang='lat' dir='ltr'><strong>dixit:</strong></span> <span class='ocrx_word' id='word_1_95' title='bbox 1424 1315 1706 1382; x_wconf 66' lang='lat' dir='ltr'><strong>Praeterea,</strong></span> <span class='ocrx_word' id='word_1_96' title='bbox 1756 1319 1974 1382; x_wconf 84' lang='lat' dir='ltr'><strong>fratres,</strong></span> 
     </span>
    </p>
   </div>
   <div class='ocr_carea' id='block_1_18' title="bbox 396 1385 1976 1456">
    <p class='ocr_par' dir='ltr' id='par_1_18' title="bbox 396 1385 1976 1456">
     <span class='ocr_line' id='line_1_18' title="bbox 396 1385 1976 1456; baseline 0 -15"><span class='ocrx_word' id='word_1_97' title='bbox 396 1404 532 1444; x_wconf 87' lang='lat' dir='ltr'><strong>nova</strong></span> <span class='ocrx_word' id='word_1_98' title='bbox 557 1397 610 1443; x_wconf 89' lang='lat' dir='ltr'><strong>et</strong></span> <span class='ocrx_word' id='word_1_99' title='bbox 638 1387 889 1450; x_wconf 90' lang='lat' dir='ltr'><strong>inaudita,</strong></span> <span class='ocrx_word' id='word_1_100' title='bbox 920 1387 1058 1440; x_wconf 86' lang='lat' dir='ltr'><strong>sicut</strong></span> <span class='ocrx_word' id='word_1_101' title='bbox 1093 1385 1160 1456; x_wconf 86' lang='lat' dir='ltr'><strong>ad</strong></span> <span class='ocrx_word' id='word_1_102' title='bbox 1207 1401 1326 1447; x_wconf 90' lang='lat' dir='ltr'><strong>nos,</strong></span> <span class='ocrx_word' id='word_1_103' title='bbox 1376 1387 1552 1442; x_wconf 88' lang='lat' dir='ltr'><strong>missis</strong></span> <span class='ocrx_word' id='word_1_104' title='bbox 1595 1387 1662 1441; x_wconf 91' lang='lat' dir='ltr'><strong>de</strong></span> <span class='ocrx_word' id='word_1_105' title='bbox 1707 1387 1976 1456; x_wconf 87' lang='lat' dir='ltr'><strong>Hispaniis</strong></span> 
     </span>
    </p>
   </div>
   <div class='ocr_carea' id='block_1_19' title="bbox 395 1455 1975 1526">
    <p class='ocr_par' dir='ltr' id='par_1_19' title="bbox 395 1455 1975 1526">
     <span class='ocr_line' id='line_1_19' title="bbox 395 1455 1975 1526; baseline -0.001 -15"><span class='ocrx_word' id='word_1_106' title='bbox 395 1459 655 1526; x_wconf 86' lang='lat' dir='ltr'><strong>epistolis,</strong></span> <span class='ocrx_word' id='word_1_107' title='bbox 688 1457 786 1511; x_wconf 88' lang='lat' dir='ltr'><strong>sub</strong></span> <span class='ocrx_word' id='word_1_108' title='bbox 813 1465 960 1510; x_wconf 89' lang='lat' dir='ltr'><strong>certa</strong></span> <span class='ocrx_word' id='word_1_109' title='bbox 988 1455 1252 1510; x_wconf 88' lang='lat' dir='ltr'><strong>relatione</strong></span> <span class='ocrx_word' id='word_1_110' title='bbox 1284 1457 1544 1526; x_wconf 82' lang='lat' dir='ltr'><strong>pervenit,</strong></span> <span class='ocrx_word' id='word_1_111' title='bbox 1578 1457 1630 1510; x_wconf 91' lang='lat' dir='ltr'><strong>in</strong></span> <span class='ocrx_word' id='word_1_112' title='bbox 1657 1455 1975 1526; x_wconf 83' lang='lat' dir='ltr'><strong>quibusdam</strong></span> 
     </span>
    </p>
   </div>
   <div class='ocr_carea' id='block_1_20' title="bbox 396 1525 1980 1596">
    <p class='ocr_par' dir='ltr' id='par_1_20' title="bbox 396 1525 1980 1596">
     <span class='ocr_line' id='line_1_20' title="bbox 396 1525 1980 1596; baseline -0.001 -15"><span class='ocrx_word' id='word_1_113' title='bbox 396 1525 529 1582; x_wconf 88' lang='lat' dir='ltr'><strong>locis</strong></span> <span class='ocrx_word' id='word_1_114' title='bbox 558 1528 966 1596; x_wconf 77' lang='lat' dir='ltr'><strong>perversitatqu</strong></span> <span class='ocrx_word' id='word_1_115' title='bbox 991 1526 1195 1579; x_wconf 89' lang='lat' dir='ltr'><strong>semina</strong></span> <span class='ocrx_word' id='word_1_116' title='bbox 1225 1525 1449 1580; x_wconf 83' lang='lat' dir='ltr'><strong>subinde</strong></span> <span class='ocrx_word' id='word_1_117' title='bbox 1479 1525 1784 1582; x_wconf 80' lang='lat' dir='ltr'><strong>nascuntur.</strong></span> <span class='ocrx_word' id='word_1_118' title='bbox 1821 1527 1980 1580; x_wconf 80' lang='lat' dir='ltr'><strong>Deni-</strong></span> 
     </span>
    </p>
   </div>
   <div class='ocr_carea' id='block_1_21' title="bbox 397 1596 1976 1668">
    <p class='ocr_par' dir='ltr' id='par_1_21' title="bbox 397 1596 1976 1668">
     <span class='ocr_line' id='line_1_21' title="bbox 397 1596 1976 1668; baseline 0.001 -18"><span class='ocrx_word' id='word_1_119' title='bbox 397 1615 502 1668; x_wconf 88' lang='lat' dir='ltr'><strong>que</strong></span> <span class='ocrx_word' id='word_1_120' title='bbox 531 1597 769 1668; x_wconf 87' lang='lat' dir='ltr'><strong>nonnulli</strong></span> <span class='ocrx_word' id='word_1_121' title='bbox 801 1596 1186 1668; x_wconf 79' lang='lat' dir='ltr'><strong>episcopatum,</strong></span> <span class='ocrx_word' id='word_1_122' title='bbox 1214 1596 1304 1662; x_wconf 89' lang='lat' dir='ltr'><strong>qui</strong></span> <span class='ocrx_word' id='word_1_123' title='bbox 1334 1596 1547 1649; x_wconf 86' lang='lat' dir='ltr'><strong>nonnisi</strong></span> <span class='ocrx_word' id='word_1_124' title='bbox 1593 1598 1798 1668; x_wconf 82' lang='lat' dir='ltr'><strong>meritis</strong></span> <span class='ocrx_word' id='word_1_125' title='bbox 1837 1612 1976 1668; x_wconf 76' lang='lat' dir='ltr'><strong>pne-</strong></span> 
     </span>
    </p>
   </div>
   <div class='ocr_carea' id='block_1_22' title="bbox 398 1664 1980 1732">
    <p class='ocr_par' dir='ltr' id='par_1_22' title="bbox 398 1664 1980 1732">
     <span class='ocr_line' id='line_1_22' title="bbox 398 1664 1980 1732; baseline -0.001 -11"><span class='ocrx_word' id='word_1_126' title='bbox 398 1664 714 1722; x_wconf 75' lang='lat' dir='ltr'><strong>cedentibus</strong></span> <span class='ocrx_word' id='word_1_127' title='bbox 739 1667 916 1728; x_wconf 87' lang='lat' dir='ltr'><strong>datur,</strong></span> <span class='ocrx_word' id='word_1_128' title='bbox 947 1681 1052 1718; x_wconf 91' lang='lat' dir='ltr'><strong>non</strong></span> <span class='ocrx_word' id='word_1_129' title='bbox 1080 1664 1317 1718; x_wconf 89' lang='lat' dir='ltr'><strong>divinum</strong></span> <span class='ocrx_word' id='word_1_130' title='bbox 1340 1681 1555 1732; x_wconf 91' lang='lat' dir='ltr'><strong>munus,</strong></span> <span class='ocrx_word' id='word_1_131' title='bbox 1579 1667 1674 1720; x_wconf 90' lang='lat' dir='ltr'><strong>sed</strong></span> <span class='ocrx_word' id='word_1_132' title='bbox 1701 1664 1980 1721; x_wconf 37' lang='lat' dir='ltr'><strong>luere—dita-</strong></span> 
     </span>
    </p>
   </div>
   <div class='ocr_carea' id='block_1_23' title="bbox 399 1734 1980 1805">
    <p class='ocr_par' dir='ltr' id='par_1_23' title="bbox 399 1734 1980 1805">
     <span class='ocr_line' id='line_1_23' title="bbox 399 1734 1980 1805; baseline -0.002 -13"><span class='ocrx_word' id='word_1_133' title='bbox 399 1739 535 1792; x_wconf 90' lang='lat' dir='ltr'><strong>rinm</strong></span> <span class='ocrx_word' id='word_1_134' title='bbox 564 1743 758 1805; x_wconf 91' lang='lat' dir='ltr'><strong>putant</strong></span> <span class='ocrx_word' id='word_1_135' title='bbox 785 1750 905 1790; x_wconf 88' lang='lat' dir='ltr'><strong>esse</strong></span> <span class='ocrx_word' id='word_1_136' title='bbox 930 1734 1330 1805; x_wconf 78' lang='lat' dir='ltr'><strong>compendium,</strong></span> <span class='ocrx_word' id='word_1_137' title='bbox 1361 1743 1418 1790; x_wconf 89' lang='lat' dir='ltr'><strong>et</strong></span> <span class='ocrx_word' id='word_1_138' title='bbox 1439 1735 1685 1801; x_wconf 89' lang='lat' dir='ltr'><strong>credunt,</strong></span> <span class='ocrx_word' id='word_1_139' title='bbox 1727 1737 1864 1792; x_wconf 87' lang='lat' dir='ltr'><strong>sicut</strong></span> <span class='ocrx_word' id='word_1_140' title='bbox 1893 1751 1980 1790; x_wconf 91' lang='lat' dir='ltr'><strong>res</strong></span> 
     </span>
    </p>
   </div>
   <div class='ocr_carea' id='block_1_24' title="bbox 397 1803 1978 1874">
    <p class='ocr_par' dir='ltr' id='par_1_24' title="bbox 397 1803 1978 1874">
     <span class='ocr_line' id='line_1_24' title="bbox 397 1803 1978 1874; baseline -0.001 -13"><span class='ocrx_word' id='word_1_141' title='bbox 397 1803 624 1861; x_wconf 81' lang='lat' dir='ltr'><strong>caducas</strong></span> <span class='ocrx_word' id='word_1_142' title='bbox 648 1815 810 1872; x_wconf 91' lang='lat' dir='ltr'><strong>atque</strong></span> <span class='ocrx_word' id='word_1_143' title='bbox 834 1806 1117 1874; x_wconf 82' lang='lat' dir='ltr'><strong>mortales,</strong></span> <span class='ocrx_word' id='word_1_144' title='bbox 1143 1803 1215 1858; x_wconf 84' lang='lat' dir='ltr'><strong>ita</strong></span> <span class='ocrx_word' id='word_1_145' title='bbox 1246 1805 1630 1870; x_wconf 88' lang='lat' dir='ltr'><strong>sacerdotium,</strong></span> <span class='ocrx_word' id='word_1_146' title='bbox 1653 1807 1800 1862; x_wconf 89' lang='lat' dir='ltr'><strong>velut</strong></span> <span class='ocrx_word' id='word_1_147' title='bbox 1822 1805 1978 1874; x_wconf 85' lang='lat' dir='ltr'><strong>legali</strong></span> 
     </span>
    </p>
   </div>
   <div class='ocr_carea' id='block_1_25' title="bbox 398 1873 1978 1946">
    <p class='ocr_par' dir='ltr' id='par_1_25' title="bbox 398 1873 1978 1946">
     <span class='ocr_line' id='line_1_25' title="bbox 398 1873 1978 1946; baseline 0 -16"><span class='ocrx_word' id='word_1_148' title='bbox 398 1885 489 1930; x_wconf 90' lang='lat' dir='ltr'><strong>aut</strong></span> <span class='ocrx_word' id='word_1_149' title='bbox 517 1875 924 1946; x_wconf 84' lang='lat' dir='ltr'><strong>testamentario</strong></span> <span class='ocrx_word' id='word_1_150' title='bbox 960 1873 1083 1942; x_wconf 90' lang='lat' dir='ltr'><strong>jure</strong></span> <span class='ocrx_word' id='word_1_151' title='bbox 1111 1889 1272 1946; x_wconf 82' lang='lat' dir='ltr'><strong>posse</strong></span> <span class='ocrx_word' id='word_1_152' title='bbox 1301 1874 1516 1930; x_wconf 89' lang='lat' dir='ltr'><strong>dimitti.</strong></span> <span class='ocrx_word' id='word_1_153' title='bbox 1564 1875 1696 1929; x_wconf 89' lang='lat' dir='ltr'><strong>Nam</strong></span> <span class='ocrx_word' id='word_1_154' title='bbox 1736 1873 1978 1946; x_wconf 69' lang='lat' dir='ltr'><strong>pleriQue</strong></span> 
     </span>
    </p>
   </div>
   <div class='ocr_carea' id='block_1_26' title="bbox 398 1945 1976 2001">
    <p class='ocr_par' dir='ltr' id='par_1_26' title="bbox 398 1945 1976 2001">
     <span class='ocr_line' id='line_1_26' title="bbox 398 1945 1976 2001; baseline -0.001 -1"><span class='ocrx_word' id='word_1_155' title='bbox 398 1947 706 2001; x_wconf 77' lang='lat' dir='ltr'><strong>sacerdotes</strong></span> <span class='ocrx_word' id='word_1_156' title='bbox 743 1945 798 1998; x_wconf 91' lang='lat' dir='ltr'><strong>in</strong></span> <span class='ocrx_word' id='word_1_157' title='bbox 845 1947 1033 1998; x_wconf 90' lang='lat' dir='ltr'><strong>mortis</strong></span> <span class='ocrx_word' id='word_1_158' title='bbox 1073 1945 1307 1999; x_wconf 87' lang='lat' dir='ltr'><strong>conﬁnio</strong></span> <span class='ocrx_word' id='word_1_159' title='bbox 1366 1946 1645 1999; x_wconf 87' lang='lat' dir='ltr'><strong>constituti</strong></span> <span class='ocrx_word' id='word_1_160' title='bbox 1700 1945 1754 2000; x_wconf 83' lang='lat' dir='ltr'><strong>in</strong></span> <span class='ocrx_word' id='word_1_161' title='bbox 1801 1945 1976 2001; x_wconf 85' lang='lat' dir='ltr'><strong>locum</strong></span> 
     </span>
    </p>
   </div>
   <div class='ocr_carea' id='block_1_27' title="bbox 399 2014 1976 2085">
    <p class='ocr_par' dir='ltr' id='par_1_27' title="bbox 399 2014 1976 2085">
     <span class='ocr_line' id='line_1_27' title="bbox 399 2014 1976 2085; baseline -0.001 -15"><span class='ocrx_word' id='word_1_162' title='bbox 399 2031 547 2070; x_wconf 82' lang='lat' dir='ltr'><strong>sinnn</strong></span> <span class='ocrx_word' id='word_1_163' title='bbox 579 2014 821 2069; x_wconf 82' lang='lat' dir='ltr'><strong>feruntur</strong></span> <span class='ocrx_word' id='word_1_164' title='bbox 847 2015 980 2068; x_wconf 91' lang='lat' dir='ltr'><strong>alios</strong></span> <span class='ocrx_word' id='word_1_165' title='bbox 994 2014 1295 2085; x_wconf 84' lang='lat' dir='ltr'><strong>designatis</strong></span> <span class='ocrx_word' id='word_1_166' title='bbox 1325 2015 1630 2070; x_wconf 90' lang='lat' dir='ltr'><strong>nominibus</strong></span> <span class='ocrx_word' id='word_1_167' title='bbox 1657 2016 1937 2085; x_wconf 81' lang='lat' dir='ltr'><strong>subrogari</strong></span> <span class='ocrx_word' id='word_1_168' title='bbox 1963 2034 1976 2069; x_wconf 92' lang='lat'><strong>:</strong></span> 
     </span>
    </p>
   </div>
   <div class='ocr_carea' id='block_1_28' title="bbox 401 2083 1982 2153">
    <p class='ocr_par' dir='ltr' id='par_1_28' title="bbox 401 2083 1982 2153">
     <span class='ocr_line' id='line_1_28' title="bbox 401 2083 1982 2153; baseline -0.001 -13"><span class='ocrx_word' id='word_1_169' title='bbox 401 2095 452 2140; x_wconf 88' lang='lat' dir='ltr'><strong>nt</strong></span> <span class='ocrx_word' id='word_1_170' title='bbox 485 2087 688 2140; x_wconf 79' lang='lat' dir='ltr'><strong>Scilicet</strong></span> <span class='ocrx_word' id='word_1_171' title='bbox 720 2101 824 2137; x_wconf 91' lang='lat' dir='ltr'><strong>non</strong></span> <span class='ocrx_word' id='word_1_172' title='bbox 857 2083 1094 2153; x_wconf 74' lang='lat' dir='ltr'><strong>legitima</strong></span> <span class='ocrx_word' id='word_1_173' title='bbox 1135 2092 1480 2152; x_wconf 77' lang='lat' dir='ltr'><strong>exspectetur</strong></span> <span class='ocrx_word' id='word_1_174' title='bbox 1507 2087 1720 2152; x_wconf 88' lang='lat' dir='ltr'><strong>electio,</strong></span> <span class='ocrx_word' id='word_1_175' title='bbox 1761 2083 1854 2141; x_wconf 86' lang='lat' dir='ltr'><strong>sed</strong></span> <span class='ocrx_word' id='word_1_176' title='bbox 1882 2087 1982 2141; x_wconf 89' lang='lat' dir='ltr'><strong>de-</strong></span> 
     </span>
    </p>
   </div>
   <div class='ocr_carea' id='block_1_29' title="bbox 401 2153 1981 2223">
    <p class='ocr_par' dir='ltr' id='par_1_29' title="bbox 401 2153 1981 2223">
     <span class='ocr_line' id='line_1_29' title="bbox 401 2153 1981 2223; baseline 0.001 -17"><span class='ocrx_word' id='word_1_177' title='bbox 401 2154 561 2208; x_wconf 80' lang='lat' dir='ltr'><strong>lum-ti</strong></span> <span class='ocrx_word' id='word_1_178' title='bbox 591 2153 909 2222; x_wconf 81' lang='lat' dir='ltr'><strong>gratiﬁcalio</strong></span> <span class='ocrx_word' id='word_1_179' title='bbox 938 2170 1034 2222; x_wconf 88' lang='lat' dir='ltr'><strong>pro</strong></span> <span class='ocrx_word' id='word_1_180' title='bbox 1063 2156 1246 2223; x_wconf 89' lang='lat' dir='ltr'><strong>populi</strong></span> <span class='ocrx_word' id='word_1_181' title='bbox 1276 2155 1538 2209; x_wconf 83' lang='lat' dir='ltr'><strong>habeatur</strong></span> <span class='ocrx_word' id='word_1_182' title='bbox 1558 2170 1799 2211; x_wconf 90' lang='lat' dir='ltr'><strong>assensu.</strong></span> <span class='ocrx_word' id='word_1_183' title='bbox 1825 2155 1981 2222; x_wconf 87' lang='lat' dir='ltr'><strong>Quod</strong></span> 
     </span>
    </p>
   </div>
   <div class='ocr_carea' id='block_1_30' title="bbox 401 2224 1983 2295">
    <p class='ocr_par' dir='ltr' id='par_1_30' title="bbox 401 2224 1983 2295">
     <span class='ocr_line' id='line_1_30' title="bbox 401 2224 1983 2295; baseline 0.002 -20"><span class='ocrx_word' id='word_1_184' title='bbox 401 2241 555 2292; x_wconf 90' lang='lat' dir='ltr'><strong>quam</strong></span> <span class='ocrx_word' id='word_1_185' title='bbox 587 2240 747 2290; x_wconf 78' lang='lat' dir='ltr'><strong>grave</strong></span> <span class='ocrx_word' id='word_1_186' title='bbox 769 2227 838 2278; x_wconf 86' lang='lat' dir='ltr'><strong>sit</strong></span> <span class='ocrx_word' id='word_1_187' title='bbox 859 2224 1118 2295; x_wconf 79' lang='lat' dir='ltr'><strong>aestimate</strong></span> <span class='ocrx_word' id='word_1_188' title='bbox 1144 2241 1155 2274; x_wconf 92' lang='lat'><strong>:</strong></span> <span class='ocrx_word' id='word_1_189' title='bbox 1181 2234 1341 2295; x_wconf 87' lang='lat' dir='ltr'><strong>atque</strong></span> <span class='ocrx_word' id='word_1_190' title='bbox 1365 2224 1508 2295; x_wconf 58' lang='lat' dir='ltr'><strong>ideo,</strong></span> <span class='ocrx_word' id='word_1_191' title='bbox 1538 2226 1581 2278; x_wconf 90' lang='lat' dir='ltr'><strong>si</strong></span> <span class='ocrx_word' id='word_1_192' title='bbox 1605 2226 1798 2295; x_wconf 86' lang='lat' dir='ltr'><strong>placet,</strong></span> <span class='ocrx_word' id='word_1_193' title='bbox 1821 2227 1983 2280; x_wconf 90' lang='lat' dir='ltr'><strong>etiam</strong></span> 
     </span>
    </p>
   </div>
   <div class='ocr_carea' id='block_1_31' title="bbox 403 2293 1982 2361">
    <p class='ocr_par' dir='ltr' id='par_1_31' title="bbox 403 2293 1982 2361">
     <span class='ocr_line' id='line_1_31' title="bbox 403 2293 1982 2361; baseline -0.001 -13"><span class='ocrx_word' id='word_1_194' title='bbox 403 2295 538 2349; x_wconf 65' lang='lat' dir='ltr'><strong>hanc</strong></span> <span class='ocrx_word' id='word_1_195' title='bbox 587 2295 856 2347; x_wconf 87' lang='lat' dir='ltr'><strong>licentiam</strong></span> <span class='ocrx_word' id='word_1_196' title='bbox 897 2294 1222 2360; x_wconf 53' lang='lat' dir='ltr'><strong>generaliter</strong></span> <span class='ocrx_word' id='word_1_197' title='bbox 1248 2294 1316 2348; x_wconf 91' lang='lat' dir='ltr'><strong>de</strong></span> <span class='ocrx_word' id='word_1_198' title='bbox 1363 2293 1620 2349; x_wconf 80' lang='lat' dir='ltr'><strong>Ecelesiis</strong></span> <span class='ocrx_word' id='word_1_199' title='bbox 1657 2293 1982 2361; x_wconf 83' lang='lat' dir='ltr'><strong>auferamus,</strong></span> 
     </span>
    </p>
   </div>
   <div class='ocr_carea' id='block_1_32' title="bbox 405 2363 1978 2433">
    <p class='ocr_par' dir='ltr' id='par_1_32' title="bbox 405 2363 1978 2433">
     <span class='ocr_line' id='line_1_32' title="bbox 405 2363 1978 2433; baseline 0.001 -15"><span class='ocrx_word' id='word_1_200' title='bbox 405 2381 492 2430; x_wconf 87' lang='lat' dir='ltr'><strong>ne,</strong></span> <span class='ocrx_word' id='word_1_201' title='bbox 516 2365 659 2433; x_wconf 90' lang='lat' dir='ltr'><strong>quod</strong></span> <span class='ocrx_word' id='word_1_202' title='bbox 686 2373 844 2433; x_wconf 83' lang='lat' dir='ltr'><strong>turpe</strong></span> <span class='ocrx_word' id='word_1_203' title='bbox 863 2365 1008 2433; x_wconf 84' lang='lat' dir='ltr'><strong>dictu</strong></span> <span class='ocrx_word' id='word_1_204' title='bbox 1032 2371 1132 2428; x_wconf 81' lang='lat' dir='ltr'><strong>est,</strong></span> <span class='ocrx_word' id='word_1_205' title='bbox 1164 2363 1470 2432; x_wconf 90' lang='lat' dir='ltr'><strong>hujusmodi</strong></span> <span class='ocrx_word' id='word_1_206' title='bbox 1500 2379 1558 2418; x_wconf 91' lang='lat' dir='ltr'><strong>se</strong></span> <span class='ocrx_word' id='word_1_207' title='bbox 1584 2375 1735 2433; x_wconf 89' lang='lat' dir='ltr'><strong>putet</strong></span> <span class='ocrx_word' id='word_1_208' title='bbox 1762 2366 1978 2428; x_wconf 89' lang='lat' dir='ltr'><strong>debere,</strong></span> 
     </span>
    </p>
   </div>
   <div class='ocr_carea' id='block_1_33' title="bbox 403 2432 1981 2502">
    <p class='ocr_par' dir='ltr' id='par_1_33' title="bbox 403 2432 1981 2502">
     <span class='ocr_line' id='line_1_33' title="bbox 403 2432 1981 2502; baseline 0.001 -16"><span class='ocrx_word' id='word_1_209' title='bbox 403 2432 545 2502; x_wconf 86' lang='lat' dir='ltr'><strong>quod</strong></span> <span class='ocrx_word' id='word_1_210' title='bbox 575 2435 665 2488; x_wconf 86' lang='lat' dir='ltr'><strong>Dei</strong></span> <span class='ocrx_word' id='word_1_211' title='bbox 696 2444 796 2502; x_wconf 67' lang='lat' dir='ltr'><strong>est.</strong></span> <span class='ocrx_word' id='word_1_212' title='bbox 832 2432 899 2487; x_wconf 88' lang='lat' dir='ltr'><strong>Ut</strong></span> <span class='ocrx_word' id='word_1_213' title='bbox 929 2444 1106 2487; x_wconf 89' lang='lat' dir='ltr'><strong>autem</strong></span> <span class='ocrx_word' id='word_1_214' title='bbox 1137 2433 1280 2501; x_wconf 90' lang='lat' dir='ltr'><strong>quod</strong></span> <span class='ocrx_word' id='word_1_215' title='bbox 1310 2433 1376 2488; x_wconf 87' lang='lat' dir='ltr'><strong>ad</strong></span> <span class='ocrx_word' id='word_1_216' title='bbox 1429 2450 1526 2489; x_wconf 92' lang='lat' dir='ltr'><strong>nos</strong></span> <span class='ocrx_word' id='word_1_217' title='bbox 1574 2432 1838 2502; x_wconf 87' lang='lat' dir='ltr'><strong>perlatum</strong></span> <span class='ocrx_word' id='word_1_218' title='bbox 1880 2443 1981 2497; x_wconf 88' lang='lat' dir='ltr'><strong>est,</strong></span> 
     </span>
    </p>
   </div>
   <div class='ocr_carea' id='block_1_34' title="bbox 404 2500 1985 2572">
    <p class='ocr_par' dir='ltr' id='par_1_34' title="bbox 404 2500 1985 2572">
     <span class='ocr_line' id='line_1_34' title="bbox 404 2500 1985 2572; baseline -0.001 -15"><span class='ocrx_word' id='word_1_219' title='bbox 404 2500 468 2557; x_wconf 79' lang='lat' dir='ltr'><strong>ad</strong></span> <span class='ocrx_word' id='word_1_220' title='bbox 495 2500 728 2558; x_wconf 82' lang='lat' dir='ltr'><strong>vestram</strong></span> <span class='ocrx_word' id='word_1_221' title='bbox 760 2505 920 2557; x_wconf 90' lang='lat' dir='ltr'><strong>etiam</strong></span> <span class='ocrx_word' id='word_1_222' title='bbox 960 2503 1129 2570; x_wconf 88' lang='lat' dir='ltr'><strong>possit</strong></span> <span class='ocrx_word' id='word_1_223' title='bbox 1158 2500 1449 2571; x_wconf 81' lang='lat' dir='ltr'><strong>pervenire</strong></span> <span class='ocrx_word' id='word_1_224' title='bbox 1496 2500 1758 2567; x_wconf 78' lang='lat' dir='ltr'><strong>notitiam,</strong></span> <span class='ocrx_word' id='word_1_225' title='bbox 1793 2503 1985 2572; x_wconf 89' lang='lat' dir='ltr'><strong>Hispa-</strong></span> 
     </span>
    </p>
   </div>
   <div class='ocr_carea' id='block_1_35' title="bbox 404 2573 1982 2643">
    <p class='ocr_par' dir='ltr' id='par_1_35' title="bbox 404 2573 1982 2643">
     <span class='ocr_line' id='line_1_35' title="bbox 404 2573 1982 2643; baseline -0.001 -16"><span class='ocrx_word' id='word_1_226' title='bbox 404 2589 592 2628; x_wconf 90' lang='lat' dir='ltr'><strong>norum</strong></span> <span class='ocrx_word' id='word_1_227' title='bbox 622 2575 843 2643; x_wconf 76' lang='lat' dir='ltr'><strong>fratrum</strong></span> <span class='ocrx_word' id='word_1_228' title='bbox 872 2580 926 2627; x_wconf 91' lang='lat' dir='ltr'><strong>et</strong></span> <span class='ocrx_word' id='word_1_229' title='bbox 955 2573 1397 2642; x_wconf 86' lang='lat' dir='ltr'><strong>coepiscoporum</strong></span> <span class='ocrx_word' id='word_1_230' title='bbox 1429 2581 1736 2629; x_wconf 89' lang='lat' dir='ltr'><strong>nostrorum</strong></span> <span class='ocrx_word' id='word_1_231' title='bbox 1782 2575 1982 2643; x_wconf 88' lang='lat' dir='ltr'><strong>scripta</strong></span> 
     </span>
    </p>
   </div>
   <div class='ocr_carea' id='block_1_36' title="bbox 405 2641 1456 2712">
    <p class='ocr_par' dir='ltr' id='par_1_36' title="bbox 405 2641 1456 2712">
     <span class='ocr_line' id='line_1_36' title="bbox 405 2641 1456 2712; baseline 0 -14"><span class='ocrx_word' id='word_1_232' title='bbox 405 2645 671 2712; x_wconf 87' lang='lat' dir='ltr'><strong>legantur.</strong></span> <span class='ocrx_word' id='word_1_233' title='bbox 703 2641 896 2698; x_wconf 84' lang='lat' dir='ltr'><strong>Paulus</strong></span> <span class='ocrx_word' id='word_1_234' title='bbox 924 2644 1166 2698; x_wconf 90' lang='lat' dir='ltr'><strong>notarius</strong></span> <span class='ocrx_word' id='word_1_235' title='bbox 1193 2641 1456 2698; x_wconf 86' lang='lat' dir='ltr'><strong>recitavit.</strong></span> 
     </span>
    </p>
   </div>
   <div class='ocr_carea' id='block_1_37' title="bbox 476 2713 1989 2781">
    <p class='ocr_par' dir='ltr' id='par_1_37' title="bbox 476 2713 1989 2781">
     <span class='ocr_line' id='line_1_37' title="bbox 476 2713 1989 2781; baseline -0.001 -14"><span class='ocrx_word' id='word_1_236' title='bbox 476 2715 823 2776; x_wconf 80' lang='lat' dir='ltr'><strong>Beatissimo,</strong></span> <span class='ocrx_word' id='word_1_237' title='bbox 875 2723 929 2768; x_wconf 93' lang='lat' dir='ltr'><strong>et</strong></span> <span class='ocrx_word' id='word_1_238' title='bbox 969 2713 1262 2781; x_wconf 90' lang='lat' dir='ltr'><strong>apostolica</strong></span> <span class='ocrx_word' id='word_1_239' title='bbox 1309 2715 1611 2769; x_wconf 89' lang='lat' dir='ltr'><strong>reverentia</strong></span> <span class='ocrx_word' id='word_1_240' title='bbox 1657 2730 1685 2767; x_wconf 92' lang='lat' dir='ltr'><strong>a</strong></span> <span class='ocrx_word' id='word_1_241' title='bbox 1733 2713 1887 2769; x_wconf 90' lang='lat' dir='ltr'><strong>nobis</strong></span> <span class='ocrx_word' id='word_1_242' title='bbox 1933 2713 1989 2766; x_wconf 90' lang='lat' dir='ltr'><strong>in</strong></span> 
     </span>
    </p>
   </div>
   <div class='ocr_carea' id='block_1_38' title="bbox 407 2781 1991 2852">
    <p class='ocr_par' dir='ltr' id='par_1_38' title="bbox 407 2781 1991 2852">
     <span class='ocr_line' id='line_1_38' title="bbox 407 2781 1991 2852; baseline 0 -12"><span class='ocrx_word' id='word_1_243' title='bbox 407 2785 618 2840; x_wconf 83' lang='lat' dir='ltr'><strong>Christo</strong></span> <span class='ocrx_word' id='word_1_244' title='bbox 647 2783 872 2838; x_wconf 91' lang='lat' dir='ltr'><strong>colendo</strong></span> <span class='ocrx_word' id='word_1_245' title='bbox 911 2798 1064 2852; x_wconf 77' lang='lat' dir='ltr'><strong>papa:</strong></span> <span class='ocrx_word' id='word_1_246' title='bbox 1105 2781 1286 2836; x_wconf 89' lang='lat' dir='ltr'><strong>llilaro</strong></span> <span class='ocrx_word' id='word_1_247' title='bbox 1317 2783 1598 2848; x_wconf 80' lang='lat' dir='ltr'><strong>Ascanius,</strong></span> <span class='ocrx_word' id='word_1_248' title='bbox 1654 2793 1707 2838; x_wconf 92' lang='lat' dir='ltr'><strong>et</strong></span> <span class='ocrx_word' id='word_1_249' title='bbox 1757 2785 1991 2840; x_wconf 86' lang='lat' dir='ltr'><strong>universi</strong></span> 
     </span>
    </p>
   </div>
   <div class='ocr_carea' id='block_1_39' title="bbox 409 2852 1421 2925">
    <p class='ocr_par' dir='ltr' id='par_1_39' title="bbox 409 2852 1421 2925">
     <span class='ocr_line' id='line_1_39' title="bbox 409 2852 1421 2925; baseline -0.005 -14"><span class='ocrx_word' id='word_1_250' title='bbox 409 2853 644 2925; x_wconf 84' lang='lat' dir='ltr'><strong>episcopi</strong></span> <span class='ocrx_word' id='word_1_251' title='bbox 670 2852 1089 2925; x_wconf 81' lang='lat' dir='ltr'><strong>Tarraconensis</strong></span> <span class='ocrx_word' id='word_1_252' title='bbox 1115 2853 1421 2925; x_wconf 68' lang='lat' dir='ltr'><strong>provincia).</strong></span> 
     </span>
    </p>
   </div>
   <div class='ocr_carea' id='block_1_40' title="bbox 477 2922 1990 2992">
    <p class='ocr_par' dir='ltr' id='par_1_40' title="bbox 477 2922 1990 2992">
     <span class='ocr_line' id='line_1_40' title="bbox 477 2922 1990 2992; baseline 0 -15"><span class='ocrx_word' id='word_1_253' title='bbox 477 2922 645 2990; x_wconf 75' lang='lat' dir='ltr'><strong>Quain</strong></span> <span class='ocrx_word' id='word_1_254' title='bbox 660 2937 843 2978; x_wconf 90' lang='lat' dir='ltr'><strong>curam</strong></span> <span class='ocrx_word' id='word_1_255' title='bbox 856 2922 1188 2992; x_wconf 71' lang='lat' dir='ltr'><strong>apostolatus</strong></span> <span class='ocrx_word' id='word_1_256' title='bbox 1200 2931 1375 2977; x_wconf 77' lang='lat' dir='ltr'><strong>vester</strong></span> <span class='ocrx_word' id='word_1_257' title='bbox 1387 2923 1454 2978; x_wconf 89' lang='lat' dir='ltr'><strong>de</strong></span> <span class='ocrx_word' id='word_1_258' title='bbox 1467 2924 1856 2992; x_wconf 85' lang='lat' dir='ltr'><strong>provinciarum</strong></span> <span class='ocrx_word' id='word_1_259' title='bbox 1873 2939 1990 2977; x_wconf 63' lang='lat' dir='ltr'><strong>saa-</strong></span> 
     </span>
    </p>
   </div>
   <div class='ocr_carea' id='block_1_41' title="bbox 409 2992 1990 3061">
    <p class='ocr_par' dir='ltr' id='par_1_41' title="bbox 409 2992 1990 3061">
     <span class='ocr_line' id='line_1_41' title="bbox 409 2992 1990 3061; baseline -0.003 -11"><span class='ocrx_word' id='word_1_260' title='bbox 409 3010 524 3050; x_wconf 83' lang='lat' dir='ltr'><strong>ruiu</strong></span> <span class='ocrx_word' id='word_1_261' title='bbox 554 2993 926 3048; x_wconf 87' lang='lat' dir='ltr'><strong>sacerdotibus</strong></span> <span class='ocrx_word' id='word_1_262' title='bbox 941 3003 1111 3060; x_wconf 91' lang='lat' dir='ltr'><strong>gerat,</strong></span> <span class='ocrx_word' id='word_1_263' title='bbox 1136 2992 1242 3046; x_wconf 83' lang='lat' dir='ltr'><strong>lilio</strong></span> <span class='ocrx_word' id='word_1_264' title='bbox 1264 3003 1450 3048; x_wconf 86' lang='lat' dir='ltr'><strong>nostro</strong></span> <span class='ocrx_word' id='word_1_265' title='bbox 1472 2994 1662 3048; x_wconf 88' lang='lat' dir='ltr'><strong>illustri</strong></span> <span class='ocrx_word' id='word_1_266' title='bbox 1690 2994 1990 3061; x_wconf 86' lang='lat' dir='ltr'><strong>Vincentio,</strong></span> 
     </span>
    </p>
   </div>
   <div class='ocr_carea' id='block_1_42' title="bbox 411 3061 1990 3132">
    <p class='ocr_par' dir='ltr' id='par_1_42' title="bbox 411 3061 1990 3132">
     <span class='ocr_line' id='line_1_42' title="bbox 411 3061 1990 3132; baseline -0.002 -12"><span class='ocrx_word' id='word_1_267' title='bbox 411 3069 545 3120; x_wconf 85' lang='lat' dir='ltr'><strong>duce</strong></span> <span class='ocrx_word' id='word_1_268' title='bbox 591 3063 877 3132; x_wconf 79' lang='lat' dir='ltr'><strong>provincia:</strong></span> <span class='ocrx_word' id='word_1_269' title='bbox 901 3071 1116 3128; x_wconf 78' lang='lat' dir='ltr'><strong>nosme,</strong></span> <span class='ocrx_word' id='word_1_270' title='bbox 1143 3061 1409 3117; x_wconf 83' lang='lat' dir='ltr'><strong>referente</strong></span> <span class='ocrx_word' id='word_1_271' title='bbox 1435 3065 1804 3131; x_wconf 89' lang='lat' dir='ltr'><strong>cognovimus,</strong></span> <span class='ocrx_word' id='word_1_272' title='bbox 1837 3065 1990 3130; x_wconf 87' lang='lat' dir='ltr'><strong>cujus</strong></span> 
     </span>
    </p>
   </div>
   <div class='ocr_carea' id='block_1_43' title="bbox 411 3133 1994 3204">
    <p class='ocr_par' dir='ltr' id='par_1_43' title="bbox 411 3133 1994 3204">
     <span class='ocr_line' id='line_1_43' title="bbox 411 3133 1994 3204; baseline -0.002 -14"><span class='ocrx_word' id='word_1_273' title='bbox 411 3134 638 3204; x_wconf 88' lang='lat' dir='ltr'><strong>impulsu</strong></span> <span class='ocrx_word' id='word_1_274' title='bbox 656 3141 837 3187; x_wconf 82' lang='lat' dir='ltr'><strong>votum</strong></span> <span class='ocrx_word' id='word_1_275' title='bbox 857 3139 1103 3204; x_wconf 78' lang='lat' dir='ltr'><strong>uestrum</strong></span> <span class='ocrx_word' id='word_1_276' title='bbox 1130 3133 1182 3204; x_wconf 87' lang='lat' dir='ltr'><strong>in</strong></span> <span class='ocrx_word' id='word_1_277' title='bbox 1204 3149 1335 3204; x_wconf 77' lang='lat' dir='ltr'><strong>ausu</strong></span> <span class='ocrx_word' id='word_1_278' title='bbox 1353 3133 1621 3188; x_wconf 88' lang='lat' dir='ltr'><strong>scribendi</strong></span> <span class='ocrx_word' id='word_1_279' title='bbox 1636 3149 1802 3203; x_wconf 87' lang='lat' dir='ltr'><strong>prona</strong></span> <span class='ocrx_word' id='word_1_280' title='bbox 1829 3137 1994 3188; x_wconf 68' lang='lat' dir='ltr'><strong>devo-</strong></span> 
     </span>
    </p>
   </div>
   <div class='ocr_carea' id='block_1_44' title="bbox 2077 552 3644 620">
    <p class='ocr_par' dir='ltr' id='par_1_44' title="bbox 2077 552 3644 620">
     <span class='ocr_line' id='line_1_44' title="bbox 2077 552 3644 620; baseline 0.002 -17"><span class='ocrx_word' id='word_1_281' title='bbox 2077 562 2134 604; x_wconf 92' lang='lat' dir='ltr'><strong>ut</strong></span> <span class='ocrx_word' id='word_1_282' title='bbox 2166 552 2477 604; x_wconf 83' lang='lat' dir='ltr'><strong>humilitatis</strong></span> <span class='ocrx_word' id='word_1_283' title='bbox 2507 561 2702 604; x_wconf 75' lang='lat' dir='ltr'><strong>nostra:</strong></span> <span class='ocrx_word' id='word_1_284' title='bbox 2731 552 2872 618; x_wconf 88' lang='lat' dir='ltr'><strong>quod</strong></span> <span class='ocrx_word' id='word_1_285' title='bbox 2912 553 3056 620; x_wconf 86' lang='lat' dir='ltr'><strong>juste</strong></span> <span class='ocrx_word' id='word_1_286' title='bbox 3085 569 3114 605; x_wconf 89' lang='lat' dir='ltr'><strong>a</strong></span> <span class='ocrx_word' id='word_1_287' title='bbox 3146 553 3298 606; x_wconf 89' lang='lat' dir='ltr'><strong>nobis</strong></span> <span class='ocrx_word' id='word_1_288' title='bbox 3325 553 3536 606; x_wconf 87' lang='lat' dir='ltr'><strong>videtur</strong></span> <span class='ocrx_word' id='word_1_289' title='bbox 3563 553 3644 606; x_wconf 80' lang='lat' dir='ltr'><strong>fa-</strong></span> 
     </span>
    </p>
   </div>
   <div class='ocr_carea' id='block_1_45' title="bbox 2074 621 3652 686">
    <p class='ocr_par' dir='ltr' id='par_1_45' title="bbox 2074 621 3652 686">
     <span class='ocr_line' id='line_1_45' title="bbox 2074 621 3652 686; baseline 0.001 -11"><span class='ocrx_word' id='word_1_290' title='bbox 2074 629 2219 675; x_wconf 91' lang='lat' dir='ltr'><strong>ctum</strong></span> <span class='ocrx_word' id='word_1_291' title='bbox 2245 663 2258 686; x_wconf 90' lang='lat'><strong>,</strong></span> <span class='ocrx_word' id='word_1_292' title='bbox 2292 631 2468 674; x_wconf 84' lang='lat' dir='ltr'><strong>vestra</strong></span> <span class='ocrx_word' id='word_1_293' title='bbox 2500 623 2819 676; x_wconf 85' lang='lat' dir='ltr'><strong>auctoritate</strong></span> <span class='ocrx_word' id='word_1_294' title='bbox 2850 622 3089 676; x_wconf 88' lang='lat' dir='ltr'><strong>lirmetis.</strong></span> <span class='ocrx_word' id='word_1_295' title='bbox 3131 621 3248 675; x_wconf 82' lang='lat' dir='ltr'><strong>Jam</strong></span> <span class='ocrx_word' id='word_1_296' title='bbox 3275 622 3478 676; x_wconf 89' lang='lat' dir='ltr'><strong>dudum</strong></span> <span class='ocrx_word' id='word_1_297' title='bbox 3519 637 3652 676; x_wconf 85' lang='lat' dir='ltr'><strong>sane</strong></span> 
     </span>
    </p>
   </div>
   <div class='ocr_carea' id='block_1_46' title="bbox 2073 690 3650 760">
    <p class='ocr_par' dir='ltr' id='par_1_46' title="bbox 2073 690 3650 760">
     <span class='ocr_line' id='line_1_46' title="bbox 2073 690 3650 760; baseline 0.002 -17"><span class='ocrx_word' id='word_1_298' title='bbox 2073 693 2247 758; x_wconf 90' lang='lat' dir='ltr'><strong>questi</strong></span> <span class='ocrx_word' id='word_1_299' title='bbox 2303 690 2570 746; x_wconf 79' lang='lat' dir='ltr'><strong>fueramus</strong></span> <span class='ocrx_word' id='word_1_300' title='bbox 2629 692 2820 746; x_wconf 85' lang='lat' dir='ltr'><strong>litteris</strong></span> <span class='ocrx_word' id='word_1_301' title='bbox 2869 693 3068 746; x_wconf 85' lang='lat' dir='ltr'><strong>nostris</strong></span> <span class='ocrx_word' id='word_1_302' title='bbox 3105 693 3179 745; x_wconf 86' lang='lat' dir='ltr'><strong>de</strong></span> <span class='ocrx_word' id='word_1_303' title='bbox 3233 693 3650 760; x_wconf 72' lang='lat' dir='ltr'><strong>pncsumptioue</strong></span> 
     </span>
    </p>
   </div>
   <div class='ocr_carea' id='block_1_47' title="bbox 2074 760 3652 831">
    <p class='ocr_par' dir='ltr' id='par_1_47' title="bbox 2074 760 3652 831">
     <span class='ocr_line' id='line_1_47' title="bbox 2074 760 3652 831; baseline 0.001 -17"><span class='ocrx_word' id='word_1_304' title='bbox 2074 760 2288 831; x_wconf 82' lang='lat' dir='ltr'><strong>Sylvaui</strong></span> <span class='ocrx_word' id='word_1_305' title='bbox 2314 761 2550 830; x_wconf 87' lang='lat' dir='ltr'><strong>episcopi</strong></span> <span class='ocrx_word' id='word_1_306' title='bbox 2570 801 2583 825; x_wconf 95' lang='lat'><strong>,</strong></span> <span class='ocrx_word' id='word_1_307' title='bbox 2615 770 2669 814; x_wconf 94' lang='lat' dir='ltr'><strong>et</strong></span> <span class='ocrx_word' id='word_1_308' title='bbox 2698 762 2952 815; x_wconf 87' lang='lat' dir='ltr'><strong>miramur</strong></span> <span class='ocrx_word' id='word_1_309' title='bbox 2977 762 3118 831; x_wconf 90' lang='lat' dir='ltr'><strong>quod</strong></span> <span class='ocrx_word' id='word_1_310' title='bbox 3147 761 3290 815; x_wconf 89' lang='lat' dir='ltr'><strong>nulla</strong></span> <span class='ocrx_word' id='word_1_311' title='bbox 3321 762 3652 830; x_wconf 86' lang='lat' dir='ltr'><strong>apostolatus</strong></span> 
     </span>
    </p>
   </div>
   <div class='ocr_carea' id='block_1_48' title="bbox 2074 831 3650 900">
    <p class='ocr_par' dir='ltr' id='par_1_48' title="bbox 2074 831 3650 900">
     <span class='ocr_line' id='line_1_48' title="bbox 2074 831 3650 900; baseline 0.001 -18"><span class='ocrx_word' id='word_1_312' title='bbox 2074 831 2238 883; x_wconf 84' lang='lat' dir='ltr'><strong>vestri</strong></span> <span class='ocrx_word' id='word_1_313' title='bbox 2266 845 2520 898; x_wconf 87' lang='lat' dir='ltr'><strong>responsa</strong></span> <span class='ocrx_word' id='word_1_314' title='bbox 2549 831 2909 900; x_wconf 86' lang='lat' dir='ltr'><strong>suscepimus;</strong></span> <span class='ocrx_word' id='word_1_315' title='bbox 2942 847 3084 886; x_wconf 92' lang='lat' dir='ltr'><strong>nunc</strong></span> <span class='ocrx_word' id='word_1_316' title='bbox 3109 833 3222 886; x_wconf 77' lang='lat' dir='ltr'><strong>inec</strong></span> <span class='ocrx_word' id='word_1_317' title='bbox 3245 831 3429 885; x_wconf 88' lang='lat' dir='ltr'><strong>eadem</strong></span> <span class='ocrx_word' id='word_1_318' title='bbox 3459 845 3650 899; x_wconf 79' lang='lat' dir='ltr'><strong>sugge-</strong></span> 
     </span>
    </p>
   </div>
   <div class='ocr_carea' id='block_1_49' title="bbox 2074 901 3648 970">
    <p class='ocr_par' dir='ltr' id='par_1_49' title="bbox 2074 901 3648 970">
     <span class='ocr_line' id='line_1_49' title="bbox 2074 901 3648 970; baseline 0.001 -18"><span class='ocrx_word' id='word_1_319' title='bbox 2074 907 2258 970; x_wconf 85' lang='lat' dir='ltr'><strong>rentes</strong></span> <span class='ocrx_word' id='word_1_320' title='bbox 2285 902 2534 968; x_wconf 85' lang='lat' dir='ltr'><strong>petimus,</strong></span> <span class='ocrx_word' id='word_1_321' title='bbox 2561 901 2767 968; x_wconf 84' lang='lat' dir='ltr'><strong>utquid</strong></span> <span class='ocrx_word' id='word_1_322' title='bbox 2795 917 2954 970; x_wconf 90' lang='lat' dir='ltr'><strong>super</strong></span> <span class='ocrx_word' id='word_1_323' title='bbox 2974 903 3057 956; x_wconf 85' lang='lat' dir='ltr'><strong>his</strong></span> <span class='ocrx_word' id='word_1_324' title='bbox 3075 903 3236 956; x_wconf 88' lang='lat' dir='ltr'><strong>rebus</strong></span> <span class='ocrx_word' id='word_1_325' title='bbox 3259 902 3648 955; x_wconf 84' lang='lat' dir='ltr'><strong>observandum</strong></span> 
     </span>
    </p>
   </div>
   <div class='ocr_carea' id='block_1_50' title="bbox 2073 969 3646 1040">
    <p class='ocr_par' dir='ltr' id='par_1_50' title="bbox 2073 969 3646 1040">
     <span class='ocr_line' id='line_1_50' title="bbox 2073 969 3646 1040; baseline -0.001 -16"><span class='ocrx_word' id='word_1_326' title='bbox 2073 969 2166 1036; x_wconf 87' lang='lat' dir='ltr'><strong>sit,</strong></span> <span class='ocrx_word' id='word_1_327' title='bbox 2191 970 2501 1040; x_wconf 87' lang='lat' dir='ltr'><strong>apostolicis</strong></span> <span class='ocrx_word' id='word_1_328' title='bbox 2521 969 2871 1025; x_wconf 85' lang='lat' dir='ltr'><strong>sermonibus</strong></span> <span class='ocrx_word' id='word_1_329' title='bbox 2889 988 2985 1026; x_wconf 89' lang='lat' dir='ltr'><strong>nos</strong></span> <span class='ocrx_word' id='word_1_330' title='bbox 3006 972 3290 1039; x_wconf 87' lang='lat' dir='ltr'><strong>dignemini</strong></span> <span class='ocrx_word' id='word_1_331' title='bbox 3317 971 3608 1026; x_wconf 84' lang='lat' dir='ltr'><strong>informare</strong></span> <span class='ocrx_word' id='word_1_332' title='bbox 3633 988 3646 1023; x_wconf 89' lang='lat'><strong>:</strong></span> 
     </span>
    </p>
   </div>
   <div class='ocr_carea' id='block_1_51' title="bbox 2074 1039 3652 1110">
    <p class='ocr_par' dir='ltr' id='par_1_51' title="bbox 2074 1039 3652 1110">
     <span class='ocr_line' id='line_1_51' title="bbox 2074 1039 3652 1110; baseline -0.001 -15"><span class='ocrx_word' id='word_1_333' title='bbox 2074 1049 2133 1096; x_wconf 87' lang='lat' dir='ltr'><strong>et</strong></span> <span class='ocrx_word' id='word_1_334' title='bbox 2161 1039 2240 1094; x_wconf 81' lang='lat' dir='ltr'><strong>ne</strong></span> <span class='ocrx_word' id='word_1_335' title='bbox 2257 1039 2478 1094; x_wconf 79' lang='lat' dir='ltr'><strong>forsitan</strong></span> <span class='ocrx_word' id='word_1_336' title='bbox 2516 1055 2611 1108; x_wconf 83' lang='lat' dir='ltr'><strong>per</strong></span> <span class='ocrx_word' id='word_1_337' title='bbox 2656 1041 3027 1110; x_wconf 76' lang='lat' dir='ltr'><strong>negligentiam</strong></span> <span class='ocrx_word' id='word_1_338' title='bbox 3070 1041 3346 1110; x_wconf 90' lang='lat' dir='ltr'><strong>portitoris</strong></span> <span class='ocrx_word' id='word_1_339' title='bbox 3371 1082 3386 1103; x_wconf 87' lang='lat'><strong>,</strong></span> <span class='ocrx_word' id='word_1_340' title='bbox 3428 1050 3520 1094; x_wconf 90' lang='lat' dir='ltr'><strong>aut</strong></span> <span class='ocrx_word' id='word_1_341' title='bbox 3556 1057 3652 1110; x_wconf 87' lang='lat' dir='ltr'><strong>per</strong></span> 
     </span>
    </p>
   </div>
   <div class='ocr_carea' id='block_1_52' title="bbox 2066 1107 3651 1178">
    <p class='ocr_par' dir='ltr' id='par_1_52' title="bbox 2066 1107 3651 1178">
     <span class='ocr_line' id='line_1_52' title="bbox 2066 1107 3651 1178; baseline 0 -15"><span class='ocrx_word' id='word_1_342' title='bbox 2066 1111 2351 1178; x_wconf 80' lang='lat' dir='ltr'><strong>longinqui</strong></span> <span class='ocrx_word' id='word_1_343' title='bbox 2384 1107 2588 1165; x_wconf 86' lang='lat' dir='ltr'><strong>itineris</strong></span> <span class='ocrx_word' id='word_1_344' title='bbox 2610 1107 2974 1164; x_wconf 80' lang='lat' dir='ltr'><strong>difficultatem</strong></span> <span class='ocrx_word' id='word_1_345' title='bbox 3017 1107 3330 1164; x_wconf 80' lang='lat' dir='ltr'><strong>humilitatis</strong></span> <span class='ocrx_word' id='word_1_346' title='bbox 3361 1107 3651 1164; x_wconf 41' lang='lat' dir='ltr'><strong>nostrrc’ad</strong></span> 
     </span>
    </p>
   </div>
   <div class='ocr_carea' id='block_1_53' title="bbox 2075 1180 3648 1249">
    <p class='ocr_par' dir='ltr' id='par_1_53' title="bbox 2075 1180 3648 1249">
     <span class='ocr_line' id='line_1_53' title="bbox 2075 1180 3648 1249; baseline 0 -17"><span class='ocrx_word' id='word_1_347' title='bbox 2075 1196 2174 1234; x_wconf 90' lang='lat' dir='ltr'><strong>vos</strong></span> <span class='ocrx_word' id='word_1_348' title='bbox 2202 1182 2401 1249; x_wconf 88' lang='lat' dir='ltr'><strong>scripta</strong></span> <span class='ocrx_word' id='word_1_349' title='bbox 2431 1195 2533 1233; x_wconf 90' lang='lat' dir='ltr'><strong>non</strong></span> <span class='ocrx_word' id='word_1_350' title='bbox 2564 1180 2839 1248; x_wconf 88' lang='lat' dir='ltr'><strong>potuerint</strong></span> <span class='ocrx_word' id='word_1_351' title='bbox 2875 1196 2937 1234; x_wconf 81' lang='lat' dir='ltr'><strong>ex</strong></span> <span class='ocrx_word' id='word_1_352' title='bbox 2971 1182 3075 1235; x_wconf 89' lang='lat' dir='ltr'><strong>hoc</strong></span> <span class='ocrx_word' id='word_1_353' title='bbox 3102 1182 3319 1246; x_wconf 87' lang='lat' dir='ltr'><strong>negotio</strong></span> <span class='ocrx_word' id='word_1_354' title='bbox 3348 1180 3648 1248; x_wconf 71' lang='lat' dir='ltr'><strong>pervenire,</strong></span> 
     </span>
    </p>
   </div>
   <div class='ocr_carea' id='block_1_54' title="bbox 2077 1249 3653 1318">
    <p class='ocr_par' dir='ltr' id='par_1_54' title="bbox 2077 1249 3653 1318">
     <span class='ocr_line' id='line_1_54' title="bbox 2077 1249 3653 1318; baseline -0.002 -14"><span class='ocrx_word' id='word_1_355' title='bbox 2077 1251 2240 1304; x_wconf 85' lang='lat' dir='ltr'><strong>etiam</strong></span> <span class='ocrx_word' id='word_1_356' title='bbox 2280 1250 2675 1318; x_wconf 85' lang='lat' dir='ltr'><strong>suggestionem</strong></span> <span class='ocrx_word' id='word_1_357' title='bbox 2719 1255 2955 1302; x_wconf 89' lang='lat' dir='ltr'><strong>nostram</strong></span> <span class='ocrx_word' id='word_1_358' title='bbox 3001 1250 3284 1304; x_wconf 85' lang='lat' dir='ltr'><strong>maluimus</strong></span> <span class='ocrx_word' id='word_1_359' title='bbox 3317 1252 3534 1304; x_wconf 87' lang='lat' dir='ltr'><strong>iterare.</strong></span> <span class='ocrx_word' id='word_1_360' title='bbox 3587 1249 3653 1302; x_wconf 84' lang='lat' dir='ltr'><strong>Et</strong></span> 
     </span>
    </p>
   </div>
   <div class='ocr_carea' id='block_1_55' title="bbox 2077 1317 3650 1389">
    <p class='ocr_par' dir='ltr' id='par_1_55' title="bbox 2077 1317 3650 1389">
     <span class='ocr_line' id='line_1_55' title="bbox 2077 1317 3650 1389; baseline -0.002 -16"><span class='ocrx_word' id='word_1_361' title='bbox 2077 1317 2414 1389; x_wconf 83' lang='lat' dir='ltr'><strong>subscriptio.</strong></span> <span class='ocrx_word' id='word_1_362' title='bbox 2445 1317 2698 1372; x_wconf 89' lang='lat' dir='ltr'><strong>Orantem</strong></span> <span class='ocrx_word' id='word_1_363' title='bbox 2721 1331 2817 1388; x_wconf 91' lang='lat' dir='ltr'><strong>pro</strong></span> <span class='ocrx_word' id='word_1_364' title='bbox 2847 1320 3001 1374; x_wconf 87' lang='lat' dir='ltr'><strong>nobis</strong></span> <span class='ocrx_word' id='word_1_365' title='bbox 3020 1327 3262 1373; x_wconf 88' lang='lat' dir='ltr'><strong>sanctum</strong></span> <span class='ocrx_word' id='word_1_366' title='bbox 3293 1321 3650 1388; x_wconf 87' lang='lat' dir='ltr'><strong>apostolatum</strong></span> 
     </span>
    </p>
   </div>
   <div class='ocr_carea' id='block_1_56' title="bbox 2079 1388 3654 1458">
    <p class='ocr_par' dir='ltr' id='par_1_56' title="bbox 2079 1388 3654 1458">
     <span class='ocr_line' id='line_1_56' title="bbox 2079 1388 3654 1458; baseline -0.001 -17"><span class='ocrx_word' id='word_1_367' title='bbox 2079 1388 2314 1442; x_wconf 75' lang='lat' dir='ltr'><strong>vestrum</strong></span> <span class='ocrx_word' id='word_1_368' title='bbox 2350 1388 2622 1458; x_wconf 22' lang='lat' dir='ltr'><strong>jugi‘mvo</strong></span> <span class='ocrx_word' id='word_1_369' title='bbox 2650 1389 2828 1442; x_wconf 87' lang='lat' dir='ltr'><strong>divina</strong></span> <span class='ocrx_word' id='word_1_370' title='bbox 2871 1397 3156 1442; x_wconf 86' lang='lat' dir='ltr'><strong>conservet</strong></span> <span class='ocrx_word' id='word_1_371' title='bbox 3183 1390 3453 1443; x_wconf 66' lang='lat' dir='ltr'><strong>internitas</strong></span> <span class='ocrx_word' id='word_1_372' title='bbox 3499 1389 3654 1442; x_wconf 83' lang='lat' dir='ltr'><strong>nobis</strong></span> 
     </span>
    </p>
   </div>
   <div class='ocr_carea' id='block_1_57' title="bbox 2078 1455 3654 1523">
    <p class='ocr_par' dir='ltr' id='par_1_57' title="bbox 2078 1455 3654 1523">
     <span class='ocr_line' id='line_1_57' title="bbox 2078 1455 3654 1523; baseline -0.001 -11"><span class='ocrx_word' id='word_1_373' title='bbox 2078 1455 2435 1520; x_wconf 57' lang='lat' dir='ltr'><strong>omnibus,&#39;et</strong></span> <span class='ocrx_word' id='word_1_374' title='bbox 2483 1455 2736 1512; x_wconf 74' lang='lat' dir='ltr'><strong>Ecclesiae</strong></span> <span class='ocrx_word' id='word_1_375' title='bbox 2783 1473 2911 1523; x_wconf 67' lang='lat' dir='ltr'><strong>sum,</strong></span> <span class='ocrx_word' id='word_1_376' title='bbox 2941 1458 3156 1513; x_wconf 88' lang='lat' dir='ltr'><strong>domine</strong></span> <span class='ocrx_word' id='word_1_377' title='bbox 3197 1474 3322 1513; x_wconf 90' lang='lat' dir='ltr'><strong>vere</strong></span> <span class='ocrx_word' id='word_1_378' title='bbox 3369 1467 3568 1519; x_wconf 89' lang='lat' dir='ltr'><strong>noster,</strong></span> <span class='ocrx_word' id='word_1_379' title='bbox 3599 1467 3654 1511; x_wconf 91' lang='lat' dir='ltr'><strong>et</strong></span> 
     </span>
    </p>
   </div>
   <div class='ocr_carea' id='block_1_58' title="bbox 2081 1527 3653 1598">
    <p class='ocr_par' dir='ltr' id='par_1_58' title="bbox 2081 1527 3653 1598">
     <span class='ocr_line' id='line_1_58' title="bbox 2081 1527 3653 1598; baseline 0 -18"><span class='ocrx_word' id='word_1_380' title='bbox 2081 1529 2379 1598; x_wconf 90' lang='lat' dir='ltr'><strong>apostolice</strong></span> <span class='ocrx_word' id='word_1_381' title='bbox 2420 1543 2610 1598; x_wconf 12' lang='lat' dir='ltr'><strong>papas</strong></span> <span class='ocrx_word' id='word_1_382' title='bbox 2630 1527 2840 1582; x_wconf 88' lang='lat' dir='ltr'><strong>Hilarus</strong></span> <span class='ocrx_word' id='word_1_383' title='bbox 2870 1530 3153 1597; x_wconf 87' lang='lat' dir='ltr'><strong>episcopus</strong></span> <span class='ocrx_word' id='word_1_384' title='bbox 3180 1527 3314 1582; x_wconf 82' lang='lat' dir='ltr'><strong>dixit</strong></span> <span class='ocrx_word' id='word_1_385' title='bbox 3347 1547 3358 1581; x_wconf 91' lang='lat'>:</span> <span class='ocrx_word' id='word_1_386' title='bbox 3393 1529 3505 1581; x_wconf 83' lang='lat' dir='ltr'><strong>Alia</strong></span> <span class='ocrx_word' id='word_1_387' title='bbox 3535 1528 3653 1596; x_wconf 89' lang='lat' dir='ltr'><strong>cpi-</strong></span> 
     </span>
    </p>
   </div>
   <div class='ocr_carea' id='block_1_59' title="bbox 2079 1597 3655 1652">
    <p class='ocr_par' dir='ltr' id='par_1_59' title="bbox 2079 1597 3655 1652">
     <span class='ocr_line' id='line_1_59' title="bbox 2079 1597 3655 1652; baseline -0.003 -1"><span class='ocrx_word' id='word_1_388' title='bbox 2079 1598 2217 1652; x_wconf 90' lang='lat' dir='ltr'><strong>stola</strong></span> <span class='ocrx_word' id='word_1_389' title='bbox 2266 1599 2542 1652; x_wconf 88' lang='lat' dir='ltr'><strong>recitetur.</strong></span> <span class='ocrx_word' id='word_1_390' title='bbox 2595 1597 2789 1652; x_wconf 86' lang='lat' dir='ltr'><strong>Paulus</strong></span> <span class='ocrx_word' id='word_1_391' title='bbox 2830 1598 3374 1652; x_wconf 87' lang='lat' dir='ltr'><strong>notarius&#39;recitavit.</strong></span> <span class='ocrx_word' id='word_1_392' title='bbox 3429 1598 3655 1651; x_wconf 87' lang='lat' dir='ltr'><strong>Domino</strong></span> 
     </span>
    </p>
   </div>
   <div class='ocr_carea' id='block_1_60' title="bbox 2079 1667 3651 1737">
    <p class='ocr_par' dir='ltr' id='par_1_60' title="bbox 2079 1667 3651 1737">
     <span class='ocr_line' id='line_1_60' title="bbox 2079 1667 3651 1737; baseline -0.003 -15"><span class='ocrx_word' id='word_1_393' title='bbox 2079 1667 2411 1735; x_wconf 87' lang='lat' dir='ltr'><strong>beatissimo,</strong></span> <span class='ocrx_word' id='word_1_394' title='bbox 2437 1676 2491 1722; x_wconf 89' lang='lat' dir='ltr'><strong>et</strong></span> <span class='ocrx_word' id='word_1_395' title='bbox 2519 1668 2812 1737; x_wconf 71' lang='lat' dir='ltr'><strong>apostolica</strong></span> <span class='ocrx_word' id='word_1_396' title='bbox 2844 1667 3139 1722; x_wconf 87' lang='lat' dir='ltr'><strong>reverentia</strong></span> <span class='ocrx_word' id='word_1_397' title='bbox 3171 1683 3200 1720; x_wconf 90' lang='lat' dir='ltr'><strong>a</strong></span> <span class='ocrx_word' id='word_1_398' title='bbox 3232 1667 3386 1722; x_wconf 90' lang='lat' dir='ltr'><strong>nobis</strong></span> <span class='ocrx_word' id='word_1_399' title='bbox 3417 1667 3467 1720; x_wconf 91' lang='lat' dir='ltr'><strong>in</strong></span> <span class='ocrx_word' id='word_1_400' title='bbox 3499 1667 3651 1722; x_wconf 88' lang='lat' dir='ltr'><strong>Chri-</strong></span> 
     </span>
    </p>
   </div>
   <div class='ocr_carea' id='block_1_61' title="bbox 2081 1735 3657 1807">
    <p class='ocr_par' dir='ltr' id='par_1_61' title="bbox 2081 1735 3657 1807">
     <span class='ocr_line' id='line_1_61' title="bbox 2081 1735 3657 1807; baseline -0.003 -15"><span class='ocrx_word' id='word_1_401' title='bbox 2081 1748 2166 1792; x_wconf 91' lang='lat' dir='ltr'><strong>sto</strong></span> <span class='ocrx_word' id='word_1_402' title='bbox 2208 1738 2434 1792; x_wconf 88' lang='lat' dir='ltr'><strong>colendo</strong></span> <span class='ocrx_word' id='word_1_403' title='bbox 2471 1735 2624 1807; x_wconf 80' lang='lat' dir='ltr'><strong>papa:</strong></span> <span class='ocrx_word' id='word_1_404' title='bbox 2652 1735 2836 1791; x_wconf 84' lang='lat' dir='ltr'><strong>llilaro</strong></span> <span class='ocrx_word' id='word_1_405' title='bbox 2873 1738 3157 1800; x_wconf 75' lang='lat' dir='ltr'><strong>Ascanius,</strong></span> <span class='ocrx_word' id='word_1_406' title='bbox 3191 1745 3246 1790; x_wconf 90' lang='lat' dir='ltr'><strong>et</strong></span> <span class='ocrx_word' id='word_1_407' title='bbox 3283 1738 3516 1792; x_wconf 88' lang='lat' dir='ltr'><strong>universi</strong></span> <span class='ocrx_word' id='word_1_408' title='bbox 3545 1737 3657 1806; x_wconf 85' lang='lat' dir='ltr'><strong>epi-</strong></span> 
     </span>
    </p>
   </div>
   <div class='ocr_carea' id='block_1_62' title="bbox 2083 1807 3661 1877">
    <p class='ocr_par' dir='ltr' id='par_1_62' title="bbox 2083 1807 3661 1877">
     <span class='ocr_line' id='line_1_62' title="bbox 2083 1807 3661 1877; baseline -0.002 -15"><span class='ocrx_word' id='word_1_409' title='bbox 2083 1808 2230 1877; x_wconf 84' lang='lat' dir='ltr'><strong>scopi</strong></span> <span class='ocrx_word' id='word_1_410' title='bbox 2262 1807 3019 1877; x_wconf 73' lang='lat' dir='ltr'><strong>Tarraconensisprovinciic.</strong></span> <span class='ocrx_word' id='word_1_411' title='bbox 3072 1807 3183 1861; x_wconf 88' lang='lat' dir='ltr'><strong>Etsi</strong></span> <span class='ocrx_word' id='word_1_412' title='bbox 3231 1807 3375 1860; x_wconf 92' lang='lat' dir='ltr'><strong>nulla</strong></span> <span class='ocrx_word' id='word_1_413' title='bbox 3423 1814 3661 1861; x_wconf 82' lang='lat' dir='ltr'><strong>exstaret</strong></span> 
     </span>
    </p>
   </div>
   <div class='ocr_carea' id='block_1_63' title="bbox 2010 1857 3660 1946">
    <p class='ocr_par' dir='ltr' id='par_1_63' title="bbox 2010 1857 3660 1946">
     <span class='ocr_line' id='line_1_63' title="bbox 2010 1857 3660 1946; baseline -0.002 -14"><span class='ocrx_word' id='word_1_414' title='bbox 2010 1857 2056 1915; x_wconf 74' lang='grc' dir='ltr'><strong>Β</strong></span> <span class='ocrx_word' id='word_1_415' title='bbox 2083 1857 2378 1932; x_wconf 66' lang='lat' dir='ltr'><strong>necessitas</strong></span> <span class='ocrx_word' id='word_1_416' title='bbox 2407 1857 2784 1946; x_wconf 64' lang='lat' dir='ltr'><strong>ecclesiastiea:</strong></span> <span class='ocrx_word' id='word_1_417' title='bbox 2813 1857 3660 1946; x_wconf 22' lang='lat' dir='ltr'><strong>disciplina:fex-petendnniﬁre;</strong></span> 
     </span>
    </p>
   </div>
   <div class='ocr_carea' id='block_1_64' title="bbox 2081 1945 3661 2014">
    <p class='ocr_par' dir='ltr' id='par_1_64' title="bbox 2081 1945 3661 2014">
     <span class='ocr_line' id='line_1_64' title="bbox 2081 1945 3661 2014; baseline -0.003 -13"><span class='ocrx_word' id='word_1_418' title='bbox 2081 1963 2210 2002; x_wconf 92' lang='lat' dir='ltr'><strong>vera</strong></span> <span class='ocrx_word' id='word_1_419' title='bbox 2244 1947 2394 2002; x_wconf 90' lang='lat' dir='ltr'><strong>nobis</strong></span> <span class='ocrx_word' id='word_1_420' title='bbox 2424 1946 2594 2001; x_wconf 87' lang='lat' dir='ltr'><strong>fuerat</strong></span> <span class='ocrx_word' id='word_1_421' title='bbox 2622 1945 2750 2000; x_wconf 89' lang='lat' dir='ltr'><strong>illud</strong></span> <span class='ocrx_word' id='word_1_422' title='bbox 2775 1945 3110 2014; x_wconf 78' lang='lat' dir='ltr'><strong>privilegium</strong></span> <span class='ocrx_word' id='word_1_423' title='bbox 3139 1945 3279 2001; x_wconf 88' lang='lat' dir='ltr'><strong>sedis</strong></span> <span class='ocrx_word' id='word_1_424' title='bbox 3307 1955 3520 2010; x_wconf 66' lang='lat' dir='ltr'><strong>vestrae,</strong></span> <span class='ocrx_word' id='word_1_425' title='bbox 3552 1961 3661 2014; x_wconf 90' lang='lat' dir='ltr'><strong>quo</strong></span> 
     </span>
    </p>
   </div>
   <div class='ocr_carea' id='block_1_65' title="bbox 2088 2015 3662 2086">
    <p class='ocr_par' dir='ltr' id='par_1_65' title="bbox 2088 2015 3662 2086">
     <span class='ocr_line' id='line_1_65' title="bbox 2088 2015 3662 2086; baseline -0.003 -14"><span class='ocrx_word' id='word_1_426' title='bbox 2088 2018 2350 2086; x_wconf 87' lang='lat' dir='ltr'><strong>susceptis</strong></span> <span class='ocrx_word' id='word_1_427' title='bbox 2381 2017 2528 2083; x_wconf 87' lang='lat' dir='ltr'><strong>regni</strong></span> <span class='ocrx_word' id='word_1_428' title='bbox 2557 2016 2817 2079; x_wconf 88' lang='lat' dir='ltr'><strong>clavibus,</strong></span> <span class='ocrx_word' id='word_1_429' title='bbox 2852 2026 2973 2083; x_wconf 86' lang='lat' dir='ltr'><strong>post</strong></span> <span class='ocrx_word' id='word_1_430' title='bbox 3003 2017 3449 2086; x_wconf 88' lang='lat' dir='ltr'><strong>resurrectionem</strong></span> <span class='ocrx_word' id='word_1_431' title='bbox 3477 2015 3662 2086; x_wconf 83' lang='lat' dir='ltr'><strong>Salva-</strong></span> 
     </span>
    </p>
   </div>
   <div class='ocr_carea' id='block_1_66' title="bbox 2087 2085 3664 2156">
    <p class='ocr_par' dir='ltr' id='par_1_66' title="bbox 2087 2085 3664 2156">
     <span class='ocr_line' id='line_1_66' title="bbox 2087 2085 3664 2156; baseline -0.003 -15"><span class='ocrx_word' id='word_1_432' title='bbox 2087 2090 2217 2142; x_wconf 89' lang='lat' dir='ltr'><strong>toris</strong></span> <span class='ocrx_word' id='word_1_433' title='bbox 2249 2085 2362 2156; x_wconf 75' lang='lat' dir='ltr'><strong>per</strong></span> <span class='ocrx_word' id='word_1_434' title='bbox 2400 2095 2572 2140; x_wconf 85' lang='lat' dir='ltr'><strong>totum</strong></span> <span class='ocrx_word' id='word_1_435' title='bbox 2619 2086 2802 2140; x_wconf 90' lang='lat' dir='ltr'><strong>orbem</strong></span> <span class='ocrx_word' id='word_1_436' title='bbox 2831 2086 3146 2156; x_wconf 79' lang='lat' dir='ltr'><strong>beatissimi</strong></span> <span class='ocrx_word' id='word_1_437' title='bbox 3194 2086 3336 2140; x_wconf 89' lang='lat' dir='ltr'><strong>Petri</strong></span> <span class='ocrx_word' id='word_1_438' title='bbox 3383 2085 3664 2153; x_wconf 81' lang='lat' dir='ltr'><strong>singularis</strong></span> 
     </span>
    </p>
   </div>
   <div class='ocr_carea' id='block_1_67' title="bbox 2085 2155 3665 2240">
    <p class='ocr_par' dir='ltr' id='par_1_67' title="bbox 2085 2155 3665 2240">
     <span class='ocr_line' id='line_1_67' title="bbox 2085 2155 3665 2240; baseline -0.003 -29"><span class='ocrx_word' id='word_1_439' title='bbox 2085 2155 2395 2240; x_wconf 34' lang='lat' dir='ltr'><strong>pricdioeatio</strong></span> <span class='ocrx_word' id='word_1_440' title='bbox 2425 2155 2797 2240; x_wconf 70' lang='lat' dir='ltr'><strong>universorum</strong></span> <span class='ocrx_word' id='word_1_441' title='bbox 2828 2155 3202 2240; x_wconf 44' lang='lat' dir='ltr'><strong>illuminat&#39;ioni</strong></span> <span class='ocrx_word' id='word_1_442' title='bbox 3242 2157 3538 2237; x_wconf 78' lang='lat' dir='ltr'><strong>prospexit,</strong></span> <span class='ocrx_word' id='word_1_443' title='bbox 3573 2170 3665 2240; x_wconf 74' lang='lat' dir='ltr'><strong>cu-</strong></span> 
     </span>
    </p>
   </div>
   <div class='ocr_carea' id='block_1_68' title="bbox 2080 2225 3666 2296">
    <p class='ocr_par' dir='ltr' id='par_1_68' title="bbox 2080 2225 3666 2296">
     <span class='ocr_line' id='line_1_68' title="bbox 2080 2225 3666 2296; baseline -0.003 -15"><span class='ocrx_word' id='word_1_444' title='bbox 2080 2225 2170 2296; x_wconf 89' lang='lat' dir='ltr'><strong>jus</strong></span> <span class='ocrx_word' id='word_1_445' title='bbox 2209 2227 2396 2279; x_wconf 89' lang='lat' dir='ltr'><strong>vicarii</strong></span> <span class='ocrx_word' id='word_1_446' title='bbox 2442 2226 2802 2294; x_wconf 89' lang='lat' dir='ltr'><strong>principatus,</strong></span> <span class='ocrx_word' id='word_1_447' title='bbox 2834 2225 2972 2296; x_wconf 84' lang='lat' dir='ltr'><strong>sicut</strong></span> <span class='ocrx_word' id='word_1_448' title='bbox 2999 2227 3218 2296; x_wconf 79' lang='lat' dir='ltr'><strong>eminet,</strong></span> <span class='ocrx_word' id='word_1_449' title='bbox 3251 2227 3320 2280; x_wconf 89' lang='lat' dir='ltr'><strong>ita</strong></span> <span class='ocrx_word' id='word_1_450' title='bbox 3352 2225 3666 2296; x_wconf 78' lang='lat' dir='ltr'><strong>metuendus</strong></span> 
     </span>
    </p>
   </div>
   <div class='ocr_carea' id='block_1_69' title="bbox 2084 2294 3666 2352">
    <p class='ocr_par' dir='ltr' id='par_1_69' title="bbox 2084 2294 3666 2352">
     <span class='ocr_line' id='line_1_69' title="bbox 2084 2294 3666 2352; baseline -0.003 0"><span class='ocrx_word' id='word_1_451' title='bbox 2084 2294 2168 2352; x_wconf 83' lang='lat' dir='ltr'><strong>est</strong></span> <span class='ocrx_word' id='word_1_452' title='bbox 2196 2298 2263 2350; x_wconf 89' lang='lat' dir='ltr'><strong>ab</strong></span> <span class='ocrx_word' id='word_1_453' title='bbox 2304 2298 2552 2349; x_wconf 90' lang='lat' dir='ltr'><strong>omnibus</strong></span> <span class='ocrx_word' id='word_1_454' title='bbox 2592 2303 2647 2349; x_wconf 94' lang='lat' dir='ltr'><strong>et</strong></span> <span class='ocrx_word' id='word_1_455' title='bbox 2688 2295 2967 2348; x_wconf 86' lang='lat' dir='ltr'><strong>amandus.</strong></span> <span class='ocrx_word' id='word_1_456' title='bbox 3013 2294 3242 2350; x_wconf 88' lang='lat' dir='ltr'><strong>Proinde</strong></span> <span class='ocrx_word' id='word_1_457' title='bbox 3279 2311 3379 2349; x_wconf 90' lang='lat' dir='ltr'><strong>nos</strong></span> <span class='ocrx_word' id='word_1_458' title='bbox 3418 2294 3583 2348; x_wconf 88' lang='lat' dir='ltr'><strong>Deum</strong></span> <span class='ocrx_word' id='word_1_459' title='bbox 3614 2295 3666 2348; x_wconf 90' lang='lat' dir='ltr'><strong>in</strong></span> 
     </span>
    </p>
   </div>
   <div class='ocr_carea' id='block_1_70' title="bbox 2087 2363 3667 2434">
    <p class='ocr_par' dir='ltr' id='par_1_70' title="bbox 2087 2363 3667 2434">
     <span class='ocr_line' id='line_1_70' title="bbox 2087 2363 3667 2434; baseline -0.003 -14"><span class='ocrx_word' id='word_1_460' title='bbox 2087 2367 2240 2421; x_wconf 84' lang='lat' dir='ltr'><strong>vobis</strong></span> <span class='ocrx_word' id='word_1_461' title='bbox 2261 2366 2507 2434; x_wconf 83' lang='lat' dir='ltr'><strong>primitus</strong></span> <span class='ocrx_word' id='word_1_462' title='bbox 2528 2364 2834 2428; x_wconf 86' lang='lat' dir='ltr'><strong>adorantes,</strong></span> <span class='ocrx_word' id='word_1_463' title='bbox 2860 2364 2942 2417; x_wconf 88' lang='lat' dir='ltr'><strong>cui</strong></span> <span class='ocrx_word' id='word_1_464' title='bbox 2969 2365 3084 2420; x_wconf 90' lang='lat' dir='ltr'><strong>sine</strong></span> <span class='ocrx_word' id='word_1_465' title='bbox 3103 2366 3322 2432; x_wconf 87' lang='lat' dir='ltr'><strong>querela</strong></span> <span class='ocrx_word' id='word_1_466' title='bbox 3345 2364 3576 2434; x_wconf 75' lang='lat' dir='ltr'><strong>servitis,</strong></span> <span class='ocrx_word' id='word_1_467' title='bbox 3603 2363 3667 2416; x_wconf 84' lang='lat' dir='ltr'><strong>ad</strong></span> 
     </span>
    </p>
   </div>
   <div class='ocr_carea' id='block_1_71' title="bbox 2089 2433 3664 2504">
    <p class='ocr_par' dir='ltr' id='par_1_71' title="bbox 2089 2433 3664 2504">
     <span class='ocr_line' id='line_1_71' title="bbox 2089 2433 3664 2504; baseline -0.002 -15"><span class='ocrx_word' id='word_1_468' title='bbox 2089 2436 2246 2490; x_wconf 87' lang='lat' dir='ltr'><strong>fidem</strong></span> <span class='ocrx_word' id='word_1_469' title='bbox 2263 2433 2606 2489; x_wconf 21' lang='lat' dir='ltr'><strong>irccurrimus</strong></span> <span class='ocrx_word' id='word_1_470' title='bbox 2634 2434 2930 2502; x_wconf 87' lang='lat' dir='ltr'><strong>apostolico</strong></span> <span class='ocrx_word' id='word_1_471' title='bbox 2967 2449 3062 2488; x_wconf 90' lang='lat' dir='ltr'><strong>ore</strong></span> <span class='ocrx_word' id='word_1_472' title='bbox 3092 2435 3358 2488; x_wconf 85' lang='lat' dir='ltr'><strong>laudatam</strong></span> <span class='ocrx_word' id='word_1_473' title='bbox 3397 2433 3574 2504; x_wconf 82' lang='lat' dir='ltr'><strong>(Rom.</strong></span> <span class='ocrx_word' id='word_1_474' title='bbox 3602 2435 3664 2504; x_wconf 67' lang='grc' dir='ltr'><strong>ι),</strong></span> 
     </span>
    </p>
   </div>
   <div class='ocr_carea' id='block_1_72' title="bbox 2049 2503 3668 2573">
    <p class='ocr_par' dir='ltr' id='par_1_72' title="bbox 2049 2503 3668 2573">
     <span class='ocr_line' id='line_1_72' title="bbox 2049 2503 3668 2573; baseline -0.004 -11"><span class='ocrx_word' id='word_1_475' title='bbox 2049 2538 2052 2539; x_wconf 53' lang='grc' dir='ltr'><em>ν</em></span> <span class='ocrx_word' id='word_1_476' title='bbox 2088 2507 2210 2561; x_wconf 92' lang='lat' dir='ltr'><strong>inde</strong></span> <span class='ocrx_word' id='word_1_477' title='bbox 2258 2519 2518 2573; x_wconf 89' lang='lat' dir='ltr'><strong>responsa</strong></span> <span class='ocrx_word' id='word_1_478' title='bbox 2560 2513 2863 2572; x_wconf 71' lang='lat' dir='ltr'><strong>qumrentes</strong></span> <span class='ocrx_word' id='word_1_479' title='bbox 2885 2545 2898 2566; x_wconf 90' lang='lat'><strong>,</strong></span> <span class='ocrx_word' id='word_1_480' title='bbox 2933 2505 3075 2557; x_wconf 86' lang='lat' dir='ltr'><strong>unde</strong></span> <span class='ocrx_word' id='word_1_481' title='bbox 3118 2505 3248 2557; x_wconf 87' lang='lat' dir='ltr'><strong>nihil</strong></span> <span class='ocrx_word' id='word_1_482' title='bbox 3279 2503 3460 2558; x_wconf 88' lang='lat' dir='ltr'><strong>errore</strong></span> <span class='ocrx_word' id='word_1_483' title='bbox 3487 2545 3502 2566; x_wconf 85' lang='lat'><strong>,</strong></span> <span class='ocrx_word' id='word_1_484' title='bbox 3536 2503 3668 2556; x_wconf 88' lang='lat' dir='ltr'><strong>nihil</strong></span> 
     </span>
    </p>
   </div>
   <div class='ocr_carea' id='block_1_73' title="bbox 2086 2573 3670 2647">
    <p class='ocr_par' dir='ltr' id='par_1_73' title="bbox 2086 2573 3670 2647">
     <span class='ocr_line' id='line_1_73' title="bbox 2086 2573 3670 2647; baseline -0.002 -18"><span class='ocrx_word' id='word_1_485' title='bbox 2086 2575 2508 2647; x_wconf 76' lang='lat' dir='ltr'><strong>prmsumptione</strong></span> <span class='ocrx_word' id='word_1_486' title='bbox 2541 2592 2554 2626; x_wconf 89' lang='lat'><strong>:</strong></span> <span class='ocrx_word' id='word_1_487' title='bbox 2587 2573 2681 2647; x_wconf 81' lang='lat' dir='ltr'><strong>sed</strong></span> <span class='ocrx_word' id='word_1_488' title='bbox 2727 2573 3020 2647; x_wconf 77' lang='lat' dir='ltr'><strong>pontificali</strong></span> <span class='ocrx_word' id='word_1_489' title='bbox 3069 2581 3238 2627; x_wconf 89' lang='lat' dir='ltr'><strong>totum</strong></span> <span class='ocrx_word' id='word_1_490' title='bbox 3283 2573 3670 2647; x_wconf 80' lang='lat' dir='ltr'><strong>deliberatione</strong></span> 
     </span>
    </p>
   </div>
   <div class='ocr_carea' id='block_1_74' title="bbox 2088 2643 3670 2718">
    <p class='ocr_par' dir='ltr' id='par_1_74' title="bbox 2088 2643 3670 2718">
     <span class='ocr_line' id='line_1_74' title="bbox 2088 2643 3670 2718; baseline -0.004 -18"><span class='ocrx_word' id='word_1_491' title='bbox 2088 2643 2580 2718; x_wconf 30' lang='lat' dir='ltr'><strong>pnccipit’ur._(1nm</strong></span> <span class='ocrx_word' id='word_1_492' title='bbox 2608 2643 2824 2718; x_wconf 84' lang='lat' dir='ltr'><strong>ha:e_ita</strong></span> <span class='ocrx_word' id='word_1_493' title='bbox 2845 2659 2904 2698; x_wconf 90' lang='lat' dir='ltr'><strong>se</strong></span> <span class='ocrx_word' id='word_1_494' title='bbox 2933 2645 3185 2718; x_wconf 82' lang='lat' dir='ltr'><strong>habeant,</strong></span> <span class='ocrx_word' id='word_1_495' title='bbox 3213 2651 3296 2697; x_wconf 88' lang='lat' dir='ltr'><strong>est</strong></span> <span class='ocrx_word' id='word_1_496' title='bbox 3325 2651 3503 2718; x_wconf 80' lang='lat' dir='ltr'><strong>tamen</strong></span> <span class='ocrx_word' id='word_1_497' title='bbox 3513 2643 3670 2718; x_wconf 73' lang='lat' dir='ltr'><strong>inter</strong></span> 
     </span>
    </p>
   </div>
   <div class='ocr_carea' id='block_1_75' title="bbox 2093 2711 3670 2782">
    <p class='ocr_par' dir='ltr' id='par_1_75' title="bbox 2093 2711 3670 2782">
     <span class='ocr_line' id='line_1_75' title="bbox 2093 2711 3670 2782; baseline -0.004 -12"><span class='ocrx_word' id='word_1_498' title='bbox 2093 2711 2190 2771; x_wconf 73' lang='lat' dir='ltr'><strong>nos</strong></span> <span class='ocrx_word' id='word_1_499' title='bbox 2221 2711 2384 2769; x_wconf 81' lang='lat' dir='ltr'><strong>falsus</strong></span> <span class='ocrx_word' id='word_1_500' title='bbox 2414 2713 2580 2767; x_wconf 87' lang='lat' dir='ltr'><strong>frater</strong></span> <span class='ocrx_word' id='word_1_501' title='bbox 2602 2751 2616 2777; x_wconf 90' lang='lat'><strong>,</strong></span> <span class='ocrx_word' id='word_1_502' title='bbox 2663 2711 2817 2782; x_wconf 82' lang='lat' dir='ltr'><strong>cujus</strong></span> <span class='ocrx_word' id='word_1_503' title='bbox 2850 2714 3266 2782; x_wconf 72' lang='lat' dir='ltr'><strong>pricsumptionc</strong></span> <span class='ocrx_word' id='word_1_504' title='bbox 3295 2715 3432 2766; x_wconf 89' lang='lat' dir='ltr'><strong>sicut</strong></span> <span class='ocrx_word' id='word_1_505' title='bbox 3474 2711 3670 2765; x_wconf 90' lang='lat' dir='ltr'><strong>diutius</strong></span> 
     </span>
    </p>
   </div>
   <div class='ocr_carea' id='block_1_76' title="bbox 2090 2781 3670 2851">
    <p class='ocr_par' dir='ltr' id='par_1_76' title="bbox 2090 2781 3670 2851">
     <span class='ocr_line' id='line_1_76' title="bbox 2090 2781 3670 2851; baseline -0.005 -11"><span class='ocrx_word' id='word_1_506' title='bbox 2090 2795 2274 2841; x_wconf 86' lang='lat' dir='ltr'><strong>tacere</strong></span> <span class='ocrx_word' id='word_1_507' title='bbox 2302 2800 2408 2840; x_wconf 91' lang='lat' dir='ltr'><strong>non</strong></span> <span class='ocrx_word' id='word_1_508' title='bbox 2431 2783 2598 2848; x_wconf 87' lang='lat' dir='ltr'><strong>licuit,</strong></span> <span class='ocrx_word' id='word_1_509' title='bbox 2630 2782 2702 2836; x_wconf 90' lang='lat' dir='ltr'><strong>ita</strong></span> <span class='ocrx_word' id='word_1_510' title='bbox 2729 2790 2782 2835; x_wconf 90' lang='lat' dir='ltr'><strong>et</strong></span> <span class='ocrx_word' id='word_1_511' title='bbox 2807 2781 2952 2849; x_wconf 85' lang='lat' dir='ltr'><strong>loqui</strong></span> <span class='ocrx_word' id='word_1_512' title='bbox 2983 2781 3142 2836; x_wconf 85' lang='lat' dir='ltr'><strong>futuri</strong></span> <span class='ocrx_word' id='word_1_513' title='bbox 3167 2782 3351 2851; x_wconf 90' lang='lat' dir='ltr'><strong>jndicii</strong></span> <span class='ocrx_word' id='word_1_514' title='bbox 3384 2783 3670 2836; x_wconf 88' lang='lat' dir='ltr'><strong>necessitas</strong></span> 
     </span>
    </p>
   </div>
   <div class='ocr_carea' id='block_1_77' title="bbox 2091 2851 3672 2926">
    <p class='ocr_par' dir='ltr' id='par_1_77' title="bbox 2091 2851 3672 2926">
     <span class='ocr_line' id='line_1_77' title="bbox 2091 2851 3672 2926; baseline -0.004 -16"><span class='ocrx_word' id='word_1_515' title='bbox 2091 2855 2390 2926; x_wconf 88' lang='lat' dir='ltr'><strong>imperavit.</strong></span> <span class='ocrx_word' id='word_1_516' title='bbox 2432 2853 2695 2924; x_wconf 80' lang='lat' dir='ltr'><strong>Sylvanns</strong></span> <span class='ocrx_word' id='word_1_517' title='bbox 2723 2852 2958 2926; x_wconf 81' lang='lat' dir='ltr'><strong>quidem,</strong></span> <span class='ocrx_word' id='word_1_518' title='bbox 2991 2853 3272 2926; x_wconf 89' lang='lat' dir='ltr'><strong>epise0pus</strong></span> <span class='ocrx_word' id='word_1_519' title='bbox 3299 2851 3672 2926; x_wconf 71' lang='lat' dir='ltr'><strong>Calagurtc,_in</strong></span> 
     </span>
    </p>
   </div>
   <div class='ocr_carea' id='block_1_78' title="bbox 2091 2921 3669 2995">
    <p class='ocr_par' dir='ltr' id='par_1_78' title="bbox 2091 2921 3669 2995">
     <span class='ocr_line' id='line_1_78' title="bbox 2091 2921 3669 2995; baseline -0.006 -14"><span class='ocrx_word' id='word_1_520' title='bbox 2091 2921 2276 2981; x_wconf 85' lang='lat' dir='ltr'><strong>ultima</strong></span> <span class='ocrx_word' id='word_1_521' title='bbox 2307 2931 2461 2995; x_wconf 88' lang='lat' dir='ltr'><strong>parte</strong></span> <span class='ocrx_word' id='word_1_522' title='bbox 2475 2921 2679 2995; x_wconf 75' lang='lat' dir='ltr'><strong>nostra:</strong></span> <span class='ocrx_word' id='word_1_523' title='bbox 2705 2922 2991 2995; x_wconf 70' lang='lat' dir='ltr'><strong>provincia:</strong></span> <span class='ocrx_word' id='word_1_524' title='bbox 3017 2921 3360 2995; x_wconf 79' lang='lat' dir='ltr'><strong>constitutus,</strong></span> <span class='ocrx_word' id='word_1_525' title='bbox 3388 2921 3669 2974; x_wconf 89' lang='lat' dir='ltr'><strong>divinatio-</strong></span> 
     </span>
    </p>
   </div>
   <div class='ocr_carea' id='block_1_79' title="bbox 2093 2990 3672 3060">
    <p class='ocr_par' dir='ltr' id='par_1_79' title="bbox 2093 2990 3672 3060">
     <span class='ocr_line' id='line_1_79' title="bbox 2093 2990 3672 3060; baseline -0.006 -9"><span class='ocrx_word' id='word_1_526' title='bbox 2093 3012 2188 3051; x_wconf 91' lang='lat' dir='ltr'><strong>nes</strong></span> <span class='ocrx_word' id='word_1_527' title='bbox 2217 2990 2324 3050; x_wconf 83' lang='lat' dir='ltr'><strong>sibi</strong></span> <span class='ocrx_word' id='word_1_528' title='bbox 2359 2993 2628 3049; x_wconf 89' lang='lat' dir='ltr'><strong>indebitas</strong></span> <span class='ocrx_word' id='word_1_529' title='bbox 2671 2993 2980 3060; x_wconf 87' lang='lat' dir='ltr'><strong>usurpando</strong></span> <span class='ocrx_word' id='word_1_530' title='bbox 3026 2990 3382 3045; x_wconf 90' lang='lat' dir='ltr'><strong>humilitatem</strong></span> <span class='ocrx_word' id='word_1_531' title='bbox 3435 3001 3672 3044; x_wconf 88' lang='lat' dir='ltr'><strong>nostram</strong></span> 
     </span>
    </p>
   </div>
   <div class='ocr_carea' id='block_1_80' title="bbox 2092 3061 3671 3133">
    <p class='ocr_par' dir='ltr' id='par_1_80' title="bbox 2092 3061 3671 3133">
     <span class='ocr_line' id='line_1_80' title="bbox 2092 3061 3671 3133; baseline -0.007 -12"><span class='ocrx_word' id='word_1_532' title='bbox 2092 3066 2160 3121; x_wconf 92' lang='lat' dir='ltr'><strong>ad</strong></span> <span class='ocrx_word' id='word_1_533' title='bbox 2191 3068 2294 3121; x_wconf 71' lang='lat' dir='ltr'><strong>hoc</strong></span> <span class='ocrx_word' id='word_1_534' title='bbox 2324 3079 2494 3133; x_wconf 86' lang='lat' dir='ltr'><strong>usque</strong></span> <span class='ocrx_word' id='word_1_535' title='bbox 2521 3061 2770 3133; x_wconf 79' lang='lat' dir='ltr'><strong>perduxit</strong></span> <span class='ocrx_word' id='word_1_536' title='bbox 2797 3102 2811 3126; x_wconf 89' lang='lat'><strong>,</strong></span> <span class='ocrx_word' id='word_1_537' title='bbox 2858 3071 2917 3116; x_wconf 89' lang='lat' dir='ltr'><strong>ut</strong></span> <span class='ocrx_word' id='word_1_538' title='bbox 2943 3069 3132 3133; x_wconf 87' lang='lat' dir='ltr'><strong>contra</strong></span> <span class='ocrx_word' id='word_1_539' title='bbox 3175 3061 3292 3130; x_wconf 89' lang='lat' dir='ltr'><strong>ejus</strong></span> <span class='ocrx_word' id='word_1_540' title='bbox 3329 3061 3671 3133; x_wconf 73' lang='lat' dir='ltr'><strong>vanissimam</strong></span> 
     </span>
    </p>
   </div>
   <div class='ocr_carea' id='block_1_81' title="bbox 2092 3128 3671 3205">
    <p class='ocr_par' dir='ltr' id='par_1_81' title="bbox 2092 3128 3671 3205">
     <span class='ocr_line' id='line_1_81' title="bbox 2092 3128 3671 3205; baseline -0.008 -14"><span class='ocrx_word' id='word_1_541' title='bbox 2092 3128 2545 3205; x_wconf 69' lang='lat' dir='ltr'><strong>superstitionem,</strong></span> <span class='ocrx_word' id='word_1_542' title='bbox 2577 3132 2719 3188; x_wconf 84' lang='lat' dir='ltr'><strong>sedis</strong></span> <span class='ocrx_word' id='word_1_543' title='bbox 2738 3138 2936 3205; x_wconf 77' lang='lat' dir='ltr'><strong>vestra:</strong></span> <span class='ocrx_word' id='word_1_544' title='bbox 2967 3132 3181 3186; x_wconf 89' lang='lat' dir='ltr'><strong>unicum</strong></span> <span class='ocrx_word' id='word_1_545' title='bbox 3207 3128 3504 3185; x_wconf 78' lang='lat' dir='ltr'><strong>remedium</strong></span> <span class='ocrx_word' id='word_1_546' title='bbox 3528 3128 3671 3195; x_wconf 75' lang='lat' dir='ltr'><strong>flagi-</strong></span> 
     </span>
    </p>
   </div>
   <div class='ocr_carea' id='block_1_82' title="bbox 412 3202 3672 3279">
    <p class='ocr_par' dir='ltr' id='par_1_82' title="bbox 412 3202 3672 3279">
     <span class='ocr_line' id='line_1_82' title="bbox 412 3202 3672 3279; baseline -0.003 -21"><span class='ocrx_word' id='word_1_547' title='bbox 412 3202 559 3279; x_wconf 77' lang='lat' dir='ltr'><strong>tiohe</strong></span> <span class='ocrx_word' id='word_1_548' title='bbox 574 3205 828 3258; x_wconf 79' lang='lat' dir='ltr'><strong>surrexit.</strong></span> <span class='ocrx_word' id='word_1_549' title='bbox 854 3202 1330 3279; x_wconf 74' lang='lat' dir='ltr'><strong>Ergoprovineiali</strong></span> <span class='ocrx_word' id='word_1_550' title='bbox 1345 3202 1873 3279; x_wconf 77' lang='lat' dir='ltr'><strong>litterariosermoue</strong></span> <span class='ocrx_word' id='word_1_551' title='bbox 1899 3204 1993 3257; x_wconf 90' lang='lat' dir='ltr'><strong>de-</strong></span> <span class='ocrx_word' id='word_1_552' title='bbox 2019 3217 2064 3279; x_wconf 70' lang='grc' dir='ltr'><strong>ς</strong></span> <span class='ocrx_word' id='word_1_553' title='bbox 2097 3202 2289 3279; x_wconf 66' lang='lat' dir='ltr'><strong>teinizs.</strong></span> <span class='ocrx_word' id='word_1_554' title='bbox 2338 3202 2439 3258; x_wconf 89' lang='lat' dir='ltr'><strong>Hic</strong></span> <span class='ocrx_word' id='word_1_555' title='bbox 2468 3216 2698 3270; x_wconf 90' lang='lat' dir='ltr'><strong>namque</strong></span> <span class='ocrx_word' id='word_1_556' title='bbox 2730 3202 2842 3270; x_wconf 90' lang='lat' dir='ltr'><strong>jam</strong></span> <span class='ocrx_word' id='word_1_557' title='bbox 2883 3209 3014 3279; x_wconf 65' lang='lat' dir='ltr'><strong>uate</strong></span> <span class='ocrx_word' id='word_1_558' title='bbox 3042 3208 3250 3270; x_wconf 89' lang='lat' dir='ltr'><strong>septem</strong></span> <span class='ocrx_word' id='word_1_559' title='bbox 3276 3208 3376 3279; x_wconf 72' lang='lat' dir='ltr'><strong>aut</strong></span> <span class='ocrx_word' id='word_1_560' title='bbox 3402 3209 3527 3254; x_wconf 90' lang='lat' dir='ltr'><strong>octo</strong></span> <span class='ocrx_word' id='word_1_561' title='bbox 3559 3214 3672 3251; x_wconf 86' lang='lat' dir='ltr'><strong>am-</strong></span> 
     </span>
    </p>
   </div>
   <div class='ocr_carea' id='block_1_83' title="bbox 413 3272 1992 3343">
    <p class='ocr_par' dir='ltr' id='par_1_83' title="bbox 413 3272 1992 3343">
     <span class='ocr_line' id='line_1_83' title="bbox 413 3272 1992 3343; baseline -0.003 -13"><span class='ocrx_word' id='word_1_562' title='bbox 413 3277 519 3331; x_wconf 87' lang='lat' dir='ltr'><strong>bita</strong></span> <span class='ocrx_word' id='word_1_563' title='bbox 539 3288 755 3330; x_wconf 80' lang='lat' dir='ltr'><strong>corona:</strong></span> <span class='ocrx_word' id='word_1_564' title='bbox 769 3281 955 3327; x_wconf 71' lang='lat' dir='ltr'><strong>vestra:</strong></span> <span class='ocrx_word' id='word_1_565' title='bbox 967 3272 1223 3341; x_wconf 89' lang='lat' dir='ltr'><strong>obsequia</strong></span> <span class='ocrx_word' id='word_1_566' title='bbox 1237 3272 1556 3338; x_wconf 87' lang='lat' dir='ltr'><strong>deferentes,</strong></span> <span class='ocrx_word' id='word_1_567' title='bbox 1571 3275 1653 3328; x_wconf 90' lang='lat' dir='ltr'><strong>his</strong></span> <span class='ocrx_word' id='word_1_568' title='bbox 1667 3287 1992 3343; x_wconf 74' lang='lat' dir='ltr'><strong>qumsumus,</strong></span> 
     </span>
    </p>
   </div>
   <div class='ocr_carea' id='block_1_84' title="bbox 413 3343 1993 3413">
    <p class='ocr_par' dir='ltr' id='par_1_84' title="bbox 413 3343 1993 3413">
     <span class='ocr_line' id='line_1_84' title="bbox 413 3343 1993 3413; baseline -0.003 -13"><span class='ocrx_word' id='word_1_569' title='bbox 413 3356 471 3400; x_wconf 91' lang='lat' dir='ltr'><strong>ut</strong></span> <span class='ocrx_word' id='word_1_570' title='bbox 490 3344 796 3412; x_wconf 88' lang='lat' dir='ltr'><strong>dignatione</strong></span> <span class='ocrx_word' id='word_1_571' title='bbox 816 3359 919 3413; x_wconf 89' lang='lat' dir='ltr'><strong>qua</strong></span> <span class='ocrx_word' id='word_1_572' title='bbox 939 3351 1164 3398; x_wconf 69' lang='lat' dir='ltr'><strong>caeteros</strong></span> <span class='ocrx_word' id='word_1_573' title='bbox 1183 3343 1344 3397; x_wconf 88' lang='lat' dir='ltr'><strong>etiam</strong></span> <span class='ocrx_word' id='word_1_574' title='bbox 1369 3343 1724 3398; x_wconf 87' lang='lat' dir='ltr'><strong>humilitatem</strong></span> <span class='ocrx_word' id='word_1_575' title='bbox 1754 3353 1993 3397; x_wconf 89' lang='lat' dir='ltr'><strong>nostram</strong></span> 
     </span>
    </p>
   </div>
   <div class='ocr_carea' id='block_1_85' title="bbox 415 3413 1992 3481">
    <p class='ocr_par' dir='ltr' id='par_1_85' title="bbox 415 3413 1992 3481">
     <span class='ocr_line' id='line_1_85' title="bbox 415 3413 1992 3481; baseline -0.004 -11"><span class='ocrx_word' id='word_1_576' title='bbox 415 3417 468 3470; x_wconf 92' lang='lat' dir='ltr'><strong>in</strong></span> <span class='ocrx_word' id='word_1_577' title='bbox 505 3415 842 3469; x_wconf 89' lang='lat' dir='ltr'><strong>orationibus</strong></span> <span class='ocrx_word' id='word_1_578' title='bbox 883 3413 1075 3468; x_wconf 86' lang='lat' dir='ltr'><strong>vestris</strong></span> <span class='ocrx_word' id='word_1_579' title='bbox 1119 3413 1170 3466; x_wconf 94' lang='lat' dir='ltr'><strong>in</strong></span> <span class='ocrx_word' id='word_1_580' title='bbox 1217 3422 1397 3468; x_wconf 88' lang='lat' dir='ltr'><strong>mente</strong></span> <span class='ocrx_word' id='word_1_581' title='bbox 1443 3413 1644 3467; x_wconf 88' lang='lat' dir='ltr'><strong>habere</strong></span> <span class='ocrx_word' id='word_1_582' title='bbox 1681 3413 1992 3481; x_wconf 86' lang='lat' dir='ltr'><strong>dignemini,</strong></span> 
     </span>
    </p>
   </div>
   <div class='ocr_carea' id='block_1_86' title="bbox 415 3481 1996 3552">
    <p class='ocr_par' dir='ltr' id='par_1_86' title="bbox 415 3481 1996 3552">
     <span class='ocr_line' id='line_1_86' title="bbox 415 3481 1996 3552; baseline -0.003 -11"><span class='ocrx_word' id='word_1_583' title='bbox 415 3485 722 3541; x_wconf 87' lang='lat' dir='ltr'><strong>beatissima</strong></span> <span class='ocrx_word' id='word_1_584' title='bbox 767 3493 824 3538; x_wconf 84' lang='lat' dir='ltr'><strong>et</strong></span> <span class='ocrx_word' id='word_1_585' title='bbox 861 3483 1154 3552; x_wconf 88' lang='lat' dir='ltr'><strong>apostolica</strong></span> <span class='ocrx_word' id='word_1_586' title='bbox 1189 3483 1490 3538; x_wconf 89' lang='lat' dir='ltr'><strong>reverentia</strong></span> <span class='ocrx_word' id='word_1_587' title='bbox 1521 3485 1574 3537; x_wconf 91' lang='lat' dir='ltr'><strong>in</strong></span> <span class='ocrx_word' id='word_1_588' title='bbox 1599 3481 1813 3550; x_wconf 81' lang='lat' dir='ltr'><strong>Christo</strong></span> <span class='ocrx_word' id='word_1_589' title='bbox 1841 3497 1872 3536; x_wconf 91' lang='lat' dir='ltr'><strong>a</strong></span> <span class='ocrx_word' id='word_1_590' title='bbox 1899 3497 1996 3536; x_wconf 79' lang='lat' dir='ltr'><strong>LO-</strong></span> 
     </span>
    </p>
   </div>
   <div class='ocr_carea' id='block_1_87' title="bbox 415 3552 1998 3623">
    <p class='ocr_par' dir='ltr' id='par_1_87' title="bbox 415 3552 1998 3623">
     <span class='ocr_line' id='line_1_87' title="bbox 415 3552 1998 3623; baseline -0.005 -11"><span class='ocrx_word' id='word_1_591' title='bbox 415 3557 524 3620; x_wconf 89' lang='lat' dir='ltr'><strong>bis,</strong></span> <span class='ocrx_word' id='word_1_592' title='bbox 557 3553 780 3610; x_wconf 90' lang='lat' dir='ltr'><strong>colende</strong></span> <span class='ocrx_word' id='word_1_593' title='bbox 813 3563 995 3623; x_wconf 85' lang='lat' dir='ltr'><strong>pater,</strong></span> <span class='ocrx_word' id='word_1_594' title='bbox 1035 3552 1163 3623; x_wconf 91' lang='lat' dir='ltr'><strong>illud</strong></span> <span class='ocrx_word' id='word_1_595' title='bbox 1200 3553 1483 3622; x_wconf 89' lang='lat' dir='ltr'><strong>specialius</strong></span> <span class='ocrx_word' id='word_1_596' title='bbox 1521 3555 1998 3623; x_wconf 85' lang='lat' dir='ltr'><strong>deprecantes,ut</strong></span> 
     </span>
    </p>
   </div>
   <div class='ocr_carea' id='block_1_88' title="bbox 416 3622 1996 3692">
    <p class='ocr_par' dir='ltr' id='par_1_88' title="bbox 416 3622 1996 3692">
     <span class='ocr_line' id='line_1_88' title="bbox 416 3622 1996 3692; baseline -0.004 -12"><span class='ocrx_word' id='word_1_597' title='bbox 416 3627 617 3680; x_wconf 89' lang='lat' dir='ltr'><strong>factum</strong></span> <span class='ocrx_word' id='word_1_598' title='bbox 649 3622 912 3688; x_wconf 86' lang='lat' dir='ltr'><strong>nostrum,</strong></span> <span class='ocrx_word' id='word_1_599' title='bbox 942 3622 1087 3691; x_wconf 89' lang='lat' dir='ltr'><strong>quod</strong></span> <span class='ocrx_word' id='word_1_600' title='bbox 1118 3632 1225 3676; x_wconf 89' lang='lat' dir='ltr'><strong>tam</strong></span> <span class='ocrx_word' id='word_1_601' title='bbox 1256 3630 1382 3678; x_wconf 87' lang='lat' dir='ltr'><strong>voto</strong></span> <span class='ocrx_word' id='word_1_602' title='bbox 1412 3637 1548 3692; x_wconf 88' lang='lat' dir='ltr'><strong>pene</strong></span> <span class='ocrx_word' id='word_1_603' title='bbox 1577 3622 1752 3677; x_wconf 87' lang='lat' dir='ltr'><strong>omnis</strong></span> <span class='ocrx_word' id='word_1_604' title='bbox 1781 3622 1996 3692; x_wconf 84' lang='lat' dir='ltr'><strong>provin-</strong></span> 
     </span>
    </p>
   </div>
   <div class='ocr_carea' id='block_1_89' title="bbox 416 3693 1996 3763">
    <p class='ocr_par' dir='ltr' id='par_1_89' title="bbox 416 3693 1996 3763">
     <span class='ocr_line' id='line_1_89' title="bbox 416 3693 1996 3763; baseline -0.004 -12"><span class='ocrx_word' id='word_1_605' title='bbox 416 3697 513 3752; x_wconf 77' lang='lat' dir='ltr'><strong>cia:</strong></span> <span class='ocrx_word' id='word_1_606' title='bbox 535 3737 552 3762; x_wconf 95' lang='lat'><strong>,</strong></span> <span class='ocrx_word' id='word_1_607' title='bbox 582 3709 742 3763; x_wconf 88' lang='lat' dir='ltr'><strong>quam</strong></span> <span class='ocrx_word' id='word_1_608' title='bbox 783 3693 1032 3761; x_wconf 81' lang='lat' dir='ltr'><strong>exemplo</strong></span> <span class='ocrx_word' id='word_1_609' title='bbox 1061 3694 1342 3746; x_wconf 87' lang='lat' dir='ltr'><strong>vetustatis</strong></span> <span class='ocrx_word' id='word_1_610' title='bbox 1381 3695 1434 3747; x_wconf 93' lang='lat' dir='ltr'><strong>in</strong></span> <span class='ocrx_word' id='word_1_611' title='bbox 1475 3693 1724 3748; x_wconf 88' lang='lat' dir='ltr'><strong>notitiam</strong></span> <span class='ocrx_word' id='word_1_612' title='bbox 1761 3701 1996 3747; x_wconf 88' lang='lat' dir='ltr'><strong>vestram</strong></span> 
     </span>
    </p>
   </div>
   <div class='ocr_carea' id='block_1_90' title="bbox 417 3763 1999 3833">
    <p class='ocr_par' dir='ltr' id='par_1_90' title="bbox 417 3763 1999 3833">
     <span class='ocr_line' id='line_1_90' title="bbox 417 3763 1999 3833; baseline -0.003 -12"><span class='ocrx_word' id='word_1_613' title='bbox 417 3766 687 3827; x_wconf 86' lang='lat' dir='ltr'><strong>defertur,</strong></span> <span class='ocrx_word' id='word_1_614' title='bbox 740 3765 1018 3833; x_wconf 84' lang='lat' dir='ltr'><strong>perpensis</strong></span> <span class='ocrx_word' id='word_1_615' title='bbox 1064 3763 1449 3818; x_wconf 88' lang='lat' dir='ltr'><strong>assertionibus</strong></span> <span class='ocrx_word' id='word_1_616' title='bbox 1494 3763 1693 3818; x_wconf 90' lang='lat' dir='ltr'><strong>nostris</strong></span> <span class='ocrx_word' id='word_1_617' title='bbox 1742 3763 1999 3833; x_wconf 89' lang='lat' dir='ltr'><strong>roborare</strong></span> 
     </span>
    </p>
   </div>
   <div class='ocr_carea' id='block_1_91' title="bbox 419 3831 2002 3902">
    <p class='ocr_par' dir='ltr' id='par_1_91' title="bbox 419 3831 2002 3902">
     <span class='ocr_line' id='line_1_91' title="bbox 419 3831 2002 3902; baseline -0.004 -11"><span class='ocrx_word' id='word_1_618' title='bbox 419 3831 977 3902; x_wconf 39' lang='lat' dir='ltr'><strong>dignemini—Etcum</strong></span> <span class='ocrx_word' id='word_1_619' title='bbox 1005 3831 1228 3901; x_wconf 81' lang='lat' dir='ltr'><strong>legeret,</strong></span> <span class='ocrx_word' id='word_1_620' title='bbox 1261 3833 1329 3902; x_wconf 82' lang='lat' dir='ltr'><strong>ab</strong></span> <span class='ocrx_word' id='word_1_621' title='bbox 1359 3833 1622 3887; x_wconf 89' lang='lat' dir='ltr'><strong>universis</strong></span> <span class='ocrx_word' id='word_1_622' title='bbox 1651 3832 1919 3902; x_wconf 89' lang='lat' dir='ltr'><strong>episcopis</strong></span> <span class='ocrx_word' id='word_1_623' title='bbox 1947 3839 2002 3885; x_wconf 90' lang='lat' dir='ltr'><strong>et</strong></span> 
     </span>
    </p>
   </div>
   <div class='ocr_carea' id='block_1_92' title="bbox 419 3901 2000 3977">
    <p class='ocr_par' dir='ltr' id='par_1_92' title="bbox 419 3901 2000 3977">
     <span class='ocr_line' id='line_1_92' title="bbox 419 3901 2000 3977; baseline -0.002 -18"><span class='ocrx_word' id='word_1_624' title='bbox 419 3901 750 3977; x_wconf 81' lang='lat' dir='ltr'><strong>presbyteris</strong></span> <span class='ocrx_word' id='word_1_625' title='bbox 773 3904 1128 3977; x_wconf 80' lang='lat' dir='ltr'><strong>acclamatum</strong></span> <span class='ocrx_word' id='word_1_626' title='bbox 1152 3911 1239 3977; x_wconf 74' lang='lat' dir='ltr'><strong>est</strong></span> <span class='ocrx_word' id='word_1_627' title='bbox 1259 3919 1272 3955; x_wconf 90' lang='lat'><strong>:</strong></span> <span class='ocrx_word' id='word_1_628' title='bbox 1300 3901 1527 3968; x_wconf 84' lang='lat' dir='ltr'><strong>Exaudi,</strong></span> <span class='ocrx_word' id='word_1_629' title='bbox 1552 3901 1786 3977; x_wconf 81' lang='lat' dir='ltr'><strong>Christe,</strong></span> <span class='ocrx_word' id='word_1_630' title='bbox 1819 3901 2000 3956; x_wconf 85' lang='lat' dir='ltr'><strong>llilaro</strong></span> 
     </span>
    </p>
   </div>
   <div class='ocr_carea' id='block_1_93' title="bbox 419 3971 2002 4042">
    <p class='ocr_par' dir='ltr' id='par_1_93' title="bbox 419 3971 2002 4042">
     <span class='ocr_line' id='line_1_93' title="bbox 419 3971 2002 4042; baseline -0.003 -13"><span class='ocrx_word' id='word_1_631' title='bbox 419 3971 549 4039; x_wconf 77' lang='lat' dir='ltr'><strong>vita,</strong></span> <span class='ocrx_word' id='word_1_632' title='bbox 585 3971 809 4029; x_wconf 59' lang='lat' dir='ltr'><strong>&#39;dictum</strong></span> <span class='ocrx_word' id='word_1_633' title='bbox 844 3981 926 4028; x_wconf 91' lang='lat' dir='ltr'><strong>est</strong></span> <span class='ocrx_word' id='word_1_634' title='bbox 953 3971 1152 4026; x_wconf 90' lang='lat' dir='ltr'><strong>decies.</strong></span> <span class='ocrx_word' id='word_1_635' title='bbox 1196 3971 1323 4042; x_wconf 69' lang='lat' dir='ltr'><strong>ilice</strong></span> <span class='ocrx_word' id='word_1_636' title='bbox 1357 3973 1701 4042; x_wconf 70' lang='lat' dir='ltr'><strong>praesumptio</strong></span> <span class='ocrx_word' id='word_1_637' title='bbox 1730 3987 2002 4042; x_wconf 89' lang='lat' dir='ltr'><strong>nunquam</strong></span> 
     </span>
    </p>
   </div>
   <div class='ocr_carea' id='block_1_94' title="bbox 420 4039 2004 4108">
    <p class='ocr_par' dir='ltr' id='par_1_94' title="bbox 420 4039 2004 4108">
     <span class='ocr_line' id='line_1_94' title="bbox 420 4039 2004 4108; baseline -0.003 -8"><span class='ocrx_word' id='word_1_638' title='bbox 420 4047 514 4100; x_wconf 88' lang='lat' dir='ltr'><strong>liat</strong></span> <span class='ocrx_word' id='word_1_639' title='bbox 537 4085 552 4107; x_wconf 84' lang='lat'><strong>,</strong></span> <span class='ocrx_word' id='word_1_640' title='bbox 584 4044 786 4099; x_wconf 90' lang='lat' dir='ltr'><strong>dictum</strong></span> <span class='ocrx_word' id='word_1_641' title='bbox 817 4051 899 4098; x_wconf 90' lang='lat' dir='ltr'><strong>est</strong></span> <span class='ocrx_word' id='word_1_642' title='bbox 935 4043 1130 4097; x_wconf 82' lang='lat' dir='ltr'><strong>sexies.</strong></span> <span class='ocrx_word' id='word_1_643' title='bbox 1180 4039 1309 4108; x_wconf 79' lang='lat' dir='ltr'><strong>Qua:</strong></span> <span class='ocrx_word' id='word_1_644' title='bbox 1357 4039 1454 4098; x_wconf 86' lang='lat' dir='ltr'><strong>Dei</strong></span> <span class='ocrx_word' id='word_1_645' title='bbox 1493 4039 1653 4108; x_wconf 76' lang='lat' dir='ltr'><strong>sunt,</strong></span> <span class='ocrx_word' id='word_1_646' title='bbox 1678 4043 1744 4097; x_wconf 90' lang='lat' dir='ltr'><strong>ab</strong></span> <span class='ocrx_word' id='word_1_647' title='bbox 1785 4039 2004 4097; x_wconf 76' lang='lat' dir='ltr'><strong>homine</strong></span> 
     </span>
    </p>
   </div>
   <div class='ocr_carea' id='block_1_95' title="bbox 421 4084 2002 4184">
    <p class='ocr_par' dir='ltr' id='par_1_95' title="bbox 421 4084 2002 4184">
     <span class='ocr_line' id='line_1_95' title="bbox 421 4084 2002 4184; baseline -0.003 -14"><span class='ocrx_word' id='word_1_648' title='bbox 421 4085 552 4171; x_wconf 42' lang='lat' dir='ltr'><strong>dari,</strong></span> <span class='ocrx_word' id='word_1_649' title='bbox 567 4131 674 4168; x_wconf 87' lang='lat' dir='ltr'><strong>non</strong></span> <span class='ocrx_word' id='word_1_650' title='bbox 712 4121 934 4184; x_wconf 88' lang='lat' dir='ltr'><strong>possunt</strong></span> <span class='ocrx_word' id='word_1_651' title='bbox 956 4150 970 4175; x_wconf 86' lang='lat'><strong>,</strong></span> <span class='ocrx_word' id='word_1_652' title='bbox 1014 4084 1226 4167; x_wconf 41' lang='lat' dir='ltr'><strong>dictun‘t‘</strong></span> <span class='ocrx_word' id='word_1_653' title='bbox 1256 4121 1338 4168; x_wconf 86' lang='lat' dir='ltr'><strong>est</strong></span> <span class='ocrx_word' id='word_1_654' title='bbox 1375 4114 1572 4184; x_wconf 83' lang='lat' dir='ltr'><strong>sexies.</strong></span> <span class='ocrx_word' id='word_1_655' title='bbox 1619 4084 1720 4168; x_wconf 74' lang='lat' dir='ltr'><strong>Per</strong></span> <span class='ocrx_word' id='word_1_656' title='bbox 1747 4111 2002 4184; x_wconf 85' lang='lat' dir='ltr'><strong>domuum</strong></span> 
     </span>
    </p>
   </div>
   <div class='ocr_carea' id='block_1_96' title="bbox 421 4183 1999 4253">
    <p class='ocr_par' dir='ltr' id='par_1_96' title="bbox 421 4183 1999 4253">
     <span class='ocr_line' id='line_1_96' title="bbox 421 4183 1999 4253; baseline -0.004 -14"><span class='ocrx_word' id='word_1_657' title='bbox 421 4185 640 4240; x_wconf 90' lang='lat' dir='ltr'><strong>Petrum</strong></span> <span class='ocrx_word' id='word_1_658' title='bbox 665 4183 725 4238; x_wconf 90' lang='lat' dir='ltr'><strong>ut</strong></span> <span class='ocrx_word' id='word_1_659' title='bbox 745 4185 797 4237; x_wconf 91' lang='lat' dir='ltr'><strong>in</strong></span> <span class='ocrx_word' id='word_1_660' title='bbox 825 4191 1138 4253; x_wconf 89' lang='lat' dir='ltr'><strong>perpetuum</strong></span> <span class='ocrx_word' id='word_1_661' title='bbox 1162 4191 1458 4253; x_wconf 79' lang='lat' dir='ltr'><strong>serventur,</strong></span> <span class='ocrx_word' id='word_1_662' title='bbox 1482 4183 1682 4238; x_wconf 90' lang='lat' dir='ltr'><strong>dictum</strong></span> <span class='ocrx_word' id='word_1_663' title='bbox 1705 4190 1788 4237; x_wconf 90' lang='lat' dir='ltr'><strong>est</strong></span> <span class='ocrx_word' id='word_1_664' title='bbox 1808 4183 1999 4253; x_wconf 77' lang='lat' dir='ltr'><strong>sexies.</strong></span> 
     </span>
    </p>
   </div>
   <div class='ocr_carea' id='block_1_97' title="bbox 421 4251 2002 4322">
    <p class='ocr_par' dir='ltr' id='par_1_97' title="bbox 421 4251 2002 4322">
     <span class='ocr_line' id='line_1_97' title="bbox 421 4251 2002 4322; baseline -0.003 -14"><span class='ocrx_word' id='word_1_665' title='bbox 421 4255 548 4310; x_wconf 66' lang='lat' dir='ltr'><strong>Haec</strong></span> <span class='ocrx_word' id='word_1_666' title='bbox 565 4265 624 4308; x_wconf 93' lang='lat' dir='ltr'><strong>ut</strong></span> <span class='ocrx_word' id='word_1_667' title='bbox 646 4251 982 4308; x_wconf 83' lang='lat' dir='ltr'><strong>reserventur</strong></span> <span class='ocrx_word' id='word_1_668' title='bbox 1003 4266 1275 4321; x_wconf 83' lang='lat' dir='ltr'><strong>rogamus.</strong></span> <span class='ocrx_word' id='word_1_669' title='bbox 1298 4251 1510 4307; x_wconf 83' lang='lat' dir='ltr'><strong>Hilarus</strong></span> <span class='ocrx_word' id='word_1_670' title='bbox 1531 4254 1815 4322; x_wconf 15' lang='lat' dir='ltr'><strong>episcOpius</strong></span> <span class='ocrx_word' id='word_1_671' title='bbox 1837 4251 2002 4306; x_wconf 82' lang='lat' dir='ltr'><strong>dixit:</strong></span> 
     </span>
    </p>
   </div>
   <div class='ocr_carea' id='block_1_98' title="bbox 422 4321 2004 4393">
    <p class='ocr_par' dir='ltr' id='par_1_98' title="bbox 422 4321 2004 4393">
     <span class='ocr_line' id='line_1_98' title="bbox 422 4321 2004 4393; baseline -0.002 -15"><span class='ocrx_word' id='word_1_672' title='bbox 422 4325 584 4391; x_wconf 83' lang='lat' dir='ltr'><strong>Lege.</strong></span> <span class='ocrx_word' id='word_1_673' title='bbox 623 4325 818 4378; x_wconf 80' lang='lat' dir='ltr'><strong>Paulus</strong></span> <span class='ocrx_word' id='word_1_674' title='bbox 850 4323 1092 4377; x_wconf 84' lang='lat' dir='ltr'><strong>notarius</strong></span> <span class='ocrx_word' id='word_1_675' title='bbox 1120 4323 1385 4393; x_wconf 85' lang='lat' dir='ltr'><strong>recitavit.</strong></span> <span class='ocrx_word' id='word_1_676' title='bbox 1419 4321 1715 4393; x_wconf 81' lang='lat' dir='ltr'><strong>Episcopus</strong></span> <span class='ocrx_word' id='word_1_677' title='bbox 1745 4321 2004 4393; x_wconf 85' lang='lat' dir='ltr'><strong>Barcino-</strong></span> 
     </span>
    </p>
   </div>
   <div class='ocr_carea' id='block_1_99' title="bbox 425 4391 2007 4460">
    <p class='ocr_par' dir='ltr' id='par_1_99' title="bbox 425 4391 2007 4460">
     <span class='ocr_line' id='line_1_99' title="bbox 425 4391 2007 4460; baseline -0.001 -12"><span class='ocrx_word' id='word_1_678' title='bbox 425 4397 670 4449; x_wconf 78' lang='lat' dir='ltr'><strong>neusiuiu</strong></span> <span class='ocrx_word' id='word_1_679' title='bbox 699 4395 932 4448; x_wconf 90' lang='lat' dir='ltr'><strong>civitatis</strong></span> <span class='ocrx_word' id='word_1_680' title='bbox 959 4401 1177 4446; x_wconf 89' lang='lat' dir='ltr'><strong>sanctus</strong></span> <span class='ocrx_word' id='word_1_681' title='bbox 1213 4391 1565 4446; x_wconf 80' lang='lat' dir='ltr'><strong>Nundinatius</strong></span> <span class='ocrx_word' id='word_1_682' title='bbox 1595 4401 1793 4448; x_wconf 89' lang='lat' dir='ltr'><strong>sortem</strong></span> <span class='ocrx_word' id='word_1_683' title='bbox 1823 4391 2007 4460; x_wconf 80' lang='lat' dir='ltr'><strong>exple-</strong></span> 
     </span>
    </p>
   </div>
   <div class='ocr_carea' id='block_1_100' title="bbox 423 4461 2008 4533">
    <p class='ocr_par' dir='ltr' id='par_1_100' title="bbox 423 4461 2008 4533">
     <span class='ocr_line' id='line_1_100' title="bbox 423 4461 2008 4533; baseline -0.001 -17"><span class='ocrx_word' id='word_1_684' title='bbox 423 4468 501 4518; x_wconf 85' lang='lat' dir='ltr'><strong>vit</strong></span> <span class='ocrx_word' id='word_1_685' title='bbox 534 4465 856 4519; x_wconf 72' lang='lat' dir='ltr'><strong>ionilitiunis</strong></span> <span class='ocrx_word' id='word_1_686' title='bbox 889 4466 1151 4527; x_wconf 69' lang='lat' dir='ltr'><strong>humanm,</strong></span> <span class='ocrx_word' id='word_1_687' title='bbox 1184 4463 1273 4517; x_wconf 92' lang='lat' dir='ltr'><strong>hic</strong></span> <span class='ocrx_word' id='word_1_688' title='bbox 1301 4463 1554 4533; x_wconf 89' lang='lat' dir='ltr'><strong>episcopo</strong></span> <span class='ocrx_word' id='word_1_689' title='bbox 1581 4461 1877 4533; x_wconf 85' lang='lat' dir='ltr'><strong>venerabili</strong></span> <span class='ocrx_word' id='word_1_690' title='bbox 1904 4461 2008 4514; x_wconf 83' lang='lat' dir='ltr'><strong>fra-</strong></span> 
     </span>
    </p>
   </div>
   <div class='ocr_carea' id='block_1_101' title="bbox 426 4532 2007 4602">
    <p class='ocr_par' dir='ltr' id='par_1_101' title="bbox 426 4532 2007 4602">
     <span class='ocr_line' id='line_1_101' title="bbox 426 4532 2007 4602; baseline -0.003 -13"><span class='ocrx_word' id='word_1_691' title='bbox 426 4538 492 4588; x_wconf 88' lang='lat' dir='ltr'><strong>tri</strong></span> <span class='ocrx_word' id='word_1_692' title='bbox 528 4545 714 4589; x_wconf 87' lang='lat' dir='ltr'><strong>uostro</strong></span> <span class='ocrx_word' id='word_1_693' title='bbox 742 4533 945 4588; x_wconf 88' lang='lat' dir='ltr'><strong>lrena:o</strong></span> <span class='ocrx_word' id='word_1_694' title='bbox 971 4573 985 4596; x_wconf 93' lang='lat'><strong>,</strong></span> <span class='ocrx_word' id='word_1_695' title='bbox 1027 4547 1187 4601; x_wconf 90' lang='lat' dir='ltr'><strong>quem</strong></span> <span class='ocrx_word' id='word_1_696' title='bbox 1237 4533 1350 4602; x_wconf 91' lang='lat' dir='ltr'><strong>ipse</strong></span> <span class='ocrx_word' id='word_1_697' title='bbox 1395 4532 1552 4586; x_wconf 88' lang='lat' dir='ltr'><strong>antea</strong></span> <span class='ocrx_word' id='word_1_698' title='bbox 1583 4534 1634 4586; x_wconf 92' lang='lat' dir='ltr'><strong>in</strong></span> <span class='ocrx_word' id='word_1_699' title='bbox 1665 4532 1884 4602; x_wconf 81' lang='lat' dir='ltr'><strong>dioecesi</strong></span> <span class='ocrx_word' id='word_1_700' title='bbox 1912 4546 2007 4602; x_wconf 84' lang='lat' dir='ltr'><strong>sua</strong></span> 
     </span>
    </p>
   </div>
   <div class='ocr_carea' id='block_1_102' title="bbox 2097 3271 3676 3359">
    <p class='ocr_par' dir='ltr' id='par_1_102' title="bbox 2097 3271 3676 3359">
     <span class='ocr_line' id='line_1_102' title="bbox 2097 3271 3676 3359; baseline -0.003 -31"><span class='ocrx_word' id='word_1_701' title='bbox 2097 3278 2243 3359; x_wconf 72' lang='lat' dir='ltr'><strong>plius</strong></span> <span class='ocrx_word' id='word_1_702' title='bbox 2265 3288 2468 3359; x_wconf 72' lang='lat' dir='ltr'><strong>annus,</strong></span> <span class='ocrx_word' id='word_1_703' title='bbox 2502 3280 2837 3359; x_wconf 68' lang='lat' dir='ltr'><strong>postponens</strong></span> <span class='ocrx_word' id='word_1_704' title='bbox 2883 3271 3472 3359; x_wconf 36' lang='lat' dir='ltr'><strong>Patriimnregulasmet</strong></span> <span class='ocrx_word' id='word_1_705' title='bbox 3499 3279 3676 3350; x_wconf 80' lang='lat' dir='ltr'><strong>vestra</strong></span> 
     </span>
    </p>
   </div>
   <div class='ocr_carea' id='block_1_103' title="bbox 2098 3340 3676 3411">
    <p class='ocr_par' dir='ltr' id='par_1_103' title="bbox 2098 3340 3676 3411">
     <span class='ocr_line' id='line_1_103' title="bbox 2098 3340 3676 3411; baseline -0.006 -10"><span class='ocrx_word' id='word_1_706' title='bbox 2098 3340 2342 3401; x_wconf 79' lang='lat' dir='ltr'><strong>instituta</strong></span> <span class='ocrx_word' id='word_1_707' title='bbox 2373 3340 2674 3411; x_wconf 82' lang='lat' dir='ltr'><strong>despiciens</strong></span> <span class='ocrx_word' id='word_1_708' title='bbox 2709 3342 2869 3396; x_wconf 89' lang='lat' dir='ltr'><strong>nullis</strong></span> <span class='ocrx_word' id='word_1_709' title='bbox 2909 3341 3215 3411; x_wconf 86' lang='lat' dir='ltr'><strong>petentibus</strong></span> <span class='ocrx_word' id='word_1_710' title='bbox 3243 3340 3676 3411; x_wconf 69' lang='lat' dir='ltr'><strong>populisepiscu.</strong></span> 
     </span>
    </p>
   </div>
   <div class='ocr_carea' id='block_1_104' title="bbox 2099 3409 3679 3485">
    <p class='ocr_par' dir='ltr' id='par_1_104' title="bbox 2099 3409 3679 3485">
     <span class='ocr_line' id='line_1_104' title="bbox 2099 3409 3679 3485; baseline -0.005 -17"><span class='ocrx_word' id='word_1_711' title='bbox 2099 3431 2224 3485; x_wconf 91' lang='lat' dir='ltr'><strong>pum</strong></span> <span class='ocrx_word' id='word_1_712' title='bbox 2249 3409 2540 3478; x_wconf 83' lang='lat' dir='ltr'><strong>ordinavit,</strong></span> <span class='ocrx_word' id='word_1_713' title='bbox 2588 3415 2745 3485; x_wconf 74' lang='lat' dir='ltr'><strong>cujus</strong></span> <span class='ocrx_word' id='word_1_714' title='bbox 2773 3409 3060 3485; x_wconf 78' lang='lat' dir='ltr'><strong>properum</strong></span> <span class='ocrx_word' id='word_1_715' title='bbox 3091 3409 3285 3485; x_wconf 80' lang='lat' dir='ltr'><strong>factum</strong></span> <span class='ocrx_word' id='word_1_716' title='bbox 3316 3409 3679 3485; x_wconf 79' lang='lat' dir='ltr'><strong>existimantes</strong></span> 
     </span>
    </p>
   </div>
   <div class='ocr_carea' id='block_1_105' title="bbox 2099 3480 3678 3552">
    <p class='ocr_par' dir='ltr' id='par_1_105' title="bbox 2099 3480 3678 3552">
     <span class='ocr_line' id='line_1_105' title="bbox 2099 3480 3678 3552; baseline -0.004 -14"><span class='ocrx_word' id='word_1_717' title='bbox 2099 3480 2336 3539; x_wconf 81' lang='lat' dir='ltr'><strong>fraterna</strong></span> <span class='ocrx_word' id='word_1_718' title='bbox 2378 3489 2433 3537; x_wconf 90' lang='lat' dir='ltr'><strong>et</strong></span> <span class='ocrx_word' id='word_1_719' title='bbox 2482 3481 2703 3552; x_wconf 79' lang='lat' dir='ltr'><strong>pacifica</strong></span> <span class='ocrx_word' id='word_1_720' title='bbox 2733 3480 2893 3550; x_wconf 83' lang='lat' dir='ltr'><strong>posse</strong></span> <span class='ocrx_word' id='word_1_721' title='bbox 2921 3481 3286 3536; x_wconf 80' lang='lat' dir='ltr'><strong>admonitione</strong></span> <span class='ocrx_word' id='word_1_722' title='bbox 3314 3480 3524 3543; x_wconf 87' lang='lat' dir='ltr'><strong>sanari,</strong></span> <span class='ocrx_word' id='word_1_723' title='bbox 3559 3493 3678 3548; x_wconf 88' lang='lat' dir='ltr'><strong>pro-</strong></span> 
     </span>
    </p>
   </div>
   <div class='ocr_carea' id='block_1_106' title="bbox 2099 3551 3676 3622">
    <p class='ocr_par' dir='ltr' id='par_1_106' title="bbox 2099 3551 3676 3622">
     <span class='ocr_line' id='line_1_106' title="bbox 2099 3551 3676 3622; baseline -0.008 -12"><span class='ocrx_word' id='word_1_724' title='bbox 2099 3554 2227 3609; x_wconf 89' lang='lat' dir='ltr'><strong>fecit</strong></span> <span class='ocrx_word' id='word_1_725' title='bbox 2253 3553 2306 3606; x_wconf 90' lang='lat' dir='ltr'><strong>in</strong></span> <span class='ocrx_word' id='word_1_726' title='bbox 2335 3553 2508 3622; x_wconf 91' lang='lat' dir='ltr'><strong>pejus.</strong></span> <span class='ocrx_word' id='word_1_727' title='bbox 2555 3551 2794 3619; x_wconf 82' lang='lat' dir='ltr'><strong>Denique</strong></span> <span class='ocrx_word' id='word_1_728' title='bbox 2820 3560 3011 3622; x_wconf 85' lang='lat' dir='ltr'><strong>contra</strong></span> <span class='ocrx_word' id='word_1_729' title='bbox 3035 3559 3356 3622; x_wconf 78' lang='lat' dir='ltr'><strong>vetustatem</strong></span> <span class='ocrx_word' id='word_1_730' title='bbox 3387 3563 3676 3622; x_wconf 85' lang='lat' dir='ltr'><strong>canonum,</strong></span> 
     </span>
    </p>
   </div>
   <div class='ocr_carea' id='block_1_107' title="bbox 2101 3619 3680 3694">
    <p class='ocr_par' dir='ltr' id='par_1_107' title="bbox 2101 3619 3680 3694">
     <span class='ocr_line' id='line_1_107' title="bbox 2101 3619 3680 3694; baseline -0.005 -16"><span class='ocrx_word' id='word_1_731' title='bbox 2101 3631 2288 3694; x_wconf 86' lang='lat' dir='ltr'><strong>contra</strong></span> <span class='ocrx_word' id='word_1_732' title='bbox 2319 3619 2509 3694; x_wconf 79' lang='lat' dir='ltr'><strong>synodi</strong></span> <span class='ocrx_word' id='word_1_733' title='bbox 2544 3622 2834 3676; x_wconf 89' lang='lat' dir='ltr'><strong>constituta</strong></span> <span class='ocrx_word' id='word_1_734' title='bbox 2865 3621 3082 3674; x_wconf 89' lang='lat' dir='ltr'><strong>alterius</strong></span> <span class='ocrx_word' id='word_1_735' title='bbox 3105 3619 3302 3694; x_wconf 29' lang='lat' dir='ltr'><strong>Afratris</strong></span> <span class='ocrx_word' id='word_1_736' title='bbox 3333 3619 3499 3674; x_wconf 91' lang='lat' dir='ltr'><strong>nostri</strong></span> <span class='ocrx_word' id='word_1_737' title='bbox 3530 3633 3680 3694; x_wconf 81' lang='lat' dir='ltr'><strong>pres-</strong></span> 
     </span>
    </p>
   </div>
   <div class='ocr_carea' id='block_1_108' title="bbox 2100 3688 3682 3765">
    <p class='ocr_par' dir='ltr' id='par_1_108' title="bbox 2100 3688 3682 3765">
     <span class='ocr_line' id='line_1_108' title="bbox 2100 3688 3682 3765; baseline -0.005 -16"><span class='ocrx_word' id='word_1_738' title='bbox 2100 3693 2271 3765; x_wconf 87' lang='lat' dir='ltr'><strong>byteri</strong></span> <span class='ocrx_word' id='word_1_739' title='bbox 2296 3688 2542 3765; x_wconf 77' lang='lat' dir='ltr'><strong>,_spiritu</strong></span> <span class='ocrx_word' id='word_1_740' title='bbox 2561 3699 2784 3765; x_wconf 72' lang='lat' dir='ltr'><strong>tantum</strong></span> <span class='ocrx_word' id='word_1_741' title='bbox 2815 3689 3243 3765; x_wconf 67' lang='lat' dir='ltr'><strong>pricsumptionis</strong></span> <span class='ocrx_word' id='word_1_742' title='bbox 3272 3704 3534 3765; x_wconf 78' lang='lat' dir='ltr'><strong>accensus</strong></span> <span class='ocrx_word' id='word_1_743' title='bbox 3553 3727 3568 3749; x_wconf 92' lang='lat'><strong>,</strong></span> <span class='ocrx_word' id='word_1_744' title='bbox 3629 3688 3682 3741; x_wconf 90' lang='lat' dir='ltr'><strong>in</strong></span> 
     </span>
    </p>
   </div>
   <div class='ocr_carea' id='block_1_109' title="bbox 2102 3758 3681 3830">
    <p class='ocr_par' dir='ltr' id='par_1_109' title="bbox 2102 3758 3681 3830">
     <span class='ocr_line' id='line_1_109' title="bbox 2102 3758 3681 3830; baseline -0.006 -12"><span class='ocrx_word' id='word_1_745' title='bbox 2102 3758 2294 3819; x_wconf 79' lang='lat' dir='ltr'><strong>eodem</strong></span> <span class='ocrx_word' id='word_1_746' title='bbox 2324 3758 2444 3816; x_wconf 79' lang='lat' dir='ltr'><strong>loco</strong></span> <span class='ocrx_word' id='word_1_747' title='bbox 2484 3761 2576 3830; x_wconf 87' lang='lat' dir='ltr'><strong>qui</strong></span> <span class='ocrx_word' id='word_1_748' title='bbox 2609 3761 2686 3814; x_wconf 90' lang='lat' dir='ltr'><strong>illi</strong></span> <span class='ocrx_word' id='word_1_749' title='bbox 2733 3758 2906 3814; x_wconf 82' lang='lat' dir='ltr'><strong>fuerat</strong></span> <span class='ocrx_word' id='word_1_750' title='bbox 2933 3759 3229 3830; x_wconf 87' lang='lat' dir='ltr'><strong>destinatus</strong></span> <span class='ocrx_word' id='word_1_751' title='bbox 3252 3796 3266 3820; x_wconf 89' lang='lat'><strong>,</strong></span> <span class='ocrx_word' id='word_1_752' title='bbox 3299 3760 3382 3812; x_wconf 92' lang='lat' dir='ltr'><strong>cui</strong></span> <span class='ocrx_word' id='word_1_753' title='bbox 3430 3759 3598 3830; x_wconf 81' lang='lat' dir='ltr'><strong>invito</strong></span> <span class='ocrx_word' id='word_1_754' title='bbox 3628 3767 3681 3810; x_wconf 91' lang='lat' dir='ltr'><strong>ct</strong></span> 
     </span>
    </p>
   </div>
   <div class='ocr_carea' id='block_1_110' title="bbox 2103 3827 3683 3916">
    <p class='ocr_par' dir='ltr' id='par_1_110' title="bbox 2103 3827 3683 3916">
     <span class='ocr_line' id='line_1_110' title="bbox 2103 3827 3683 3916; baseline -0.005 -28"><span class='ocrx_word' id='word_1_755' title='bbox 2103 3831 2423 3916; x_wconf 81' lang='lat' dir='ltr'><strong>repugnanti</strong></span> <span class='ocrx_word' id='word_1_756' title='bbox 2447 3827 2778 3899; x_wconf 82' lang='lat' dir='ltr'><strong>imposuerat</strong></span> <span class='ocrx_word' id='word_1_757' title='bbox 2801 3844 3008 3910; x_wconf 79' lang='lat' dir='ltr'><strong>manus,</strong></span> <span class='ocrx_word' id='word_1_758' title='bbox 3040 3836 3096 3882; x_wconf 90' lang='lat' dir='ltr'><strong>et</strong></span> <span class='ocrx_word' id='word_1_759' title='bbox 3120 3829 3208 3916; x_wconf 64' lang='lat' dir='ltr'><strong>qui</strong></span> <span class='ocrx_word' id='word_1_760' title='bbox 3233 3835 3416 3916; x_wconf 47' lang='grc' dir='ltr'><strong>ῃοςιιίιξο</strong></span> <span class='ocrx_word' id='word_1_761' title='bbox 3439 3827 3549 3916; x_wconf 56' lang='lat' dir='ltr'><strong>ja‘ut</strong></span> <span class='ocrx_word' id='word_1_762' title='bbox 3572 3841 3683 3916; x_wconf 78' lang='lat' dir='ltr'><strong>eoe-</strong></span> 
     </span>
    </p>
   </div>
   <div class='ocr_carea' id='block_1_111' title="bbox 2107 3895 3683 3970">
    <p class='ocr_par' dir='ltr' id='par_1_111' title="bbox 2107 3895 3683 3970">
     <span class='ocr_line' id='line_1_111' title="bbox 2107 3895 3683 3970; baseline -0.004 -12"><span class='ocrx_word' id='word_1_763' title='bbox 2107 3895 2183 3958; x_wconf 88' lang='lat' dir='ltr'><strong>tni</strong></span> <span class='ocrx_word' id='word_1_764' title='bbox 2214 3895 2392 3958; x_wconf 74' lang='lat' dir='ltr'><strong>fuerat</strong></span> <span class='ocrx_word' id='word_1_765' title='bbox 2420 3895 2766 3970; x_wconf 76' lang='lat' dir='ltr'><strong>aggregatus,</strong></span> <span class='ocrx_word' id='word_1_766' title='bbox 2806 3899 3118 3970; x_wconf 88' lang='lat' dir='ltr'><strong>epise0pum</strong></span> <span class='ocrx_word' id='word_1_767' title='bbox 3139 3895 3292 3970; x_wconf 69' lang='lat' dir='ltr'><strong>fecit.</strong></span> <span class='ocrx_word' id='word_1_768' title='bbox 3325 3895 3458 3950; x_wconf 82' lang='lat' dir='ltr'><strong>Hinc</strong></span> <span class='ocrx_word' id='word_1_769' title='bbox 3490 3896 3683 3970; x_wconf 79' lang='lat' dir='ltr'><strong>factum</strong></span> 
     </span>
    </p>
   </div>
   <div class='ocr_carea' id='block_1_112' title="bbox 2107 3965 3682 4040">
    <p class='ocr_par' dir='ltr' id='par_1_112' title="bbox 2107 3965 3682 4040">
     <span class='ocr_line' id='line_1_112' title="bbox 2107 3965 3682 4040; baseline -0.008 -11"><span class='ocrx_word' id='word_1_770' title='bbox 2107 3982 2192 4029; x_wconf 88' lang='lat' dir='ltr'><strong>est</strong></span> <span class='ocrx_word' id='word_1_771' title='bbox 2221 3981 2280 4028; x_wconf 87' lang='lat' dir='ltr'><strong>ut</strong></span> <span class='ocrx_word' id='word_1_772' title='bbox 2303 3974 2371 4027; x_wconf 88' lang='lat' dir='ltr'><strong>de</strong></span> <span class='ocrx_word' id='word_1_773' title='bbox 2399 3965 2518 4040; x_wconf 74' lang='lat' dir='ltr'><strong>ejus</strong></span> <span class='ocrx_word' id='word_1_774' title='bbox 2545 3965 2854 4025; x_wconf 76' lang='lat' dir='ltr'><strong>miserrima</strong></span> <span class='ocrx_word' id='word_1_775' title='bbox 2873 3965 3177 4040; x_wconf 76' lang='lat' dir='ltr'><strong>temeritate</strong></span> <span class='ocrx_word' id='word_1_776' title='bbox 3223 3967 3289 4021; x_wconf 91' lang='lat' dir='ltr'><strong>ad</strong></span> <span class='ocrx_word' id='word_1_777' title='bbox 3339 3982 3436 4020; x_wconf 93' lang='lat' dir='ltr'><strong>nos</strong></span> <span class='ocrx_word' id='word_1_778' title='bbox 3481 3965 3682 4040; x_wconf 70' lang='lat' dir='ltr'><strong>C_:esar~</strong></span> 
     </span>
    </p>
   </div>
   <div class='ocr_carea' id='block_1_113' title="bbox 2109 4037 3684 4120">
    <p class='ocr_par' dir='ltr' id='par_1_113' title="bbox 2109 4037 3684 4120">
     <span class='ocr_line' id='line_1_113' title="bbox 2109 4037 3684 4120; baseline -0.007 -23"><span class='ocrx_word' id='word_1_779' title='bbox 2109 4037 2612 4120; x_wconf 55' lang='lat' dir='ltr'><strong>augustanze&#39;urbis</strong></span> <span class='ocrx_word' id='word_1_780' title='bbox 2640 4040 2939 4120; x_wconf 65' lang='lat' dir='ltr'><strong>episcopus</strong></span> <span class='ocrx_word' id='word_1_781' title='bbox 2983 4037 3160 4120; x_wconf 36' lang='lat' dir='ltr'><strong>frater.</strong></span> <span class='ocrx_word' id='word_1_782' title='bbox 3201 4045 3383 4120; x_wconf 73' lang='lat' dir='ltr'><strong>noster</strong></span> <span class='ocrx_word' id='word_1_783' title='bbox 3437 4037 3684 4120; x_wconf 78' lang='lat' dir='ltr'><strong>universa</strong></span> 
     </span>
    </p>
   </div>
   <div class='ocr_carea' id='block_1_114' title="bbox 2108 4103 3684 4180">
    <p class='ocr_par' dir='ltr' id='par_1_114' title="bbox 2108 4103 3684 4180">
     <span class='ocr_line' id='line_1_114' title="bbox 2108 4103 3684 4180; baseline -0.006 -12"><span class='ocrx_word' id='word_1_784' title='bbox 2108 4103 2372 4177; x_wconf 60' lang='lat' dir='ltr'><strong>refi:rret,</strong></span> <span class='ocrx_word' id='word_1_785' title='bbox 2423 4111 2575 4180; x_wconf 89' lang='lat' dir='ltr'><strong>cujus</strong></span> <span class='ocrx_word' id='word_1_786' title='bbox 2625 4103 2897 4180; x_wconf 75' lang='lat' dir='ltr'><strong>diligentia</strong></span> <span class='ocrx_word' id='word_1_787' title='bbox 2944 4117 3005 4180; x_wconf 86' lang='lat' dir='ltr'><strong>et</strong></span> <span class='ocrx_word' id='word_1_788' title='bbox 3042 4107 3348 4180; x_wconf 80' lang='lat' dir='ltr'><strong>sollicitudo</strong></span> <span class='ocrx_word' id='word_1_789' title='bbox 3375 4103 3684 4180; x_wconf 67' lang='lat' dir='ltr'><strong>admodum</strong></span> 
     </span>
    </p>
   </div>
   <div class='ocr_carea' id='block_1_115' title="bbox 2109 4175 3685 4263">
    <p class='ocr_par' dir='ltr' id='par_1_115' title="bbox 2109 4175 3685 4263">
     <span class='ocr_line' id='line_1_115' title="bbox 2109 4175 3685 4263; baseline -0.009 -24"><span class='ocrx_word' id='word_1_790' title='bbox 2109 4175 2558 4263; x_wconf 49' lang='lat' dir='ltr'><strong>prospexeratfsi</strong></span> <span class='ocrx_word' id='word_1_791' title='bbox 2588 4181 2643 4234; x_wconf 91' lang='lat' dir='ltr'><strong>in</strong></span> <span class='ocrx_word' id='word_1_792' title='bbox 2672 4175 2851 4263; x_wconf 69' lang='lat' dir='ltr'><strong>aliquo</strong></span> <span class='ocrx_word' id='word_1_793' title='bbox 2879 4178 3198 4263; x_wconf 29' lang='lat' dir='ltr'><strong>profuissets</strong></span> <span class='ocrx_word' id='word_1_794' title='bbox 3241 4175 3685 4263; x_wconf 11' lang='lat' dir='ltr'><strong>‘Siquiuentue-un-</strong></span> 
     </span>
    </p>
   </div>
   <div class='ocr_carea' id='block_1_116' title="bbox 2111 4245 3686 4321">
    <p class='ocr_par' dir='ltr' id='par_1_116' title="bbox 2111 4245 3686 4321">
     <span class='ocr_line' id='line_1_116' title="bbox 2111 4245 3686 4321; baseline -0.01 -13"><span class='ocrx_word' id='word_1_795' title='bbox 2111 4245 2212 4308; x_wconf 78' lang='lat' dir='ltr'><strong>etis</strong></span> <span class='ocrx_word' id='word_1_796' title='bbox 2243 4245 2310 4306; x_wconf 70' lang='lat' dir='ltr'><strong>in</strong></span> <span class='ocrx_word' id='word_1_797' title='bbox 2354 4245 2550 4321; x_wconf 78' lang='lat' dir='ltr'><strong>vicinia</strong></span> <span class='ocrx_word' id='word_1_798' title='bbox 2595 4245 2782 4321; x_wconf 78' lang='lat' dir='ltr'><strong>positis</strong></span> <span class='ocrx_word' id='word_1_799' title='bbox 2809 4245 3106 4321; x_wconf 82' lang='lat' dir='ltr'><strong>episeOpis,</strong></span> <span class='ocrx_word' id='word_1_800' title='bbox 3138 4261 3207 4321; x_wconf 80' lang='lat' dir='ltr'><strong>ne</strong></span> <span class='ocrx_word' id='word_1_801' title='bbox 3243 4261 3302 4321; x_wconf 79' lang='lat' dir='ltr'><strong>se</strong></span> <span class='ocrx_word' id='word_1_802' title='bbox 3344 4245 3686 4321; x_wconf 37' lang='lat' dir='ltr'><strong>schisnia-tico</strong></span> 
     </span>
    </p>
   </div>
   <div class='ocr_carea' id='block_1_117' title="bbox 2113 4314 3688 4391">
    <p class='ocr_par' dir='ltr' id='par_1_117' title="bbox 2113 4314 3688 4391">
     <span class='ocr_line' id='line_1_117' title="bbox 2113 4314 3688 4391; baseline -0.009 -14"><span class='ocrx_word' id='word_1_803' title='bbox 2113 4321 2494 4391; x_wconf 82' lang='lat' dir='ltr'><strong>adjungerent,</strong></span> <span class='ocrx_word' id='word_1_804' title='bbox 2516 4314 3303 4391; x_wconf 68' lang='lat' dir='ltr'><strong>frequentissimecontradiisi_t,</strong></span> <span class='ocrx_word' id='word_1_805' title='bbox 3329 4314 3423 4370; x_wconf 85' lang='lat' dir='ltr'><strong>sed</strong></span> <span class='ocrx_word' id='word_1_806' title='bbox 3452 4314 3688 4391; x_wconf 52' lang='lat' dir='ltr'><strong>obstina:</strong></span> 
     </span>
    </p>
   </div>
   <div class='ocr_carea' id='block_1_118' title="bbox 2114 4383 3688 4458">
    <p class='ocr_par' dir='ltr' id='par_1_118' title="bbox 2114 4383 3688 4458">
     <span class='ocr_line' id='line_1_118' title="bbox 2114 4383 3688 4458; baseline -0.008 -11"><span class='ocrx_word' id='word_1_807' title='bbox 2114 4383 2260 4448; x_wconf 76' lang='lat' dir='ltr'><strong>tione</strong></span> <span class='ocrx_word' id='word_1_808' title='bbox 2279 4383 2577 4446; x_wconf 67' lang='lat' dir='ltr'><strong>damnabili</strong></span> <span class='ocrx_word' id='word_1_809' title='bbox 2610 4383 2781 4442; x_wconf 65' lang='lat' dir='ltr'><strong>totum</strong></span> <span class='ocrx_word' id='word_1_810' title='bbox 2819 4385 2960 4458; x_wconf 86' lang='lat' dir='ltr'><strong>quod</strong></span> <span class='ocrx_word' id='word_1_811' title='bbox 3003 4393 3121 4458; x_wconf 85' lang='lat' dir='ltr'><strong>erat</strong></span> <span class='ocrx_word' id='word_1_812' title='bbox 3150 4385 3389 4458; x_wconf 76' lang='lat' dir='ltr'><strong>illicitum</strong></span> <span class='ocrx_word' id='word_1_813' title='bbox 3413 4391 3517 4458; x_wconf 83' lang='lat' dir='ltr'><strong>,___el.</strong></span> <span class='ocrx_word' id='word_1_814' title='bbox 3545 4383 3688 4451; x_wconf 83' lang='lat' dir='ltr'><strong>quod</strong></span> 
     </span>
    </p>
   </div>
   <div class='ocr_carea' id='block_1_119' title="bbox 2115 4454 3690 4530">
    <p class='ocr_par' dir='ltr' id='par_1_119' title="bbox 2115 4454 3690 4530">
     <span class='ocr_line' id='line_1_119' title="bbox 2115 4454 3690 4530; baseline -0.009 -12"><span class='ocrx_word' id='word_1_815' title='bbox 2115 4463 2270 4518; x_wconf 90' lang='lat' dir='ltr'><strong>nobis</strong></span> <span class='ocrx_word' id='word_1_816' title='bbox 2298 4460 2470 4530; x_wconf 80' lang='lat' dir='ltr'><strong>pudor</strong></span> <span class='ocrx_word' id='word_1_817' title='bbox 2490 4529 2495 4530; x_wconf 14' lang='grc' dir='ltr'>ί</span> <span class='ocrx_word' id='word_1_818' title='bbox 2517 4467 2600 4514; x_wconf 92' lang='lat' dir='ltr'><strong>est</strong></span> <span class='ocrx_word' id='word_1_819' title='bbox 2637 4454 2972 4530; x_wconf 59' lang='lat' dir='ltr'><strong>dieere_,&#39;uon</strong></span> <span class='ocrx_word' id='word_1_820' title='bbox 3012 4457 3223 4530; x_wconf 78' lang='lat' dir='ltr'><strong>erubuit</strong></span> <span class='ocrx_word' id='word_1_821' title='bbox 3250 4455 3398 4530; x_wconf 82' lang='lat' dir='ltr'><strong>solus</strong></span> <span class='ocrx_word' id='word_1_822' title='bbox 3422 4454 3512 4508; x_wconf 91' lang='lat' dir='ltr'><strong>ille</strong></span> <span class='ocrx_word' id='word_1_823' title='bbox 3540 4468 3690 4530; x_wconf 69' lang='lat' dir='ltr'><strong>coni-</strong></span> 
     </span>
    </p>
   </div>
   <div class='ocr_carea' id='block_1_120' title="bbox 2118 4523 3692 4598">
    <p class='ocr_par' dir='ltr' id='par_1_120' title="bbox 2118 4523 3692 4598">
     <span class='ocr_line' id='line_1_120' title="bbox 2118 4523 3692 4598; baseline -0.01 -10"><span class='ocrx_word' id='word_1_824' title='bbox 2118 4523 2352 4588; x_wconf 88' lang='lat' dir='ltr'><strong>mittere.</strong></span> <span class='ocrx_word' id='word_1_825' title='bbox 2377 4529 2607 4584; x_wconf 89' lang='lat' dir='ltr'><strong>Proinde</strong></span> <span class='ocrx_word' id='word_1_826' title='bbox 2628 4529 2750 4598; x_wconf 90' lang='lat' dir='ltr'><strong>quia</strong></span> <span class='ocrx_word' id='word_1_827' title='bbox 2774 4527 2854 4598; x_wconf 90' lang='lat' dir='ltr'><strong>his</strong></span> <span class='ocrx_word' id='word_1_828' title='bbox 2882 4523 3692 4598; x_wconf 60' lang='lat' dir='ltr'><strong>pnesuniptionibns,_quae_nni.</strong></span> 
     </span>
    </p>
   </div>
   <div class='ocr_carea' id='block_1_121' title="bbox 427 4592 3690 4672">
    <p class='ocr_par' dir='ltr' id='par_1_121' title="bbox 427 4592 3690 4672">
     <span class='ocr_line' id='line_1_121' title="bbox 427 4592 3690 4672; baseline -0.004 -13"><span class='ocrx_word' id='word_1_829' title='bbox 427 4607 584 4659; x_wconf 84' lang='lat' dir='ltr'><strong>nobis</strong></span> <span class='ocrx_word' id='word_1_830' title='bbox 615 4605 916 4658; x_wconf 84' lang='lat' dir='ltr'><strong>volentibus</strong></span> <span class='ocrx_word' id='word_1_831' title='bbox 945 4592 1329 4666; x_wconf 70' lang='lat' dir='ltr'><strong>constituerat,</strong></span> <span class='ocrx_word' id='word_1_832' title='bbox 1359 4602 1734 4672; x_wconf 85' lang='lat' dir='ltr'><strong>derelinquens</strong></span> <span class='ocrx_word' id='word_1_833' title='bbox 1761 4601 1828 4665; x_wconf 90' lang='lat' dir='ltr'><strong>ei,</strong></span> <span class='ocrx_word' id='word_1_834' title='bbox 1865 4601 2008 4671; x_wconf 86' lang='lat' dir='ltr'><strong>quod</strong></span> <span class='ocrx_word' id='word_1_835' title='bbox 2043 4603 2090 4661; x_wconf 93' lang='lat' dir='ltr'><strong>D</strong></span> <span class='ocrx_word' id='word_1_836' title='bbox 2116 4611 2280 4658; x_wconf 88' lang='lat' dir='ltr'><strong>tatem</strong></span> <span class='ocrx_word' id='word_1_837' title='bbox 2309 4599 2568 4672; x_wconf 87' lang='lat' dir='ltr'><strong>dividunt,</strong></span> <span class='ocrx_word' id='word_1_838' title='bbox 2591 4592 2709 4669; x_wconf 80' lang='lat' dir='ltr'><strong>qua:</strong></span> <span class='ocrx_word' id='word_1_839' title='bbox 2739 4592 2968 4672; x_wconf 84' lang='lat' dir='ltr'><strong>schisiua</strong></span> <span class='ocrx_word' id='word_1_840' title='bbox 3001 4592 3220 4662; x_wconf 84' lang='lat' dir='ltr'><strong>faciunt,</strong></span> <span class='ocrx_word' id='word_1_841' title='bbox 3251 4595 3508 4672; x_wconf 78' lang='lat' dir='ltr'><strong>velociter</strong></span> <span class='ocrx_word' id='word_1_842' title='bbox 3533 4592 3690 4647; x_wconf 88' lang='lat' dir='ltr'><strong>debet</strong></span> 
     </span>
    </p>
   </div>
   <div class='ocr_carea' id='block_1_122' title="bbox 425 4671 2007 4745">
    <p class='ocr_par' dir='ltr' id='par_1_122' title="bbox 425 4671 2007 4745">
     <span class='ocr_line' id='line_1_122' title="bbox 425 4671 2007 4745; baseline 0 -21"><span class='ocrx_word' id='word_1_843' title='bbox 425 4677 604 4745; x_wconf 80' lang='lat' dir='ltr'><strong>potuit</strong></span> <span class='ocrx_word' id='word_1_844' title='bbox 629 4675 825 4728; x_wconf 77' lang='lat' dir='ltr'><strong>habere</strong></span> <span class='ocrx_word' id='word_1_845' title='bbox 848 4683 1144 4745; x_wconf 84' lang='lat' dir='ltr'><strong>paupertas</strong></span> <span class='ocrx_word' id='word_1_846' title='bbox 1161 4687 1425 4742; x_wconf 84' lang='lat' dir='ltr'><strong>suprema:</strong></span> <span class='ocrx_word' id='word_1_847' title='bbox 1453 4671 1742 4745; x_wconf 82' lang='lat' dir='ltr'><strong>voluntatis</strong></span> <span class='ocrx_word' id='word_1_848' title='bbox 1768 4671 2007 4745; x_wconf 75' lang='lat' dir='ltr'><strong>arbitrio,</strong></span> 
     </span>
    </p>
   </div>
   <div class='ocr_carea' id='block_1_123' title="bbox 428 4739 2013 4812">
    <p class='ocr_par' dir='ltr' id='par_1_123' title="bbox 428 4739 2013 4812">
     <span class='ocr_line' id='line_1_123' title="bbox 428 4739 2013 4812; baseline -0.004 -12"><span class='ocrx_word' id='word_1_849' title='bbox 428 4739 480 4800; x_wconf 82' lang='lat' dir='ltr'><strong>in</strong></span> <span class='ocrx_word' id='word_1_850' title='bbox 509 4747 682 4799; x_wconf 86' lang='lat' dir='ltr'><strong>locum</strong></span> <span class='ocrx_word' id='word_1_851' title='bbox 713 4739 865 4798; x_wconf 73' lang='lat' dir='ltr'><strong>snuui</strong></span> <span class='ocrx_word' id='word_1_852' title='bbox 895 4739 1410 4805; x_wconf 27' lang='lat' dir='ltr'><strong>nt’substitnerclur,</strong></span> <span class='ocrx_word' id='word_1_853' title='bbox 1446 4744 1668 4812; x_wconf 86' lang='lat' dir='ltr'><strong>optavit,</strong></span> <span class='ocrx_word' id='word_1_854' title='bbox 1701 4739 2013 4812; x_wconf 65' lang='lat' dir='ltr'><strong>seldefun-</strong></span> 
     </span>
    </p>
   </div>
   <div class='ocr_carea' id='block_1_124' title="bbox 425 4811 2009 4882">
    <p class='ocr_par' dir='ltr' id='par_1_124' title="bbox 425 4811 2009 4882">
     <span class='ocr_line' id='line_1_124' title="bbox 425 4811 2009 4882; baseline -0.004 -11"><span class='ocrx_word' id='word_1_855' title='bbox 425 4819 496 4871; x_wconf 82' lang='lat' dir='ltr'><strong>Cii</strong></span> <span class='ocrx_word' id='word_1_856' title='bbox 525 4815 778 4882; x_wconf 66' lang='lat' dir='ltr'><strong>judicium</strong></span> <span class='ocrx_word' id='word_1_857' title='bbox 810 4816 860 4868; x_wconf 91' lang='lat' dir='ltr'><strong>in</strong></span> <span class='ocrx_word' id='word_1_858' title='bbox 891 4814 1008 4881; x_wconf 87' lang='lat' dir='ltr'><strong>ejus</strong></span> <span class='ocrx_word' id='word_1_859' title='bbox 1055 4814 1303 4866; x_wconf 89' lang='lat' dir='ltr'><strong>meritum</strong></span> <span class='ocrx_word' id='word_1_860' title='bbox 1347 4829 1451 4865; x_wconf 86' lang='lat' dir='ltr'><strong>non</strong></span> <span class='ocrx_word' id='word_1_861' title='bbox 1487 4811 1735 4866; x_wconf 83' lang='lat' dir='ltr'><strong>vacillat.</strong></span> <span class='ocrx_word' id='word_1_862' title='bbox 1783 4811 2009 4882; x_wconf 70' lang='lat' dir='ltr'><strong>Etcum</strong></span> 
     </span>
    </p>
   </div>
   <div class='ocr_carea' id='block_1_125' title="bbox 430 4881 2009 4954">
    <p class='ocr_par' dir='ltr' id='par_1_125' title="bbox 430 4881 2009 4954">
     <span class='ocr_line' id='line_1_125' title="bbox 430 4881 2009 4954; baseline -0.004 -15"><span class='ocrx_word' id='word_1_863' title='bbox 430 4889 667 4954; x_wconf 83' lang='lat' dir='ltr'><strong>legeret.</strong></span> <span class='ocrx_word' id='word_1_864' title='bbox 699 4884 904 4938; x_wconf 87' lang='lat' dir='ltr'><strong>Probus</strong></span> <span class='ocrx_word' id='word_1_865' title='bbox 933 4885 1218 4954; x_wconf 79' lang='lat' dir='ltr'><strong>episcopus</strong></span> <span class='ocrx_word' id='word_1_866' title='bbox 1244 4898 1278 4954; x_wconf 93' lang='lat' dir='ltr'><strong>_e</strong></span> <span class='ocrx_word' id='word_1_867' title='bbox 1306 4898 1558 4937; x_wconf 77' lang='lat' dir='ltr'><strong>consessu</strong></span> <span class='ocrx_word' id='word_1_868' title='bbox 1588 4897 1812 4954; x_wconf 68' lang='lat' dir='ltr'><strong>surgens</strong></span> <span class='ocrx_word' id='word_1_869' title='bbox 1840 4881 1972 4934; x_wconf 88' lang='lat' dir='ltr'><strong>dixit</strong></span> <span class='ocrx_word' id='word_1_870' title='bbox 1996 4898 2009 4933; x_wconf 85' lang='lat'><strong>:</strong></span> 
     </span>
    </p>
   </div>
   <div class='ocr_carea' id='block_1_126' title="bbox 430 4951 2016 5019">
    <p class='ocr_par' dir='ltr' id='par_1_126' title="bbox 430 4951 2016 5019">
     <span class='ocr_line' id='line_1_126' title="bbox 430 4951 2016 5019; baseline -0.004 -9"><span class='ocrx_word' id='word_1_871' title='bbox 430 4951 563 5010; x_wconf 71' lang='lat' dir='ltr'><strong>uiua</strong></span> <span class='ocrx_word' id='word_1_872' title='bbox 590 4955 760 5019; x_wconf 89' lang='lat' dir='ltr'><strong>licuit,</strong></span> <span class='ocrx_word' id='word_1_873' title='bbox 786 4955 889 5008; x_wconf 89' lang='lat' dir='ltr'><strong>hoc</strong></span> <span class='ocrx_word' id='word_1_874' title='bbox 909 4951 1014 5008; x_wconf 82' lang='lat' dir='ltr'><strong>non</strong></span> <span class='ocrx_word' id='word_1_875' title='bbox 1045 4951 1213 5006; x_wconf 80' lang='lat' dir='ltr'><strong>licuit.</strong></span> <span class='ocrx_word' id='word_1_876' title='bbox 1237 4952 1590 5007; x_wconf 88' lang='lat' dir='ltr'><strong>Snecessores</strong></span> <span class='ocrx_word' id='word_1_877' title='bbox 1611 4951 1751 5007; x_wconf 88' lang='lat' dir='ltr'><strong>Deus</strong></span> <span class='ocrx_word' id='word_1_878' title='bbox 1777 4951 1888 5013; x_wconf 88' lang='lat' dir='ltr'><strong>dat,</strong></span> <span class='ocrx_word' id='word_1_879' title='bbox 1919 4965 2016 5004; x_wconf 88' lang='lat' dir='ltr'><strong>au-</strong></span> 
     </span>
    </p>
   </div>
   <div class='ocr_carea' id='block_1_127' title="bbox 429 5021 2011 5091">
    <p class='ocr_par' dir='ltr' id='par_1_127' title="bbox 429 5021 2011 5091">
     <span class='ocr_line' id='line_1_127' title="bbox 429 5021 2011 5091; baseline -0.005 -9"><span class='ocrx_word' id='word_1_880' title='bbox 429 5026 685 5082; x_wconf 88' lang='lat' dir='ltr'><strong>ctoritate</strong></span> <span class='ocrx_word' id='word_1_881' title='bbox 724 5032 902 5078; x_wconf 88' lang='lat' dir='ltr'><strong>vestra</strong></span> <span class='ocrx_word' id='word_1_882' title='bbox 941 5022 1176 5077; x_wconf 80' lang='lat' dir='ltr'><strong>resistite</strong></span> <span class='ocrx_word' id='word_1_883' title='bbox 1217 5023 1345 5076; x_wconf 87' lang='lat' dir='ltr'><strong>huic</strong></span> <span class='ocrx_word' id='word_1_884' title='bbox 1389 5024 1608 5091; x_wconf 20' lang='lat' dir='ltr'><strong>reiiper</strong></span> <span class='ocrx_word' id='word_1_885' title='bbox 1652 5021 2011 5091; x_wconf 86' lang='lat' dir='ltr'><strong>apostolatum</strong></span> 
     </span>
    </p>
   </div>
   <div class='ocr_carea' id='block_1_128' title="bbox 430 5090 2017 5162">
    <p class='ocr_par' dir='ltr' id='par_1_128' title="bbox 430 5090 2017 5162">
     <span class='ocr_line' id='line_1_128' title="bbox 430 5090 2017 5162; baseline -0.003 -12"><span class='ocrx_word' id='word_1_886' title='bbox 430 5105 689 5150; x_wconf 77' lang='lat' dir='ltr'><strong>vestrum.</strong></span> <span class='ocrx_word' id='word_1_887' title='bbox 722 5093 936 5148; x_wconf 87' lang='lat' dir='ltr'><strong>Hilarus</strong></span> <span class='ocrx_word' id='word_1_888' title='bbox 963 5093 1249 5162; x_wconf 91' lang='lat' dir='ltr'><strong>episcopus</strong></span> <span class='ocrx_word' id='word_1_889' title='bbox 1276 5091 1448 5162; x_wconf 75' lang='lat' dir='ltr'><strong>dixit;</strong></span> <span class='ocrx_word' id='word_1_890' title='bbox 1474 5090 1735 5146; x_wconf 85' lang='lat' dir='ltr'><strong>Percurre</strong></span> <span class='ocrx_word' id='word_1_891' title='bbox 1759 5105 1878 5162; x_wconf 81' lang='lat' dir='ltr'><strong>qua:</strong></span> <span class='ocrx_word' id='word_1_892' title='bbox 1906 5106 2017 5162; x_wconf 72' lang='lat' dir='ltr'><strong>co:-</strong></span> 
     </span>
    </p>
   </div>
   <div class='ocr_carea' id='block_1_129' title="bbox 431 5160 2018 5236">
    <p class='ocr_par' dir='ltr' id='par_1_129' title="bbox 431 5160 2018 5236">
     <span class='ocr_line' id='line_1_129' title="bbox 431 5160 2018 5236; baseline -0.003 -17"><span class='ocrx_word' id='word_1_893' title='bbox 431 5182 608 5236; x_wconf 85' lang='lat' dir='ltr'><strong>peras.</strong></span> <span class='ocrx_word' id='word_1_894' title='bbox 647 5163 841 5236; x_wconf 83' lang='lat' dir='ltr'><strong>Paulus</strong></span> <span class='ocrx_word' id='word_1_895' title='bbox 865 5163 1106 5236; x_wconf 81' lang='lat' dir='ltr'><strong>notarius</strong></span> <span class='ocrx_word' id='word_1_896' title='bbox 1129 5160 1390 5236; x_wconf 74' lang='lat' dir='ltr'><strong>recitavit.</strong></span> <span class='ocrx_word' id='word_1_897' title='bbox 1419 5161 1691 5236; x_wconf 83' lang='lat' dir='ltr'><strong>Siquidem</strong></span> <span class='ocrx_word' id='word_1_898' title='bbox 1712 5161 1886 5236; x_wconf 75' lang='lat' dir='ltr'><strong>omnis</strong></span> <span class='ocrx_word' id='word_1_899' title='bbox 1909 5161 2018 5236; x_wconf 84' lang='lat' dir='ltr'><strong>ele-_-</strong></span> 
     </span>
    </p>
   </div>
   <div class='ocr_carea' id='block_1_130' title="bbox 432 5230 2017 5302">
    <p class='ocr_par' dir='ltr' id='par_1_130' title="bbox 432 5230 2017 5302">
     <span class='ocr_line' id='line_1_130' title="bbox 432 5230 2017 5302; baseline -0.004 -12"><span class='ocrx_word' id='word_1_900' title='bbox 432 5230 546 5298; x_wconf 75' lang='lat' dir='ltr'><strong>rus,</strong></span> <span class='ocrx_word' id='word_1_901' title='bbox 579 5242 633 5288; x_wconf 91' lang='lat' dir='ltr'><strong>et</strong></span> <span class='ocrx_word' id='word_1_902' title='bbox 655 5233 804 5302; x_wconf 84' lang='lat' dir='ltr'><strong>plebs</strong></span> <span class='ocrx_word' id='word_1_903' title='bbox 837 5232 1075 5301; x_wconf 88' lang='lat' dir='ltr'><strong>ejusdem</strong></span> <span class='ocrx_word' id='word_1_904' title='bbox 1103 5232 1365 5302; x_wconf 87' lang='lat' dir='ltr'><strong>civitatis,</strong></span> <span class='ocrx_word' id='word_1_905' title='bbox 1393 5241 1447 5288; x_wconf 87' lang='lat' dir='ltr'><strong>et</strong></span> <span class='ocrx_word' id='word_1_906' title='bbox 1475 5233 1691 5302; x_wconf 88' lang='lat' dir='ltr'><strong>optimi,</strong></span> <span class='ocrx_word' id='word_1_907' title='bbox 1722 5240 1776 5286; x_wconf 90' lang='lat' dir='ltr'><strong>et</strong></span> <span class='ocrx_word' id='word_1_908' title='bbox 1803 5230 2017 5302; x_wconf 81' lang='lat' dir='ltr'><strong>plurimi</strong></span> 
     </span>
    </p>
   </div>
   <div class='ocr_carea' id='block_1_131' title="bbox 433 5300 2018 5377">
    <p class='ocr_par' dir='ltr' id='par_1_131' title="bbox 433 5300 2018 5377">
     <span class='ocr_line' id='line_1_131' title="bbox 433 5300 2018 5377; baseline -0.004 -18"><span class='ocrx_word' id='word_1_909' title='bbox 433 5300 810 5377; x_wconf 83' lang='lat' dir='ltr'><strong>provinciales,</strong></span> <span class='ocrx_word' id='word_1_910' title='bbox 834 5311 894 5377; x_wconf 85' lang='lat' dir='ltr'><strong>ut</strong></span> <span class='ocrx_word' id='word_1_911' title='bbox 923 5303 1062 5356; x_wconf 83' lang='lat' dir='ltr'><strong>idem</strong></span> <span class='ocrx_word' id='word_1_912' title='bbox 1091 5301 1207 5370; x_wconf 90' lang='lat' dir='ltr'><strong>ejus</strong></span> <span class='ocrx_word' id='word_1_913' title='bbox 1236 5301 1412 5358; x_wconf 91' lang='lat' dir='ltr'><strong>locum</strong></span> <span class='ocrx_word' id='word_1_914' title='bbox 1439 5300 1769 5377; x_wconf 78' lang='lat' dir='ltr'><strong>observaret,</strong></span> <span class='ocrx_word' id='word_1_915' title='bbox 1797 5300 1833 5377; x_wconf 49' lang='grc' dir='ltr'><strong>ᾖ</strong></span> <span class='ocrx_word' id='word_1_916' title='bbox 1857 5300 2018 5377; x_wconf 68' lang='lat' dir='ltr'><strong>nobis</strong></span> 
     </span>
    </p>
   </div>
   <div class='ocr_carea' id='block_1_132' title="bbox 433 5368 2018 5444">
    <p class='ocr_par' dir='ltr' id='par_1_132' title="bbox 433 5368 2018 5444">
     <span class='ocr_line' id='line_1_132' title="bbox 433 5368 2018 5444; baseline -0.004 -14"><span class='ocrx_word' id='word_1_917' title='bbox 433 5368 792 5444; x_wconf 61' lang='lat' dir='ltr'><strong>Speraveruut</strong></span> <span class='ocrx_word' id='word_1_918' title='bbox 824 5374 952 5427; x_wconf 90' lang='lat' dir='ltr'><strong>dato</strong></span> <span class='ocrx_word' id='word_1_919' title='bbox 987 5368 1286 5444; x_wconf 83' lang='lat' dir='ltr'><strong>consensu,</strong></span> <span class='ocrx_word' id='word_1_920' title='bbox 1325 5389 1426 5428; x_wconf 89' lang='lat' dir='ltr'><strong>nos</strong></span> <span class='ocrx_word' id='word_1_921' title='bbox 1456 5373 1753 5441; x_wconf 85' lang='lat' dir='ltr'><strong>cogitantes</strong></span> <span class='ocrx_word' id='word_1_922' title='bbox 1781 5368 2018 5444; x_wconf 82' lang='lat' dir='ltr'><strong>defuncti</strong></span> 
     </span>
    </p>
   </div>
   <div class='ocr_carea' id='block_1_133' title="bbox 421 5441 2019 5520">
    <p class='ocr_par' dir='ltr' id='par_1_133' title="bbox 421 5441 2019 5520">
     <span class='ocr_line' id='line_1_133' title="bbox 421 5441 2019 5520; baseline -0.004 -20"><span class='ocrx_word' id='word_1_923' title='bbox 421 5441 690 5520; x_wconf 81' lang='lat' dir='ltr'><strong>judicium</strong></span> <span class='ocrx_word' id='word_1_924' title='bbox 709 5482 722 5504; x_wconf 83' lang='lat'>.</span> <span class='ocrx_word' id='word_1_925' title='bbox 753 5453 808 5498; x_wconf 92' lang='lat' dir='ltr'><strong>et</strong></span> <span class='ocrx_word' id='word_1_926' title='bbox 832 5445 1126 5520; x_wconf 79' lang='lat' dir='ltr'><strong>probantes</strong></span> <span class='ocrx_word' id='word_1_927' title='bbox 1153 5442 1270 5512; x_wconf 89' lang='lat' dir='ltr'><strong>ejus</strong></span> <span class='ocrx_word' id='word_1_928' title='bbox 1298 5444 1459 5520; x_wconf 74' lang='lat' dir='ltr'><strong>vitam</strong></span> <span class='ocrx_word' id='word_1_929' title='bbox 1479 5483 1493 5508; x_wconf 96' lang='lat'><strong>,</strong></span> <span class='ocrx_word' id='word_1_930' title='bbox 1525 5451 1580 5520; x_wconf 78' lang='lat' dir='ltr'><strong>et</strong></span> <span class='ocrx_word' id='word_1_931' title='bbox 1609 5457 1797 5520; x_wconf 77' lang='lat' dir='ltr'><strong>eorum</strong></span> <span class='ocrx_word' id='word_1_932' title='bbox 1825 5441 2019 5520; x_wconf 50' lang='lat' dir='ltr'><strong>nobili-5</strong></span> 
     </span>
    </p>
   </div>
   <div class='ocr_carea' id='block_1_134' title="bbox 435 5511 2021 5582">
    <p class='ocr_par' dir='ltr' id='par_1_134' title="bbox 435 5511 2021 5582">
     <span class='ocr_line' id='line_1_134' title="bbox 435 5511 2021 5582; baseline -0.005 -10"><span class='ocrx_word' id='word_1_933' title='bbox 435 5511 606 5572; x_wconf 73' lang='lat' dir='ltr'><strong>tatem</strong></span> <span class='ocrx_word' id='word_1_934' title='bbox 657 5511 1262 5582; x_wconf 29' lang='lat' dir='ltr'><strong>atque&#39;innltitudine’m,</strong></span> <span class='ocrx_word' id='word_1_935' title='bbox 1301 5513 1392 5582; x_wconf 91' lang='lat' dir='ltr'><strong>qni</strong></span> <span class='ocrx_word' id='word_1_936' title='bbox 1435 5511 1913 5582; x_wconf 9' lang='lat' dir='ltr'><strong>petebant,rsimul</strong></span> <span class='ocrx_word' id='word_1_937' title='bbox 1965 5519 2021 5565; x_wconf 90' lang='lat' dir='ltr'><strong>et</strong></span> 
     </span>
    </p>
   </div>
   <div class='ocr_carea' id='block_1_135' title="bbox 437 5581 2018 5650">
    <p class='ocr_par' dir='ltr' id='par_1_135' title="bbox 437 5581 2018 5650">
     <span class='ocr_line' id='line_1_135' title="bbox 437 5581 2018 5650; baseline -0.006 -7"><span class='ocrx_word' id='word_1_938' title='bbox 437 5581 746 5648; x_wconf 75' lang='lat' dir='ltr'><strong>utilitatem,</strong></span> <span class='ocrx_word' id='word_1_939' title='bbox 781 5582 1032 5638; x_wconf 83' lang='lat' dir='ltr'><strong>Ecclesia:</strong></span> <span class='ocrx_word' id='word_1_940' title='bbox 1061 5581 1400 5642; x_wconf 64' lang='lat' dir='ltr'><strong>memoratio.</strong></span> <span class='ocrx_word' id='word_1_941' title='bbox 1435 5583 1695 5650; x_wconf 87' lang='lat' dir='ltr'><strong>optimum</strong></span> <span class='ocrx_word' id='word_1_942' title='bbox 1725 5581 1971 5636; x_wconf 77' lang='lat' dir='ltr'><strong>duximus</strong></span> <span class='ocrx_word' id='word_1_943' title='bbox 2005 5598 2018 5633; x_wconf 93' lang='lat'><strong>:</strong></span> 
     </span>
    </p>
   </div>
   <div class='ocr_carea' id='block_1_136' title="bbox 435 5653 2021 5722">
    <p class='ocr_par' dir='ltr' id='par_1_136' title="bbox 435 5653 2021 5722">
     <span class='ocr_line' id='line_1_136' title="bbox 435 5653 2021 5722; baseline -0.005 -11"><span class='ocrx_word' id='word_1_944' title='bbox 435 5665 497 5711; x_wconf 92' lang='lat' dir='ltr'><strong>ut</strong></span> <span class='ocrx_word' id='word_1_945' title='bbox 532 5663 684 5710; x_wconf 88' lang='lat' dir='ltr'><strong>tanto</strong></span> <span class='ocrx_word' id='word_1_946' title='bbox 725 5654 993 5708; x_wconf 89' lang='lat' dir='ltr'><strong>sacerdoti</strong></span> <span class='ocrx_word' id='word_1_947' title='bbox 1022 5693 1036 5717; x_wconf 96' lang='lat'><strong>,</strong></span> <span class='ocrx_word' id='word_1_948' title='bbox 1079 5654 1173 5722; x_wconf 90' lang='lat' dir='ltr'><strong>qui</strong></span> <span class='ocrx_word' id='word_1_949' title='bbox 1203 5653 1269 5706; x_wconf 91' lang='lat' dir='ltr'><strong>ad</strong></span> <span class='ocrx_word' id='word_1_950' title='bbox 1300 5653 1480 5706; x_wconf 89' lang='lat' dir='ltr'><strong>divina</strong></span> <span class='ocrx_word' id='word_1_951' title='bbox 1511 5653 1871 5722; x_wconf 89' lang='lat' dir='ltr'><strong>migraverat,</strong></span> <span class='ocrx_word' id='word_1_952' title='bbox 1913 5666 2021 5706; x_wconf 92' lang='lat' dir='ltr'><strong>non</strong></span> 
     </span>
    </p>
   </div>
   <div class='ocr_carea' id='block_1_137' title="bbox 437 5721 2024 5790">
    <p class='ocr_par' dir='ltr' id='par_1_137' title="bbox 437 5721 2024 5790">
     <span class='ocr_line' id='line_1_137' title="bbox 437 5721 2024 5790; baseline -0.004 -10"><span class='ocrx_word' id='word_1_953' title='bbox 437 5725 669 5780; x_wconf 87' lang='lat' dir='ltr'><strong>minoris</strong></span> <span class='ocrx_word' id='word_1_954' title='bbox 690 5723 864 5777; x_wconf 90' lang='lat' dir='ltr'><strong>meriti</strong></span> <span class='ocrx_word' id='word_1_955' title='bbox 884 5721 1297 5778; x_wconf 86' lang='lat' dir='ltr'><strong>substitueretur</strong></span> <span class='ocrx_word' id='word_1_956' title='bbox 1317 5723 1558 5785; x_wconf 88' lang='lat' dir='ltr'><strong>antistes,</strong></span> <span class='ocrx_word' id='word_1_957' title='bbox 1586 5721 1882 5790; x_wconf 65' lang='lat' dir='ltr'><strong>praesertim</strong></span> <span class='ocrx_word' id='word_1_958' title='bbox 1903 5736 2024 5775; x_wconf 86' lang='lat' dir='ltr'><strong>cum</strong></span> 
     </span>
    </p>
   </div>
   <div class='ocr_carea' id='block_1_138' title="bbox 437 5791 2022 5860">
    <p class='ocr_par' dir='ltr' id='par_1_138' title="bbox 437 5791 2022 5860">
     <span class='ocr_line' id='line_1_138' title="bbox 437 5791 2022 5860; baseline -0.005 -10"><span class='ocrx_word' id='word_1_959' title='bbox 437 5794 677 5850; x_wconf 77' lang='lat' dir='ltr'><strong>Ecclesia</strong></span> <span class='ocrx_word' id='word_1_960' title='bbox 703 5793 842 5848; x_wconf 90' lang='lat' dir='ltr'><strong>illius</strong></span> <span class='ocrx_word' id='word_1_961' title='bbox 865 5793 1156 5860; x_wconf 83' lang='lat' dir='ltr'><strong>municipii,</strong></span> <span class='ocrx_word' id='word_1_962' title='bbox 1186 5793 1236 5845; x_wconf 91' lang='lat' dir='ltr'><strong>in</strong></span> <span class='ocrx_word' id='word_1_963' title='bbox 1262 5808 1366 5860; x_wconf 90' lang='lat' dir='ltr'><strong>qua</strong></span> <span class='ocrx_word' id='word_1_964' title='bbox 1389 5801 1513 5845; x_wconf 90' lang='lat' dir='ltr'><strong>ante</strong></span> <span class='ocrx_word' id='word_1_965' title='bbox 1537 5791 1704 5843; x_wconf 83' lang='lat' dir='ltr'><strong>fuerat</strong></span> <span class='ocrx_word' id='word_1_966' title='bbox 1728 5791 2022 5852; x_wconf 79' lang='lat' dir='ltr'><strong>ordinatus,</strong></span> 
     </span>
    </p>
   </div>
   <div class='ocr_carea' id='block_1_139' title="bbox 443 5861 2023 5937">
    <p class='ocr_par' dir='ltr' id='par_1_139' title="bbox 443 5861 2023 5937">
     <span class='ocr_line' id='line_1_139' title="bbox 443 5861 2023 5937; baseline -0.007 -13"><span class='ocrx_word' id='word_1_967' title='bbox 443 5880 658 5937; x_wconf 70' lang='lat' dir='ltr'><strong>semper</strong></span> <span class='ocrx_word' id='word_1_968' title='bbox 686 5863 843 5936; x_wconf 88' lang='lat' dir='ltr'><strong>hujus</strong></span> <span class='ocrx_word' id='word_1_969' title='bbox 873 5864 1102 5918; x_wconf 75' lang='lat' dir='ltr'><strong>civitatis</strong></span> <span class='ocrx_word' id='word_1_970' title='bbox 1133 5862 1382 5917; x_wconf 70' lang='lat' dir='ltr'><strong>l-Lcclcsizc</strong></span> <span class='ocrx_word' id='word_1_971' title='bbox 1413 5861 1572 5916; x_wconf 71' lang='lat' dir='ltr'><strong>fuisse</strong></span> <span class='ocrx_word' id='word_1_972' title='bbox 1621 5861 1866 5916; x_wconf 76' lang='lat' dir='ltr'><strong>dimccsis</strong></span> <span class='ocrx_word' id='word_1_973' title='bbox 1893 5877 2023 5914; x_wconf 86' lang='lat' dir='ltr'><strong>cou-</strong></span> 
     </span>
    </p>
   </div>
   <div class='ocr_carea' id='block_1_140' title="bbox 2115 4664 3693 4738">
    <p class='ocr_par' dir='ltr' id='par_1_140' title="bbox 2115 4664 3693 4738">
     <span class='ocr_line' id='line_1_140' title="bbox 2115 4664 3693 4738; baseline -0.006 -12"><span class='ocrx_word' id='word_1_974' title='bbox 2115 4671 2324 4728; x_wconf 83' lang='lat' dir='ltr'><strong>oec‘urri</strong></span> <span class='ocrx_word' id='word_1_975' title='bbox 2351 4711 2366 4735; x_wconf 90' lang='lat'><strong>,</strong></span> <span class='ocrx_word' id='word_1_976' title='bbox 2407 4664 2708 4738; x_wconf 62' lang='lat' dir='ltr'><strong>quaesumus</strong></span> <span class='ocrx_word' id='word_1_977' title='bbox 2737 4668 2919 4738; x_wconf 86' lang='lat' dir='ltr'><strong>sedem</strong></span> <span class='ocrx_word' id='word_1_978' title='bbox 2949 4674 3225 4738; x_wconf 79' lang='lat' dir='ltr'><strong>vestram,</strong></span> <span class='ocrx_word' id='word_1_979' title='bbox 3259 4676 3321 4738; x_wconf 83' lang='lat' dir='ltr'><strong>ut</strong></span> <span class='ocrx_word' id='word_1_980' title='bbox 3360 4664 3503 4738; x_wconf 74' lang='lat' dir='ltr'><strong>quod</strong></span> <span class='ocrx_word' id='word_1_981' title='bbox 3533 4678 3693 4738; x_wconf 84' lang='lat' dir='ltr'><strong>super</strong></span> 
     </span>
    </p>
   </div>
   <div class='ocr_carea' id='block_1_141' title="bbox 2115 4733 3695 4811">
    <p class='ocr_par' dir='ltr' id='par_1_141' title="bbox 2115 4733 3695 4811">
     <span class='ocr_line' id='line_1_141' title="bbox 2115 4733 3695 4811; baseline -0.008 -15"><span class='ocrx_word' id='word_1_982' title='bbox 2115 4742 2218 4797; x_wconf 89' lang='lat' dir='ltr'><strong>hac</strong></span> <span class='ocrx_word' id='word_1_983' title='bbox 2243 4733 2397 4811; x_wconf 82' lang='lat' dir='ltr'><strong>parte</strong></span> <span class='ocrx_word' id='word_1_984' title='bbox 2423 4733 2716 4794; x_wconf 74' lang='lat' dir='ltr'><strong>ebservare</strong></span> <span class='ocrx_word' id='word_1_985' title='bbox 2743 4737 2920 4811; x_wconf 71' lang='lat' dir='ltr'><strong>velitis</strong></span> <span class='ocrx_word' id='word_1_986' title='bbox 2945 4735 3302 4811; x_wconf 86' lang='lat' dir='ltr'><strong>,_apostol_i_eis</strong></span> <span class='ocrx_word' id='word_1_987' title='bbox 3331 4733 3576 4811; x_wconf 75' lang='lat' dir='ltr'><strong>affatibus</strong></span> <span class='ocrx_word' id='word_1_988' title='bbox 3614 4733 3695 4811; x_wconf 79' lang='lat' dir='ltr'><strong>iu-</strong></span> 
     </span>
    </p>
   </div>
   <div class='ocr_carea' id='block_1_142' title="bbox 2115 4802 3693 4878">
    <p class='ocr_par' dir='ltr' id='par_1_142' title="bbox 2115 4802 3693 4878">
     <span class='ocr_line' id='line_1_142' title="bbox 2115 4802 3693 4878; baseline -0.009 -12"><span class='ocrx_word' id='word_1_989' title='bbox 2115 4802 2421 4877; x_wconf 77' lang='lat' dir='ltr'><strong>struamur,</strong></span> <span class='ocrx_word' id='word_1_990' title='bbox 2461 4816 2727 4878; x_wconf 88' lang='lat' dir='ltr'><strong>quatenus</strong></span> <span class='ocrx_word' id='word_1_991' title='bbox 2763 4802 3351 4878; x_wconf 78' lang='lat' dir='ltr'><strong>fraternitatecollecta</strong></span> <span class='ocrx_word' id='word_1_992' title='bbox 3381 4802 3603 4878; x_wconf 82' lang='lat' dir='ltr'><strong>prolatis</strong></span> <span class='ocrx_word' id='word_1_993' title='bbox 3640 4802 3693 4878; x_wconf 85' lang='lat' dir='ltr'><strong>i_n</strong></span> 
     </span>
    </p>
   </div>
   <div class='ocr_carea' id='block_1_143' title="bbox 2121 4871 3697 4947">
    <p class='ocr_par' dir='ltr' id='par_1_143' title="bbox 2121 4871 3697 4947">
     <span class='ocr_line' id='line_1_143' title="bbox 2121 4871 3697 4947; baseline -0.008 -13"><span class='ocrx_word' id='word_1_994' title='bbox 2121 4882 2358 4935; x_wconf 90' lang='lat' dir='ltr'><strong>medium</strong></span> <span class='ocrx_word' id='word_1_995' title='bbox 2387 4871 2705 4934; x_wconf 75' lang='lat' dir='ltr'><strong>veneranda:</strong></span> <span class='ocrx_word' id='word_1_996' title='bbox 2733 4877 2922 4947; x_wconf 86' lang='lat' dir='ltr'><strong>synodi</strong></span> <span class='ocrx_word' id='word_1_997' title='bbox 2946 4877 3270 4947; x_wconf 82' lang='lat' dir='ltr'><strong>constitutis,</strong></span> <span class='ocrx_word' id='word_1_998' title='bbox 3299 4871 3501 4947; x_wconf 69' lang='lat' dir='ltr'><strong>contra</strong></span> <span class='ocrx_word' id='word_1_999' title='bbox 3522 4871 3697 4924; x_wconf 84' lang='lat' dir='ltr'><strong>rebel-</strong></span> 
     </span>
    </p>
   </div>
   <div class='ocr_carea' id='block_1_144' title="bbox 2117 4941 3695 5019">
    <p class='ocr_par' dir='ltr' id='par_1_144' title="bbox 2117 4941 3695 5019">
     <span class='ocr_line' id='line_1_144' title="bbox 2117 4941 3695 5019; baseline -0.01 -14"><span class='ocrx_word' id='word_1_1000' title='bbox 2117 4950 2274 5005; x_wconf 90' lang='lat' dir='ltr'><strong>lionis</strong></span> <span class='ocrx_word' id='word_1_1001' title='bbox 2300 4950 2545 5019; x_wconf 86' lang='lat' dir='ltr'><strong>spiritum</strong></span> <span class='ocrx_word' id='word_1_1002' title='bbox 2567 4957 2746 5003; x_wconf 90' lang='lat' dir='ltr'><strong>vestra</strong></span> <span class='ocrx_word' id='word_1_1003' title='bbox 2763 4941 3098 5019; x_wconf 72' lang='lat' dir='ltr'><strong>auctoritate</strong></span> <span class='ocrx_word' id='word_1_1004' title='bbox 3117 4941 3358 5019; x_wconf 60' lang='lat' dir='ltr'><strong>subnixi,</strong></span> <span class='ocrx_word' id='word_1_1005' title='bbox 3377 4941 3509 5019; x_wconf 83' lang='lat' dir='ltr'><strong>quid</strong></span> <span class='ocrx_word' id='word_1_1006' title='bbox 3532 4956 3695 5019; x_wconf 65' lang='lat' dir='ltr'><strong>opor-</strong></span> 
     </span>
    </p>
   </div>
   <div class='ocr_carea' id='block_1_145' title="bbox 2119 5009 3695 5089">
    <p class='ocr_par' dir='ltr' id='par_1_145' title="bbox 2119 5009 3695 5089">
     <span class='ocr_line' id='line_1_145' title="bbox 2119 5009 3695 5089; baseline -0.011 -13"><span class='ocrx_word' id='word_1_1007' title='bbox 2119 5027 2250 5089; x_wconf 88' lang='lat' dir='ltr'><strong>teat,</strong></span> <span class='ocrx_word' id='word_1_1008' title='bbox 2282 5009 2344 5074; x_wconf 75' lang='grc' dir='ltr'><strong>ρι’</strong></span> <span class='ocrx_word' id='word_1_1009' title='bbox 2364 5019 2430 5073; x_wconf 92' lang='lat' dir='ltr'><strong>de</strong></span> <span class='ocrx_word' id='word_1_1010' title='bbox 2458 5019 2814 5082; x_wconf 89' lang='lat' dir='ltr'><strong>ordinatione,</strong></span> <span class='ocrx_word' id='word_1_1011' title='bbox 2845 5025 2900 5089; x_wconf 87' lang='lat' dir='ltr'><strong>et</strong></span> <span class='ocrx_word' id='word_1_1012' title='bbox 2932 5016 3000 5070; x_wconf 90' lang='lat' dir='ltr'><strong>de</strong></span> <span class='ocrx_word' id='word_1_1013' title='bbox 3049 5014 3294 5089; x_wconf 86' lang='lat' dir='ltr'><strong>o_rd_inato</strong></span> <span class='ocrx_word' id='word_1_1014' title='bbox 3327 5009 3464 5089; x_wconf 66' lang='lat' dir='ltr'><strong>fieri,</strong></span> <span class='ocrx_word' id='word_1_1015' title='bbox 3497 5009 3695 5089; x_wconf 85' lang='lat' dir='ltr'><strong>intelli—</strong></span> 
     </span>
    </p>
   </div>
   <div class='ocr_carea' id='block_1_146' title="bbox 2121 5082 3698 5159">
    <p class='ocr_par' dir='ltr' id='par_1_146' title="bbox 2121 5082 3698 5159">
     <span class='ocr_line' id='line_1_146' title="bbox 2121 5082 3698 5159; baseline -0.009 -14"><span class='ocrx_word' id='word_1_1016' title='bbox 2121 5082 2249 5159; x_wconf 81' lang='lat' dir='ltr'><strong>gere</strong></span> <span class='ocrx_word' id='word_1_1017' title='bbox 2296 5089 2407 5144; x_wconf 89' lang='lat' dir='ltr'><strong>Deo</strong></span> <span class='ocrx_word' id='word_1_1018' title='bbox 2455 5089 2677 5158; x_wconf 89' lang='lat' dir='ltr'><strong>juvante</strong></span> <span class='ocrx_word' id='word_1_1019' title='bbox 2723 5087 3008 5159; x_wconf 86' lang='lat' dir='ltr'><strong>possimus.</strong></span> <span class='ocrx_word' id='word_1_1020' title='bbox 3068 5083 3184 5159; x_wconf 74' lang='lat' dir='ltr'><strong>Erit</strong></span> <span class='ocrx_word' id='word_1_1021' title='bbox 3228 5082 3471 5159; x_wconf 77' lang='lat' dir='ltr'><strong>profeeto</strong></span> <span class='ocrx_word' id='word_1_1022' title='bbox 3520 5086 3698 5159; x_wconf 56' lang='lat' dir='ltr'><strong>vester:</strong></span> 
     </span>
    </p>
   </div>
   <div class='ocr_carea' id='block_1_147' title="bbox 2121 5148 3698 5234">
    <p class='ocr_par' dir='ltr' id='par_1_147' title="bbox 2121 5148 3698 5234">
     <span class='ocr_line' id='line_1_147' title="bbox 2121 5148 3698 5234; baseline -0.01 -19"><span class='ocrx_word' id='word_1_1023' title='bbox 2121 5148 2423 5234; x_wconf 58' lang='lat' dir='ltr'><strong>triumphus</strong></span> <span class='ocrx_word' id='word_1_1024' title='bbox 2494 5159 2537 5214; x_wconf 91' lang='lat' dir='ltr'><strong>si</strong></span> <span class='ocrx_word' id='word_1_1025' title='bbox 2579 5148 2910 5234; x_wconf 71' lang='lat' dir='ltr'><strong>apostolatus</strong></span> <span class='ocrx_word' id='word_1_1026' title='bbox 2954 5154 3122 5234; x_wconf 73' lang='lat' dir='ltr'><strong>vestri</strong></span> <span class='ocrx_word' id='word_1_1027' title='bbox 3156 5148 3484 5234; x_wconf 75' lang='lat' dir='ltr'><strong>temporibus</strong></span> <span class='ocrx_word' id='word_1_1028' title='bbox 3510 5148 3698 5234; x_wconf 57' lang='lat' dir='ltr'><strong>,“qupd</strong></span> 
     </span>
    </p>
   </div>
   <div class='ocr_carea' id='block_1_148' title="bbox 2120 5218 3700 5300">
    <p class='ocr_par' dir='ltr' id='par_1_148' title="bbox 2120 5218 3700 5300">
     <span class='ocr_line' id='line_1_148' title="bbox 2120 5218 3700 5300; baseline -0.009 -15"><span class='ocrx_word' id='word_1_1029' title='bbox 2120 5218 2300 5285; x_wconf 61' lang='lat' dir='ltr'><strong>sancti&#39;</strong></span> <span class='ocrx_word' id='word_1_1030' title='bbox 2318 5218 2462 5284; x_wconf 87' lang='lat' dir='ltr'><strong>Petri</strong></span> <span class='ocrx_word' id='word_1_1031' title='bbox 2493 5218 2744 5300; x_wconf 81' lang='lat' dir='ltr'><strong>cathedra</strong></span> <span class='ocrx_word' id='word_1_1032' title='bbox 2771 5227 2994 5289; x_wconf 91' lang='lat' dir='ltr'><strong>obtinet,</strong></span> <span class='ocrx_word' id='word_1_1033' title='bbox 3020 5218 3292 5300; x_wconf 62' lang='lat' dir='ltr'><strong>e_atho_lica</strong></span> <span class='ocrx_word' id='word_1_1034' title='bbox 3307 5220 3493 5300; x_wconf 83' lang='lat' dir='ltr'><strong>audiat</strong></span> <span class='ocrx_word' id='word_1_1035' title='bbox 3506 5218 3700 5300; x_wconf 78' lang='lat' dir='ltr'><strong>_Eccle-</strong></span> 
     </span>
    </p>
   </div>
   <div class='ocr_carea' id='block_1_149' title="bbox 2120 5291 3695 5364">
    <p class='ocr_par' dir='ltr' id='par_1_149' title="bbox 2120 5291 3695 5364">
     <span class='ocr_line' id='line_1_149' title="bbox 2120 5291 3695 5364; baseline -0.011 -8"><span class='ocrx_word' id='word_1_1036' title='bbox 2120 5303 2198 5356; x_wconf 88' lang='lat' dir='ltr'><strong>sia</strong></span> <span class='ocrx_word' id='word_1_1037' title='bbox 2222 5339 2236 5364; x_wconf 87' lang='lat'><strong>,</strong></span> <span class='ocrx_word' id='word_1_1038' title='bbox 2264 5301 2308 5356; x_wconf 91' lang='lat' dir='ltr'><strong>si</strong></span> <span class='ocrx_word' id='word_1_1039' title='bbox 2338 5300 2547 5354; x_wconf 90' lang='lat' dir='ltr'><strong>novella</strong></span> <span class='ocrx_word' id='word_1_1040' title='bbox 2575 5299 2898 5353; x_wconf 83' lang='lat' dir='ltr'><strong>zizaniorum</strong></span> <span class='ocrx_word' id='word_1_1041' title='bbox 2927 5293 3135 5364; x_wconf 81' lang='lat' dir='ltr'><strong>semina</strong></span> <span class='ocrx_word' id='word_1_1042' title='bbox 3160 5291 3358 5345; x_wconf 87' lang='lat' dir='ltr'><strong>fuerint</strong></span> <span class='ocrx_word' id='word_1_1043' title='bbox 3383 5291 3695 5356; x_wconf 80' lang='lat' dir='ltr'><strong>exstirpata.</strong></span> 
     </span>
    </p>
   </div>
   <div class='ocr_carea' id='block_1_150' title="bbox 2126 5362 3700 5439">
    <p class='ocr_par' dir='ltr' id='par_1_150' title="bbox 2126 5362 3700 5439">
     <span class='ocr_line' id='line_1_150' title="bbox 2126 5362 3700 5439; baseline -0.009 -15"><span class='ocrx_word' id='word_1_1044' title='bbox 2126 5371 2192 5426; x_wconf 86' lang='lat' dir='ltr'><strong>Et</strong></span> <span class='ocrx_word' id='word_1_1045' title='bbox 2217 5362 2563 5439; x_wconf 70' lang='lat' dir='ltr'><strong>Subscriptio.</strong></span> <span class='ocrx_word' id='word_1_1046' title='bbox 2601 5369 2862 5439; x_wconf 80' lang='lat' dir='ltr'><strong>Orantem</strong></span> <span class='ocrx_word' id='word_1_1047' title='bbox 2891 5380 2989 5439; x_wconf 81' lang='lat' dir='ltr'><strong>pro</strong></span> <span class='ocrx_word' id='word_1_1048' title='bbox 3014 5362 3170 5417; x_wconf 90' lang='lat' dir='ltr'><strong>nobis</strong></span> <span class='ocrx_word' id='word_1_1049' title='bbox 3196 5371 3442 5439; x_wconf 87' lang='lat' dir='ltr'><strong>sanctum</strong></span> <span class='ocrx_word' id='word_1_1050' title='bbox 3462 5366 3700 5439; x_wconf 75' lang='lat' dir='ltr'><strong>aposto-</strong></span> 
     </span>
    </p>
   </div>
   <div class='ocr_carea' id='block_1_151' title="bbox 2129 5433 3700 5511">
    <p class='ocr_par' dir='ltr' id='par_1_151' title="bbox 2129 5433 3700 5511">
     <span class='ocr_line' id='line_1_151' title="bbox 2129 5433 3700 5511; baseline -0.01 -15"><span class='ocrx_word' id='word_1_1051' title='bbox 2129 5442 2295 5496; x_wconf 92' lang='lat' dir='ltr'><strong>latum</strong></span> <span class='ocrx_word' id='word_1_1052' title='bbox 2323 5433 2562 5511; x_wconf 74' lang='lat' dir='ltr'><strong>vestrum</strong></span> <span class='ocrx_word' id='word_1_1053' title='bbox 2589 5438 2701 5511; x_wconf 89' lang='lat' dir='ltr'><strong>jugi</strong></span> <span class='ocrx_word' id='word_1_1054' title='bbox 2728 5451 2844 5511; x_wconf 65' lang='lat' dir='ltr'><strong>aevo</strong></span> <span class='ocrx_word' id='word_1_1055' title='bbox 2872 5433 3049 5490; x_wconf 87' lang='lat' dir='ltr'><strong>divina</strong></span> <span class='ocrx_word' id='word_1_1056' title='bbox 3077 5437 3364 5511; x_wconf 74' lang='lat' dir='ltr'><strong>conservet</strong></span> <span class='ocrx_word' id='word_1_1057' title='bbox 3407 5433 3700 5511; x_wconf 66' lang='lat' dir='ltr'><strong>aeternitas.</strong></span> 
     </span>
    </p>
   </div>
   <div class='ocr_carea' id='block_1_152' title="bbox 2129 5499 3704 5577">
    <p class='ocr_par' dir='ltr' id='par_1_152' title="bbox 2129 5499 3704 5577">
     <span class='ocr_line' id='line_1_152' title="bbox 2129 5499 3704 5577; baseline -0.01 -13"><span class='ocrx_word' id='word_1_1058' title='bbox 2129 5513 2209 5566; x_wconf 81' lang='lat' dir='ltr'><strong>Ab</strong></span> <span class='ocrx_word' id='word_1_1059' title='bbox 2245 5509 2509 5565; x_wconf 91' lang='lat' dir='ltr'><strong>universis</strong></span> <span class='ocrx_word' id='word_1_1060' title='bbox 2554 5499 2818 5577; x_wconf 71' lang='lat' dir='ltr'><strong>episcopis</strong></span> <span class='ocrx_word' id='word_1_1061' title='bbox 2866 5513 2922 5560; x_wconf 93' lang='lat' dir='ltr'><strong>et</strong></span> <span class='ocrx_word' id='word_1_1062' title='bbox 2969 5500 3300 5577; x_wconf 73' lang='lat' dir='ltr'><strong>presbyteris</strong></span> <span class='ocrx_word' id='word_1_1063' title='bbox 3349 5499 3704 5577; x_wconf 79' lang='lat' dir='ltr'><strong>acclamatum</strong></span> 
     </span>
    </p>
   </div>
   <div class='ocr_carea' id='block_1_153' title="bbox 2129 5570 3702 5642">
    <p class='ocr_par' dir='ltr' id='par_1_153' title="bbox 2129 5570 3702 5642">
     <span class='ocr_line' id='line_1_153' title="bbox 2129 5570 3702 5642; baseline -0.011 -7"><span class='ocrx_word' id='word_1_1064' title='bbox 2129 5590 2212 5636; x_wconf 89' lang='lat' dir='ltr'><strong>est</strong></span> <span class='ocrx_word' id='word_1_1065' title='bbox 2237 5599 2248 5633; x_wconf 88' lang='lat'><strong>:</strong></span> <span class='ocrx_word' id='word_1_1066' title='bbox 2279 5578 2472 5634; x_wconf 71' lang='lat' dir='ltr'><strong>Utbmc</strong></span> <span class='ocrx_word' id='word_1_1067' title='bbox 2499 5570 2854 5631; x_wconf 77' lang='lat' dir='ltr'><strong>emendentur</strong></span> <span class='ocrx_word' id='word_1_1068' title='bbox 2881 5570 3152 5642; x_wconf 76' lang='lat' dir='ltr'><strong>rogamus,</strong></span> <span class='ocrx_word' id='word_1_1069' title='bbox 3177 5570 3379 5626; x_wconf 90' lang='lat' dir='ltr'><strong>dictum</strong></span> <span class='ocrx_word' id='word_1_1070' title='bbox 3403 5576 3485 5625; x_wconf 90' lang='lat' dir='ltr'><strong>est</strong></span> <span class='ocrx_word' id='word_1_1071' title='bbox 3504 5570 3702 5642; x_wconf 69' lang='lat' dir='ltr'><strong>sexies.</strong></span> 
     </span>
    </p>
   </div>
   <div class='ocr_carea' id='block_1_154' title="bbox 2134 5634 3710 5713">
    <p class='ocr_par' dir='ltr' id='par_1_154' title="bbox 2134 5634 3710 5713">
     <span class='ocr_line' id='line_1_154' title="bbox 2134 5634 3710 5713; baseline -0.011 -8"><span class='ocrx_word' id='word_1_1072' title='bbox 2134 5634 2204 5704; x_wconf 89' lang='lat' dir='ltr'><strong>Ut</strong></span> <span class='ocrx_word' id='word_1_1073' title='bbox 2231 5651 2346 5704; x_wconf 88' lang='lat' dir='ltr'><strong>ha:c</strong></span> <span class='ocrx_word' id='word_1_1074' title='bbox 2378 5655 2688 5703; x_wconf 89' lang='lat' dir='ltr'><strong>resecentur</strong></span> <span class='ocrx_word' id='word_1_1075' title='bbox 2713 5634 3002 5713; x_wconf 68' lang='lat' dir='ltr'><strong>rogamus,</strong></span> <span class='ocrx_word' id='word_1_1076' title='bbox 3035 5634 3242 5713; x_wconf 84' lang='lat' dir='ltr'><strong>dictum</strong></span> <span class='ocrx_word' id='word_1_1077' title='bbox 3271 5651 3354 5713; x_wconf 83' lang='lat' dir='ltr'><strong>est</strong></span> <span class='ocrx_word' id='word_1_1078' title='bbox 3387 5639 3606 5713; x_wconf 72' lang='lat' dir='ltr'><strong>septies.</strong></span> <span class='ocrx_word' id='word_1_1079' title='bbox 3641 5634 3710 5690; x_wconf 91' lang='lat' dir='ltr'><strong>Ut</strong></span> 
     </span>
    </p>
   </div>
   <div class='ocr_carea' id='block_1_155' title="bbox 2131 5707 3707 5789">
    <p class='ocr_par' dir='ltr' id='par_1_155' title="bbox 2131 5707 3707 5789">
     <span class='ocr_line' id='line_1_155' title="bbox 2131 5707 3707 5789; baseline -0.01 -16"><span class='ocrx_word' id='word_1_1080' title='bbox 2131 5721 2412 5789; x_wconf 76' lang='lat' dir='ltr'><strong>disciplina</strong></span> <span class='ocrx_word' id='word_1_1081' title='bbox 2446 5726 2687 5772; x_wconf 89' lang='lat' dir='ltr'><strong>servetur</strong></span> <span class='ocrx_word' id='word_1_1082' title='bbox 2716 5707 3218 5789; x_wconf 54' lang='lat' dir='ltr'><strong>rogamus,:_dictum</strong></span> <span class='ocrx_word' id='word_1_1083' title='bbox 3247 5707 3542 5789; x_wconf 44' lang='lat' dir='ltr'><strong>octies—Ut</strong></span> <span class='ocrx_word' id='word_1_1084' title='bbox 3571 5714 3707 5789; x_wconf 68' lang='lat' dir='ltr'><strong>antt-</strong></span> 
     </span>
    </p>
   </div>
   <div class='ocr_carea' id='block_1_156' title="bbox 2132 5777 3712 5857">
    <p class='ocr_par' dir='ltr' id='par_1_156' title="bbox 2132 5777 3712 5857">
     <span class='ocr_line' id='line_1_156' title="bbox 2132 5777 3712 5857; baseline -0.009 -15"><span class='ocrx_word' id='word_1_1085' title='bbox 2132 5777 2309 5857; x_wconf 61' lang='lat' dir='ltr'><strong>quita&#39;s</strong></span> <span class='ocrx_word' id='word_1_1086' title='bbox 2355 5799 2596 5844; x_wconf 87' lang='lat' dir='ltr'><strong>servetur</strong></span> <span class='ocrx_word' id='word_1_1087' title='bbox 2635 5777 2883 5853; x_wconf 74' lang='lat' dir='ltr'><strong>rogamus</strong></span> <span class='ocrx_word' id='word_1_1088' title='bbox 2907 5825 2920 5847; x_wconf 94' lang='lat'><strong>,</strong></span> <span class='ocrx_word' id='word_1_1089' title='bbox 2968 5783 3169 5857; x_wconf 83' lang='lat' dir='ltr'><strong>dictum</strong></span> <span class='ocrx_word' id='word_1_1090' title='bbox 3206 5783 3423 5851; x_wconf 86' lang='lat' dir='ltr'><strong>septies.</strong></span> <span class='ocrx_word' id='word_1_1091' title='bbox 3462 5777 3529 5857; x_wconf 87' lang='lat' dir='ltr'><strong>Ut</strong></span> <span class='ocrx_word' id='word_1_1092' title='bbox 3559 5777 3712 5856; x_wconf 77' lang='lat' dir='ltr'><strong>disci-</strong></span> 
     </span>
    </p>
   </div>
   <div class='ocr_carea' id='block_1_157' title="bbox 2136 5853 3718 5926">
    <p class='ocr_par' dir='ltr' id='par_1_157' title="bbox 2136 5853 3718 5926">
     <span class='ocr_line' id='line_1_157' title="bbox 2136 5853 3718 5926; baseline -0.009 -14"><span class='ocrx_word' id='word_1_1093' title='bbox 2136 5853 2288 5926; x_wconf 81' lang='lat' dir='ltr'><strong>plina</strong></span> <span class='ocrx_word' id='word_1_1094' title='bbox 2321 5861 2437 5926; x_wconf 67' lang='grc' dir='ltr'><strong>(δίε)</strong></span> <span class='ocrx_word' id='word_1_1095' title='bbox 2488 5867 2729 5914; x_wconf 80' lang='lat' dir='ltr'><strong>servetur</strong></span> <span class='ocrx_word' id='word_1_1096' title='bbox 2751 5870 3024 5924; x_wconf 83' lang='lat' dir='ltr'><strong>rogamus,</strong></span> <span class='ocrx_word' id='word_1_1097' title='bbox 3057 5853 3262 5908; x_wconf 84' lang='lat' dir='ltr'><strong>dictum</strong></span> <span class='ocrx_word' id='word_1_1098' title='bbox 3291 5859 3372 5908; x_wconf 90' lang='lat' dir='ltr'><strong>est</strong></span> <span class='ocrx_word' id='word_1_1099' title='bbox 3408 5853 3718 5926; x_wconf 79' lang='lat' dir='ltr'><strong>quinquies.</strong></span> 
     </span>
    </p>
   </div>
  </div>
