4104 6460
439 338 545 395 519

1293 339 1636 397 APPENDlX
1672 339 1762 392 AD
1799 334 2320 395 COLLECTIONEM
2361 334 2847 392 DIONYSIAN'AM.

3602 329 3706 384 5'20

441 452 514 507 Ut
552 463 787 509 canones
822 454 1193 509 custodiantur
1240 467 1526 522 rogamus,
1566 452 1767 511 dictum
1808 461 1890 506 est
1926 467 2015 507 sc-
2046 454 2097 515 Α
2122 459 2182 505 ιιι
2218 449 2351 522 nihil
2399 448 2656 522 deinceps
2701 455 2890 502 contra
2937 454 3203 516 prmcepta
3251 445 3414 522 beati_
3442 443 3708 517 Apostoli,

435 525 596 594 plies.
656 522 726 578 Ut
770 525 823 578 in
869 523 1345 594 praesumptoribus
1384 522 1692 594 vindicetur
1738 536 2011 594 rogamus,

437 593 642 648 dictum
690 602 774 649 est
833 592 1052 663 septies.
1102 592 1384 663 Ordinatio
1449 592 1748 663 apostolica
1812 592 2016 663 iiiibata

433 672 694 727 servetur,
723 660 921 719 dictum
950 670 1033 718 est
1066 663 1255 717 octies.
1308 661 1537 726 Exaudi,
1570 660 1798 723 Christe,
1832 660 2018 716 Hilaro

435 733 561 794 vita,
593 733 790 787 dictum
820 741 900 787 est
926 733 1234 801 quinquies.
1278 732 1481 801 Dignus
1507 746 1669 802 papa,
1701 731 1891 800 dignus
1914 731 2015 785 do-

433 810 571 863 ctor,
603 802 803 856 dictum
832 810 914 857 est
942 803 1129 858 octies.

509 871 720 942 Hilarus
770 873 1055 942 episcopus
1100 873 1282 942 dixit:
1325 871 1579 942 Acceptis
1627 885 1745 940 qua:
1792 869 2021 942 recitata

434 949 561 995 sunt
586 941 654 995 de
680 940 1138 1007 omn’ibus,_nune,
1164 941 1375 1007 fratres,
1407 941 1673 1007 speciales
1699 940 2014 1004 sententias,

433 1008 544 1081 Deo
564 1010 721 1081 nobis
742 1012 1055 1081 inspirante,
1086 1012 1407 1081 depromite.
1438 1008 1705 1081 Maximus
1732 1010 2017 1081 episcopus

434 1078 687 1135 Ecclesia:
727 1078 1049 1136 Tanritana:
1074 1078 1210 1136 dixit
1240 1100 1254 1135 :
1285 1081 1345 1136 ln
1372 1079 1741 1136 custodiendis
1769 1078 2018 1134 omnibus

433 1166 551 1233 quae
573 1149 638 1204 ad
667 1166 848 1231 sacras
871 1150 1234 1233 ordinationes
1258 1152 1533 1233 pertinent
1556 1149 1868 1233 disciplinis,
1900 1163 2017 1203 me-

434 1218 535 1273 lius
563 1221 843 1275 sententia:
872 1236 1006 1275 mea:
1049 1218 1384 1291 professione
1422 1219 1684 1275 denuntio
1703 1219 1843 1291 nihil
1862 1234 1903 1291 ιιι
1932 1234 2018 1273 me

433 1303 669 1358 unquam
699 1305 884 1344 eorum
916 1305 1035 1358 qua:
1053 1289 1332 1358 prohibita
1377 1298 1503 1345 sunt
1545 1305 1664 1345 esse
1694 1289 2012 1358 faciendum.

436 1356 511 1411 De
540 1358 759 1429 reliquis
799 1356 995 1415 censeo
1037 1356 1095 1414 ut
1129 1360 1370 1429 quisquis
1409 1360 1535 1414 talia
1564 1359 1772 1423 fecerit,
1803 1365 1898 1411 aut
1924 1356 2020 1411 de-

434 1434 576 1481 tecta
601 1429 654 1482 in
676 1428 931 1483 Ecclesiis
957 1444 1205 1485 resecare
1228 1428 1479 1493 noluerit,
1504 1429 1720 1484 noverit
1745 1444 1803 1482 se
1830 1440 2020 1496 graves
2064 1476 2068 1480 .

432 1512 641 1568 causas.»
674 1498 726 1550 in
765 1499 1077 1568 apostolica:
1124 1500 1266 1553 sedis
1294 1498 1502 1567 judicio
1550 1498 1882 1568 redditurum
1917 1515 1929 1550 :
1965 1499 2019 1551 in

435 1582 544 1634 quo
592 1566 666 1620 illi
716 1566 936 1623 necesse
980 1569 1084 1623 erit
1128 1566 1309 1623 subire
1355 1571 1700 1624 sententiam.
1752 1567 2020 1637 lngenuus

433 1637 719 1709 cpisc0pus
758 1636 1158 1693 Ebrodunensis
1193 1638 1328 1709 dixit
1358 1657 1370 1691 :
1404 1637 1533 1693 Mihi
1573 1652 1790 1709 quoque
1824 1636 2018 1692 eadem

434 1705 782 1779 deiomnibus
805 1710 1047 1779 partibus
1073 1708 1339 1763 sententia
1367 1715 1467 1779 est,
1498 1705 1608 1779 qua’
1637 1705 1723 1762 me
1748 1708 1861 1779 ipse
1887 1722 2019 1761 eon-

433 1776 657 1846 stringo,
684 1793 751 1833 ne
776 1776 903 1845 quid
932 1793 962 1832 a
988 1793 1076 1832 me
1098 1791 1331 1846 unquam
1361 1777 1429 1832 de
1455 1776 1539 1832 his
1561 1792 1681 1846 qua:
1702 1776 1828 1832 sunt
1844 1777 2018 1846 inter-

434 1844 591 1900 dicta
626 1844 896 1917 tentetur,
936 1849 1064 1915 quia
1111 1844 1236 1902 novi
1283 1855 1482 1902 statum
1528 1844 1589 1901 et
1625 1845 2020 1917 professionem

436 1930 633 1969 meam.
673 1915 750 1971 De
779 1918 987 1971 cmteris
1014 1919 1180 1971 etiam
1211 1932 1407 1972 censeo
1441 1934 1453 1970 :
1488 1924 1547 1971 ut
1573 1915 1815 1986 quisquis
1852 1925 2022 1972 statu-

437 1992 612 2037 torum
655 1993 1021 2053 transgressor
1048 1987 1346 2052 exstiterit,
1377 1987 1514 2043 sciat
1553 2002 1613 2042 se
1642 1986 2023 2042 ecclesiastica:

435 2053 636 2127 regula:
661 2054 868 2127 laqueis
894 2056 1142 2127 innodari
1163 2097 1178 2119 ,
1215 2063 1272 2111 et
1306 2065 1516 2111 reatum
1545 2057 1854 2127 apostolicae
1879 2056 2022 2127 sedis

434 2122 745 2197 incurrere.
777 2125 993 2197 Paulus!
1021 2127 1306 2197 episcopus
1350 2122 1651 2197 Aancviva:
1695 2126 1829 2181 dixit
1863 2144 1875 2180 :
1910 2124 2021 2197 Ego

406 2202 653 2261 'quoque
680 2194 840 2250 simili
867 2210 954 2265 me
981 2194 1099 2263 lege
1128 2194 1459 2265 constringe,
1489 2204 1545 2252 et
1572 2196 1639 2250 de
1668 2196 1896 2262 ueteris,
1930 2195 2021 2263 qui

434 2269 862 2333 transgressores
888 2264 1100 2331 fuerint,
1130 2267 1328 2333 pariter
1347 2264 1562 2331 censeo,
1596 2281 1663 2320 ne
1684 2266 1762 2320 eis
1784 2266 1899 2319 sine
1924 2280 2019 2333 pe—

433 2332 606 2386 riculo
635 2334 728 2397 sui
783 2334 1038 2403 uidquam
1069 2332 1176 2389 tale
1204 2343 1412 2391 tentare
1441 2336 1619 2398 liceat,
1651 2335 1796 2403 quod
1826 2332 2018 2389 merito

433 2402 628 2455 debeat
650 2350 932 2459 vingicari.
955 2405 1165 2459 Primus
1184 2406 1464 2459 enisconus
1487 2404 1736 2459 Ecclesia:
1762 2405 2018 2458 Atellana:

433 2402 628 2481 debeat
649 2402 932 2481 vindicari.
955 2405 1165 2459 Primus
1184 2406 1464 2481 episcopus
1487 2402 1736 2481 Ecclesia:
1762 2405 2020 2481 Atellana:

434 2470 571 2544 dixit
602 2491 615 2526 :
649 2471 765 2528 Hoc
794 2483 849 2529 et
877 2489 979 2544 ego
1009 2490 1206 2530 censeo
1221 2470 1807 2530 'csse'obscrvandum.
1844 2472 2019 2528 Palla-

434 2539 555 2596 dius
599 2543 885 2612 episcopus
915 2539 1180 2599 Ecclesia:
1228 2544 1494 2613 Salapina:
1540 2544 1711 2599 dixit:
1745 2544 1883 2598 Nihil
1932 2558 2020 2597 me

433 2618 620 2665 contra
648 2613 982 2682 disciplinam
1010 2615 1449 2679 ecclesiasticam,
1471 2613 1555 2667 vel
1578 2622 1776 2669 statuta
1805 2622 2020 2668 sancto-

433 2695 550 2733 rum
580 2696 845 2754 canonum
878 2684 1139 2754 [acturum
1166 2700 1287 2740 esse
1314 2685 1595 2754 polliccpr.
1617 2682 1871 2754 Tiberius
1899 2683 2017 2752 epi-

430 2764 627 2820 scopus
655 2751 909 2808 Ecclesia:
931 2752 1248 2808 Sabinensis
1286 2750 1419 2808 dixit
1452 2772 1464 2806 :
1499 2750 1763 2807 Profiteor
1792 2768 1877 2807 me
1906 2750 2018 2807 sia-

435 2826 551 2891 t_uta
576 2821 719 2877 sedis
756 2823 1068 2891 apostolica:
1106 2823 1160 2877 in
1200 2823 1446 2879 omnibus
1475 2822 1778 2888 custodire,
1809 2830 1865 2876 et
1892 2823 1936 2876 si
1967 2823 2018 2876 in

432 2886 670 2944 Ecclesia
705 2886 822 2945 mea
872 2893 1191 2947 clericorum
1240 2892 1474 2960 aliquem
1519 2901 1710 2947 contra
1749 2886 2018 2962 prtecepta

429 2967 741 3032 sanctorum
806 2977 1076 3019 canonum
1128 2962 1536 3032 deprehendero
1591 2969 1686 3017 au‘t
1737 2962 2018 3032 mulierem

430 3027 684 3095 duxisse,
726 3040 816 3085 aut
862 3032 996 3086 duas
1023 3027 1220 3087 habere
1249 3049 1444 3087 uxores
1470 3073 1485 3097 ,
1534 3031 1600 3086 ab
1650 3031 2017 3087 ecclesiastico

429 3097 607 3172 efficio
636 3103 893 3172 separari.
947 3101 1029 3157 Ah
1057 3102 1319 3157 universis
1347 3102 1616 3172 episcopis
1655 3101 1854 3157 dictum
1884 3109 1969 3172 est
2001 3120 2013 3155 :

2122 521 2253 575 nihil
2299 527 2490 575 contra
2538 518 2878 573 Niemnorum
2924 531 3193 572 canonum
3241 516 3534 570 constituta
3585 525 3706 572 ten-

2121 599 2281 645 tetur.

2189 659 2230 713 Ι.
2282 657 2397 714 Hoc
2445 666 2624 714 autem
2675 658 2905 728 primum
2947 653 3453 728 juxtaﬁeorumdem
3489 654 3705 728 Patrum

2118 729 2332 799 regulas
2356 728 2600 783 volumus
2628 727 2915 799 custodiri,
2947 738 3008 781 ut
3035 727 3212 799 nullus
3239 733 3435 799 praeter
3463 727 3706 799 notitiam

2118 795 2284 868 atque
2311 813 2634 853 consensum
2659 797 2842 852 fratris
2873 796 3126 868 Ascanii
3151 795 3575 868 metropolitani,
3607 795 3707 868 ali-

2119 865 2386 937 quatenus
2408 876 2753 923 consecretur
2772 867 3013 937 antistes,
3040 866 3165 937 quia
3191 866 3295 920 hoe
3315 874 3546 919 etvetus
3574 865 3707 921 ordo

2121 936 2311 1005 tenuit,
2345 938 2841 1005 hoctreeentorum
2889 936 3075 991 decem
3123 944 3179 989 et
3208 942 3351 1005 octo
3399 943 3710 990 sanctorum

2120 1004 2340 1062 Patrum
2371 1004 2610 1061 deﬁnivit
2638 1006 2928 1062 auctoritas
2952 1047 2968 1073 ,
3008 1005 3095 1060 cui
3128 1004 3373 1073 quisquis
3411 1005 3598 1059 obvias
3628 1015 3709 1061 te-

2123 1076 2356 1132 tenderit
2376 1092 2584 1137 manus,
2612 1092 2798 1132 eorum
2820 1091 2879 1131 se
2898 1076 3171 1131 consortio
3195 1073 3394 1130 fatetur
3412 1074 3705 1144 indignum,

2120 1161 2352 1216 quorum
2374 1147 2821 1216 pmeeptionibus
2850 1146 3144 1200 resultarit.

2193 1216 2260 1273 11.
2314 1212 2619 1284 Ιηῖιιιοιιὶιιι
2642 1216 3019 1272 contumeliam
3039 1231 3068 1268 a
3090 1214 3321 1284 superbo
3343 1213 3534 1285 spiritu
3547 1212 3707 1273 etiam

2162 1304 2247 1342 ars
2296 1286 2387 1340 illa
2435 1286 2816 1350 contemnitur,
2850 1300 2955 1355 qua
3002 1292 3223 1339 cavetur
3272 1300 3341 1340 ne
3374 1285 3495 1355 quis
3522 1285 3705 1342 relicta

2121 1302 2364 1410 Ecclesia
2403 1370 2497 1410 sua
2547 1356 2613 1410 ad
2662 1356 2885 1410 alteram
2936 1355 3167 1410 transire
3210 1362 3515 1410 nraesumat.
3556 1352 3705 1410 Ouod

2171 1357 2364 1413 eelesia
2403 1370 2499 1419 sua
2547 1356 2613 1410 ad
2662 1352 2885 1410 alteram
2936 1355 3167 1410 transire
3210 1352 3515 1419 praesumat.
3556 1352 3707 1419 Quod

2123 1427 2283 1481 nimis
2311 1425 2554 1496 improbe
2581 1425 3009 1496 conniventibus,
3028 1434 3090 1496 iet
3118 1434 3176 1479 ut
3201 1425 3448 1479 deleatur
3471 1426 3705 1496 gravius,

2122 1497 2274 1552 vobis
2296 1492 2675 1561 asserentibus,
2699 1494 2928 1549 lrenmus
2956 1493 3237 1565 episcopus
3262 1503 3489 1565 conatur
3514 1492 3703 1548 admit-

2124 1574 2241 1621 tere
2274 1585 2285 1619 :
2317 1566 2411 1636 qui
2434 1573 2620 1636 nostra
2668 1563 3004 1636 auctoritate
3037 1564 3285 1636 roborari
3327 1563 3538 1636 cupitis,
3569 1579 3704 1636 quos

2122 1634 2359 1690 maxime
2384 1635 2453 1704 de
2481 1635 2642 1690 rebus
2671 1634 2868 1689 illicitis
2897 1647 3088 1702 magna
3121 1634 3486 1704 indignatione
3511 1634 3704 1704 proba-

2125 1707 2195 1760 tis
2224 1703 2465 1761 accendi.
2510 1704 2686 1759 Leetis
2724 1719 2853 1771 ergo
2885 1705 2937 1758 in
2987 1701 3255 1759 conventa
3277 1701 3498 1757 fratrum
3513 1701 3539 1766 ’,
3570 1720 3705 1773 quos

2124 1774 2319 1830 natalis
2341 1775 2445 1829 mei
2468 1772 2728 1829 festivitas
2752 1782 3121 1843 congregarat,
3147 1773 3338 1829 litteris
3356 1773 3565 1838 vestris,
3589 1772 3706 1843 quas

2125 1845 2192 1901 de
2222 1844 2534 1900 ordinandis
2563 1844 2829 1914 episcopis
2865 1844 3155 1914 secundum
3185 1850 3385 1898 statuta
3416 1858 3702 1909 canonum,

2125 1915 2210 1970 vel
2240 1915 2695 1986 prndecessorum
2734 1913 2978 1969 meorum
3012 1913 3240 1986 decreta
3288 1920 3451 1986 sunt,
3499 1914 3704 1983 prolata

2122 1982 2391 2109 Sententia
2422 1993 2693 2054 gestorum
2717 2026 2732 2052 ,
2767 2000 2885 2055 qua:
2912 1982 3117 2055 pariter
3142 1983 3434 2038 direximus
3456 2023 3473 2049 ,
3502 1982 3706 2040 tenore

2160 2063 2358 2109 iseetis.

2160 2055 2358 2109 iseetis.

2193 2124 2282 2177 111.
2318 2123 2468 2179 Unde
2496 2132 2705 2178 remoto
2734 2123 2801 2178 ab
2844 2122 3079 2178 Ecclesia
3109 2123 3511 2187 Bareinonensi,
3544 2132 3704 2190 atque

2123 2193 2189 2248 ad
2218 2210 2313 2248 sua
2342 2195 2566 2249 remisso
2602 2193 2803 2248 lremeo
2847 2194 3101 2262 episeopo
3133 2209 3147 2247 :
3179 2194 3377 2249 sedatis
3404 2209 3500 2262 per
3526 2207 3703 2247 sacer-

2122 2264 2359 2318 dotalem
2389 2264 2704 2334 modestiam
2733 2263 3135 2334 voluptatibus,
3165 2278 3295 2334 quae
3334 2280 3429 2334 per
3456 2263 3704 2334 ignoran-

2125 2334 2252 2387 tiam
2302 2333 2786 2389 eeclesiasticarmn
2836 2333 3013 2400 legum
3062 2332 3392 2399 desiderant,
3420 2332 3699 2402 quodnon

2121 2402 2249 2458 licet
2276 2403 2523 2473 oblinere
2556 2421 2568 2456 :
2605 2403 2725 2473 talis
2773 2404 3014 2473 protinus
3052 2403 3119 2456 de
3156 2403 3302 2459 clero
3330 2400 3547 2473 proprio
3577 2400 3698 2457 Bar~

2121 2472 2506 2527 cinonensihus
2531 2472 2815 2542 episcopus
2843 2472 3140 2536 ordinetur,
3185 2472 3399 2542 qualem
3428 2481 3484 2528 te
3514 2474 3702 2541 praeci-

2120 2558 2246 2612 pue,
2280 2543 2446 2612 frater
2475 2543 2665 2596 Ascani
2688 2583 2702 2606 ,
2733 2549 2982 2612 oporteat
3008 2543 3204 2612 eligere
3227 2584 3242 2609 ,
3276 2551 3332 2597 et
3357 2544 3543 2597 deceat
3570 2557 3699 2597 con-

2120 2610 2354 2668 SCcrare.
2382 2611 2462 2667 Ne
2489 2613 2534 2667 si
2560 2610 2804 2666 similiter
2829 2610 2970 2666 forte
3000 2611 3197 2667 factum
3228 2614 3422 2678 fuerat,
3454 2628 3559 2666 non
3588 2614 3701 2668 sine

2122 2682 2494 2751 objurgatione
2541 2682 2617 2737 tui
2664 2683 2900 2737 maxime
2945 2683 3174 2738 nominis
3220 2684 3472 2738 retundat
3518 2691 3700 2737 nostra

2120 2754 2411 2822 praeceptio
2436 2792 2452 2817 ,
2490 2752 2631 2821 quod
2670 2752 2738 2806 in:
2762 2752 3008 2821 injuriam
3047 2753 3173 2818 Dei,
3204 2769 3234 2807 a
3263 2769 3369 2822 quo
3395 2752 3702 2822 specialiter

2120 2822 2539 2877 sacerdotalium
2567 2830 2651 2885 est
2677 2824 2847 2892 gratia
2876 2822 3215 2891 dignitatum,
3242 2822 3582 2878 didicerimus
3603 2823 3699 2876 ad-

2119 2892 2364 2958 missum,
2396 2907 2495 2963 nec
2523 2891 2845 2963 episcopalis
2870 2892 3044 2963 honor
3072 2892 3463 2963 hcereditarium
3487 2894 3581 2963 jus
3597 2907 3699 2960 pu-

2121 2969 2290 3083 tetui',
2310 2962 2464 3083 lquod
2492 2961 2646 3018 nobis
2678 2961 2793 3018 sola
2824 2961 2919 3018 Dei
2952 2963 3122 3018 nostri
3148 2962 3346 3018 Christi
3373 2961 3700 3032 benignitate

2121 3047 2222 3083 0011
2248 3047 2305 3083 ΘΓ
2333 3048 2410 3083 111⁸.
3640 3048 3646 3056 ”

2120 3040 2324 3086 ΟΟΠΙΕΓῙ
2333 3048 2410 3085 111⁸.
3640 3048 3646 3056 '

2193 3101 2280 3174 iV.
2321 3099 2606 3157 Ordinatos
2634 3117 2763 3174 ergo
2789 3119 2931 3159 nunc
2959 3104 3272 3174 episcopos,
3301 3103 3395 3171 qui
3423 3088 3546 3157 licet
3574 3102 3698 3157 dum

431 3163 995 3251 Sententias‘fratrum
1033 3188 1219 3251 omnes
1265 3163 2017 3251 sequimur,nomnesheonﬁr-
2045 3190 2089 3251 ρ
2122 3178 2175 3225 te
2204 3171 2483 3251 ignorante
2512 3163 2750 3251 provecti
2780 3163 3227 3251 sunt,_cumnsuis
3254 3163 3560 3251 auctoribus
3588 3188 3694 3251 me-

432 3251 637 3294 mamus
661 3281 676 3306 ,
714 3247 767 3293 et
809 3242 1169 3297 observandas
1214 3240 1739 3297 esse—decernimus.
1788 3240 2030 3305 Exaudi,

429 3308 662 3380 nitriste,
694 3309 876 3366 Hilaro
904 3311 1032 3377 vita,
1091 3312 1290 3366 dictum
1330 3320 1413 3366 est
1449 3313 1669 3380 septies.
1721 3310 1849 3378 Qua:
1880 3313 2018 3365 male

428 3376 660 3450 amnissa
691 3389 816 3434 sunt
860 3396 958 3450 per
1007 3390 1059 3436 te
1088 3382 1443 3449 corrigantur,
1486 3376 1683 3437 dictum
1713 3376 1796 3436 est
1824 3381 2013 3436 octies.

427 3446 581 3504 Quod
613 3464 719 3502 non
747 3446 890 3514 licet,
926 3466 1030 3506 non
1064 3450 1170 3512 fiat,
1201 3446 1398 3506 dictum
1428 3461 1510 3506 est
1537 3453 1729 3507 octies.

499 3515 713 3600 lliiarus
751 3521 1036 3600 episcenos
1076 3518 1327 3600 Ecclesize
1373 3523 1519 3600 urbis
1565 3521 1758 3600 ligurire
1806 3519 2014 3600 synodo

425 3587 717 3650 prmsidens
743 3587 875 3645 dixit
907 3587 1212 3657 {Quoniam
1243 3592 1519 3660 praesentis
1545 3587 1873 3645 deﬁnitionis
1904 3590 2016 3644 for-

424 3670 740 3735 inamtquae
770 3662 1069 3735 secundnunr
1092 3665 1397 3735 sanctorum
1436 3670 1522 3735 est
1566 3670 1763 3717 statuta
1792 3668 2011 3735 sentem

431 3729 578 3806 tiam,
611 3729 661 3780 in
689 3730 925 3784 omnium
951 3729 1305 3806 Ecclesiarum
1337 3731 2014 3806 notitiampervcnirede-

422 3800 693 3871 cernimus
727 3819 755 3871 :_
779 3815 844 3853 ne
891 3801 1149 3871 cuiquam
1189 3817 1288 3870 pro
1335 3803 1415 3855 sui
1459 3800 1627 3871 possit
1676 3800 2015 3871 ignoratione

428 3864 588 3939 licere
616 3867 761 3939 quod
784 3885 891 3922 non
923 3864 1066 3937 licet,
1089 3864 1250 3925 edere
1276 3881 1422 3939 gesta
1451 3864 1784 3926 netariornm
1814 3870 2015 3924 sollici-

424 3949 438 3989 I
454 3934 556 3987 udo
584 3934 810 3993 enrabit.
926 3943 934 3949 ’

499 4003 710 4061 Hilarus
739 4008 1021 4078 episcopus
1064 4009 1321 4076 Ascanio,
1354 4018 1409 4067 ct
1448 4010 1710 4066 universis
1747 4009 2014 4079 eniscopis

421 4074 845 4147 Tarraconensis
873 4074 1179 4147 provinciae.

501 4141 792 4221 Postquam
838 4141 1048 4221 litteras
1092 4159 1289 4221 vestra:
1328 4149 1641 4221 dilectionis
1687 4149 2008 4221 accepimus,

427 4213 1092 4291 intibus.pl_:nsutnptiones
1120 4219 1339 4291 Sylvani
1385 4219 1623 4290 episcopi
1677 4213 2010 4291 (Στιῌιέιιιῗοηέ

420 4284 1091 4364 sium_Ecclesiaeretnnli
1113 4284 1322 4364 petistis
1348 4330 1363 4355 ,
1403 4284 1457 4345 et
1494 4284 1714 4364 runsunr
1756 4284 2013 4364 nmmo—

432 4359 673 4408 nensium
701 4359 938 4423 quzcritis
967 4359 1126 4414 nimis
1152 4361 1335 4414 illicita
1367 4370 1492 4415 vota
1519 4360 1736 4425 firmari,
1767 4360 2019 4414 honora-'

432 4428 606 4500 torum
647 4433 701 4501 et
725 4440 1094 4501 possessorum
1138 4429 1637 4501 Tyriassoucnsium
1663 4431 2012 4501 ,WAAscaulen-

429 4491 565 4568 siuna
588 4533 604 4557 ,
647 4491 1139 4568 Ualagnritanorum
1165 4491 1203 4565 ,⁷
1221 4500 1602 4568 Varegensium
1627 4542 1641 4565 ,
1668 4491 2005 4564 'Tritinsium,

2120 3242 2327 3311 ruerint
2355 3241 2656 3296 submoveri
2676 3283 2689 3308 ,
2720 3243 2820 3298 hac
2850 3247 3056 3299 ratione
3086 3244 3355 3298 ﬁrmamus
3374 3284 3390 3311 ,
3420 3243 3466 3298 si
3495 3259 3594 3299 nec
3620 3245 3697 3298 vi-

2121 3310 2501 3382 tlu;einaritus
2536 3312 2696 3366 fuerit
2734 3313 3016 3382 quisquam
3041 3354 3054 3377 ,
3100 3323 3157 3368 et
3193 3313 3246 3368 in
3292 3314 3446 3368 unius
3483 3314 3697 3380 virginis

2119 3381 2317 3449 nuptiis
2341 3420 2355 3446 ,
2387 3388 2624 3452 acvota,
2647 3381 2959 3438 convenerit
2984 3425 3000 3452 ,
3030 3385 3168 3439 sicut
3196 3393 3251 3437 et
3279 3383 3470 3452 legalia
3500 3385 3699 3439 consti-
3768 3444 3771 3447 η

2119 3458 2231 3522 tuta
2261 3450 2573 3522 pimeipiunt
2599 3451 2826 3522 dicendo
2852 3471 2863 3506 :
2896 3450 3160 3508 Sacerdos
3186 3450 3445 3522 virginem
3474 3469 3700 3509 uxorem

2117 3520 2378 3593 accipiat,
2412 3536 2521 3593 non
2558 3521 2800 3593 viduam,
2840 3539 2947 3577 non
2978 3520 3313 3593 repudiatam
3359 3521 3545 3592 (Lerit.
3576 3539 3698 3591 xxx;

2119 3587 2308 3663 _Eze_ch.
2335 3590 2501 3663 x_L_lv)_,
2529 3587 2821 3663 secundum
2851 3593 2994 3663 quod
3021 3587 3182 3656 etiam
3208 3587 3397 3663 beatus
3424 3587 3700 3663 apostolus

2117 3657 2332 3732 Paulus;
2364 3657 2614 3730 Magister
2638 3657 2897 3730 gentinnf,
2927 3664 2995 3718 de
3023 3663 3104 3718 his
3132 3663 3225 3732 qui
3252 3662 3368 3717 ﬁeri
3395 3657 3700 3718 desiderant

2118 3730 2460 3801 sacerdotes,
2510 3732 2726 3801 prepria
2770 3733 3109 3788 institutione
3150 3730 3261 3787 non
3306 3733 3472 3788 tacuit
3519 3733 3698 3789 dicens

2117 3797 2173 3869 (Ι
2201 3798 2331 3853 Tim.
2366 3800 2442 3867 ιιι)
2481 3797 2696 3871 {Unius
2724 3804 2907 3858 uxoris
2947 3803 3150 3865 virum,
3183 3801 3334 3871 cujus
3366 3812 3551 3858 tenore
3579 3812 3698 3858 Sen-

2116 3870 2311 3941 tentia:
2327 3871 2400 3923 ita
2427 3869 2702 3925 informati
2732 3887 2849 3926 esse
2876 3872 3104 3937 debetis,
3127 3880 3186 3927 ut
3205 3869 3345 3928 inter
3364 3882 3553 3927 caetera
3580 3888 3699 3941 qua:

2116 3939 2530 4013 cavendasunt,
2562 3940 2675 3995 hzec
2697 3941 2963 4013 studeatis
2991 3944 3258 4013 praecipue
3285 3942 3554 3999 custodire
3580 3939 3700 4013 quas

2115 4010 2441 4075 cognoscitis
2469 4018 2593 4064 ante
2620 4011 2865 4067 universa
2894 4010 3154 4066 mandari.

2185 4078 2251 4134 V.
2283 4078 2561 4153 ln_quibuis
2588 4081 2747 4136 etiam
2779 4081 3209 4153 prospiciendum
3234 4090 3333 4146 est,
3364 4097 3432 4137 ne
3459 4082 3564 4137 duo
3593 4083 3699 4138 sint

2114 4149 2168 4203 in
2195 4165 2302 4204 una
2331 4147 2574 4206 Ecclesia
2621 4147 2925 4207 sacerdotes
2949 4195 2963 4218 ,
3008 4167 3103 4206 nec
3136 4152 3432 4207 litterarum
3462 4153 3698 4220 ignarus,

2115 4227 2207 4274 aut
2236 4235 2425 4274 carens
2476 4220 2652 4342 aliqua
2699 4229 2852 4290 parte
2899 4223 3259 4277 membrorum
3286 4262 3300 4286 ,
3329 4222 3414 4276 vel
3444 4223 3601 4276 etiam
3631 4238 3697 4277 ex

2115 4290 2497 4342 ncenitentibus
2526 4306 2555 4342 a
2582 4291 2719 4342 inuis
2761 4291 2826 4342 ad
2859 4307 3067 4342 sacrum
3097 4292 3450 4342 ministerium
3480 4307 3696 4342 nrorsus

2114 4290 2505 4362 ptenitentibus
2526 4290 2719 4362 aliquis
2761 4291 2826 4346 ad
2859 4307 3067 4347 sacrum
3097 4292 3450 4362 ministerium
3480 4307 3696 4362 prorsus

2113 4360 2320 4432 sinatur
2349 4360 2623 4432 accedere.
2666 4360 2777 4416 Nec
2813 4369 3021 4432 tantum
3064 4363 3262 4430 putetis
3290 4360 3579 4432 petitiones
3605 4376 3697 4415 va-

2114 4429 2225 4483 lere
2254 4430 2596 4501 populorum,
2627 4439 2688 4484 ut
2715 4446 2836 4486 cum
2863 4431 2947 4485 his
2972 4429 3161 4501 parere
3191 4429 3386 4501 cupitis
3404 4472 3419 4497 ,
3451 4432 3695 4487 volunta-

2114 4506 2223 4582 tem
2253 4499 2463 4582 Domini
2492 4501 2663 4582 nostri
2692 4515 2812 4582 qua:
2854 4516 2952 4582 no_s
2973 4499 3211 4582 peccare
3235 4499 3503 4570 prohibet,
3534 4502 3696 4556 dese-

430 4557 852 4638 Leviensium'et
880 4557 1341 4623 Veroviscensium
1362 4557 1600 4624 "civitatis
1628 4557 1747 4624 eum
1777 4557 2012 4623 subscri-
2040 4570 2091 4628 D
2116 4569 2274 4630 ratis,
2308 4572 2462 4637 cujus
2491 4557 2784 4637 indignaiio
2822 4586 2889 4625 ex
2920 4557 3025 4625 ho'c
3067 4557 3279 4638 gravins
3308 4557 3695 4637 commovetur,

428 4632 697 4700 ptionibus
715 4633 1054 4706 diversorum
1090 4639 1291 4695 litteras
1320 4639 1474 4694 nobis
1494 4649 1707 4695 constat
1735 4640 1966 4706 ingestas
1994 4656 2006 4692 :

427 4715 524 4771 per
550 4716 682 4771 quas
710 4703 760 4758 id
791 4706 931 4774 quod
963 4706 1029 4762 de
1057 4707 1288 4778 Sylvano
1310 4711 1526 4778 querela
1559 4717 1733 4766 vestra
1761 4703 2011 4777 deprom-

428 4767 610 4839 psernt
633 4813 646 4834 ,
673 4767 1035 4854 excusabant_._
1081 4767 1184 4854 Sed
1217 4767 1564 4848 reprehensio
1583 4767 1883 4854 justissima
1912 4793 2008 4832 eo-

426 4855 542 4896 rum
572 4845 773 4916 pariter
794 4845 939 4914 justa
968 4845 1292 4916 allegatione
1319 4866 1424 4902 non
1454 4845 1692 4908 carebat.
1722 4850 1843 4916 quia
1875 4863 2011 4916 prte-

427 4918 512 4965 ter
539 4915 922 4989 conscientiam
951 4915 1374 4989 metropolitani,
1418 4919 1603 4989 fratris
1622 4927 1679 4989 et
1705 4915 2006 4989 coepiscupi

424 4983 593 5036 nostri
615 4984 848 5044 Ascanii.
883 4983 1154 5044 nonnullis
1181 4990 1486 5044 ciVitatibus
1515 4988 1790 5043 ordinatos
1806 4983 2009 5041 'claru'it

425 5027 956 5127 sacerdote_s._Unde
1006 5027 1282 5126 ιιῖιοιῖίςῖἐιῖ
1626 5056 1694 5112 ab
1750 5056 2007 5111 alterutra

424 5130 577 5240 parte
596 5135 677 5176 est
696 5124 1004 5193 indicatum,
1022 5124 1173 5182 omni
1200 5124 1477 5183 videamus
1504 5128 1856 5198 perversitate
1881 5142 2010 5181 con-

448 5205 621 5240 usum-
651 5200 949 5240 lt-Innnrnm
996 5198 1313 5240 npnpgcimm
1341 5206 1619 5240 narcnpnm
1676 5198 1778 5240 han
1803 5198 2010 5240 ratian

448 5205 634 5266 usum,
651 5200 951 5266 temporum
996 5198 1314 5253 necessitate
1341 5206 1642 5266 perspecta,
1676 5198 1778 5252 hac
1803 5198 2012 5251 ratione

424 5255 850 5318 decernimus'ad
877 5267 1091 5321 veniam
1132 5255 1403 5338 pertinere
1428 5305 1445 5332 ,
1467 5255 1640 5337 'quod'
1666 5276 1876 5337 gestum
1905 5274 2005 5330 est,

2115 4638 2238 4707 quia
2268 4638 2569 4711 benignitas
2595 4640 2710 4711 ejus
2734 4680 2750 4706 ,
2798 4640 2924 4694 dum
2966 4639 3098 4711 fiunt
3127 4641 3311 4696 illicita
3346 4656 3444 4711 per
3471 4656 3564 4696 eos
3604 4643 3696 4711 qui

2114 4716 2245 4779 sunt
2268 4709 2589 4779 interpretes
2617 4710 2961 4779 placationis,
2995 4709 3299 4764 offenditur.

2189 4776 2271 4851 Vl.
2319 4777 2385 4832 llt
2406 4776 2583 4833 autem
2610 4776 2786 4834 omnia
2802 4780 3091 4835 secundum
3106 4783 3220 4851 lucc
3247 4796 3364 4849 qua:
3385 4782 3693 4851 scripsimus

2114 4849 2467 4915 corrigantur,
2503 4857 2795 4918 prmsentes
2841 4851 3045 4904 litteras
3083 4850 3313 4918 Trajano
3362 4849 3693 4907 subd’iacono

2117 4925 2301 4992 nostro
2314 4921 2590 4992 _veniente
2638 4920 2947 4992 direximus.
2977 4920 3128 4992 Quod
3159 4921 3202 4974 si
3229 4920 3456 4992 lrenzens
3486 4923 3694 4991 episeo-

2112 4988 2295 5060 pusad
2314 4989 2606 5043 Ecclesiam
2626 5005 2800 5056 suam,
2824 4988 3070 5060 deposito
3091 4991 3447 5057 improbitatis
3469 4988 3692 5060 ambitu,

2113 5058 2291 5113 redire
2336 5059 2650 5127 neglexerit,
2704 5059 2843 5129 quod
2873 5058 2922 5115 ei
2954 5076 3059 5115 non
3082 5060 3303 5129 judicio,
3327 5062 3420 5116 sed
3444 5058 3692 5115 humanié

2116 5130 2613 5212 tate_pr.estahitur,
2643 5131 3028 5212 removendum
3055 5146 3114 5184 se
3138 5129 3216 5212 ‘ah
3237 5130 3532 5212 .episeoiiali
3548 5146 3693 5212 eon-

2112 5198 2278 5270 sortio
2314 5214 2432 5270 esse
2462 5207 2771 5270 cognoscat.
2822 5198 2953 5253 Data
2991 5215 3044 5255 ιιι
3075 5199 3178 5270 cal.
3227 5198 3498 5270 Januarii,
3546 5201 3693 5270 Basi-

2116 5266 2220 5322 lico
2248 5276 2302 5322 et
2326 5266 2690 5325 Herminerico
2719 5285 2807 5325 vv.
2837 5284 2914 5325 cc.
2949 5285 3127 5326 conss.
3161 5269 3293 5341 (An.
3324 5266 3517 5325 Christi
3540 5269 3691 5343 465.)

433 5381 3676 5423 Mm

933 5462 941 5467 ’
1457 5476 1463 5481 '
1519 5477 1878 5541 DECRETA
1927 5479 2029 5539 sn

2118 5478 2296 5541 LlCll
2341 5480 2586 5542 raras.
3520 5444 3529 5454 ’

428 5663 541 5789 mii
583 5663 885 5738 Simplicius
927 5671 1211 5742 episcopus
1252 5673 1442 5731 Joanni
1494 5677 1747 5748 episcopo
1791 5679 2002 5733 ltavcns

502 5778 698 5876 Siquis
728 5816 868 5864 esset
897 5808 1117 5866 intuitus
1144 5795 1523 5871 ecclesiastica:
1563 5814 1856 5884 disciplinae
1876 5858 1892 5882 ,
1924 5819 2002 5874 vel

2116 5682 2157 5733 si
2211 5679 2334 5747 quid
2376 5680 2513 5759 apud
2556 5691 2640 5759 _t_e_._
2667 5683 3014 5738 sacerdotalis
3061 5684 3335 5740 modestia:
3383 5696 3687 5759 teneretur,

2116 5752 2706 5826 uunquamplectibilcs
2744 5764 3180 5826 perpetrarentnr
3206 5771 3479 5823 CXCCSﬂlS,
3509 5775 3536 5811 a
3567 5752 3687 5826 qui;

2114 5820 2210 5875 bus
2240 5820 2285 5874 si
2315 5820 2459 5877 nullo
2490 5831 2543 5876 te
2567 5820 2910 5890 paternarnm
2941 5825 3243 5893 regularum
3271 5842 3320 5897 pi
3344 5820 3482 5884 tetas
3514 5820 3686 5887 conti-
