4104 6510
403 360 495 416 521

1406 361 1784 418 COLLECTIO
1823 362 1865 416 ll
1906 361 2368 433 DECRETORUM
2410 363 2512 419 PP.
2559 364 2675 418 RR.

3574 372 3684 430 522

403 492 532 552 nere
560 484 847 552 prmcepto,
877 476 1303 552 saltenrsanctze
1325 476 1600 552 memoria:
1628 476 1987 552 praedecesso-
2016 477 2061 536 Α
2091 476 2218 544 quid
2249 484 2370 552 post
2401 479 2877 552 transgressionem
2908 485 3120 532 maneat
3145 486 3540 552 contumacem,
3569 483 3685 552 ipse

402 549 475 602 ris
504 543 578 600 tui
607 543 786 600 fueras
813 545 1148 601 revocandus
1170 543 1441 616 exemplo,
1470 547 1560 614 qui
1591 543 1712 600 cum
1742 543 1987 599 faciendo

401 617 775 687 presbyterum
807 617 981 670 minus
1009 615 1573 687 deliquisset’invitum
1599 656 1616 687 ,
1642 621 1993 687 senseratta-

401 683 524 741 inen
551 683 772 754 dignum
799 701 898 756 pro
939 687 1032 741 tali
1071 683 1420 757 usurpatione
1443 685 1720 757 judicium.
1757 683 1857 739 Ubi
1888 685 1989 740 ista

402 757 635 828 didicisti
659 795 678 822 ,
723 772 844 828 qua:
891 757 964 828 in,
995 756 1216 812 fratrem
1244 765 1300 812 et
1335 756 1715 828 coepiscOpum
1743 761 1989 828 nostrum

401 824 760 895 Gregorium,
788 844 896 881 non
923 827 1189 882 electione
1214 870 1229 894 ,
1259 826 1354 882 sed
1382 824 1582 895 invidia
1626 825 1990 894 perpetrasti?

401 894 562 964 quem
594 898 945 952 inexcusabili
974 897 1230 951 violentia
1254 894 1491 966 pertrahi
1522 895 1589 950 ad
1618 901 1671 948 te
1699 910 1887 964 passus
1899 909 1988 966 es,

406 977 566 1036 atque
608 967 906 1032 vexari,.ut
932 968 982 1021 ei
1011 964 1274 1022 honor-eui
1321 973 1530 1020 tantum
1560 979 1666 1036 non
1699 980 1796 1036 per
1824 964 1990 1036 animi

409 1034 848 1106 tranquillitatem
873 1077 887 1100 ,
921 1038 1014 1091 sed
1039 1052 1137 1105 per
1164 1038 1452 1092 amentiam
1481 1075 1497 1102 ,
1538 1035 1677 1089 sicut
1705 1034 1990 1106 dicendum

405 1115 510 1174 est,
539 1102 827 1174 irrogares.
877 1102 1060 1175 Neque
1099 1108 1240 1161 enim
1273 1108 1399 1160 talia
1427 1106 1732 1175 potuissent
1761 1102 1874 1158 fieri
1901 1118 1991 1157 sa-
2016 1120 2023 1126 '

406 1178 572 1232 nitate
601 1176 840 1252 consilii;
859 1174 1120 1252 pommus
1141 1174 1464 1252 exaggerari:
1485 1174 1628 1252 quod
1655 1181 1863 1241 gestuin
1888 1179 1989 1252 est,

406 1264 473 1302 ne
505 1262 759 1316 cogamur
783 1245 1055 1313 judicare,
1086 1246 1230 1316 quod
1254 1243 1473 1316 dignum
1510 1251 1592 1298 est
1624 1259 1799 1316 :_nam_
1823 1243 1990 1316 privi-

405 1313 601 1384 legium
631 1326 869 1393 meretur
896 1313 1146 1370 amittere
1189 1317 1288 1393 qui
1318 1313 1587 1393 permissa
1626 1313 1727 1367 sibi
1755 1313 1992 1393 abutitur

405 1396 689 1457 potestate.
737 1384 842 1440 Sed
888 1402 992 1440 una
1044 1402 1143 1441 nos
1189 1384 1342 1441 ratio'
1375 1385 1503 1457 facit
1545 1398 1662 1439 esse
1711 1384 1990 1457 sententiis

406 1453 672 1532 mollioris
689 1498 702 1521 ,
743 1470 903 1532 quam
954 1457 1238 1532 m_aluimus
1280 1465 1333 1511 te
1378 1455 1543 1508 fratre
1581 1461 1636 1508 et
1665 1453 1989 1532 coepiscopo

406 1537 591 1580 nostro
638 1524 889 1592 Projecto
931 1525 1202 1580 referente
1241 1539 1566 1594 cognoscere
1593 1565 1614 1594 ,
1632 1538 1760 1594 non
1795 1524 1991 1594 nostris

405 1596 597 1652 litteris
626 1591 850 1666 propter
887 1596 1234 1666 opprobrium
1271 1591 1565 1666 publicare.
1589 1593 1739 1666 _Nam_
1760 1591 1991 1645 scanda-

406 1666 545 1728 lum,
577 1661 746 1734 cujus
771 1661 978 1720 aucto'r'
1002 1661 1310 1732 agnosceris
1327 1704 1343 1731 ,
1380 1665 1453 1718 ita
1481 1661 1780 1734 moderatio
1809 1669 1990 1734 nostra

405 1729 755 1804 compescuit,
784 1744 842 1790 ut
864 1729 1108 1789 frater'et
1129 1729 1478 1805 coepisCopus
1505 1747 1655 1805 meus
1675 1729 1989 1805 Gregorius,

405 1801 564 1873 quem
593 1820 702 1859 non
732 1815 1045 1875 provectum
1074 1801 1286 1859 constat
1313 1801 1576 1875 esse,_sed
1604 1801 1989 1875 pulsum,_nul-

975 1851 1148 1943 petiit,
1182 1851 1361 1929 tecum
1374 1851 1687 1943 habiturus,
1728 1851 1990 1943 Mniinen-
2023 1851 2066 1908 Β

407 1960 518 2000 sem
548 1945 813 2014 gubernet
839 1940 1155 2009 Ecclesiam,
1189 1953 1243 1998 et
1284 1942 1696 1999 contubernium
1727 1940 1986 2008 Spiritale,

409 2013 756 2084 quodsortiri
787 2029 893 2069 non
921 2015 1204 2084 oportebat
1231 2013 1473 2077 invitum,
1507 2027 1611 2064 non
1642 2018 1853 2084 recuset
1879 2023 1992 2062 am-

412 2080 589 2162 plecti,
613 2086 698 2162 cui
725 2087 770 2139 si
798 2084 926 2155 quid
948 2080 1146 2152 negotii
1171 2083 1392 2138 forsitan
1423 2080 1722 2162 emers'erit,
1749 2087 2010 2162 nostrum.

412 2148 479 2231 ab
505 2170 592 2218 eo,
612 2156 695 2209 vel
716 2148 903 2231 c_on:tra
922 2148 1042 2208 eum
1063 2162 1544 2231 petatu_r_examen.
1566 2148 1988 2231 Necessitatihns

410 2225 569 2279 etiam
581 2215 718 2294 quas
731 2223 960 2280 faciente
972 2232 1025 2278 te
1046 2215 1386 2294 compellitur
1396 2221 1678 2294 sustinere,
1698 2219 1798 2271 hac
1811 2215 1994 2270 delini-

411 2296 570 2368 tione
583 2289 944 2361 consulemus,
967 2302 1028 2347 ut
1055 2289 1236 2347 refuso
1251 2291 1468 2362 praedio,
1484 2289 1627 2368 quod
1643 2295 1990 2368 anteamium

411 2365 511 2419 sibi
540 2365 718 2419 datum
735 2379 854 2420 esse
881 2357 1291 2438 commemorat,
1308 2369 1470 2438 atque
1500 2357 1566 2438 ad
1579 2357 1992 2438 Ecclesiainita-

411 2444 697 2506 vennatem
719 2449 959 2506 reverso,
981 2432 1249 2506 possessio
1279 2433 1342 2506 in_
1356 2425 1684 2506 Bononiensi
1701 2426 1778 2506 30‘
1797 2425 1993 2506 solido-

413 2521 530 2577 rum
545 2504 856 2577 reddituum
874 2495 1164 2577 liberorum
1177 2502 1291 2577 sine
1313 2495 1825 2577 dubitationetrada
1823 2504 1926 2562 tur,
1942 2496 1993 2548 in

411 2575 550 2648 diem
581 2575 791 2648 scilicet
813 2575 942 2648 vitm-
955 2572 1088 2641 ejus,
1113 2572 1262 2635 salvo
1283 2569 1627 2648 proprietatis
1644 2566 1764 2648 iure
1787 2565 1996 2619 Raven-

411 2645 550 2700 natis
578 2643 848 2716 Ecclesize,
879 2643 946 2697 ad
976 2638 1135 2716 quam
1165 2638 1548 2716 post—prindicti
1580 2638 1784 2693 obitum
1809 2650 1994 2716 rever-

414 2723 572 2770 tetur.
605 2714 761 2782 Quod
790 2714 966 2768 sinon
995 2710 1382 2770 fuerit’nostris
1411 2710 1638 2779 paritqu
1669 2710 1993 2770 constitutis,

825 2835 1060 2844 ε’..-

435 2833 820 2845 Μ

2091 548 2395 620 perpendis.
2451 547 2834 620 [_)ennntiamus
2881 549 3300 620 a_utem,iquod
3355 550 3397 603 si
3452 547 3676 620 posuim-

2091 616 2380 685 quidquam
2414 617 2520 670 tale
2547 617 2970 689 pnesumpseris,
3002 627 3056 689 et
3085 616 3317 686 aliquem
3346 635 3440 673 seu
3456 616 3683 689 'episco-

2093 702 2219 755 pum
2244 724 2273 759 ,_
2307 700 2402 740 seu
2430 687 2805 759 presbyterum
2829 726 2844 751 ,
2869 753 2876 759 ι
2897 702 2992 759 seu
3032 688 3318 759 diaconum
3349 687 3571 759 invitum
3605 689 3683 744 fa-

2094 770 2220 809 cere
2251 755 2388 810 forte
2433 755 2724 810 credideris
2751 797 2768 822 ,
2819 755 3186 813 ordinationes
3228 758 3320 811 tibi
3356 758 3684 816 Ravennatis

2092 823 2348 878 Ecclesiae
2374 867 2389 891 ,
2430 825 2518 880 vel
2547 823 2878 880 {Emiliensis
2910 828 3122 883 noveris
3159 827 3501 884 auferendas.
3546 829 3678 884 Data

2093 910 2150 949 ιιι
2170 893 2496 970 cali‘Junii,
2515 895 2776 970 Severino
2805 912 2856 949 ν.
2885 900 3275 970 οᾲ-οοηειωνὲ
3309 897 3500 952 Clariin
3527 898 3681 970 481.)

2165 964 2228 1038 ll.
2262 965 2566 1045 Simplicius
2594 965 2878 1035 episcopus
2906 964 3202 1034 Florentio,
3231 967 3466 1037 Equitio,
3498 979 3551 1024 et
3579 964 3681 1026 Se;

2094 1049 2224 1104 vero
2255 1050 2542 1104 episcopis.

2168 1103 2380 1177 Relatio
2409 1103 2507 1177 nos
2544 1114 2735 1177 vestrae
2765 1106 3070 1177 dilectionis
3097 1105 3378 1177 instruxit,
3412 1117 3467 1162 et
3493 1117 3675 1177 gesto-

2095 1189 2210 1242 rum
2238 1174 2406 1229 series
2431 1175 2640 1242 plenius
2667 1176 2935 1230 intimavit
2961 1174 3318 1231 Gaudentium
3359 1174 3681 1233 Aulinieusis

2093 1241 2348 1298 Ecclesiae
2398 1241 2734 1301 sacerdotem
2783 1256 2969 1301 contra
3017 1245 3216 1300 statuta
3263 1263 3564 1311 canonum,
3615 1265 3679 1302 ac

2097 1323 2295 1367 nostra
2327 1325 2593 1384 prmcepta
2637 1315 3003 1371 ordinationes
3053 1316 3264 1370 illicitas
3315 1326 3677 1384 perpetrasse.

2095 1398 2320 1450 quarum
2359 1383 2432 1455 illi
2460 1392 2637 1455 totam
2677 1387 2891 1454 penitus
2932 1384 3130 1455 auferri
3160 1383 3494 1454 pnccipinius
3524 1395 3678 1455 pote-

2095 1461 2307 1506 statem.
2357 1453 2689 1523 Scripsimus’
2729 1457 2870 1509 enim
2927 1456 2994 1509 ad
3051 1453 3576 1510 Severum’fratreiu
3625 1467 3679 1511 et

2095 1524 2474 1594 coepiscopum
2522 1534 2760 1578 nostrum
2790 1568 2804 1592 ,
2847 1534 2903 1579 et
2932 1527 2975 1578 si
3005 1540 3229 1594 necesse
3258 1523 3445 1590 fuerit,
3485 1527 3598 1594 ipse
3626 1527 3679 1580 in

2094 1607 2253 1662 supra
2268 1593 2408 1646 dicta
2429 1592 2688 1658 Ecclesia,
2711 1595 3064 1650 consideratis
3087 1593 3302 1648 Patrum
3331 1592 3548 1662 regulis,
3574 1595 3678 1651 hoc

2095 1659 2348 1730 fungatur
2375 1663 2584 1725 ollieio,
2617 1680 2722 1730 quo
2754 1665 2842 1718 ille
2871 1665 3068 1718 abusus
3095 1678 3214 1718 esse
3242 1659 3519 1720 convictus
3538 1659 3629 1720 est
3662 1686 3674 1719 :

2096 1731 2167 1802 ita
2203 1728 2259 1784 tit
2289 1732 2341 1785 hi
2370 1733 2458 1801 qui
2490 1728 2672 1786 illicite
2703 1733 2770 1786 ab
2800 1736 2988 1788 eodem
3030 1741 3156 1786 sunt
3193 1736 3455 1802 provecti,
3487 1737 3554 1789 ab
3588 1751 3678 1789 ec-

2095 1801 2410 1856 clesiasticis
2439 1803 2750 1857 ministeriis
2787 1805 2896 1857 sint
2936 1805 3150 1856 remoti.
3195 1801 3374 1857 ’Simul
3413 1805 3572 1858 etiam
3613 1806 3679 1859 de

2098 1871 2392 1942 redditibus
2423 1870 2708 1942 Ecclesim,
2747 1874 2830 1926 vel
2859 1872 3132 1927 oblatione
3165 1872 3395 1926 fidelium
3426 1875 3553 1942 quid
3583 1875 3679 1928 de—

2101 1948 2222 2010 ceat
2250 1940 2509 1994 nescienti
2541 1941 2669 1994 nihil
2701 1942 2862 1995 licere
2892 1942 3172 2010 promittat
3194 1983 3208 2005 ,
3256 1942 3348 1995 sed
3380 1940 3495 1996 sola
3536 1945 3583 1998 ei
3615 1960 3680 2002 ex

2102 2009 2183 2062 his
2212 2019 2400 2078 quarta
2439 2011 2616 2079 portio
2662 2009 2966 2064 remittatur
3000 2029 3010 2062 :
3043 2010 3160 2064 dum
3189 2012 3568 2068 ecclesiasticis
3601 2015 3680 2066 fa-

2100 2079 2260 2152 bricis
2290 2080 2669 2152 et_erogatioui
2699 2082 3102 2152 pet-rgrinorum
3151 2089 3205 2134 et
3234 2097 3526 2152 pauperum
3558 2099 3680 2152 pro-

2100 2147 2289 2220 futura:
2320 2149 2385 2220 ab
2415 2147 2626 2217 Onagro
2656 2147 2968 2220 preshyn-ro
3011 2151 3110 2206 sub
3150 2147 3392 2219 periculo
3423 2152 3503 2205 sui
3534 2147 3680 2206 ordi-

2102 2219 2182 2290 nis
2212 2219 2580 2290 ministrentur
2612 2238 2623 2272 :
2657 2219 2839 2273 ultima
2876 2222 3013 2274 i..ter
3039 2235 3099 2276 se
3127 2219 3336 2276 clericis
3373 2236 3470 2290 pro
3500 2222 3680 2289 Sillglh

2101 2287 2274 2341 lorum
2299 2289 2504 2344 meritis
2524 2290 2807 2344 dividatur.
2845 2292 2910 2343 At
2936 2307 3062 2345 vero
3094 2287 3389 2345 ministeria
3414 2287 3680 2356 Ecclesirr,
3740 2291 3746 2297 ’

2098 2359 2529 2432 qua:__al_ienata_
2563 2361 2959 2432 comperimus,
3016 2377 3273 2432 reparare
3331 2373 3681 2432 przrsumptor

2101 2427 2336 2498 praedicti
2384 2425 2561 2482 fratris
2610 2425 2965 2498 compellatur
3013 2425 3284 2494 instantia,
3321 2425 3405 2484 cui
3438 2425 3596 2484 etiam
3632 2434 3681 2484 in

2101 2497 2204 2552 hoc
2230 2498 2556 2569 _specialiter
2599 2497 2945 2569 pmcepimus
2996 2501 3294 2564 immineri,
3331 2512 3384 2553 ut
3427 2509 3536 2554 tres
3571 2504 3683 2554 illas

2102 2567 2378 2638 portiones
2402 2609 2417 2634 ,
2448 2567 2718 2638 quas'pcr
2757 2570 3042 2623 triennium
3082 2571 3278 2624 dicitur
3313 2571 3412 2625 sibi
3454 2579 3680 2623 tantum-

2103 2637 2264 2691 modo
2309 2637 2645 2700 vindicasse,
2690 2643 2958 2692 restituat.
3006 2641 3122 2692 llat.
3156 2656 3246 2693 xui
3284 2641 3388 2692 cal.
3435 2640 3679 2694 Deceml).

2103 2716 2225 2776 post
2253 2709 2590 2762 consulatum
2622 2708 2816 2768 Leonis
2845 2709 3085 2776 Augusti.
3120 2711 3239 2777 (An.
3266 2709 3458 2761 Clu-isti
3486 2709 3634 2764 475.)

3343 2830 3552 2844 cun-0w
3573 2831 3677 2844 ιι-

1528 2890 1895 2952 DECRETA
1944 2889 2249 2950 FELICIS
2299 2893 2542 2952 ΡΑΡᾸΞ.

721 3111 961 3175 (Synodus
979 3109 1210 3160 Romana.
1234 3108 1327 3155 An.
1347 3105 1522 3156 Christi
1549 3101 1685 3175 487.)

489 3204 670 3260 Flavio
696 3204 884 3274 Boetio
913 3221 962 3258 v.
997 3221 1046 3258 c.
1065 3218 1212 3257 cons.
1237 3199 1454 3274 Subdie
1484 3212 1539 3250 ιιι
1568 3196 1638 3249 id.
1659 3193 1991 3274 Martiarum,

415 3275 468 3328 in
499 3275 718 3329 basilica
745 3273 1221 3330 Constantiniana.
1253 3270 1521 3326 residente
1551 3265 1844 3321 venerabili
1885 3265 2002 3319 viro

414 3359 553 3416 papa
583 3345 788 3412 Felice,
819 3359 924 3399 una
954 3359 1074 3399 eum

488 3434 731 3490 Candide
762 3435 1066 3500 Tiburtino,

489 3504 777 3560 Paschasio
806 3504 1184 3560 Centumcellae

488 3575 704 3644 Equitio
725 3575 1051 3637 Matellieati,

491 3645 1037 3716 EpiphanioSpellati
1054 3684 1068 3704 ,

2180 3077 2341 3133 Decio
2372 3079 2552 3133 Trium
2583 3080 2950 3148 tabernarum,

2024 3166 2069 3228 ρ
2176 3148 2470 3228 Athana-sio
2502 3150 2813 3228 Albanensi,

2179 3215 2341 3273 Petro
2371 3217 2613 3280 Lorensi,

2185 3285 2508 3343 Felicissimo
2535 3290 2856 3346 Sabiniensi.

2180 3360 2454 3413 Bonifacio
2487 3359 2782 3420 Veliterno,

2181 3426 2406 3483 Romulo
2431 3428 2793 3494 Praenestino,

2179 3496 2406 3565 Donato,
2432 3501 2701 3570 episcopis
2733 3518 2747 3563 ;

2659 3609 2721 3662 Et
2752 3612 3078 3681 presbyteris
3103 3631 3118 3665 :

493 3714 766 3771 Herennio
798 3714 1106 3780 Portuensi,

493 3786 718 3854 Agnello
740 3785 1008 3848 Telesino,

500 3855 718 3910 Urbano
741 3855 1006 3916 Fulginati
1026 3894 1041 3916 ,

490 3925 815 3980 Martiniano
845 3925 1191 3987 Phormiano,

491 3996 785 4051 Cresconio
817 3994 1133 4060 Tudertino,

490 4067 691 4121 Basilio
713 4064 1081 4129 Tollentinati,
1147 4109 1150 4112 .

490 4136 813 4192 Constantio
844 4134 1094 4202 Aquinati

491 4205 741 4276 Philippo
763 4205 930 4260 Numa
941 4204 1074 4269 nati,

493 4275 649 4332 Bono
676 4275 928 4338 Ostiensi,

492 4346 812 4401 Constantio
835 4345 1089 4412 Tribeati,

493 4416 851 4472 Constantino
880 4416 1136 4484 Capuano
1154 4457 1168 4483 ,

491 4487 696 4542 Severo
724 4487 1007 4550 Cassinati,

489 4557 752 4625 Martiano
782 4555 1035 4612 Amerino
1052 4601 1066 4625 ,
2030 4553 2078 4611 D

490 4618 745 4683 Herculi'o
775 4618 1107 4694 Iltriculano,

490 4698 724 4752 Maximo
752 4696 1005 4765 Blerano,

491 4767 806 4836 Projectitio
832 4766 1208 4837 Tarquinensi,

486 4837 778 4893 Maximino
800 4837 1152 4905 Ferentiensi,

487 4907 669 4964 Felice
696 4907 1006 4972 Anteatino,

487 4977 670 5034 Felice
691 4976 994 5045 Anagnino,

489 5049 706 5103 Andrea
736 5045 1007 5113 Gavinati,

487 5117 757 5187 Cypriano
781 5117 1145 5186 Numentano,

491 5187 551 5241 Vi
560 5189 664 5242 tale
694 5187 974 5255 Fundano,

487 5257 808 5313 Constantio
836 5256 1077 5321 Sutrino,

487 5326 789 5382 Gaudentio
818 5325 1244 5396 Foroelodiensi,

488 5398 703 5453 Asterie
733 5397 1112 5465 Foronovano,

491 5467 995 5523 Vietorc.......

489 5536 714 5592 Rustico
743 5546 799 5591 et
826 5536 1074 5594 Pardalio
1105 5537 1268 5604 Afris,

489 5605 651 5677 Petro
672 5607 1102 5677 Subaugustano,

431 5730 434 5732 γ
487 5676 654 5732 Basso
682 5677 1033 5744 Ferentinati,

488 5746 800 5802 Innocentio
830 5747 1081 5803 Mibanati
1099 5789 1115 5812 ,

487 5817 728 5888 Benigno
758 5815 1152 5888 Aquzevivensi,

2177 3701 2415 3772 Rustico,
2979 3704 3234 3772 Firmino,

2176 3771 2488 3838 Laurentio,
2981 3774 3322 3840 Vincomalo,

2173 3843 2380 3896 Cassio.
2977 3843 3158 3896 Petro.

2174 3856 2381 3911 uassm,
2977 3856 3158 3910 Petro,

2174 3911 2450 3982 Januario,
2978 3914 3258 3982 Martiano,

2174 3981 2398 4052 Lepido,
2976 3981 3268 4053 Maxentio,

2176 4053 2409 4107 Asterie.
2979 4053 3158 4107 Petro-

2176 4071 2409 4118 ASlCI‘lO,
2980 4071 3158 4121 retro,

2175 4125 2500 4197 Alexandro,
2976 4123 3296 4197 Redempto,

2173 4191 2484 4258 Laurentio,
2809 4231 2820 4246 ι
2973 4191 3188 4262 Jovino,

2174 4262 2449 4318 Servodei.
2979 4263 3160 4318 Petro.

2178 4280 2449 4329 aervouet,
2979 4280 3160 4333 retro,

2178 4329 2357 4401 Petro,
2973 4332 3206 4401 Iuliano,

2173 4399 2356 4469 Petro,
2976 4399 3218 4470 Valente,

2174 4470 2405 4539 Sorano,
2981 4473 3286 4543 Valentino,

2173 4542 2384 4599 Asterio
2399 4584 2414 4599 .
2975 4546 3178 4599 Asello.

2173 4561 2384 4600 asterio
2399 4584 2414 4608 ,
2975 4561 3178 4610 Asello,

2173 4615 2488 4685 Smaragdo,
2974 4613 3248 4672 Bonifacio
3261 4659 3277 4684 ,

2173 4685 2484 4767 Eas'lmsio,
2973 4685 3152 4767 Felice
3167 4729 3182 4753 ,

2175 4755 2456 4838 Fuigentio
2472 4797 2484 4821 ,
2972 4755 3214 4838 gailisto,

2172 4827 2456 4880 Valentino
2475 4868 2490 4894 ,
2975 4826 3318 4899 Sebastiano,

2172 4897 2407 4951 Andrea.
2976 4895 3154 4951 Petro.

2174 4912 2407 4960 andrea,
2978 4912 3154 4961 retro,

2174 4967 2441 5032 Romano,
2977 4965 3223 5029 Domino.

2173 5035 2411 5100 Castino,
2975 5034 3271 5105 Simplicio,

2173 5106 2465 5176 Laurentio
2486 5148 2503 5176 ,
2976 5105 3228 5176 Qanusio,

2171 5175 2378 5243 Leone,
2487 5172 2497 5176 ’
2975 5172 3239 5244 Eugenio,

2173 5246 2467 5302 Gordiano.
2978 5242 3158 5302 Petro.

2174 5288 2500 5388 Epiphania,
2974 5288 3290 5385 Epiphanio,

2171 5387 2400 5440 Justino.
2975 5383 3152 5439 Felice
3167 5429 3180 5440 .

2243 5400 2400 5446 stino.
2975 5400 3005 5436 ι’
3021 5400 3152 5439 HIC"-
3167 5429 3180 5446 .

2173 5397 2400 5454 Justiuo,
2975 5397 3152 5439 Felice
3167 5429 3180 5446 ,

2173 5457 2502 5527 Projectitio,
2975 5454 3276 5526 Bonifacio,

2174 5527 2497 5580 Epiphanio.
2975 5524 3148 5580 Bono.

2177 5530 2497 5598 Epiphanio,
2976 5530 3148 5594 Bono,

2177 5597 2452 5653 Servanda
2473 5643 2484 5665 ,
2976 5594 3308 5665 Marcellino,

2177 5667 2396 5720 Urbieo.
2978 5665 3222 5720 Paulino.

2178 5669 2396 5730 Urbieo.
2978 5669 3222 5732 Paulino,

2177 5734 2358 5800 Petro,
2979 5735 3193 5792 Asterie
3205 5777 3220 5800 ,

2177 5803 2489 5871 Paschasio,
2977 5803 3224 5874 Asterio,
