4104 6500
503 333 603 388 {Si
1355 333 1697 388 APl'ENDlX
1735 333 1824 387 AD
1863 331 2386 388 COLLECTIONEM
2431 330 2930 387 DlONYSlA-NAM.‘

3674 329 3781 383 53"!

504 461 646 504 sana:
675 444 930 502 Ecclesia:
958 447 1091 501 dixit
1125 467 1136 501 :
1185 447 1459 517 Scriptura
1485 464 1606 517 qum
1651 449 1704 500 iu
1751 446 2071 502 sacerdotali
2108 460 2145 509 Α
2185 455 2347 515 atque
2381 449 2712 516 peregrinos,
2763 463 2832 500 ne
2873 445 3024 517 mala:
3070 442 3415 517 tractationis
3443 442 3779 497 ministretur

503 517 731 571 concilio
761 517 985 569 recitata
1017 527 1118 582 est,
1147 517 1561 574 evidentissimis
1589 517 1926 573 documentis
1953 533 2079 572 con-
2117 542 2120 544 ν

463 595 468 598 ’
501 585 879 658 statinvalida.
928 584 1161 658 Primum
1189 586 1334 658 quod
1381 593 1570 658 contra
1609 585 1825 658 Patrum
1865 587 2077 658 regulas

501 674 532 713 a
563 657 735 728 laicis,
763 656 1008 728 quamvis
1036 656 1322 728 religiosis,
1349 656 1539 728 quibus
1560 657 1702 728 nulla
1721 657 1798 728 de
1819 657 2077 713 ecclesia-

505 729 654 784 sticis
683 725 1022 796 facultatibus
1049 727 1249 795 aliquid
1287 725 1603 796 disponendi
1631 727 1821 794 legitur
1842 742 2076 796 unquam

502 798 755 852 attributa
785 793 1042 867 facultas,
1072 793 1214 852 facta
1243 793 1455 851 videtur
1479 813 1510 867 ;,
1544 793 1757 867 deinde,
1784 793 2076 867 quod'nul-

502 868 603 924 lius
632 865 871 936 praesulis
912 867 1223 935 apostolicae
1265 867 1406 922 sedis
1433 864 1829 936 subscriptionc
1871 864 2078 920 ﬁrmata

501 934 745 993 docetur.
794 934 962 1001 Quod
988 937 1034 990 si
1082 937 1368 1006 cujuslibet
1413 934 1704 1006 provinciaa
1745 937 2073 1006 sacerdotes,

501 1009 640 1062 intra
679 1020 811 1076 suos
848 1007 1109 1076 terminos
1149 1004 1381 1062 concilio
1408 1005 1625 1071 habito,
1670 1004 1934 1076 quidquid
1961 1007 2078 1062 sine

500 1075 900 1145 metropolitani
945 1077 1027 1130 sui
1068 1077 1323 1145 antistitis
1359 1075 1701 1145 auctoritate
1730 1075 2076 1142 tentaverint,

500 1144 714 1201 iri-itum
743 1160 863 1200 esse
901 1145 1100 1201 debere
1139 1144 1325 1202 Patres
1369 1144 1468 1201 SS.
1495 1154 1828 1210 sanxerunt;
1874 1155 2077 1215 quanto

500 1217 690 1285 magis,
742 1215 888 1284 quod
927 1215 982 1269 in
1025 1216 1319 1285 apostolica
1355 1216 1486 1271 sede
1516 1232 1625 1270 non
1653 1218 1918 1271 existente
1941 1231 2079 1285 prae-

500 1232 690 1285 magis,
742 1232 888 1284 quoa
927 1232 982 1269 1n
1025 1232 1319 1285 aposmuca
1355 1232 1486 1271 sede
1516 1232 1625 1270 non
1653 1232 1918 1271 existente
1981 1232 2077 1270 rae-

499 1288 638 1350 sule,
689 1285 780 1367 qui
810 1287 1228 1367 praerogativam
1252 1285 1420 1367 _bea_ti
1449 1287 1629 1367 meriti
1657 1286 1886 1355 apostoli
1932 1232 2077 1367 Eetri

501 1372 599 1428 per
628 1356 934 1428 universum
959 1359 1144 1428 cubem
1184 1357 1469 1428 primatum
1502 1357 1772 1428 obtinens
1790 1356 2077 1428 sacerdotii

501 1425 719 1484 statutis
755 1425 1100 1496 synodalibus
1145 1425 1428 1482 censuevit
1471 1427 1705 1481 tribuere
1744 1425 2073 1490 lirinitatem,

502 1514 532 1551 a
585 1496 758 1562 laicis,
787 1494 934 1566 ‘licct
977 1496 1438 1566 consentientibus
1479 1496 1768 1566 aliquantis
1806 1496 2077 1566 episcopis

504 1566 627 1638 (qui
645 1574 826 1638 tamen
863 1563 1131 1638 Pontifici,
1176 1581 1208 1619 a
1251 1580 1360 1634 quo
1407 1563 1716 1638 consecrari
1755 1563 2072 1634 probantur,

500 1634 866 1708 pixcjudicium
916 1634 1112 1708 inferre
1145 1651 1276 1708 non
1327 1634 1639 1705 potuerunt)
1696 1643 2075 1708 praesumptum

501 1705 668 1762 fuisse
693 1705 1061 1783 cognoscitur,
1093 1705 1312 1783 viribus
1339 1719 1526 1783 carere
1573 1721 1682 1783 non
1711 1705 1934 1760 dubium
1969 1714 2074 1774 est,

502 1792 602 1832 nec
626 1773 785 1846 posse
813 1776 954 1829 inter
994 1774 1362 1832 ecclesiastica
1391 1773 1498 1830 ullo
1529 1775 1690 1832 modo
1718 1783 1918 1830 statuta
1947 1790 2076 1831 cen-

501 1863 606 1903 Stll'l
616 1886 629 1899 .
1167 1871 1171 1875 '

573 1916 657 1970 lll.
690 1915 887 1970 Sancta
917 1913 1153 1988 synodus
1180 1913 1314 1988 dixit
1339 1931 1352 1967 :
1394 1912 1545 1970 Licet
1570 1914 1864 1972 secundum
1894 1932 2080 1988 prose-

502 1988 772 2041 cntionem
831 1984 1214 2053 venerabilium
1269 1984 1492 2038 fratrum
1540 1984 2077 2053 nostrorum,’Lau-

503 2057 680 2120 rcutii,
716 2053 880 2126 Petri,
912 2052 1130 2126 Eulalii,
1152 2052 1451 2126 Cresconii,
1473 2053 1712 2126 Maximi,
1740 2055 1825 2126 vel
1852 2052 2081 2126 Stepha-

504 2127 580 2189 ni,
612 2139 710 2180 nec
733 2123 874 2194 apud
905 2137 1006 2177 nos
1035 2123 1297 2178 incertum
1328 2123 1556 2178 habetur
1583 2125 1722 2194 hanc
1751 2125 1920 2194 ipsam
1945 2123 2079 2180 scri-

505 2205 717 2266 pturam
764 2193 960 2266 nullius
1000 2208 1135 2266 esse
1159 2195 1442 2266 momenti,
1478 2193 1852 2266 qua:__etia_msi
1902 2197 2080 2264 aliqua

505 2263 687 2335 posset
715 2263 1244 2336 subsistereratione
1272 2264 1446 2336 modis
1465 2263 1723 2336 omnibus
1744 2263 1798 2317 in
1835 2263 2079 2336 synodali

503 2333 814 2400 conventu,
882 2333 1104 2404 provida
1162 2333 1506 2390 beatitudinis
1550 2343 1752 2390 vestra:
1808 2333 2078 2391 sententia

504 2404 749 2460 enervari
775 2403 1151 2468 conveniebat,
1205 2411 1261 2458 et
1308 2404 1359 2457 in
1393 2406 1599 2460 irritum
1644 2404 1858 2470 deduci,
1910 2422 1978 2462 ne
2024 2405 2079 2460 in

503 2473 809 2546 exemplum
835 2482 1143 2546 remaneret
1163 2474 1524 2546 prmsumendi
1558 2475 1882 2546 quibuslibet
1907 2476 2074 2542 laicis,

503 2543 748 2615 quamvis
775 2543 1058 2615 religiosis,
1091 2544 1176 2615 vel
1207 2544 1537 2615 potentibus,
1568 2543 1619 2599 in
1650 2561 1971 2614 quacunque
2001 2547 2078 2600 ci-

504 2613 690 2677 vitate,
721 2613 962 2684 quolibet
991 2613 1154 2684 modo
1181 2614 1380 2683 aliquid
1410 2613 1700 2670 decernere
1727 2615 1795 2670 de
1822 2613 2080 2672 ecclesia-

501 2684 656 2757 sticis
671 2683 1030 2757 facultatibus.
1084 2683 1319 2757 Quarum
1342 2685 1471 2739 solis
1497 2684 1864 2757 sacerdotibus
1891 2686 2076 2757 dispo-

501 2755 662 2809 nendi
690 2755 986 2809 indiscussa
1019 2767 1050 2806 a
1080 2753 1191 2808 Deo
1215 2768 1346 2809 cura
1375 2755 1662 2808 commissa
1691 2755 1934 2810 docetur.

574 2823 929 2897 Symmachus
976 2823 1264 2897 episcopus
1311 2823 1717 2897 dixit__:_Modo,
1764 2826 1890 2897 quia
1938 2826 2080 2883 Deus

499 2894 840 2966 przcsentiam
865 2894 1362 2966 vestramvotivam
1391 2894 1521 2948 mihi
1543 2895 1641 2948 sub
1664 2895 1902 2966 qualibet
1922 2911 2078 2951 occa-

498 2962 652 3022 sione
693 2963 979 3028 concessit,
1026 2962 1172 3025 volo,
1219 2963 1264 3019 si
1307 2963 1502 3031 placet,
1548 2979 1662 3018 rem
1704 2962 1819 3020 ﬁeri
1846 2965 2073 3031 firmam,

499 3052 662 3106 quam
687 3033 850 3089 credo
877 3031 1253 3106 ecclesiasticis
1290 3031 1976 3106 facultatibusconvenire,
2019 3044 2080 3092 ut

501 3103 797 3174 agnoscant
824 3118 1014 3158 omnes
1066 3117 1202 3174 quos
1231 3103 1284 3158 in
1314 3118 1402 3158 me
1430 3119 1596 3160 vanus
1624 3103 1775 3160 furor
1797 3106 2072 3172 excitavit,

501 3171 631 3230 nihil
661 3190 746 3228 me
775 3173 945 3243 magis
972 3171 1190 3244 studere
1213 3188 1376 3244 quam
1404 3181 1466 3227 ut
1492 3174 1703 3228 salvum
1753 3190 1873 3230 esse
1905 3171 2078 3244 possit

500 3245 644 3314 quod
673 3244 804 3298 mihi
834 3242 916 3299 est
943 3259 973 3297 a
1003 3242 1114 3314 Deo
1150 3243 1248 3297 sub
1274 3243 1674 3314 dispensatione
1705 3242 2072 3314 commissum,

501 3313 595 3370 sed
619 3316 780 3370 etiam
809 3313 1136 3384 quibuslibet
1163 3316 1599 3384 successoribus,
1635 3313 1801 3369 Deum
1832 3313 2075 3371 timenti;

501 3386 623 3448 bus,
666 3382 878 3453 gratum
907 3398 1026 3438 esse
1051 3382 1264 3448 debeat,
1317 3392 1372 3438 et
1399 3383 1469 3453 ad
1510 3385 1863 3440 ecclesiastici
1893 3395 2079 3441 custo-

502 3454 650 3527 diam
673 3452 1004 3527 patrimonii
1047 3453 1339 3523 pertinere.
1389 3452 1584 3510 Sancta
1631 3456 1869 3527 synodus
1897 3456 2070 3511 dixit:

501 3523 713 3580 Scimus
761 3523 1122 3594 provisionem
1169 3531 1400 3578 vestram
1465 3523 1782 3581 necessariis
1839 3528 2072 3592 studere,

501 3603 558 3650 et
577 3596 708 3666 ideo
738 3594 791 3648 in
816 3603 997 3666 vestra
1025 3601 1107 3666 est
1136 3601 1414 3666 potestate
1431 3595 1702 3666 sequenda
1730 3596 2036 3666 disponere.
2077 3631 2081 3633 -

570 3663 1249 3737 Synimachus_episcopus
1289 3663 1544 3720 Ecclech
1604 3663 1882 3737 catholica:
1933 3667 2079 3722 urbis

502 3732 685 3790 Romae
713 3734 847 3789 dixit
869 3752 883 3787 :
902 3732 1092 3804 Magna
1116 3732 1330 3803 quidem
1351 3736 1656 3790 venerando
1679 3745 1735 3790 et
1760 3737 2078 3791 sacerdotali

499 3805 727 3860 debetur
777 3805 985 3860 cultura
1014 3805 1316 3876 proposito,
1366 3805 1453 3860 cui
1481 3805 1727 3860 imminet
1772 3807 1840 3860 de
1876 3807 2076 3876 studio,

498 3890 617 3944 qua:
645 3881 795 3930 recta
821 3881 968 3942 sunt,
1014 3889 1125 3928 non
1153 3874 1220 3929 de
1267 3876 1589 3931 necessitate
1639 3875 1944 3944 disponere.
1972 3874 2079 3932 Sed

499 3945 755 4016 quoniam
786 3945 844 4016 in
869 3944 1154 4016 aliquibus
1179 3944 1356 4016 aliena
1386 3945 1798 4016 postulantibus,
1821 3946 2077 4016 vitiorum

497 4013 675 4070 mater
702 4014 950 4085 avaritia,
973 4013 1262 4085 repudiatis
1277 4013 1574 4085 honestatis
1593 4015 1882 4085 repagulis,
1908 4024 2078 4071 totum

499 4093 652 4156 putat
676 4083 932 4155 expedire
959 4083 1103 4152 quod
1129 4082 1282 4156 licet,
1311 4092 1366 4138 et
1389 4085 1490 4156 ita,
1521 4082 1867 4154 dum—prinde:
1886 4085 2074 4152 inhiat,

498 4153 764 4226 patientia
787 4167 1037 4226 superna:
1086 4153 1306 4226 pietatis
1356 4154 1617 4226 abutitur,
1643 4153 2078 4226 exspectantibus

498 4223 888 4280 correctionem
919 4223 1057 4294 coelo
1085 4223 1428 4292 moderante,
1441 4224 1657 4294 judiciis
1684 4223 2077 4281 se'existimant

499 4311 607 4350 non
634 4296 827 4360 teneri,
849 4304 906 4350 et
945 4293 1150 4350 clarum
1177 4295 1265 4360 sit,
1297 4296 1441 4364 quod
1469 4294 1610 4365 apud
1638 4305 1816 4352 certos
1839 4297 1890 4350 in
1913 4311 2078 4352 occa-

498 4367 707 4436 sionem
755 4365 996 4435 rapiendi
1030 4364 1522 4436 procedattdivinze
1576 4381 1726 4420 mora
1773 4368 2073 4422 sententiae.

498 4433 604 4490 Sed
653 4433 831 4500 nobis,
874 4450 1010 4504 quos
1031 4433 1339 4503 ‘pastoralis
1394 4452 1544 4499 cura,
1588 4446 1642 4490 et
1696 4437 2077 4492 ecclesiastica:

500 4505 749 4573 astringit
791 4521 890 4574 pro
920 4505 1319 4573 dispensatione
1362 4507 1566 4561 credita
1620 4507 1758 4562 ratio
1806 4506 2074 4562 reddenda

2183 514 2418 584 occasio,
2449 531 2567 572 cum
2598 516 2908 572 liberalitati
2935 515 3008 569 illi
3035 515 3140 569 alia
3171 514 3773 584 itineratreserveutur.

2181 586 2324 642 Sane
2362 583 2569 641 tantum
2599 587 2791 641 domus
2820 587 2872 639 iu
2897 585 3228 655 quibuslibet
3257 583 3478 640 urbibus
3505 585 3767 655 censtitu-

2181 665 2269 722 tae,
2301 672 2526 726 quarum
2556 665 2753 712 statum
2784 653 3008 726 necesse
3031 664 3114 726 est
3141 668 3378 726 expensa
3404 669 3517 726 non
3559 653 3771 726 modica

2180 722 2492 793 sustentari,
2541 726 2797 794 acceptis,
2840 726 2884 780 si
2914 723 3110 780 auferri
3143 722 3471 794 contigerit,
3502 724 3602 778 sub
3625 725 3772 792 juSta

2183 797 2588 852 existimatione
2635 793 2958 862 redditibus,
3017 803 3074 850 et
3123 793 3290 849 divini
3346 793 3769 863 timore'judieii

2187 875 2612 922 commutentur.

2254 935 2319 990 V.
2353 934 2478 990 Pari
2499 938 2658 991 etiam
2689 933 3051 990 Ecclesiarum
3081 948 3180 1004 per
3199 948 3389 990 omnes
3411 933 3668 989 Romana:
3696 934 3769 991 ci-

2180 1006 2363 1060 vitatis
2407 1007 2608 1071 titulos,
2661 1006 2752 1073 qui
2803 1013 2930 1058 sunt
2983 1005 3305 1074 presbyteri,
3329 1005 3416 1059 vel
3462 1005 3770 1075 quicunque

2181 1075 2398 1140 fuerint,
2432 1075 2651 1143 astringi
2686 1075 2932 1129 volumus
2961 1073 3081 1142 lege
3121 1073 3393 1137 custodes,
3443 1073 3568 1144 quia
3618 1073 3770 1129 nefas

2183 1144 2330 1199 dictu
2360 1154 2443 1200 est
2482 1145 2828 1212 obligatione,
2859 1160 2964 1214 qua
2993 1159 3054 1199 se
3099 1158 3198 1214 per
3223 1144 3544 1199 cliaritatem
3572 1144 3769 1214 Christi

2183 1217 2459 1284 connectit
2485 1231 2724 1269 summus
2753 1213 3014 1284 pontifex,
3045 1213 3113 1284 ea
3155 1214 3428 1269 hominem
3457 1213 3678 1269 secundi
3709 1216 3763 1270 in

2182 1283 2422 1340 Ecclesia
2442 1285 2645 1340 ordinis
2670 1283 2776 1339 non
2805 1284 2994 1340 teneri.
3028 1283 3342 1352 Quicunque
3363 1292 3545 1338 tamen
3573 1283 3771 1340 oblitus

2185 1355 2299 1418 Dei,
2327 1365 2381 1408 et
2411 1356 2608 1410 decreti
2639 1354 2795 1422 hujus
2822 1354 3126 1419 immemor,
3166 1354 3318 1420 cujus
3349 1353 3604 1408 Romanae
3631 1355 3766 1410 civi-

2185 1425 2309 1478 tatis
2328 1426 2638 1480 sacerdotes
2665 1424 2912 1479 volumus
2940 1425 3206 1492 religiosis
3228 1425 3455 1479 nexibus
3483 1424 3764 1492 devinciri,

2182 1495 2236 1565 in
2266 1497 2614 1550 constitutum
2643 1509 2880 1565 praesens
2933 1495 3298 1558 committens,
3353 1493 3644 1565 quidquam
3699 1496 3768 1549 dc

2177 1563 2299 1632 jure
2321 1566 2616 1628 titulorum,
2646 1562 2736 1618 vel
2761 1564 3016 1620 Ecclesiae
3037 1565 3284 1632 superius
3312 1562 3545 1632 praefata:
3586 1565 3764 1632 quoli-

2184 1635 2276 1688 bet
2326 1635 2506 1698 modo,
2536 1643 2735 1703 prmter
2780 1650 3004 1701 aurum,
3043 1641 3342 1701 argentum,
3388 1633 3469 1688 vel
3498 1648 3754 1701 gemmas,

2185 1712 2361 1773 vestes
2388 1720 2621 1772 quoque,
2651 1705 2696 1758 si
2724 1712 2867 1768 sunt,
2890 1706 2977 1758 vel
3000 1703 3042 1756 si
3067 1712 3432 1763 accesserum,
3459 1703 3633 1773 aliqua
3657 1720 3764 1760 mo-

2222 1773 2308 1827 llia
2330 1775 2394 1828 ad
2417 1781 2730 1828 ornamenta
2765 1774 2942 1828 divina
2975 1773 3192 1828 minime
3221 1774 3538 1843 pertinentia
3568 1788 3761 1843 perpe-

2188 1843 2438 1912 tuojurc,
2469 1845 2708 1913 exceptis
2737 1843 3001 1897 duntaxat
3045 1843 3146 1897 sub
3195 1842 3413 1912 pnnfata
3452 1842 3762 1899 conditidue

2183 1913 2451 1980 domibus,
2483 1915 2716 1969 alienare
2742 1914 3052 1977 tentaverit,
3099 1913 3347 1979 donator,
3393 1913 3676 1980 alienator,
3701 1930 3765 1970 ac

2182 1984 2434 2043 venditor
2462 1985 2681 2040 honoris
2708 1985 2789 2038 sui
2811 1985 3099 2038 amissione
3123 1984 3403 2038 multetur.

2255 2053 2342 2108 Vl.
2377 2053 2662 2120 Przeterea,
2695 2055 2784 2123 qui
2817 2055 3048 2124 petierit,
3083 2061 3176 2107 aut
3217 2053 3510 2124 acceperit,
3537 2053 3622 2109 'rel
3669 2055 3758 2122 qui

2184 2125 2644 2195 presbyterorum,
2694 2122 2787 2178 aut
2818 2122 3185 2195 'diaconorum
3211 2165 3226 2190 ,
3269 2122 3365 2195 seu
3417 2122 3762 2179 defensorum

2182 2193 2331 2247 danti
2351 2193 2763 2263 subscripserit,
2779 2209 2886 2263 quo
2916 2195 3083 2249 iratus
3114 2193 3252 2249 Deus
3277 2194 3482 2248 animas
3511 2196 3761 2264 percutit,

2183 2265 2522 2320 anathemate
2545 2265 2794 2331 feriatur,
2835 2265 3010 2333 silque
3057 2264 3360 2332 accipienti,
3411 2264 3498 2317 vel
3526 2265 3760 2319 subscri-

2183 2334 2328 2387 benti
2359 2334 2424 2386 de
2459 2336 2704 2402 personis
2733 2334 2974 2403 superius
2995 2334 3415 2402 comprehensis,
3442 2334 3608 2399 idest,
3629 2349 3766 2404 quas

2183 2405 2528 2460 anathemate
2572 2405 2718 2459 feriri
2761 2405 3095 2468 censuimus,
3133 2405 3186 2458 in
3217 2412 3415 2458 statuta
3442 2419 3600 2474 pinna
3631 2420 3763 2460 con-

2181 2475 2508 2544 tubernium,
2538 2483 2772 2542 servata,
2802 2489 2959 2544 quam
2983 2474 3333 2543 'przemisimus
3361 2475 3416 2528 in
3441 2475 3759 2539 alienatore,

2180 2543 2441 2615 vindicta.
2475 2545 2583 2599 Nisi
2608 2544 2748 2599 forte
2776 2543 2833 2598 et
2850 2545 3112 2600 alienator
3139 2544 3258 2609 sibi,
3305 2545 3432 2599 dum
3458 2545 3677 2615 repetit,
3706 2555 3762 2600 ct

2180 2613 2591 2684 quitacceperil,
2617 2615 2783 2670 celeri
2813 2615 3154 2670 restitutione
3182 2613 3546 2684 prospexerit.

2252 2683 2362 2755 Vll.
2390 2683 2543 2751 Quod
2571 2687 2616 2739 si
2661 2686 2869 2755 minore
2897 2685 3088 2738 anima:
3131 2700 3242 2740 suae
3295 2683 3428 2740 cura
3477 2687 3760 2755 quisquam

2180 2754 2476 2808 remedium
2507 2755 2746 2810 oblatum
2777 2754 2914 2809 forte
2940 2756 3254 2822 neglexerit,
3286 2769 3448 2824 supra
3477 2754 3540 2810 ea
3568 2754 3756 2825 pana-

2179 2838 2299 2895 rum
2346 2838 2566 2893 genera,
2591 2840 2708 2894 quae
2736 2825 2982 2894 superius
3011 2833 3261 2879 tenentur
3287 2825 3540 2895 ascripta,
3568 2833 3758 2881 contra

2179 2891 2280 2964 fas,
2311 2891 2528 2964 siquod
2554 2891 2878 2964 conceptum
2920 2896 3081 2949 fuerit
3107 2891 3508 2960 documentum,
3539 2897 3767 2964 univer-

2179 2963 2253 3017 sis
2281 2963 2480 3038 viriijus
2511 2963 2775 3038 (quamvis
2813 2966 2880 3020 ab
2907 2965 3059 3038 initio
3089 2963 3757 3038 nullas-habueritieﬂ‘ec-

2180 3039 2343 3088 tetur.
2376 3034 2483 3107 Sed
2513 3034 2674 3090 etiam
2717 3035 2896 3107 liccat
2923 3036 3330 3107 quibuscuuque
3385 3034 3766 3107 ecclesiasticis

2180 3106 2425 3173 personis
2443 3120 2632 3160 vocem
2659 3105 3101 3161 cantradictionis
3149 3105 3365 3173 aflcrre,
3406 3114 3463 3159 et
3501 3106 3751 3161 ecclesia-

2180 3172 2316 3246 stica
2345 3177 2664 3232 auctoritate
2709 3173 3003 3246 fulciri,rita
3035 3184 3094 3229 ut
3121 3191 3242 3229 cum
3287 3172 3548 3246 fructibus
3578 3177 3764 3246 possit

2182 3243 2356 3297 aliena
2381 3259 2684 3314 reposcere,
2733 3259 2833 3299 nec
2855 3245 3035 3313 aliquo
3062 3259 3122 3299 se
3149 3253 3274 3298 ante
3301 3245 3536 3301 tribunal
3560 3243 3767 3301 Christi

2183 3314 2463 3370 obstaculo
2491 3316 2714 3378 muniat,
2747 3315 2870 3384 quia
2899 3315 3163 3384 religiosis
3211 3315 3491 3384 animabus
3533 3318 3600 3370 ad
3630 3316 3761 3370 sub-

2182 3384 2434 3455 stantiam
2463 3383 3044 3455 pauperum’derelicta
3074 3392 3260 3455 contia
3290 3383 3389 3451 fas,
3419 3386 3537 3441 sine
3582 3385 3761 3455 aliqua

2184 3453 2397 3522 pietatis
2417 3453 2868 3519 consideratione,
2901 3454 3177 3524 dispergit.
3207 3453 3376 3524 llujus
3401 3463 3584 3510 autem
3631 3453 3767 3510 ocn-

2185 3523 2481 3580 stitutionis
2505 3525 2680 3594 legem
2725 3527 2780 3579 in
2809 3523 3102 3595 apostolica
3123 3523 3330 3579 tantum
3353 3525 3606 3581 volumus
3632 3526 3764 3580 sede

2184 3596 2408 3664 servari,
2433 3597 2696 3651 universis
2722 3595 2975 3651 Ecclesiis
3000 3610 3097 3663 per
3135 3595 3442 3664 provincias
3468 3597 3761 3650 secundum

2185 3663 2482 3719 animarum
2495 3666 3003 3732 considerationem,
3014 3663 3174 3734 quem
3192 3666 3470 3734 proposito
3490 3665 3763 3734 religionis

2183 3737 2475 3791 convenire
2510 3745 2749 3792 rectores
2775 3749 2960 3790 earum
2985 3733 3236 3802 viderint,
3257 3733 3408 3790 more
3431 3743 3667 3790 servato.
3695 3733 3761 3788 Et

2183 3803 2635 3875 subscripserunt.

2252 3872 2463 3947 Caelius,
2493 3875 2864 3947 Symmachus,
2892 3875 3176 3947 episcopus
3205 3872 3458 3947 Ecclesia:
3481 3872 3769 3941 Romanae,

2182 3943 2308 4014 huic
2332 3943 2644 4009 constitcto,
2669 3961 2702 4000 a
2722 3947 2878 4000 nobis
2899 3943 3403 4014 factofsubscripsi.

2253 4012 2481 4097 Caelius.
2495 4016 2830 4097 Laurentius,
2853 4016 3136 4097 episcopus
3156 4012 3764 4097 sanctieuilediola‘nene

2180 4082 2255 4138 sis
2282 4082 2550 4157 Ecclesiae,
2583 4087 2707 4141 huic
2732 4082 3098 4152 constituto,_a
3124 4084 3419 4140 venerabili
3449 4099 3586 4154 papa
3609 4085 3762 4157 Sym-

2180 4156 2374 4226 macho
2405 4156 2569 4224 facto,
2597 4157 2909 4226 subscripsi.

2253 4222 2444 4280 Petrus
2467 4222 2756 4295 episcopus
2780 4222 3059 4281 catholicae
3107 4223 3437 4295 Ravennatis
3484 4223 3766 4291 Ecclesia;

2180 4293 2306 4418 hulic
2334 4293 2712 4379 consumma
2740 4297 3030 4352 venerabili
3059 4311 3197 4366 papa
3238 4294 3566 4367 Symmacho
3596 4295 3759 4357 factu,

2180 4379 2240 4418 Sll
2284 4382 2490 4418 SCI‘IDSI.

2179 4369 2490 4423 subscripsi.

2250 4383 2506 4503 [33:83;
2532 4437 2817 4508 episcopus
2855 4443 3057 4508 sancite
3095 4433 3348 4508 Ecclesia;
3387 4435 3763 4508 Syracusana),

2181 4502 2308 4580 huic
2343 4502 2659 4580 constituto,
2692 4502 2734 4563 a’
2757 4507 3052 4564 venerabili
3068 4521 3207 4579 papa
3238 4502 3563 4580 Symmccho
3591 4505 3765 4570 facta,

498 4575 831 4653 substantia),
860 4590 997 4642 opus
1020 4584 1103 4653 est
1129 4581 1190 4628 ut
1216 4574 1633 4653 sollicitudiuem
1683 4586 1920 4631 nostram
1965 4593 2073 4653 non
2107 4594 2156 4653 υ
2181 4575 2493 4653 subscripsi.

499 4645 676 4699 solum
716 4645 783 4698 ad
811 4644 1112 4713 prrsentia,
1138 4645 1231 4697 sed
1268 4648 1431 4699 etiam
1474 4646 1543 4698 ad
1589 4656 1836 4701 secutura
1884 4647 2074 4701 mula

499 4716 854 4785 porrigamus,
884 4728 952 4768 ne
981 4715 1047 4766 ad
1079 4714 1268 4767 anima:
1296 4723 1492 4785 nostra;
1519 4715 1837 4770 detrimenta
1863 4717 2073 4771 contin-

501 4784 613 4854 gat,
643 4785 685 4839 si
705 4786 778 4850 hi,
799 4786 890 4856 qui
910 4793 1151 4856 possunt,
1177 4785 1392 4856 statutis
1416 4784 1614 4856 debere
1629 4787 1932 4841 innocentia
1950 4801 2078 4856 prae-

498 4853 762 4911 suntentis
785 4855 851 4909 de
881 4855 1129 4909 libertate
1175 4853 1640 4929 deliquerit,_cutn
1669 4857 1917 4929 religiosa
1949 4853 2075 4929 pos-

497 4929 605 4980 sint
635 4937 688 4981 et
718 4941 836 4990 nos,
865 4935 920 4979 ct
948 4939 1290 4996 successores
1337 4926 1510 4980 nostri
1558 4935 1830 4996 potestate
1876 4926 2071 4992 fulciri,

498 4999 704 5065 legibus
733 4995 1111 5052 ecclesiasticis
1136 4996 1448 5049 servientes.

568 5067 654 5122 IV.
690 5067 784 5123 llis
809 5079 938 5133 ergo
968 5065 1269 5134 perpensis,
1301 5081 1555 5121 mansuro
1594 5083 1716 5121 cum
1762 5066 1856 5122 Dei
1903 5068 2074 5123 nostri

495 5137 933 5194 consideratione
959 5137 1176 5192 decreto
1203 5136 1493 5206 sancimus,
1520 5144 1578 5189 ut
1616 5137 1744 5190 nulli
1766 5139 2074 5206 apostolica:

494 5211 639 5264 sedis
667 5207 880 5276 prmsuli
917 5222 947 5260 a
997 5206 1246 5328 ﬁnesenti
1273 5206 1361 5259 die
1404 5205 1578 5260 donec
1603 5205 1922 5276 disponente
1966 5209 2074 5263 Do-

495 5281 643 5328 mino
671 5277 952 5328 catholica:
1034 5277 1118 5328 dei
1167 5277 1424 5328 manserit
1451 5276 1691 5328 doctrina
1721 5277 1991 5328 salutaris.
2013 5279 2074 5328 lii

495 5281 643 5334 mino
671 5277 952 5334 catholica:
998 5276 1118 5331 hdci
1167 5277 1424 5330 manserit
1451 5276 1691 5330 doctrina
1721 5277 1992 5341 salutaris,
2013 5279 2079 5331 li-

496 5358 617 5403 ceat
645 5347 900 5416 pratdium
931 5348 1188 5401 rusticum
1218 5353 1648 5416 quantccunquc
1674 5345 1836 5401 fuerit
1856 5347 1941 5401 vel
1970 5363 2074 5402 nia-

497 5414 810 5485 gnitudinis,
857 5417 943 5471 vel
974 5418 1300 5484 exiguitatis,
1333 5414 1433 5485 sub
1460 5426 1718 5485 perpetua
1749 5417 2075 5472 alienatione

495 5482 580 5539 vel
625 5486 1042 5542 commutatione
1071 5482 1154 5540 'ad
1182 5482 1609 5554 cnjuslibetjura
1635 5486 1948 5554 transferre,
1977 5501 2078 5542 nec

496 5556 812 5621 cujusquam
837 5561 1183 5626 excusentur
1218 5553 1557 5626 necessitatis
1598 5553 1838 5608 obtentu.
1873 5553 2080 5626 Quippe

499 5636 625 5696 cum
649 5635 753 5675 non
805 5622 877 5675 sit
918 5623 1202 5696 personale
1247 5625 1389 5696 quod
1411 5623 1713 5696 loquimur,
1741 5639 1841 5678 nec
1888 5622 2083 5696 aliquis

500 5689 818 5746 clericorum
851 5689 935 5745 vel
960 5691 1218 5747 laicorum
1245 5689 1344 5747 sub
1373 5689 1499 5749 hac'
1527 5693 1810 5748 occasione
1861 5689 2078 5750 accepta

504 5771 736 5823 tueatur,
763 5760 853 5813 sed
888 5777 984 5815 nec
1015 5763 1082 5833 in
1103 5763 1494 5818 usumfrurtum
1518 5762 1641 5831 jura
1666 5763 1934 5833 aliquibus
1964 5760 2080 5821 dari

505 5834 678 5897 hocat,
711 5847 805 5885 nec
835 5833 958 5886 data
991 5832 1232 5897 retineri,
1257 5844 1450 5903 ιιι-ἀπιεῖ
1467 5835 1713 5902 clericos,
1743 5832 1796 5890 Ct
1820 5837 2077 5907 captivos,

2251 4645 2405 4702 Felix
2423 4648 2860 4715 lnteramnensis,

2253 4715 2586 4789 @niilianus
2601 4717 2950 4789 Vetellensis,

2255 4785 2520 4857 Iigridius
2548 4787 2878 4857 Taurinatis,

2250 4855 2443 4913 Bassus
2472 4857 2805 4922 Mutinensis,

2252 4925 2516 4984 Maximus
2537 4927 2814 4993 Bleranus,

2253 4995 2531 5066 Rufentius
2551 4998 2848 5066 lgnatiuus,

2254 5065 2602 5123 Martinianus
2631 5067 2908 5136 Ostiensis,

2254 5136 2597 5210 [ortuuatus
2612 5139 2991 5210 Vcssaneusis,

2257 5207 2532 5279 Eucarpus
2557 5209 2933 5279 llicssancnsis,

2252 5277 2557 5348 Stephanus
2584 5277 2906 5344 Venusinus.
2964 5287 2972 5292 ’

2257 5347 2514 5403 Romulus
2549 5347 2932 5417 Praenestinus,

2255 5417 2568 5489 yiitilcutius
2594 5420 2924 5489 Antiatinus,

2253 5486 2581 5558 Fortunatus
2611 5486 2942 5558 Fulgeuatis,

2257 5557 2554 5613 Martianus
2582 5557 2948 5621 Aicanicnsis,

2255 5626 2634 5697 Chrysogonus
2654 5628 3006 5695 Albanensis,

2257 5696 2577 5753 Laurentius
2603 5697 2971 5762 Bovianensis.

2257 5766 2580 5821 Paschasius
2612 5768 3010 5836 Vulturncnsis,

2259 5837 2459 5909 Aprilis
2483 5837 2809 5902 Nucerinus,
