2052 3245
255 150 307 177 555

253 212 350 243 ρτωιθιι
365 210 541 237 reverentiam
564 210 597 238 de
616 211 805 239 ecclesiasticis
830 212 944 245 negotiis
959 211 1043 246 perti-
1059 214 1081 241 Α

216 264 221 282 ,
253 251 328 276 nere,
345 246 515 282 committens
529 246 610 282 etiam
622 247 748 281 potestati
762 247 917 281 pontilicmn
927 267 934 279 ,
948 251 977 273 ut
987 247 1044 274 sive

219 279 222 315 ᾗ
254 280 420 315 propositum
436 279 535 308 vellent
558 279 652 308 audire
676 279 828 315 negotium,
856 283 913 309 sive
931 282 1042 313 nollent.

255 314 326 350 quod
341 315 425 349 magis
445 319 571 350 putarent
584 316 658 348 utile.
670 317 852 345 deliberarent
870 326 876 343 :
899 316 1044 344 dummodo

255 350 568 387 venerandi_provisione
591 352 698 378 concilii
721 360 773 387 pax
790 357 861 379 esset
884 352 912 379 in
936 352 1045 387 civitate

255 385 377 421 Romana
395 385 554 413 Christianis
574 387 710 421 omnibus,
722 385 784 421 quas
798 395 858 414 cum
878 387 951 421 juste
963 386 1045 413 oil‘er-

254 424 312 451 tur,
328 420 375 446 Dei
386 421 511 447 mandata
525 421 703 454 complentur.
721 420 803 449 Italiae
813 430 869 449 suae
880 420 948 449 dare
960 425 1047 449 recto-

255 462 311 482 rem
340 459 531 488 agnosccntes,
554 455 656 484 nullum
672 457 749 484 nobis
762 457 882 484 laborem
897 457 979 484 alium
1003 464 1047 483 re-

256 489 397 526 mansisse,
411 491 460 526 nisi
476 495 506 518 ut
519 491 681 519 dissidentes
695 500 755 519 cum
776 492 927 519 humilitate
946 498 1047 526 propo-

255 526 297 551 siti
314 525 399 552 nostri
421 525 456 553 ad
474 526 646 553 concordiam
675 527 855 559 hortaremur,
882 525 954 561 quia
964 533 1046 554 unum

255 564 337 587 tanta:
350 560 389 587 rei
401 561 531 592 restabat,
555 561 625 588 unde
636 562 691 588 Deo
710 569 865 596 pareremus
875 582 884 595 ,
899 565 928 588 ut
947 565 1047 589 sanetae

255 595 384 631 principis
397 596 537 627 voluntati,
551 597 696 624 invitamus
705 595 828 624 senatum
840 596 1046 631 amplissimum,

255 630 329 664 quali
354 631 474 666 oportuit
488 631 622 665 legatione
636 632 785 664 destinata,
801 630 943 659 monentes
963 631 1046 666 etin-

256 665 404 697 struentes,
429 673 524 693 causas
540 666 585 693 Dei
608 667 692 701 ipsius
709 667 809 701 judicio
830 665 1046 698 committendas,

257 700 303 734 qui
319 700 391 727 vaiet
405 708 503 735 corpus
519 700 650 732 occidere,
667 705 693 729 et
708 700 823 728 nimam
838 702 946 729 mittere
964 702 990 728 in
1005 707 1048 734 ge-

256 735 374 771 hennam
394 735 500 769 (Matth.
519 736 551 770 x)
567 745 573 762 :
589 736 634 771 qui
645 737 724 770 dicit,
739 736 802 764 Milli
815 736 983 768 vindicta,et
997 743 1047 770 ego

256 770 403 806 retribuam
418 771 527 806 (Ezech.
540 771 583 806 ix)
597 770 604 797 Ξ
616 771 692 806 Apud
707 779 786 806 quem
801 771 966 799 conscientia
977 771 1048 798 nuda

257 809 299 841 est
324 804 491 841 (Romgxu),
507 805 550 833 cui
572 804 626 833 non
640 804 852 834 'ahscortduntur
873 806 989 838 occulta,
1002 813 1049 833 co-

257 840 343 874 gitare
357 839 501 876 prudentes
515 841 587 876 viros
597 845 734 876 oportere,
743 846 844 876 quanta
857 841 1048 869 inconvenien-

259 879 312 911 ter,
326 879 353 902 et
368 875 585 910 prmjudicialiter
596 875 622 903 in
632 876 711 910 hujus
721 875 821 910 ntgotii
833 876 966 911 principio
981 884 1048 903 con-

687 153 856 182 APPENDIX
875 154 926 181 AD.
939 150 1201 181 COLLECTKONEM
1222 150 1299 178 DlON
1304 148 1462 178 YSIANAM.

1839 148 1893 175 556

1099 209 1195 236 Matth.
1212 217 1228 236 x
1237 209 1258 244 ).
1269 208 1304 244 Et
1317 209 1342 236 in
1354 213 1512 244 quacunque
1523 206 1633 244 civitate
1647 214 1815 244 pacem'esse
1826 215 1893 244 con-

1097 241 1254 271 iirmandam
1264 241 1410 275 aﬂirmans,
1426 241 1520 270 beatos
1530 249 1590 268 esse
1602 241 1668 268 dicit
1682 241 1808 276 paciﬁcos
1824 241 1893 277 (Ibi-

1096 280 1164 312 dem,
1176 279 1217 312 v).
1226 278 1288 306 Hmc
1298 279 1451 313 quicunque
1465 284 1500 313 ex
1513 277 1690 313 instructione
1704 281 1797 313 nostra
1808 278 1892 312 (quod

1096 322 1150 342 non
1161 312 1337 348 aestimamus)
1349 313 1391 340 vel
1399 320 1454 340 non
1469 312 1652 348 admittitLVel
1658 312 1800 348 retractari
1811 320 1892 347 posse

1096 349 1251 381 crediderit,
1267 346 1365 380 videat,
1377 346 1585 383 quiarinidivino
1597 346 1699 383 judicio
1720 346 1893 383 contemptus

1096 384 1138 411 sui
1149 384 1281 411 rationem
1292 387 1343 415 est,
1353 381 1423 411 sicut
1432 382 1466 409 de
1477 382 1533 409 Deo
1544 382 1714 414 conﬁdimus,
1728 381 1892 410 redditurus.

1097 419 1137 446 De
1164 419 1270 446 clericis
1290 419 1433 445 memorati
1459 424 1544 452 papae,
1570 417 1616 452 qui
1640 417 1674 444 ab
1698 417 1826 452 episcopo
1842 425 1893 445 suo

1097 458 1162 481 ante
1176 457 1281 487 tempus
1294 453 1403 487 aliquod
1423 451 1517 480 contra
1530 451 1637 486 regulas
1658 451 1854 486 discesserunt,
1865 457 1893 480 et

1097 488 1216 516 schisma
1228 487 1361 522 fecerunt,
1376 487 1429 515 hoc
1443 487 1500 515 ﬁeri
1513 487 1696 519 decrevimus,
1712 490 1741 513 ut
1754 494 1801 514 eos
1812 488 1894 514 satis-

1098 524 1229 551 facientes
1246 524 1373 558 episcopo
1386 530 1436 550 suo
1457 521 1643 558 misericordia
1663 522 1853 558 subsequatur.
1866 527 1894 549 et

1098 558 1195 586 ofﬁciis
1215 556 1405 586 ecclesiasticis
1425 565 1456 585 se
1467 557 1602 591 gaudeant
1622 556 1737 589 restitui,
1755 556 1825 591 quia
1840 558 1896 584 Do-

1099 594 1188 621 minus
1202 598 1230 621 et
1243 593 1410 628 Redemptor
1423 596 1517 620 noster
1529 599 1594 628 oves
1610 592 1732 628 perditas
1745 592 1779 618 ab
1799 600 1893 619 errore

1098 628 1206 655 laetatur
1219 626 1356 660 inventas,
1365 632 1393 656 et
1403 635 1485 662 super
1498 626 1639 662 profugum
1653 626 1737 654 ﬁlium
1752 631 1893 662 paternam

1099 663 1250 691 libertatem
1259 663 1376 691 caelestis
1390 661 1732 690 medicatoraccommodat
1746 661 1822 695 (Luc.
1835 664 1891 695 xv).

1100 697 1226 732 Quisquis
1240 706 1306 726 vero
1319 698 1478 725 clericorum
1493 701 1555 732 post
1569 697 1640 724 banc
1654 696 1768 732 formam
1771 704 1799 732 ξι
1816 697 1894 724 nobis

1100 730 1251 794 arebatam,
1266 740 1428 768 quocunque
1447 730 1555 760 sacrato
1570 732 1626 759 Deo
1643 732 1704 772 loco
1729 731 1756 758 in
1771 730 1894 760 Ecclesia

1125 775 1222 794 omana
1236 770 1332 794 missas
1343 768 1482 794 celebrare
1496 770 1706 794 nrtesumnsertt.
1718 770 1817 794 praeter
1826 775 1894 794 con-

1125 775 1222 795 omana
1236 766 1332 797 missas
1343 766 1482 796 celebrare
1496 766 1706 802 prtesumpset'it.
1718 770 1817 801 praeter
1826 775 1894 794 con-

1099 803 1240 840 scientiam
1255 811 1331 840 papte
1340 839 1344 840 ν
1354 803 1518 840 Symmachi,
1534 803 1597 840 dum
1608 802 1676 828 vivit
1689 802 1798 840 statutis
1810 809 1894 840 cano-

1101 838 1179 871 nicis,
1193 835 1267 866 velut
1289 835 1477 867 schismaticus
1498 837 1673 872 percellatur.
1699 835 1752 863 Ista
1778 836 1895 865 sumciat

1101 880 1161 900 cum
1173 873 1221 901 Dei
1234 874 1328 901 notitia
1339 874 1444 901 sincere
1457 871 1652 907 protulisse.Et
1665 871 1894 907 subscripserunt.

259 901 393 951 tigi'sseni,
404 901 740 952 efﬂagitata,Béiiiihé,
754 901 1050 952 Eaé‘nfiés'i"{déat‘aﬁt
1067 901 1086 930 Β
1103 945 1125 952 Α
1136 907 1299 952 baurentius
1309 901 1817 952 episcopusliicclesiteAMediglunensis
1827 908 1895 952 huic

258 945 455 978 remissionem,
471 946 590 980 peccatis
600 954 652 973 non
665 945 779 980 aperire,
795 946 844 973 sed
856 945 991 978 claudere,
1003 947 1049 980 qui

259 980 334 1015 quod.
342 980 481 1008 dicebatur
494 980 589 1015 majori
602 981 705 1015 judicio
716 988 855 1009 servamus
864 1001 872 1015 ,
885 982 1050 1009 instruentes

261 1022 309 1042 eos
323 1015 385 1052 quia
399 1022 448 1050 per
457 1023 512 1052 nos»
522 1015 705 1052 iiiisChristus
717 1016 930 1052 inpotuithan.
943 1017 982 1050 x).
995 1025 1049 1043 non

259 1057 330 1086 esse?
343 1050 446 1086 oviumr
457 1050 513 1086 lupi
528 1050 638 1078 insidias
652 1051 810 1086 praevidere.
837 1050 886 1079 sed
908 1052 1026 1086 pastoris
1041 1060 1047 1078 :

259 1085 387 1113 maxime.
403 1085 466 1119 quia
477 1085 503 1112 in
516 1093 596 1121 causa
609 1085 719 1121 praefata
734 1087 843 1117 multos.
860 1094 889 1114 se
902 1085 1049 1121 dignaban-

260 1124 304 1147 tur
318 1126 493 1154 cognoscere,
509 1124 538 1147 et
551 1120 607 1148 Deo
622 1121 776 1148 satisfacere
798 1129 875 1149 error
887 1120 1047 1149 involverat.

260 1154 295 1182 Et
308 1156 371 1190 quia
386 1163 439 1182 non
456 1159 581 1189 poterant
595 1156 669 1190 plura
683 1157 733 1183 sub
746 1157 795 1184 hac
806 1157 948 1184 occasione
961 1156 1049 1184 Eccle-

260 1191 306 1217 sia:
320 1190 439 1218 membra
451 1190 577 1224 dispergi,
594 1191 641 1218 sed
656 1191 738 1224 magis
754 1199 801 1225 per
815 1191 1048 1219 mansuetudinem

259 1225 384 1253 sustineri
411 1225 479 1261 sicut
499 1226 561 1252 boni
585 1234 635 1253 nos
647 1227 735 1260 operis
750 1226 849 1254 Paulus
868 1227 996 1261 magister
1009 1227 1050 1253 in-

240 1258 242 1262 ’
258 1264 395 1288 struxerat
408 1260 416 1295 (
429 1260 460 1286 II
477 1261 542 1287 Tim.
561 1261 602 1296 tv)
613 1282 620 1292 .
634 1258 725 1288 dicens
748 1262 881 1296 sanandos
893 1258 953 1290 esse
967 1261 1048 1296 pluri-

260 1303 319 1323 mos
329 1303 378 1331 per
393 1295 548 1332 patientiam
565 1301 592 1322 et
607 1296 765 1323 doctrinam.
782 1295 816 1323 Et
838 1295 992 1331 quicunque
1003 1305 1051 1332 pu-

259 1335 351 1358 tantur
363 1331 413 1361 rci.
437 1334 464 1367 et
485 1331 610 1364 gravibus
634 1332 751 1365 peccatis
776 1332 904 1367 involuti,
926 1331 1049 1367 quamvis

260 1366 348 1393 nullus
363 1370 405 1393 est
420 1365 464 1400 qui
487 1366 587 1393 delicto
602 1371 702 1398 careat,
718 1367 787 1393 sicut
801 1366 919 1394 Joannes
935 1365 1050 1394 testatur

260 1401 399 1435 apostolus
415 1400 534 1436 (IVJoan.
549 1400 630 1436 I).rSi
652 1401 740 1428 dicam
754 1401 816 1435 quia
831 1407 972 1436 peccatum
993 1409 1048 1429 non

260 1436 359 1469 habeo,
374 1435 489 1463 mendax
504 1435 574 1472 sum,
595 1435 645 1463 bos
661 1437 848 1472 tamenmagis
860 1437 991 1472 prcssuris
1004 1437 1051 1463 ho-

260 1472 361 1498 minum
381 1470 582 1506 sustentari,et
595 1471 739 1505 perterreri
754 1470 966 1505 bas’pas—siones.
980 1472 1049 1506 judi-

260 1507 301 1533 cia
316 1506 406 1533 divina
420 1505 546 1541 suspendi
559 1514 565 1531 :
581 1506 707 1538 maxime,
721 1513 782 1533 cum
804 1506 849 1533 illa
864 1514 923 1541 qute
946 1505 1049 1541 priemi-

260 1542 351 1573 simus,
364 1541 435 1568 inter
449 1540 501 1567 alia
510 1540 544 1567 de
558 1541 719 1568 auctoritate
731 1540 811 1572 sedis.
827 1540 976 1575 obstarent,
984 1542 1045 1575 quia

259 1576 331 1610 quod
345 1582 483 1610 possessor
498 1575 556 1609 ejus
570 1575 705 1610 quondam
719 1576 813 1603 beatus
823 1576 918 1604 Petrus
936 1577 1044 1604 meruit,

261 1612 288 1638 in
303 1610 443 1639 nobilitate
456 1611 635 1645 possessionis
645 1611 772 1642 accessit,
790 1616 818 1638 et
832 1610 982 1639 clartatem
997 1619 1046 1639 ve-

261 1651 346 1674 terem
368 1646 445 1673 vobis
457 1644 525 1677 'dat.
548 1644 595 1673 det
608 1646 707 1673 Christi
721 1645 786 1673 dote
804 1647 954 1674 rectoribus
969 1655 976 1672 :
992 1647 1047 1674 ela-

261 1685 377 1716 mantes,
400 1680 529 1716 scriptum
543 1688 603 1716 esse
626 1688 676 1715 per
698 1682 858 1716 prophetam
880 1689 914 1709 ex
932 1689 1046 1716 persona

261 1716 310 1743 Dei
322 1715 400 1750 (Isai.
414 1715 453 1749 1.).
468 1715 592 1749 Nunquid
606 1723 659 1742 non
674 1716 746 1743 valet
760 1724 855 1744 manus
868 1715 976 1743 mea’ad
987 1724 1048 1744 con-

261 1752 421 1779 sumendum
435 1758 483 1778 eos
502 1751 548 1784 qui
562 1752 737 1778 erraverunt?
752 1751 814 1779 Haec
828 1751 922 1779 eadem
937 1752 1048 1786 schissi-

262 1794 315 1819 mc,
327 1786 397 1815 sicut
411 1786 539 1819 oportuit.
556 1790 758 1814 commonentes
775 1795 782 1813 :
799 1790 828 1813 ut
854 1787 945 1814 habita
964 1787 1048 1814 inten—

262 1821 335 1849 tione
348 1820 527 1856 disccderent.
540 1825 569 1848 et
584 1820 683 1848 factum
699 1825 831 1853 nostrum,
845 1822 918 1856 quod
928 1822 997 1849 Deus
1011 1823 1048 1849 in-

259 1857 418 1891 spiraverat,
441 1855 518 1890 juxta
532 1856 687 1884 mandatum
707 1857 835 1892 principis
854 1855 911 1884 non
936 1857 1050 1885 discute~

259 1896 321 1919 rent
329 1913 335 1923 ,
349 1891 397 1919 sed
410 1896 599 1926 sequerentur,
612 1892 683 1919 sicut
695 1891 809 1919 decebth
820 1891 947 1920 Ecclesia:
961 1892 1029 1920 ﬁlios
1039 1915 1045 1926 ,

259 1935 310 1954 nec
322 1927 372 1954 sub
387 1927 643 1954 bacintermissione
650 1927 854 1958 contenderent.
862 1931 889 1954 et
896 1932 1049 1955 crescerent

259 1961 388 1990 Ecclesia:
402 1961 573 1989 detrimenta.
587 1961 652 1994 Quae
666 1970 709 1989 res
723 1962 853 1996 poscebat
867 1969 928 1989 cum
942 1961 1049 1990 festina-

260 1998 333 2024 tione
347 1997 479 2027 succurri.
496 2000 523 2023 et
535 1997 611 2023 nobis
623 1996 702 2030 hujus
717 1997 862 2024 celeritatis
885 2001 913 2024 et
924 1997 977 2025 illis
987 1998 1049 2025 obe-

259 2033 369 2060 dientite
382 2032 527 2059 necessitas
542 2031 698 2059 imminebat
713 2040 720 2057 :
735 2032 853 2059 maxime
861 2039 923 2060 cum
940 2040 1047 2060 omnem

278 2075 328 2095 ene
339 2067 444 2102 plebem
459 2073 602 2094 cernamus
616 2066 674 2101 ejus
689 2067 872 2094 communioni
894 2067 1049 2096 indissocia-

278 2076 328 2095 cue
339 2076 444 2102 plebem
459 2076 602 2094 cernamus
616 2076 674 2101 ejus
689 2076 872 2094 communioni
894 2076 1049 2096 lllﬂlSSOCla-

259 2076 348 2130 Bilitcr
363 2102 519 2133 adhtesisse.
532 2102 609 2133 cujus
623 2109 672 2129 nos
686 2109 742 2129 non
761 2102 866 2129 modica
879 2110 942 2130 cura
959 2103 1049 2131 stimu-

259 2138 329 2165 labat
336 2145 386 2168 ,ηε
397 2138 424 2164 in
440 2138 534 2171 aliquo
542 2136 678 2164 laberetur
688 2144 790 2164 errore.
803 2136 906 2170 Quibus
915 2138 1046 2173 allegatis,

259 2180 319 2200 cum
334 2173 382 2199 Dei
396 2174 479 2199 nostri
494 2172 677 2200 obtestatione
693 2172 873 2203 decernimus.
891 2173 986 2200 barum
1001 2181 1049 2201 ne-

258 2208 424 2238 cessitatum.
436 2208 478 2234 vel
490 2207 649 2241 religionum
663 2207 881 2235 consideratione
893 2209 1007 2241 astricti,
1020 2214 1050 2236 et

258 2242 361 2269 cmlesti
389 2242 564 2279 inspiratione
588 2243 735 2279 perpensis
760 2243 906 2279 omnibus.
934 2251 994 2279 qua:
1021 2244 1047 2271 in

257 2284 338 2304 causa
361 2281 450 2308 erant,
473 2277 648 2309 inspiratione
669 2278 793 2311 secretis,
815 2282 845 2305 ut
870 2277 1046 2311 Symmachus
1061 2281 1087 2311 D

258 2320 330 2349 papa
336 2312 407 2349 sedis
416 2312 571 2349 apostolica:
586 2312 696 2347 pnesul,
707 2312 907 2349 abrhnjusmodi
922 2315 1044 2349 proposi-

258 2347 374 2374 tionibus
389 2347 548 2383 impolitus,
568 2352 697 2382 quantum
710 2348 751 2375 ad
775 2348 898 2375 homines
923 2347 1044 2383 respicit,

261 2382 320 2416 quia
335 2386 421 2409 totum
436 2382 525 2418 causis
544 2382 739 2418 obsistentibus
752 2384 876 2418 superius
898 2382 1045 2418 designatis

252 2422 375 2451 tronstat,
390 2417 500 2444 arbitrio
511 2417 601 2444 divino
614 2417 694 2445 fuisse
704 2418 853 2450 dimissum,
863 2419 897 2446 sit
908 2417 1043 2450 immunis.

257 2458 284 2480 et
298 2452 375 2485 liber,
390 2456 418 2479 et
438 2452 596 2480 Christianae
611 2452 683 2488 plebi
696 2453 755 2480 sine
775 2453 863 2487 aliqua
880 2453 914 2480 de
933 2454 1045 2488 objectis

256 2488 408 2522 oblatione,
429 2488 457 2515 in
477 2488 600 2515 omnibus
622 2487 752 2515 Ecclesiis
773 2489 841 2520 suis,
855 2488 888 2515 ad
914 2489 958 2522 jus
969 2487 1045 2517 'sedis

253 2531 310 2551 sute
323 2523 538 2558 pertinentibus,
553 2528 582 2551 et
604 2523 693 2550 tradat
709 2523 800 2550 divina
825 2524 966 2558 mysteria,
982 2526 1044 2559 quia

252 2567 315 2586 eum
326 2559 362 2600 ob
373 2559 590 2600 impugnatorum
602 2558 920 2600 suorum'impetitionem
935 2558 1045 2600 propter

252 2595 378 2628 superius
390 2593 545 2628 designatas
555 2599 660 2624 causas,
677 2593 788 2627 obligari
800 2601 854 2620 non
868 2593 992 2628 potuisse
1002 2603 1046 2622 co-

252 2627 405 2661 gnbvimus.
430 2627 507 2655 Unde
533 2628 679 2655 secundum
708 2627 877 2663 principalia
893 2633 1042 2664 prmcepta,

252 2671 313 2698 quas
329 2668 427 2691 nostra:
435 2663 489 2691 hoc
500 2663 621 2691 tribuunt
632 2664 772 2697 potestati,
784 2664 807 2691 ei
818 2664 945 2698 quidquid
961 2663 1047 2692 eccle-

253 2699 353 2726 siastici
369 2699 439 2726 intra
453 2706 558 2726 sacram
585 2699 678 2726 urbem
703 2698 826 2730 Romam,
842 2699 884 2726 vel
900 2699 964 2727 foris
975 2700 1043 2734 juris

253 2738 304 2765 est,
319 2734 507 2767 refortnamus,
531 2738 617 2761 totam
640 2741 748 2761 causam
774 2734 820 2761 Dei
840 2734 941 2768 judicio
956 2743 1044 2762 reser-

254 2773 357 2801 vantes,
364 2769 503 2796 universos
508 2770 657 2802 hortantur.
667 2773 696 2796 ut
702 2776 806 2797 sacrant
814 2770 1042 2802 communionem,

253 2803 322 2830 sicut
335 2811 380 2831 res
394 2804 520 2838 postulat,
533 2805 567 2831 ab
592 2812 625 2832 eo
645 2805 805 2839 percipiant,
821 2808 849 2831 et
871 2804 927 2838 Dei,
943 2809 971 2832 et
986 2805 1044 2832 ani-

253 2847 356 2866 martttn
370 2846 480 2875 suarum
494 2840 675 2872 meminerint,
691 2840 751 2874 quia
767 2840 825 2875 ipse
838 2844 866 2867 et
878 2847 984 2867 amator
997 2848 1044 2875 pa—

253 2874 290 2900 cis
304 2878 355 2906 est,
372 2877 400 2901 et
411 2874 467 2908 ipse
482 2882 533 2909 pax
544 2879 595 2907 est,
611 2875 656 2908 qui
672 2874 782 2907 monet,
794 2874 890 2902 Pacem
904 2874 1042 2903 meam'do

254 2910 339 2942 vobis,
370 2916 463 2944 pacem
492 2917 579 2937 meam
607 2910 730 2944 relinquo
754 2910 829 2938 vobis
858 2910 952 2946 (Junii.
980 2919 1041 2944 xtv;

1102 945 1202 971 statuto
1217 941 1358 976 nostrofin
1371 941 1424 978 quo
1439 947 1524 971 totam
1535 950 1641 970 causam
1655 942 1700 969 Dei
1708 941 1811 977 judicio
1823 950 1896 970 com-

1101 978 1235 1014 misimus,
1246 979 1402 1014 subscripsi.

1137 1012 1233 1041 Petrus
1245 1012 1388 1049 episcopus
1400 1013 1524 1042 Ecclesiae
1537 1012 1702 1049 Ravennatis
1717 1012 1781 1039 huic
1789 1015 1896 1049 statuto

1102 1052 1204 1109 ηοὲιιεοε
1218 1047 1306 1090 inquo
1315 1047 1399 1080 totam
1406 1056 1516 1077 causam
1528 1048 1575 1076 Dei
1586 1048 1687 1083 judicio
1697 1047 1893 1079 commisimus.

1102 1088 1132 1109 Su
1152 1091 1256 1109 SCI‘IDSI.

1101 1084 1256 1119 subscripsi.

1136 1118 1214 1146 Felix
1226 1119 1431 1151 Iteramnensis,

1136 1153 1266 1182 Maximus
1281 1155 1420 1187 Bleranus,

1136 1188 1270 1217 Maximus
1285 1189 1445 1221 Ticinensis,

1136 1223 1280 1258 Gerontius
1294 1224 1457 1258 Fundensis,

1136 1257 1296 1287 Laurentius
1312 1260 1433 1293 Boetisis,

1135 1293 1282 1322 Mercurius
1295 1294 1428 1327 Sutrinus,
1466 1313 1469 1317 .

1137 1328 1245 1364 iiilarus
1257 1330 1434 1364 Tempsanus,

1134 1363 1307 1392 Innocentius
1321 1365 1477 1398 Fertinatis,

1138 1398 1232 1427 Vitalis
1247 1400 1401 1433 Fundanus,

1135 1433 1239 1462 Aristus
1250 1434 1390 1467 Ostiensis,

1136 1468 1228 1497 Victor
1241 1470 1383 1503 Lunensis.

1135 1503 1326 1540 Chrysogonus
1340 1506 1510 1537 Albanensis,

1135 1538 1273 1567 Romanus
1286 1541 1479 1572 Nomentanus.

1135 1573 1295 1609 Cresconius
1309 1575 1481 1609 Tudertinus,

1134 1608 1252 1646 Joannes
1261 1610 1418 1646 Spolitinus.

1135 1643 1293 1680 Laurentius
1306 1646 1486 1680 Vergomatis,

1134 1679 1274 1708 Rufentins
1287 1679 1443 1714 Agnatinus,

1134 1714 1280 1743 Martianus
1293 1716 1410 1747 Acanus,

1133 1749 1296 1778 Fortunatus
1310 1751 1440 1785 Agninus.

1136 1785 1310 1821 innocentius
1323 1786 1595 1821 Forosempromen.,

1135 1819 1242 1856 ﬂilarus
1257 1820 1450 1856 Tempranen.,

1133 1854 1278 1883 Severinus
1290 1854 1497 1888 Tu‘ndaritanus,

1134 1889 1307 1925 Sebastianus
1317 1891 1447 1925 Somnus,

1135 1924 1211 1953 Felix
1225 1927 1374 1959 Atellanus,

1135 1959 1303 1996 Propinquus
1317 1961 1463 1993 Tribensis.

1134 1995 1287 2025 Bonifacius
1297 1996 1495 2029 Cameritanus,

1134 2030 1290 2060 Vindemius
1308 2031 1469 2063 Antiatinus.

1135 2063 1293 2101 Valentinus
1306 2067 1501 2101 Amiterninus,

1135 2100 1287 2137 Bpnifacius
1298 2100 1515 2137 Aquaevivensis,

1134 2136 1296 2165 Emilianus
1310 2136 1440 2171 Sitranus,

1133 2171 1277 2200 Cassianus
1289 2172 1457 2206 Mutinensis,

1134 2206 1288 2242 Stephanus
1300 2208 1462 2242 Venusinus,

1135 2241 1298 2278 Fortunatus
1312 2241 1490 2278 Fulginensis.

1132 2276 1286 2313 Stephanus
1296 2276 1502 2313 Neapolitanus,

1133 2312 1310 2348 Maximianus
1326 2312 1480 2348 Perusinus,

1134 2347 1299 2383 Concordius
1309 2348 1456 2383 Mcsinatis,

1133 2382 1228 2411 Castus
1243 2383 1388 2416 Pratensis,

1134 2417 1277 2454 Martyrius
1290 2419 1505 2452 Terracinensis,

1134 2453 1256 2482 Asterius
1270 2455 1421 2486 Aquinatis,

1134 2487 1274 2525 Amantius
1290 2487 1460 2525 Potentinus,

1135 2522 1216 2552 Ursus
1232 2524 1370 2556 Reatinus.

1133 2559 1304 2587 Innocentius
1318 2560 1474 2594 Mivanatis,

1133 2594 1270 2622 Eustasius
1282 2596 1485 2628 Cremonensisr

1135 2628 1270 2665 Eucarpus
1285 2629 1434 2665 Meresape,

1132 2664 1248 2692 Serenus
1264 2666 1391 2696 Nolanus.

1135 2699 1279 2735 Entychius
1294 2700 1448 2731 Tranensis,

1133 2734 1289 2763 Paschasius
1301 2735 1498 2769 Vulturnensis,

1133 2769 1207 2797 Felix
1218 2770 1376 2805 Nepesinus,

1132 2805 1303 2833 Innocentius
1319 2805 1467 2833 Direntiutn
1483 2805 1683 2840 Tiberium-um,

1131 2840 1262 2872 Sylvanus
1278 2841 1440 2872 Veliternus.

1132 2875 1278 2904 Mercurius
1293 2877 1442 2907 Gabinalis.

1133 2913 1257 2940 Bustit-us
1269 2912 1445 2945 Buxentiuus,
