4104 6556
337 456 443 509 537

413 569 721 625 Adeodatus
745 568 1085 636 Formianus,

410 640 593 696 Justus
614 640 957 708 Signatinus,

411 710 684 778 Augustus
708 708 1077 778 Liparitanus,

415 782 744 835 Fortunatus
768 782 1092 846 Suessanus,

410 850 684 907 Jocundus
719 852 1083 920 Augustaons,

418 921 695 976 Viticanus
723 921 1077 985 Celcniensis,

419 989 799 1061 Proculeianus
820 991 1114 1061 Sepinatis,

422 1061 616 1128 Aprilis
646 1060 1042 1127 Lateranensis,

421 1131 624 1185 Memor
651 1131 975 1197 Canusinus,

420 1199 661 1270 Elpidius
686 1200 1091 1269 Volaterranus,

422 1270 730 1326 Adeodatus
758 1273 934 1344 Sylva:
961 1273 1239 1335 Candidas.

1314 446 1689 507 COLLECTIO
1725 447 1767 502 ll
1806 445 2273 503 DECRETORUM
2318 446 2420 500 PP.
2467 445 2579 500 RR.

1963 573 2009 631 Α
2109 562 2347 631 Rogatus
2374 560 2878 626 Tauromenitanus,

2110 632 2315 687 Probus
2339 632 2739 694 Carmeiancn.,

2110 702 2377 771 Tigridius
2416 701 2775 769 Tauriganus,

2110 772 2349 827 Joannes
2379 771 2756 835 Ariminensis,

2112 842 2381 896 Candidus
2409 840 2745 905 Tiburtinus,

2116 912 2326 966 Asellus
2350 910 2775 980 Popolicnensis,

2114 983 2420 1052 Collonicus
2444 980 2899 1052 Foroclodiensis,

2114 1052 2349 1106 Joannes
2369 1050 2709 1119 Turritanus,

2121 1123 2381 1177 Venerius
2412 1118 2693 1186 Pallensis,

2117 1192 2316 1248 Servus
2335 1191 2429 1245 Dei
2458 1189 2796 1254 Ferenensis,

2115 1262 2380 1318 Dulcitius
2408 1260 2591 1315 Sancti
2626 1260 2850 1316 Antimi.

386 1356 3569 1382 W

368 1416 411 1465 χι

428 1640 670 1714 lustinus
699 1640 968 1711 Augustus
996 1639 1294 1697 Hormisdte
1320 1656 1492 1712 papas.
1585 1710 1617 1714 __
1955 1709 1959 1714 ,

430 1711 555 1783 Quo
570 1711 769 1783 fuimus
790 1710 1025 1783 semper,
1058 1719 1115 1767 et
1134 1727 1243 1780 quo
1269 1710 1453 1783 sumus
1481 1710 1658 1783 studio
1686 1723 1785 1783 pro
1814 1722 1946 1763 con-

359 1766 609 1838 ciliandis
637 1766 927 1840 sententiis
944 1766 1264 1836 catholicam
1311 1766 1470 1837 fidem
1492 1766 1499 1767 ⁷
1523 1766 1838 1842 colentium,
1889 1783 1948 1832 ut
1982 1766 2023 1825 Β

361 1853 558 1906 eodem
594 1852 773 1905 animo
819 1853 998 1907 cuncti
1044 1860 1371 1907 venerentur
1408 1852 1588 1906 lumen
1618 1849 1949 1905 individuum

362 1923 663 1987 Trinitatis,
694 1923 869 1992 palam
902 1922 1092 1978 fecisse
1115 1923 1479 1991 dignoscimur
1510 1940 1524 1975 :
1553 1936 1696 1975 nunc
1718 1920 1953 1992 legatum

365 1994 433 2046 ad
456 1989 1099 2048 vestram'beatitudinem
1130 1989 1273 2047 ultro
1303 1994 1373 2047 ob
1401 1993 1506 2050 hoc
1529 1993 1700 2061 ipsum
1712 1989 1953 2061 dirigen-

367 2071 453 2118 tes
469 2061 691 2133 Gratum
711 2064 885 2117 virum
906 2063 1253 2133 spectabilem
1281 2060 1591 2131 magistrum
1620 2060 1820 2133 scrinii,
1846 2072 1955 2126 quo

369 2131 667 2187 remedium
720 2130 951 2188 tandem'
982 2133 1286 2202 reperiatur
1331 2130 1612 2189 discordiis
1659 2130 1957 2202 varia_cer-

371 2203 646 2286 tantium_§
681 2219 823 2285 nunc
846 2218 1025 2286 prono
1050 2197 1351 2286 libentique
1378 2197 1957 2286 suscipientesafl'ectu

372 2274 523 2327 viros
552 2271 1001 2340 religiosissimos,
1031 2289 1168 2342 quos
1198 2271 1589 2329 interventores
1619 2271 1843 2342 unitatis
1866 2284 1958 2322 ve-

373 2350 488 2396 stra
506 2412 518 2417 _
539 2337 697 2397 sedes
724 2344 1022 2417 apostolica
1049 2337 1276 2397 credidit
1309 2342 1676 2417 destinandos.
1710 2337 1959 2417 Profecto

376 2412 577 2483 etenim
603 2408 858 2483 tanquam
889 2414 1054 2483 ipsam
1084 2429 1290 2483 pacem,
1324 2422 1381 2468 et
1401 2412 1649 2482 jocundis
1668 2424 1771 2483 eos
1792 2408 1963 2463 oculis

378 2479 792 2552 aspcximusfet
817 2479 1051 2538 extensis
1080 2479 1327 2539 inanibus
1355 2479 1605 2537 duximus
1633 2479 1965 2550 amplecten-

380 2550 501 2607 dos.
532 2550 837 2618 Quinetiam
870 2554 1015 2607 omni
1038 2555 1335 2609 intentione
1362 2553 1751 2614 ordinabimus,
1784 2556 1842 2603 ut
1869 2562 1963 2601 ve-

379 2623 635 2694 nerabilis
650 2621 895 2694 Ecclesia
924 2622 1537 2694 Constantinopolitana,
1561 2637 1661 2694 nec
1690 2635 1797 2694 non
1825 2633 1967 2674 com-

381 2693 565 2769 plures
590 2693 709 2769 alia;
738 2691 1411 2769 vota_susci_piantuestra,
1438 2709 1542 2769 non
1572 2691 1745 2747 solum
1776 2691 1829 2743 in
1858 2704 1965 2769 cre-

382 2763 539 2829 teris,
568 2763 663 2816 sed
694 2763 746 2817 in
787 2763 1091 2819 auferendis
1118 2765 1281 2819 etiam
1310 2764 1638 2828 nominibus,
1685 2776 1754 2815 ex
1801 2763 1968 2814 sacris

380 2833 673 2903 diptychis,
691 2848 811 2903 qua:
827 2834 1151 2889 removenda
1181 2836 1413 2889 maxime
1425 2829 1968 2903 postulastisﬂerum

386 2898 658 2958 nonnulla:
706 2898 921 2958 fuerunt
968 2905 1127 2959 urbes
1178 2913 1233 2959 et
1262 2898 1517 2960 Ecclesia:
1569 2912 1677 2959 tam
1736 2898 1971 2954 Pontica:

386 2988 550 3042 quam
580 2971 738 3044 Asiae,
771 2990 836 3030 ac
865 2975 1133 3044 praecipue
1160 2974 1478 3039 Orientales,
1516 2986 1742 3042 quarum
1766 2970 1966 3044 clerici.

386 3041 473 3098 vel
496 3043 677 3113 populi
708 3041 956 3099 omnibus
983 3041 1269 3115 pertentati
1300 3046 1455 3101 minis
1475 3041 1636 3112 atque
1664 3041 1970 3115 persuasio-

387 3110 586 3190 nibus;
601 3121 783 3168 tamen
813 3110 1150 3190 nequaquam
1188 3113 1313 3169 flexi
1342 3123 1466 3175 sunt
1505 3110 1565 3168 ut
1609 3110 1798 3190 tollant
1829 3110 1971 3190 anti-

386 3186 597 3255 stitum,
623 3193 678 3238 et
696 3180 968 3255 repellant
989 3180 1226 3255 nomina,
1252 3200 1481 3253 quorum
1510 3182 1649 3253 apud
1668 3196 1764 3239 eos
1786 3180 1974 3255 _opinio

390 3253 597 3320 floruit,
619 3253 713 3309 sed
743 3251 917 3310 morte
947 3254 1111 3309 vitam
1140 3251 1414 3310 duriorem
1443 3251 1729 3316 aestimant,
1755 3251 1799 3305 si
1830 3265 1977 3305 mor-

390 3333 516 3380 tuos
536 3324 1037 3389 condemnaverint,
1079 3340 1307 3393 quorum
1336 3325 1706 3393 gloriabantur
1748 3323 1857 3393 vita
1884 3336 1976 3393 su-

390 3397 701 3465 perstitum.
719 3394 856 3462 Quid
880 3397 1038 3464 igitur
1058 3390 1313 3450 faciamus
1326 3390 1629 3464 huiusmodi
1648 3390 1974 3465 pertinacia},

433 3480 517 3519 me
547 3480 648 3521 nec
675 3466 821 3520 dicto
847 3463 1071 3521 audiens
1099 3467 1300 3531 existit,
1333 3463 1684 3525 et’tormenta
1712 3463 1976 3517 intaotum

432 3536 646 3610 espicit,
664 3544 730 3590 ut
758 3536 991 3606 amplum
1014 3536 1140 3610 sibi,
1163 3551 1227 3590 ac
1253 3535 1498 3610 festivum
1521 3535 1726 3610 iudicet
1742 3532 1978 3610 ,Asi‘cor-

395 3600 533 3675 pore
566 3606 715 3675 prius
762 3600 923 3675 quam
970 3600 1222 3674 religioso
1260 3606 1483 3663 desistat
1522 3600 1785 3675 consil.o?_
1814 3600 1979 3655 Nobis

395 3672 613 3752 quidem
644 3672 856 3752 videtur
876 3692 1012 3752 opus
1035 3672 1156 3732 esse
1184 3676 1396 3752 mollius
1421 3674 1634 3752 agendi,
1666 3681 1722 3727 et
1739 3672 1977 3752 clemen-

400 3741 526 3807 tius,
550 3760 671 3814 qnaz
698 3747 743 3821 _si
774 3741 958 3821 non
988 3754 1079 3801 tua
1099 3741 1477 3801 sanctitudine
1501 3745 1635 3821 jam,
1660 3757 1760 3797 nec
1790 3742 1841 3797 in
1871 3741 1980 3821 alio

396 3811 657 3885 poterunt
698 3817 959 3883 inveniri;
990 3832 1117 3872 nam
1145 3831 1319 3885 neque
1345 3811 1646 3883 sanguinis,
1680 3811 1981 3885 etipsuppli-

396 3882 607 3941 ciorum
638 3886 816 3956 cupidi
848 3886 1013 3957 (quod
1041 3886 1185 3949 dictu
1226 3882 1387 3941 etiam
1417 3882 1580 3957 grave
1609 3885 1714 3953 est)
1746 3882 1981 3938 libellum

396 3958 755 4026 suscepimus,
789 3956 965 4025 neque
995 3965 1053 4011 ut
1099 3972 1266 4026 parvo
1310 3956 1634 4026 discrimine?
1666 3958 1982 4007 remaneant

400 4022 717 4095 imperfecta
744 4022 1067 4089 concordiae
1095 4022 1360 4083 desideria
1392 4045 1403 4079 :
1453 4025 1547 4080 sed
1574 4025 1642 4079 ad
1684 4036 1981 4095 prorogan-

397 4093 686 4165 dainLquo
714 4112 996 4165 possumus
1024 4096 1231 4161 ordine,
1251 4097 1685 4165 cunjunctionem
1714 4093 1984 4165 membro-

400 4181 520 4219 rum
550 4162 821 4221 Eeclesizc.
856 4165 1047 4221 Utrum
1089 4168 1269 4236 itaque
1312 4162 1651 4237 praestantius
1681 4164 1783 4218 erit
1812 4162 1983 4237 mino«

400 4252 520 4288 rum
551 4237 723 4303 gratia
748 4238 799 4290 in
833 4245 1003 4291 totum
1032 4252 1152 4293 esse
1179 4231 1333 4292 nobis
1362 4236 1614 4297 adversas
1641 4242 1818 4288 tantas
1842 4231 1983 4303 mul-

403 4301 683 4382 titudines,
715 4322 784 4382 an
834 4309 1110 4363 concessis
1131 4308 1466 4382 _exiguis,_et
1497 4304 1755 4371 remissis,
1779 4301 1984 4382 majora

402 4385 460 4428 et
484 4378 632 4430 omni
660 4378 870 4432 ratione
895 4377 1181 4447 quaerenda
1209 4373 1406 4445 corrigi
1435 4392 1447 4428 :
1479 4385 1536 4447 ut
1559 4389 1808 4447 quaenon
1837 4373 1987 4447 licuit

404 4460 501 4569 pler
513 4447 714 4513 omnia,
742 4441 933 4503 saltem
956 4465 1023 4503 ex
1052 4441 1378 4505 necessariis
1396 4441 1633 4515 partibus
1652 4441 1986 4509 allegantur?

454 4516 635 4569 eniam
663 4517 842 4569 itaoue
859 4520 1135 4569 nominum
1156 4518 1510 4569 postulamus.
1535 4531 1644 4569 non
1666 4514 1854 4568 Acatii.
1878 4527 1986 4565 non

1418 1454 1782 1516 DECRETA
1832 1442 2269 1509 noananE
2318 1425 2566 1503 PAR/E.

2046 1642 2248 1699 sponso
2268 1626 2439 1680 ketior
2462 1623 2691 1699 mundus
2712 1625 2989 1699 reddatur.
3007 1625 3449 1699 Rctincat‘autem
3462 1632 3638 1678 vestra

2048 1694 2327 1760 sanctitas,
2360 1696 2507 1766 quod
2553 1694 2756 1766 dudum
2804 1696 3114 1766 scripsimus
3154 1710 3223 1750 ex
3255 1694 3475 1749 Oriente
3503 1710 3634 1762 sup-

2051 1768 2371 1841 plicationes
2383 1765 2386 1766 ⁷
2399 1766 2553 1819 nobis
2579 1779 2697 1841 esse
2709 1765 3019 1841 _destinatas
3044 1766 3379 1841 voluntatem
3402 1766 3638 1833 ipsorum

2056 1834 2397 1905 continentes
2438 1845 2495 1889 et
2536 1835 2857 1900 arbitrium,
2908 1836 2962 1889 in
3016 1852 3126 1905 quo
3172 1850 3294 1889 sese
3349 1834 3640 1905 duraturos

2055 1907 2349 1964 ostendunt
2372 1903 2614 1967 firmiter,
2638 1914 2735 1959 eta
2755 1920 2863 1973 quo
2880 1906 3023 1959 nulla
3036 1902 3256 1959 ratione
3274 1902 3642 1958 desistendum

2055 1979 2343 2034 :estimant.
2376 1974 2527 2029 Hanc
2555 1976 2738 2041 itaque
2766 1975 3068 2030 chartulam
3105 1975 3402 2029 secundum
3452 1980 3640 2027 nostra

2056 2047 2453 2121 promissa__per
2484 2042 2744 2121 Joannem
2772 2044 2948 2121 _virum
2996 2044 3498 2121 reverendissimum
3523 2044 3646 2121 epi-

2058 2112 2283 2188 scopum
2305 2112 2638 2183 dirigendam
2662 2114 2815 2188 vobis
2838 2115 2888 2188 _in
2914 2114 3165 2183 praesenti
3186 2114 3384 2188 _merito
3414 2112 3648 2188 credidi-3

2060 2181 2180 2243 mus
2214 2204 2225 2238 :
2261 2193 2319 2240 ut
2347 2201 2377 2239 a
2400 2181 2577 2239 vestra
2623 2183 2749 2238 sede
2778 2181 2941 2238 etiam
2965 2192 3121 2239 tenor
3149 2182 3265 2251 ejus
3288 2182 3551 2237 admissus
3581 2181 3646 2235 ad

2062 2255 2390 2325 colligendas
2416 2251 2679 2325 proﬁciat,
2713 2260 2769 2307 et
2797 2252 3110 2325 aduoandas
3137 2253 3335 2322 ubique
3350 2251 3647 2325 cvenerabif

2062 2328 2144 2382 les
2188 2322 2474 2388 Ecclesias,
2506 2330 2562 2395 et
2615 2322 3154 2395 Hierosolymitanam
3202 2322 3473 2395 prtecipue
3504 2322 3647 2395 :_‘cui

2064 2406 2270 2451 tantum
2297 2408 2485 2449 omnes
2515 2392 2751 2448 favorem
2782 2390 3113 2462 impendunt,
3130 2390 3282 2461 quasi
3311 2390 3470 2462 matri
3496 2390 3652 2445 Chri-

2064 2467 2221 2528 stiani
2257 2465 2506 2527 nominis,
2540 2471 2598 2516 ut
2625 2478 2785 2517 nemo
2815 2461 3011 2517 audeat
3041 2464 3109 2517 ab
3159 2478 3221 2516 ea
3270 2474 3389 2517 sese
3441 2461 3649 2516 discer-

2066 2552 2215 2595 nere.
2258 2534 2593 2589 Conscnsum
2640 2534 2821 2602 itaque
2849 2533 3129 2602 proprium
3154 2540 3299 2585 tuam
3329 2531 3651 2602 sanctitudi-

2068 2621 2191 2660 nem
2224 2603 2499 2672 epistolari
2528 2600 2748 2671 quoque
2773 2600 2968 2671 pagina
3021 2602 3275 2672 convenit
3328 2600 3604 2672 declarare
3637 2617 3650 2651 :

2070 2684 2127 2730 ut
2156 2670 2372 2742 cognito
2390 2670 2659 2742 omnibus,
2690 2670 2853 2740 atque
2883 2671 3150 2741 patefacto
3194 2679 3386 2742 tenore
3412 2670 3653 2738 ejusdem

2070 2741 2326 2800 chartula!
2364 2758 2393 2801 a
2441 2741 2594 2796 vobis
2623 2742 2787 2795 etiam
2816 2742 3051 2806 laudari,
3092 2748 3148 2796 et
3178 2741 3443 2796 tenaciter
3470 2747 3654 2794 custo-

2070 2815 2170 2869 diri
2200 2815 2372 2869 lactior
2399 2810 2629 2866 mundus
2657 2811 2872 2865 existat.
2908 2812 3041 2866 Data
3072 2827 3104 2865 v
3133 2812 3207 2865 id.
3244 2810 3398 2869 Sent.
3423 2808 3652 2862 Calche-

2073 2884 2236 2949 done,
2271 2881 2505 2936 Rustitio
2538 2896 2732 2951 _coos.;
2770 2889 2991 2951 accepta
3046 2880 3219 2951 pridie
3261 2879 3366 2935 cal.
3396 2879 3649 2934 Decemb.

2072 2970 2222 3011 cons.
2246 2952 2343 3009 SS.
2368 2953 2492 3023 (Ait.
2522 2949 2712 3005 Christi
2746 2950 2851 3005 520
2870 2949 2907 3019 ).

2604 3040 2889 3111 Exemplar
2915 3057 3140 3113 precum.

2148 3132 2213 3187 ll.
2258 3132 2368 3187 Deo
2409 3131 2657 3202 amabili,
2694 3147 2773 3202 ac_
2804 3132 3043 3202 piissimo
3097 3131 3431 3201 imperatori,
3463 3146 3527 3186 ex
3550 3130 3662 3187 Deo

2080 3204 2340 3277 Augusto,
2386 3209 2443 3256 et
2463 3201 2717 3277 _principi
2746 3199 2954 3277 iustine
2980 3199 3451 3277 _Christianissimo
3472 3202 3666 3277 depre-

2076 3270 2239 3337 catio,
2257 3270 2644 3345 etsupplieatio
2667 3270 3271 3345 abilierbsolymitanis,
3294 3281 3349 3345 et
3372 3271 3663 3327 Antiocher

2080 3345 2180 3409 nis,
2205 3352 2261 3397 et
2289 3340 2538 3397 secundm
2554 3340 2972 3413 Syrizeiclericis
2987 3340 3016 3409 ,⁷
3033 3350 3089 3398 et
3117 3343 3421 3406 abbatibus,
3454 3350 3510 3397 et
3531 3356 3660 3413 pos-

2078 3414 2384 3469 sessoribus
2414 3412 2701 3481 provinciae
2729 3412 2917 3481 Syriae.

2149 3482 2371 3536 llaurite
2400 3480 2591 3550 aquam
2622 3497 2744 3536 cum
2772 3480 2957 3537 Iretitia
2986 3498 3053 3538 ex
3082 3481 3315 3538 fontibus
3340 3480 3546 3546 salutis,
3570 3497 3667 3537 vo-

2080 3552 2335 3623 ciferatur
2361 3551 2539 3623 Isaias!
2552 3552 2817 3623 propheta
2842 3560 2897 3605 et
2924 3552 3118 3607 clamat
3151 3552 3288 3623 (lea.
3316 3553 3434 3621 xu),
3488 3551 3666 3606 fontes

2080 3622 2287 3687 salutis,
2321 3621 2659 3689 evangelicas
2689 3622 2977 3686 veritates,
3011 3629 3066 3674 et
3102 3621 3518 3690 pnedicationes
3547 3636 3666 3673 ma-

2080 3692 2272 3747 nifeste
2301 3692 2613 3755 ostendens,
2645 3705 2711 3744 ex
2742 3691 2938 3758 quibus
2981 3691 3125 3745 beati
3165 3692 3429 3759 apostoli,
3481 3700 3537 3744 et
3565 3706 3664 3744 eo:-

2081 3777 2219 3825 rum,
2251 3761 2342 3829 qui
2373 3774 2469 3830 per
2489 3759 2734 3814 ordinem
2773 3760 2989 3815 fuerunt
3015 3761 3370 3830 discipuli,et
3391 3762 3668 3829 sapientes

2082 3831 2335 3886 Ecclesiae
2361 3829 2629 3895 doctores,
2654 3830 2940 3899 salytarein
2964 3829 3165 3899 aquam
3191 3829 3311 3884 lidei
3336 3830 3668 3899 haurientes,

2083 3916 2297 3956 omnem
2328 3908 2570 3953 sanctam
2604 3900 2695 3953 Dei
2724 3896 3029 3955 Ecclesiam'
3066 3900 3440 3967 irrigaverunt,
3466 3913 3585 3967 qua:
3614 3898 3668 3954 in

2083 3980 2237 4041 petra
2265 3970 2459 4024 summi
2489 3970 2859 4041 apostolorum
2888 3970 3115 4041 subnixa
3144 3978 3371 4041 rectum,
3400 3976 3459 4041 et
3479 3971 3670 4023 incon-

2085 4038 2371 4096 flexibilem
2403 4038 2797 4094 confessionem
2827 4040 3167 4103 custodiens,
3202 4038 3520 4096 fiducialiter
3547 4054 3668 4093 cum

2084 4127 2151 4166 eo
2177 4111 2245 4164 ad
2274 4110 2605 4180 unigenitum
2635 4108 2839 4180 Filium
2850 4110 2944 4163 Dei
2968 4111 3112 4164 omni
3134 4119 3376 4180 tempore
3401 4110 3675 4180 exclamat

2085 4182 2267 4235 dicens
2292 4198 2304 4232 :
2332 4176 2412 4233 Tu
2441 4194 2500 4233 es
2528 4179 2774 4249 Christus
2804 4178 2968 4234 Filius
3014 4180 3109 4234 Dei
3137 4176 3500 4249 vivi—(Matth.
3533 4176 3668 4249 xvn).

2087 4250 2237 4305 Hanc
2264 4250 2555 4304 salutarem
2605 4246 2997 4304 confessionem
3043 4264 3073 4303 a
3104 4246 3304 4303 sanctis
3332 4257 3565 4317 quatuor
3583 4246 3673 4316 sy-

2087 4321 2259 4384 nodis,
2274 4333 2392 4388 qua:
2412 4318 2740 4388 evangelicis
2752 4319 3033 4388 praaceptis
3054 4328 3177 4374 SUnt
3199 4321 3494 4382 honoratae,
3510 4317 3675 4372 susci-

2088 4335 2259 4384 nouis,
2274 4335 2392 4388 qua:
2412 4335 2737 4386 evangeucns
2788 4335 3033 4386 raacepus
3054 4335 3177 4374 sunt
3199 4335 3494 4382 honoratas,
3510 4335 3675 4372 susci-

2088 4390 2297 4460 pientes
2320 4403 2588 4460 nunquam
2602 4335 2906 4457 pchﬁristi
2920 4389 3147 4460 gratiam
3160 4405 3189 4441 a
3208 4388 3417 4441 traditis
3431 4387 3677 4460 nobisre-

2088 4457 2187 4515 clis
2196 4458 2529 4527 dogmatibus
2542 4457 2889 4523 deviavimus,
2904 4459 3041 4513 sicut
3053 4474 3229 4513 rerum
3246 4465 3469 4513 testatur
3481 4459 3677 4527 proba-

454 4516 635 4595 eniam
663 4517 1135 4596 itaquenominum
1156 4514 1510 4596 postulamus,
1535 4531 1644 4596 non
1666 4514 1854 4595 Acatii.
1878 4527 1980 4565 non

2091 4532 2167 4584 tio
2184 4537 2237 4583 et
2254 4514 2360 4582 {cm
2368 4542 2498 4596 pore
2510 4528 2845 4583 necessitatis
2859 4514 2980 4583 fidei
3004 4529 3305 4583 constantia
3318 4514 3673 4582 demonstrat.

404 4586 689 4655 utriusque
717 4585 879 4653 Petri,
912 4605 1016 4643 non
1050 4587 1288 4642 Dioscori
1321 4587 1404 4641 vel
1443 4585 1730 4647 Timothei,
1756 4596 1984 4655 quorum

406 4653 670 4710 vocabula
693 4657 760 4711 ad
788 4674 890 4712 nos
917 4658 1054 4712 data-3
1081 4659 1380 4712 sanctitatis
1411 4664 1514 4711 tua:
1541 4655 1781 4724 epistola:
1809 4653 1986 4724 conti-

407 4726 614 4797 nebant
644 4744 658 4779 :
683 4727 779 4781 sed
803 4743 941 4797 quos
968 4729 1020 4782 in
1051 4728 1169 4781 aliis
1196 4727 1488 4782 celebravit
1514 4723 1827 4797 civitatibus
1846 4723 1990 4797 epis~

406 4795 617 4868 copalis
647 4794 964 4868 remi-entia,
998 4806 1052 4852 et
1098 4798 1202 4868 huc
1241 4797 1481 4868 exceptis
1512 4795 1751 4868 urbibus,
1780 4794 1868 4847 ubi
1893 4807 1987 4845 ve—

408 4875 533 4937 διε-ῳ
550 4865 893 4922 beatitudinis
916 4868 1124 4923 libellus
1142 4867 1254 4937 jam
1274 4868 1325 4922 in
1352 4865 1566 4937 plenum
1594 4866 1858 4937 admissus
1886 4870 1990 4925 est,

409 4936 516 4989 nisi
544 4937 683 4990 hanc
719 4953 934 5007 quoque
967 4934 1172 5007 partem
1204 4934 1576 5007 benevolentia
1616 4934 1868 4991 statuerit
1895 4947 1991 4986 ve-

410 5016 525 5084 stra
557 5006 741 5084 mitius
762 5006 1154 5084 corrigendam.
1187 5007 1386 5064 Verum
1425 5024 1527 5084 _nec
1553 5006 1754 5084 judicio
1786 5019 1875 5084 res
1900 5018 1993 5084 ca:

413 5083 499 5130 ret
524 5078 669 5131 sedis
697 5075 1027 5145 apostolicae,
1057 5086 1115 5132 ut
1141 5093 1249 5133 non
1297 5078 1467 5146 magis
1496 5077 1652 5130 venia
1681 5075 1906 5146 dicenda
1928 5075 1998 5127 sit

413 5161 598 5218 quam,
620 5146 914 5205 deliberata
936 5149 1047 5218 jam
1076 5163 1140 5202 ac
1161 5145 1443 5218 perspecta
1471 5147 1732 5202 definitio.
1765 5145 1997 5218 Anasta-

414 5218 539 5287 sius
558 5217 817 5287 siquidem
848 5215 1261 5287 religiosissima:
1279 5215 1551 5282 memoria:
1574 5226 1764 5272 vestra:
1785 5215 1995 5287 culmen

417 5284 899 5359 Ecclesiaidpalam
945 5284 1239 5359 aperteque
1270 5290 1645 5343 constituerat
1677 5306 1691 5341 :
1719 5300 1842 5359 cum
1893 5285 1999 5338 hoc

417 5356 563 5409 idem
589 5357 848 5429 scriberet
875 5356 1163 5429 negotium
1180 5359 1450 5415 decessori
1480 5367 1689 5423 nostro,
1719 5357 1851 5429 satis
1877 5368 1998 5409 esse

417 5440 613 5497 pacem
650 5426 1053 5497 affectantibus,
1101 5434 1145 5486 si
1195 5445 1392 5485 nomen
1445 5436 1653 5485 tantum
1709 5427 2000 5481 reticeatur

420 5495 622 5570 Acatii.
648 5495 790 5568 Ergo
820 5500 1001 5570 priora
1028 5495 1223 5557 vestra:
1243 5501 1387 5556 sedis
1415 5498 2003 5570 constitutasequitur,

416 5568 516 5635 qui
545 5582 673 5639 non,
704 5568 896 5625 omnes
948 5572 1236 5627 memorias
1263 5578 1597 5624 mortuorum
1639 5568 1843 5639 iudicat
1869 5581 2002 5620 con-

421 5638 760 5705 temnendas,
794 5648 851 5695 ut
879 5641 1152 5707 indignum
1207 5642 1471 5695 habeatur
1523 5646 1580 5693 et
1629 5638 2004 5705 incongruum,

419 5708 600 5763 sinon
632 5708 893 5778 placidior
920 5712 1167 5768 omnibus
1212 5726 1321 5765 non
1368 5711 1541 5765 solum
1579 5708 1861 5772 defunctis,
1910 5708 2003 5778 sed

421 5778 590 5831 etiam
618 5775 994 5847 superstitibus
1044 5791 1225 5838 vestra
1267 5780 1570 5848 divulgetur
1612 5781 1665 5833 in
1704 5779 1852 5834 omni
1902 5775 2007 5831 fine

424 5857 693 5902 terrarum
726 5850 915 5905 lenitas
940 5868 951 5902 :
984 5860 1040 5905 et
1065 5852 1166 5907 hoc
1184 5852 1401 5919 quidem
1432 5865 1535 5903 non
1564 5848 2003 5919 dubitaverimus,

430 5922 508 5977 ita
534 5920 830 5988 gratiosum
860 5922 1011 5977 vobis
1042 5918 1277 5977 futurum
1302 5961 1319 5990 ,
1350 5928 1407 5975 ut
1436 5918 1659 5991 pacifica
1697 5919 1877 5974 statim
1921 5936 2009 5975 rc-

2093 4599 2149 4654 Si
2169 4599 2350 4668 igitur,
2368 4595 2428 4651 ut
2449 4595 2762 4668 Christiani,
2784 4599 2982 4653 rationi
3004 4598 3127 4653 fidei
3156 4614 3339 4653 sumus
3370 4598 3677 4668 participes,

2094 4666 2593 4738 dominepiissime,
2617 4676 2672 4721 et
2702 4668 2769 4722 ad
2794 4666 3449 4738 communem.pacem,'et
3472 4668 3537 4721 ad
3566 4666 3681 4738 uni-

2095 4746 2259 4793 tatem
2307 4736 2641 4802 festinamus,
2700 4745 2939 4807 nostram
2987 4736 3171 4805 fidem,
3215 4754 3377 4807 quam
3424 4738 3490 4793 ab
3532 4736 3682 4807 initio

2097 4807 2445 4877 suscepimus,
2474 4822 2568 4877 per
2598 4808 2737 4862 hanc
2760 4806 3180 4864 satisfactionem
3223 4806 3461 4863 nostram
3508 4806 3680 4877 mani-

2098 4876 2288 4932 festam
2314 4885 2505 4931 vestra:
2546 4876 2773 4933 facimus
2814 4879 3000 4947 pietati
3030 4897 3043 4932 :
3074 4887 3139 4933 ut
3163 4889 3347 4932 notum
3375 4878 3443 4931 sit
3470 4876 3593 4945 quia
3625 4884 3681 4929 ct

2098 4947 2216 5018 paci
2240 4948 2627 5018 concurrimus,
2660 4957 2715 5018 et
2742 4962 2771 5002 a
2798 4957 2945 5002 recta
2974 4964 3095 5003 cum
3141 4947 3235 5011 Dei
3259 4947 3533 5017 juvamioe
3574 4962 3680 4998 non

2097 5015 2412 5072 divertimus
2443 5015 2548 5071 fide
2580 5016 2718 5089 :_sed
2747 5033 2961 5089 omnem
2986 5034 3054 5073 ex
3081 5034 3235 5089 aiquo
3259 5015 3684 5089 hzcresimesse-

2097 5102 2349 5158 eramus,
2380 5087 2709 5158 noncsolum
2755 5085 3189 5158 Eutychianistas
3252 5097 3309 5142 et
3356 5085 3680 5158 Acephalos,

2099 5156 2195 5233 sed
2224 5165 2280 5211 et
2306 5155 2675 5233 Nestorianos,
2702 5165 2765 5233 et_
2785 5154 3070 5233 hominem
3088 5158 3329 5212 colentes
3358 5154 3684 5233 tcto_animo

2104 5226 2381 5292 odientes,
2441 5227 2973 5283 anathematizamus.
3024 5227 3134 5282 Nos
3188 5236 3407 5289 autem,
3465 5225 3685 5280 domine

2104 5295 2568 5368 Christianissime
2583 5298 2897 5368 imperator,
2920 5299 3058 5353 sicut
3078 5298 3321 5366 superius
3351 5296 3549 5368 dictum
3578 5302 3685 5368 est,

2105 5366 2156 5420 in
2188 5365 2424 5432 Patrem,
2454 5376 2509 5421 et
2534 5365 2744 5429 Filium,
2779 5378 2833 5422 et
2857 5367 3113 5436 Spiritum
3140 5365 3383 5421 sanctum
3413 5367 3481 5419 ab
3529 5365 3683 5436 initio

2104 5436 2361 5505 baptizati
2389 5452 2627 5505 quoque,
2649 5446 2703 5491 et
2731 5434 3013 5491 credentes
3049 5453 3210 5491 unam
3253 5437 3540 5491 essentiam
3589 5434 3685 5489 Dei

2104 5506 2158 5560 in
2184 5507 2352 5560 tribus
2370 5507 2726 5562 subsistentiis
2750 5508 3036 5563 adoramus
3057 5506 3349 5562 secundum
3371 5513 3686 5562 sanctorum

2107 5575 2332 5646 Patrum
2372 5578 2640 5630 mathcma
2680 5584 2737 5631 et
2762 5576 3095 5646 symbolum,
3128 5576 3410 5632 credentes
3439 5578 3491 5631 in
3524 5592 3687 5630 unum

2108 5645 2273 5700 Deum
2304 5644 2516 5715 Patrem
2545 5644 2989 5715 omnipotentem,
3027 5656 3082 5702 et
3111 5648 3162 5701 in
3195 5664 3359 5701 unum
3400 5647 3685 5703 Dominum

2109 5724 2346 5787 nostrum
2386 5713 2568 5787 _Jcsum
2617 5713 2885 5787 Christum
2911 5757 2929 5787 ,
2973 5717 3326 5787 unigenitum,
3361 5718 3524 5773 Deum
3558 5716 3690 5771 Ver-

2107 5785 2252 5848 bum,
2283 5785 2527 5855 similiter
2553 5796 2610 5839 et
2638 5786 2688 5843 in
2723 5802 2883 5839 unum
2913 5786 3169 5855 Spiritum
3209 5785 3474 5845 sanctum.
3512 5787 3577 5841 Et
3604 5802 3689 5840 sc-

2108 5857 2359 5927 cundu-n
2380 5854 2484 5927 hoc
2509 5856 2742 5911 divinum
2774 5854 3039 5911 mathcina
3059 5901 3075 5927 ,
3105 5859 3473 5915 definitionem
3505 5875 3532 5911 a
3564 5873 3689 5910 san-

2110 5933 2193 5979 cta
2233 5924 2653 5983 Chalcedoncnsi
2679 5927 2885 5998 synodo
2924 5924 3315 5998 promulgatam
3346 5928 3687 5991 intelligimus
