4104 6546
338 434 434 490 3H
1000 464 1033 482 -

1364 428 1743 486 COLLECTIO
1779 428 1822 484 11
1863 429 2321 490 DECRETORUM
2362 430 2465 489 PP.
2510 432 2622 489 RR.

3522 433 3625 489 Si?

340 558 558 605 snnluus
580 546 724 617 quod
746 562 811 601 ex
848 553 1020 601 matre
1045 544 1300 617 suscepit.
1326 542 1459 617 Nam
1500 545 1638 598 unde
1661 541 1851 617 jaceps
1878 542 1930 596 in
1966 548 2010 607 Α
2039 546 2250 602 saeculis
2298 546 2630 613 ﬁrmitatem,
2663 547 2921 616 incipiens
2950 563 2980 602 a
3011 547 3230 617 Moyse,
3281 558 3336 602 ct
3377 551 3627 602 omnibus

342 638 449 685 pne
479 612 611 689 cpio'
631 618 913 689 videbatur
939 618 989 670 in
1017 616 1187 689 caelo,
1205 612 1489 689 involutus
1505 616 1711 689 pannis
1720 612 1935 689 _adora-t

342 682 558 743 hatur'a
588 688 776 758 magis,
806 688 943 741 inter
964 686 1215 758 animalia
1242 683 1435 749 editus,
1470 682 1537 758 ab
1559 682 1763 753 angelis
1792 698 1930 758 nun-

344 762 527 823 tiatus,
559 759 649 812 vix
674 752 922 825 egressus
952 754 1264 817 infantiam,
1310 754 1635 825 annuntians
1673 752 1932 823 mysticas

342 832 459 884 sine
484 823 798 883 instituente
826 827 1119 891 doctrinas,
1162 824 1305 878 inter
1334 823 1634 878 rudimenta
1664 836 1931 891 annerum

344 900 629 967 puerilium
676 898 840 952 edens
901 890 1203 951 ctelestium
1248 892 1399 967 signa
1444 890 1931 967 vi_rt_u_tum?__ldem

346 962 491 1022 enim
536 969 676 1023 Deus
710 976 766 1021 et
804 967 987 1029 homo,
1020 980 1147 1029 non,
1197 971 1255 1017 ut
1283 965 1351 1019 ab
1379 963 1684 1017 inﬁdelibus
1711 962 1932 1030 dicitur,

342 1040 443 1092 sub
470 1044 662 1103 quarta
706 1035 1106 1092 introductione
1137 1048 1401 1103 personae,
1433 1032 1528 1087 sed
1557 1033 1671 1103 ipse
1702 1032 1795 1103 Dei
1840 1031 1931 1103 Fi-

346 1110 449 1161 lius
476 1101 635 1172 Deus,
664 1114 719 1161 et
746 1107 929 1173 homo,
962 1106 1100 1159 idem
1126 1101 1317 1169 virtus,
1347 1112 1402 1157 et
1427 1102 1726 1173 inﬁmiitas,
1752 1101 1931 1155 humi-

348 1182 487 1244 litas,
530 1186 586 1232 et
626 1172 1242 1244 majestas,iredimens,
1289 1182 1347 1244 et
1367 1172 1733 1244 venditus,_in
1773 1184 1935 1244 cruce

349 1239 576 1315 positus,
606 1256 662 1300 et
680 1239 801 1301 εἶχειί
831 1258 993 1312 regna
1018 1244 1256 1315 largitus.
1304 1243 1380 1296 Ita
1408 1254 1605 1315 nostrze
1646 1239 1932 1295 inﬁrmita-

349 1313 440 1386 tis,
472 1327 530 1371 ut
553 1313 725 1386 possit
752 1315 1013 1386 interimi,
1039 1313 1330 1386 ingenitate
1357 1313 1631 1386 potentiae,
1662 1326 1730 1386 ne
1752 1318 1936 1386 posset

348 1380 525 1442 morte
556 1380 818 1448 consumi,
867 1380 1121 1452 sepultus“
1152 1391 1255 1452 est,
1275 1380 1439 1452 juita
1482 1381 1535 1436 id
1577 1380 1934 1452 quodmhomo

350 1457 522 1511 voluit
551 1456 719 1517 nasci,
745 1461 802 1510 et
821 1451 974 1523 juxta
1016 1453 1068 1507 id
1096 1451 1245 1522 quod
1274 1451 1433 1523 Patri,
1450 1459 1568 1505 erat
1606 1451 1818 1515 similis,
1845 1464 1932 1504 re-

348 1528 621 1591 surrexit,
653 1521 864 1595 patiens
892 1521 1206 1595 vulnerum,
1258 1528 1314 1576 et
1359 1521 1595 1595 salvator
1638 1533 1924 1595 nigrorum,

350 1612 492 1651 unus
524 1588 913 1659 defunctorum,
954 1601 1009 1647 et
1026 1592 1326 1647 vivificator
1363 1591 1709 1651 obeuntium,
1757 1588 1825 1642 ad
1855 1588 1938 1642 in-

352 1667 503 1721 ferna
532 1664 878 1729 descendens,
908 1672 966 1717 ct
996 1679 1025 1716 a
1055 1662 1227 1716 Patris
1265 1662 1470 1730 gremio
1498 1676 1607 1714 non
1640 1659 1935 1730 recedens.

357 1735 509 1790 Unde
537 1744 591 1789 et
617 1735 873 1797 animam,
903 1748 1063 1800 quam
1090 1747 1189 1802 pro
1217 1728 1502 1802 communi;
1513 1728 1822 1802 conditione
1841 1743 1941 1797 po-

348 1807 480 1867 suit,
510 1819 609 1874 pro
631 1803 885 1870 singulari
914 1799 1130 1870 virtute,
1147 1810 1201 1856 et
1228 1800 1526 1874 admirabili
1552 1799 1790 1874 potentia
1812 1814 1938 1851 mox

352 1869 660 1944 resumpsit.
711 1869 837 1928 Haec
884 1874 957 1926 ita
987 1869 1148 1944 esse,
1189 1886 1316 1944 nec_
1335 1870 1501 1944 ullam
1545 1869 1936 1944 dubitationem

354 1936 614 2014 oportere
656 1944 923 2011 recipere,
955 1942 1005 1996 id
1034 1936 1147 2014 est,
1188 1956 1255 1995 ne
1284 1940 1548 2014 Dominus
1569 1946 1752 1993 noster
1781 1936 1939 1993 Jesus

352 2010 603 2069 Christus
629 2022 722 2068 aut
751 2010 890 2067 inter
924 2013 1165 2080 corporis
1191 2011 1470 2081 passiones
1516 2010 1658 2081 Deus
1686 2024 1793 2081 non
1820 2021 1939 2061 esse

352 2084 692 2149 crederetur,
735 2090 829 2137 aut
864 2096 933 2136 ne
974 2077 1115 2137 Deus
1159 2077 1387 2144 tantum,
1434 2094 1542 2134 non
1581 2079 1742 2133 etiam
1773 2077 1937 2149 homo

355 2156 501 2209 inter
527 2148 691 2223 opera
723 2152 1043 2223 mirabilium
1069 2150 1334 2223 stupenda
1356 2151 1628 2223 virtutum,
1661 2148 1940 2223 proposito
1986 2194 1990 2200 .

355 2241 459 2279 nos
485 2219 713 2301 duorum
743 2222 1105 2301 apostolorum
1136 2219 1469 2301 informavit“
1470 2219 1737 2301 exemplo,
1768 2219 1936 2301 Deum

356 2308 478 2349 esse
502 2287 793 2348 Christum'
807 2291 1091 2347 Dominum
1139 2298 1381 2346 nostrum
1428 2288 1572 2344 Petri
1616 2287 1742 2355 lide,
1772 2287 1942 2342 homi-

355 2379 482 2419 nem
505 2363 725 2418 Thomte
750 2362 1136 2417 dubitationem
1165 2360 1463 2415 declarans.
1498 2358 1635 2425 Quid
1665 2359 1807 2412 enim
1854 2358 1938 2411 in-

359 2442 584 2497 tererat,
612 2442 671 2488 ut
697 2448 855 2503 quem
876 2447 935 2503 se
959 2432 1202 2503 homines
1224 2430 1484 2503 dicerent,
1500 2428 1796 2503 discipulos
1808 2442 1938 2482 suos

358 2504 527 2558 vellet
553 2497 840 2569 inquirere,
886 2502 987 2556 nisi
1019 2509 1076 2555 ut
1117 2500 1477 2569 respondente
1519 2497 1678 2553 Petro
1711 2497 1835 2569 :7Tn
1880 2512 1939 2569 es

354 2574 605 2628 Christus
627 2566 797 2627 Filius
826 2566 917 2626 Dei
949 2571 1074 2636 vivi,
1121 2566 1305 2625 notum
1332 2567 1553 2630 faceret,
1584 2583 1694 2622 non
1722 2568 1827 2622 hoc
1871 2566 1938 2621 de

356 2659 527 2698 carne
553 2651 609 2696 et
653 2642 911 2710 sanguine
940 2641 1205 2710 proditum
1228 2682 1243 2707 ,
1293 2640 1386 2693 sed
1432 2638 1593 2710 Patre
1621 2638 1733 2691 Deo
1781 2637 1939 2705 inspi-

355 2724 513 2769 ranle
540 2709 1055 2781 revelatum,et’per
1079 2710 1442 2781 testimonium
1467 2709 1694 2781 laedatae
1711 2722 1934 2775 respon-

354 2783 528 2838 sionis
569 2781 700 2837 ﬁdes
725 2779 989 2852 patefacta
1033 2781 1184 2835 iieret
1212 2779 1486 2852 veritatis?

358 2862 419 2907 ut
459 2847 752 2921 apparente
778 2860 903 2921 post
941 2851 1390 2921 resurrectionem
1436 2848 1683 2921 Domino,
1705 2847 1939 2921 Thomas

356 2918 570 2977 tantum
614 2930 706 2975 aut
749 2918 1013 2976 abesseta
1043 2920 1279 2980 caeteris.
1313 2919 1566 2974 autsolus
1612 2918 1929 2985 ambigeret,

356 2996 462 3046 nisi
494 3000 552 3046 ut
580 2992 809 3046 mundus
837 2991 1102 3055 crederet,
1148 2991 1297 3060 quod
1323 2989 1597 3056 ambigens
1643 2986 1937 3056 discipulus

356 3063 713 3132 explorasset,
748 3071 805 3115 ut
831 3061 956 3132 dum
979 3062 1133 3132 unius
1164 3059 1406 3132 inanibus
1430 3075 1489 3114 se
1518 3066 1793 3132 pateretur
1822 3063 1940 3132 tan:

392 3125 449 3197 i,'
465 3132 533 3185 ab
556 3125 901 3187 universitate
924 3130 1153 3185 iidelium
1176 3129 1300 3198 quid
1330 3136 1473 3183 esset
1498 3125 1666 3197 possit
1685 3125 1939 3198 agnosci?

409 3196 480 3256 on
525 3214 653 3270 ergo
699 3201 767 3255 ad
812 3196 1218 3269 improbandum
1260 3196 1577 3270 discipulum
1624 3196 1939 3270 interposita

1515 2777 1653 2845 Quid
1682 2779 1965 2838 intererat.

2037 617 2511 699 prophetis,_quod
2541 610 2868 699 oportuisset
2888 619 2998 687 pati
3030 610 3319 699 Christum.
3354 628 3410 699 et
3438 620 3510 672 itu
3544 621 3626 673 in-

2034 694 2178 741 trare
2207 687 2260 742 in
2303 687 2529 757 gloriam
2566 701 2740 753 suam,
2768 690 3152 757 interpretatus
3177 689 3415 743 ostendit
3440 697 3497 743 et
3529 704 3626 757 per

2033 756 2337 825 passionem
2368 756 2657 811 humanam
2685 767 2956 822 naturam,
2978 767 3034 812 et
3060 759 3293 813 divinam
3324 758 3378 813 in
3408 773 3475 813 eo
3504 756 3626 813 esse

2032 842 2132 896 per
2152 827 2398 894 gloriam.
2430 826 2811 895 Multiplicibus
2841 827 2958 883 haec
2985 838 3290 883 sanctarum
3317 828 3627 896 Scriptura-

2034 912 2152 970 ru_m
2182 897 2520 970 insinuantur
2548 897 3133 970 exemplis_,‘necapud
3158 898 3463 967 religiosam
3492 914 3630 953 con-

2033 967 2315 1037 scientiam
2373 975 2518 1019 tuam
2543 1006 2573 1037 ,7
2606 967 2929 1022 venerabilis
2977 967 3311 1037 imperator,
3368 976 3624 1037 tanquam

2034 1036 2218 1109 ignota
2247 1036 2522 1109 dicuntur;
2541 1036 2681 1109 iides
2696 1039 2842 1092 enim
2864 1038 2997 1108 ipsa,
3028 1036 3148 1109 quas
3175 1052 3211 1091 a
3229 1036 3627 1109 teconstanter

2035 1107 2315 1174 asscritur,
2341 1107 2438 1160 tibi
2463 1105 2643 1161 reddit
2670 1108 2775 1163 hoc
2797 1105 3062 1171 muneris,
3076 1117 3137 1162 ut
3162 1108 3410 1163 sensibus
3432 1108 3537 1161 tuis
3566 1117 3626 1162 et

2036 1175 2283 1231 allectum
2311 1176 2393 1231 sui
2423 1177 2643 1247 inserat,
2660 1184 2722 1247 et
2748 1178 3049 1247 scientiam,
3076 1192 3175 1247 per
3201 1193 3363 1246 quam
3392 1178 3625 1246 diligen-

2036 1247 2143 1316 tius
2167 1254 2460 1311 asscratur,
2490 1244 2751 1301 infundat.
2786 1246 2860 1300 Et
2887 1244 3327 1302 tamen—interest
3349 1244 3626 1316 dispensa-

2037 1315 2199 1371 tionis
2224 1316 2351 1370 mihi
2382 1316 2618 1383 creditae,
2650 1327 2708 1370 ut
2735 1332 2836 1385 ego
2863 1333 3079 1387 quoque
3106 1318 3192 1371 vel
3221 1318 3363 1386 apud
3390 1315 3624 1373 scientes

2036 1396 2165 1440 nota
2189 1401 2297 1440 non
2333 1396 2561 1458 taceam,
2595 1394 2655 1441 ut
2680 1388 3003 1443 succedente
3033 1388 3135 1442 sibi
3175 1402 3273 1458 per
3293 1389 3437 1442 vices
3486 1396 3626 1443 tem-

2038 1471 2229 1527 porum
2267 1455 2658 1527 catholicorum
2701 1457 3103 1525 praedicatione,
3133 1455 3331 1527 sensim
3369 1458 3513 1527 quod
3543 1458 3629 1511 in-

2038 1526 2351 1581 deiicienter
2377 1526 2655 1593 asseritur,
2682 1528 2799 1582 sine
2837 1527 2943 1582 ﬁne
2970 1529 3235 1582 credatur.
3279 1525 3462 1581 Latius
3486 1528 3621 1591 haec,

2037 1612 2162 1720 gnat
2183 1597 2251 1678 ad
2273 1596 2526 1677 deitatem
2555 1596 3051 1679 humanitatemque
3071 1596 3281 1651 Domini
3308 1599 3477 1679 nostri
3497 1595 3625 1652 Jesu

2084 1669 2235 1720 hristi
2263 1673 2533 1720 pertinent
2556 1707 2571 1720 .
2600 1674 2656 1720 et
2685 1683 2739 1720 in
2782 1683 2849 1720 eo
2895 1677 3072 1720 unitas
3114 1667 3248 1720 duas
3276 1683 3395 1720 sme
3435 1665 3624 1720 confu-

2084 1667 2235 1722 hristi
2263 1666 2571 1736 pertinent,
2600 1674 2656 1721 et
2685 1669 2739 1721 in
2782 1683 2849 1722 eo
2895 1665 3072 1721 unitas
3114 1667 3248 1722 duas
3276 1668 3395 1722 sine
3435 1665 3624 1721 confu-

2038 1737 2193 1793 sione
2222 1745 2461 1801 naturas,
2492 1738 2641 1805 potui
2668 1738 2961 1792 secundum
2987 1746 3230 1793 veterum
3265 1736 3483 1791 delinita
3513 1738 3623 1790 dis-

2037 1822 2238 1870 serere,
2267 1808 2312 1861 si
2337 1814 2480 1876 esset
2502 1806 2783 1861 adversum
2813 1822 2907 1863 eos
2934 1809 3025 1876 qui
3054 1808 3119 1863 iis
3141 1807 3484 1869 dissentiunt,
3510 1805 3623 1860 dis-

2042 1878 2358 1947 putandum,
2387 1872 2482 1930 sed
2511 1891 2632 1930 cum
2663 1877 2715 1931 in
2746 1872 2991 1932 manibus
3019 1878 3257 1948 omnium
3284 1878 3391 1948 sint
3418 1886 3473 1929 et
3499 1892 3626 1948 syn-

2043 1945 2198 2003 odica
2253 1948 2579 2017 constituta,
2637 1955 2692 2001 et
2728 1948 2868 2001 beati
2911 1962 3063 2017 papa:
3109 1945 3305 2001 Leonis
3349 1945 3623 2014 dogmata,

2040 2017 2420 2087 perstrinxisse
2461 2016 2638 2087 potius
2679 2016 3097 2087 pauca,’quam
3132 2017 3382 2071 evolvere
3424 2018 3627 2071 credidi

2041 2086 2450 2143 convenientius
2483 2087 2748 2141 universa.
2798 2086 3111 2142 Nunc'vero
3156 2099 3453 2154 agnoscere
3495 2088 3627 2140 satis

2040 2167 2124 2213 est
2152 2167 2207 2212 et
2234 2173 2448 2223 cavere,
2491 2157 2565 2210 ita
2595 2157 2976 2226 proprietatem
3000 2198 3015 2221 ,
3064 2164 3121 2211 et
3147 2157 3435 2211 essentiam
3480 2158 3629 2224 cogi-

2041 2230 2279 2294 tandam,
2313 2235 2372 2281 ut
2411 2228 2613 2282 sciatur
2634 2227 2763 2298 quid
2790 2242 3055 2297 personae,
3086 2227 3215 2298 quid
3240 2242 3349 2298 nos
3377 2233 3628 2295 oporteat

2040 2299 2252 2353 deferre
2271 2298 2602 2352 substantias.
2627 2297 2757 2364 Qute
2782 2299 2875 2366 qui
2897 2298 3210 2353 indecenter
3236 2297 3502 2364 ignorant,
3537 2306 3628 2349 aut

2041 2369 2232 2423 callida
2256 2369 2535 2436 impietate
2562 2367 2919 2432 dissimulant,
2967 2367 3095 2421 dum
3121 2367 3377 2422 omittunt
3397 2366 3523 2433 quid
3554 2366 3631 2420 sit

2079 2439 2315 2509 roprium
2349 2438 2462 2492 Filii
2495 2440 2548 2492 in
2579 2437 2841 2491 Trinitate
2864 2479 2878 2502 ,
2908 2438 3137 2509 tendunt
3167 2437 3385 2509 insidias
3408 2436 3622 2509 unitati.

2079 2456 2315 2509 roprium
2349 2456 2462 2492 l‘llll
2495 2456 2548 2492 In
2588 2456 2841 2491 ll'lllllale
2864 2479 2878 2502 ,
2908 2456 3137 2492 renuunt
3167 2456 3385 2490 lﬂSlUlaS
3408 2456 3622 2490 υῐιιιειι.

2040 2456 2145 2564 ged
2172 2510 2215 2563 si
2245 2524 2364 2578 qua:
2394 2509 2645 2578 prtcdicta
2671 2515 2797 2561 sunt
2819 2507 3010 2578 validis
3041 2515 3325 2578 teneantur
3350 2505 3453 2559 lixa
3481 2507 3625 2559 radi-

2038 2579 2209 2644 cibus,
2258 2576 2359 2633 nec
2398 2576 2428 2631 ἐι
2474 2577 3031 2648 ριιιθτηιιίῑτειᾱίιίοῃθ
3073 2576 3366 2648 receditur,
3394 2582 3627 2648 etcen-

2037 2656 2245 2703 stanter
2272 2645 2654 2715 quaestionibus
2675 2647 2943 2703 obviatur.
2964 2647 3095 2700 Data
3107 2663 3198 2715 vni
3218 2645 3429 2701 calend.
3454 2646 3622 2715 April.

2039 2718 2253 2774 Valerio
2282 2718 2519 2773 Victoria
2545 2733 2698 2773 cons.
2726 2718 2866 2789 (An.
2896 2716 3086 2771 Christi
3120 2714 3272 2788 52L)

2043 2830 2325 2887 Ilormisda
2372 2829 2718 2901 presbyteris,
2764 2827 3066 2901 diacgnilius
3112 2835 3162 2881 et
3205 2824 3627 2880 archimandritis

2608 2899 2849 2953 secunda
2876 2898 3067 2968 Syriae.

2110 2992 2197 3048 IV.
2233 2992 2407 3047 Lectis
2422 2990 2616 3046 litteris
2630 2989 2932 3044 dilectionis
2942 2984 3363 3057 vestrae,quibus
3383 2985 3629 3041 inimico-

2039 3080 2157 3117 rum
2182 3063 2274 3116 Dei
2306 3060 2573 3131 patefacta
2601 3061 2819 3114 vesania
2848 3068 2947 3131 est,
2974 3067 3030 3131 e_t
3058 3056 3352 3131 inﬁdelium
3380 3058 3627 3131 pertinax

2042 3134 2191 3188 furor
2214 3126 2461 3186 dolenter
2488 3132 2765 3200 expositus
2788 3168 2803 3193 ,
2851 3130 2943 3197 qui
2982 3128 3117 3200 dum,
3150 3126 3391 3181 redivivo
3438 3127 3628 3195 spiritu

2043 3204 2274 3257 oderunt
2303 3200 2494 3265 Deum,
2522 3199 2763 3255 membra
2811 3200 2953 3253 illius
2998 3199 3161 3268 impie
3199 3206 3628 3268 persequuntur;

358 3279 447 3348 est
495 3266 793 3348 dubitatio,
846 3266 941 3348 sed
990 3271 1210 3348 quaesita
1259 3268 1591 3348 posteritatis
1618 3266 1938 3348 .inslr‘uglio.
1970 3286 2015 3348 ρ
2045 3273 2412 3348 quantum_ad
2450 3270 2767 3348 constantia:
2792 3278 2992 3348 vestra;
3013 3266 3340 3348 agnitionem
3386 3266 3633 3322 benedixi

359 3343 519 3397 Anne
555 3334 1181 3411 aliudex’spectatiquod
1209 3334 1277 3393 se
1298 3339 1435 3393 idem
1478 3337 1734 3411 Dominus
1763 3339 1781 3405 (
1812 3334 1941 3388 Luc.

362 3411 513 3479 xxrv)
543 3408 796 3480 Cleophis
823 3405 943 3466 cum
967 3405 1075 3463 alio
1101 3410 1380 3479 discipulo,
1409 3406 1627 3480 cum_ad
1666 3405 1945 3459 Emmaum

362 3476 647 3536 tendentes
674 3476 743 3535 de
770 3494 829 3535 se
854 3481 1204 3548 loquerentur
1229 3476 1485 3533 inseruit?
1530 3476 1597 3530 Et
1639 3490 1944 3548 quanquam

361 3552 431 3606 de
457 3550 853 3605 resurrectione
876 3544 1086 3604 Domini
1119 3564 1218 3618 per
1243 3549 1493 3603 mulieres
1520 3562 1639 3614 qua:
1664 3544 1852 3615 primae
1880 3544 1948 3597 ad

365 3629 774 3676 monumentum
816 3627 1198 3682 convenerant,
1244 3619 1617 3686 agnovissent,
1668 3624 1849 3686 tamen
1890 3621 1951 3686 ut

364 3707 467 3761 per
507 3706 697 3747 eorum
739 3690 1128 3745 dubitationem
1172 3681 1327 3744 daret
1368 3686 1709 3743 credentibus
1757 3681 1950 3739 futuris

2048 3339 2240 3409 Deum,
2264 3342 2420 3397 tidem
2450 3342 2681 3395 militum
2709 3354 2931 3396 suorum
2978 3342 3119 3394 inter
3146 3339 3371 3393 adversa
3407 3352 3634 3393 servan—

2049 3425 2178 3477 tem,
2208 3413 2301 3467 sed
2331 3426 2544 3467 rursum
2573 3410 2934 3466 Ecclesiarum
2972 3410 3407 3474 concussionem,
3435 3415 3491 3462 et
3517 3422 3633 3461 scr-

2047 3498 2237 3606 vgrum
2277 3482 2371 3536 Dei
2415 3482 2708 3547 molestias,
2749 3480 3071 3550 laboresque
3118 3479 3467 3536 considerans
3509 3491 3610 3547 pro

2048 3560 3571 3606 neta.......................

2048 3568 3633 3624 pneta........................

1260 3892 1625 3954 DECRETA
1670 3892 2049 3953 GREGORII
2098 3890 2324 3952 PAP/E
2368 3886 2747 3951 JUNIORIS.

438 4107 498 4163 In
546 4121 767 4162 nomine
812 4098 1024 4160 Domini
1074 4100 1173 4157 Dei
1215 4108 1269 4156 et
1295 4098 1593 4155 Salvatoris
1624 4100 1793 4154 nostri
1830 4098 1955 4153 Jesu

363 4179 593 4247 Christi,
618 4178 915 4247 imperante
955 4173 1173 4228 domino
1193 4180 1425 4247 nostro,
1450 4170 1690 4239 piissimo
1718 4169 1956 4247 Augusto

370 4241 589 4313 Leone,
626 4263 657 4301 a
694 4241 817 4300 'Deo
861 4251 1146 4309 coronato,
1192 4241 1383 4313 Magno
1413 4242 1769 4313 imperatore,
1802 4241 1958 4294 Anno

369 4327 531 4373 sexto
556 4308 608 4373 ἰ).
642 4333 693 4372 c.
724 4314 841 4385 ejus
866 4330 1007 4369 anno
1026 4308 1201 4375 sexto,
1228 4310 1324 4385 sed
1347 4318 1403 4365 et
1428 4308 1802 4385 Constantino,
1819 4324 1960 4385 novo

370 4392 504 4458 imp.
552 4387 669 4457 ejus
709 4378 840 4451 ﬁlio,
881 4400 1023 4439 anno
1067 4380 1321 4446 secundo,
1362 4395 1549 4434 mense
1596 4379 1785 4450 Aprili,
1824 4378 1963 4432 indi-

367 4465 1136 4581 ulggtgs?dlgili$.sanctissimo
1164 4536 1228 4575 ac
1258 4526 1340 4573 ter
1362 4500 1672 4574 δεξειιίεείωο
1699 4516 1959 4586 Gregorio

367 4597 672 4679 θρρειριξεο
695 4612 856 4681 para.
899 4596 950 4681 in
982 4587 1958 4681 tesserae-{canescere
1992 4621 2040 4681 υ

370 4658 851 4737 principis,‘ante'
890 4663 1284 4737 confessionem
1332 4660 1748 4715 consedentibus
1796 4658 1959 4714 etiam

368 4736 727 4794 Sanctissimis
756 4736 1047 4805 episcopis,

443 4808 674 4875 Agnello
708 4805 1070 4869 Ferentinati,

438 4878 623 4932 Vitale
651 4876 924 4941 Alatrino,

442 4948 715 5001 Martiano
743 4946 926 5001 Gabiis
946 4986 961 5011 ,

445 5017 667 5072 Tiberio
695 5015 855 5077 Svlva
886 5013 1110 5070 candida
1126 5053 1141 5077 ,

443 5086 683 5155 Georgio
707 5086 896 5156 Nepzn.

449 5159 662 5212 Andrea
692 5155 1003 5220 Albanensi,

448 5227 765 5282 Tribunatio
787 5224 1009 5290 Falaris,

441 5296 657 5352 Joanne
689 5296 934 5361 Blerano,

443 5368 638 5435 Sergio
667 5364 1021 5429 Przenestino,

443 5433 781 5509 Synderedo
793 5434 1198 5509 archiepiscopo
1213 5504 1223 5509 μ
1234 5433 1473 5502 89311ίὶ12,

444 5450 764 5509 bynueredo
793 5450 1198 5557 archiepiscopo
1213 5450 1295 5515 ei

444 5508 670 5561 Sedulio
699 5507 956 5576 episcopo
1031 5513 1295 5576 manune,

444 5578 715 5647 Fcrgusto
734 5573 1002 5647 episcopo
1015 5573 1250 5647 “Scotiat,

444 5644 720 5716 Majbrino
750 5644 1071 5709 Polimartii,

445 5717 664 5772 Joanne
692 5718 1069 5780 Beliterncnsi,

444 5789 771 5860 Opportuno
802 5788 1193 5860 MaturanenSI,

447 5858 691 5929 Georgio
714 5858 1015 5919 Portuensi,

451 5931 719 5997 Gregorio
752 5928 1041 5997 Auaguias,

2130 4096 2337 4152 Joanne
2360 4095 2593 4164 Signias,

2136 4168 2360 4236 Agnello
2391 4166 2631 4230 Sutrino,

2133 4235 2420 4292 Anastasio
2459 4235 2764 4303 Tiburtino,

2138 4307 2383 4363 Uviliarit
2428 4305 2734 4371 Narniensi,

2138 4377 2298 4432 Petro
2329 4376 2585 4429 Amerino
2606 4416 2621 4440 ,

2067 4447 2135 4502 Et
2159 4445 2556 4502 venerabilibus
2581 4444 2949 4516 presbyteris,

2137 4518 2391 4583 Sisinnio,
2747 4514 2758 4516 ⁷
2918 4575 2927 4584 _
3212 4514 3445 4584 Joanne,

2137 4588 2368 4653 Joanne,
2920 4585 2924 4587 ’
3206 4585 3501 4653 Enstratio,

2136 4658 2364 4721 Marino,
3208 4658 3590 4726 Constantino,

2138 4726 2461 4809 Epiphanio,
3216 4729 3447 4809 Priarino,

2138 4798 2394 4866 Sisinnio,
3218 4799 3447 4863 Joanne,

2138 4869 2399 4937 Georgio,
3213 4869 3514 4936 Thalassio,

2139 4939 2424 5009 Gregorio,
3210 4937 3420 4995 Joanne
3440 4983 3449 5003 ,

2139 5009 2367 5073 Joanne,

2071 5080 2385 5135 Astantibus
2407 5093 2627 5147 quoque
2650 5077 3002 5147 diaconibus,

2144 5148 2305 5205 Petro
2333 5149 2734 5218 archidiacono,

2142 5219 2403 5288 Gregorio
2434 5218 2703 5281 Macoseu,

2145 5290 2434 5363 Ijenedicto
2466 5289 2802 5363 diaconibus,
2828 5291 2914 5345 vel
2944 5291 3335 5363 cunctoclero,

2142 5359 2435 5428 Gregorius
2463 5359 2831 5414 sanctissimus
2856 5376 2919 5415 ac
2944 5360 3288 5416 beatissimus
3320 5375 3453 5430 papa
3479 5360 3613 5416 dixit
3648 5380 3661 5416 :

2072 5432 2206 5486 Cum
2238 5434 2407 5484 simus
2427 5430 2709 5500 dominica
2736 5431 2906 5500 plebis
2934 5444 3166 5499 superna
3195 5431 3543 5486 miseratione
3576 5448 3665 5487 rc-

2074 5509 2279 5568 ctores,
2335 5499 2629 5573 studiosius
2675 5499 3082 5573 nos‘convenit‘
3126 5502 3219 5555 Dei
3253 5501 3516 5573 praesidio
3568 5518 3666 5573 pro

2075 5586 2262 5625 eorum
2284 5583 2425 5638 saepe
2454 5571 2693 5633 cogitare
2721 5569 2924 5633 salute,
2957 5586 3026 5625 ne
3054 5570 3120 5624 dc
3142 5570 3363 5626 creditis
3402 5569 3667 5629 frustratis

2078 5640 2245 5710 (quod
2275 5638 2435 5707 absit)
2475 5639 2787 5701 animabus,
2822 5639 3028 5694 insidiis
3076 5641 3281 5709 antiqui
3326 5642 3496 5697 hostis
3544 5652 3670 5698 ante

2080 5711 2317 5781 omnium
2347 5710 2776 5781 pasto_rem,Lnisi
2804 5711 3058 5764 succedat
3085 5712 3464 5781 prmvcnicndo
3489 5715 3556 5769 de
3582 5714 3665 5769 of-

2082 5780 2247 5835 fensis
2285 5777 2571 5850 correctio,
2621 5778 2922 5833 districtum
2956 5777 3213 5850 rogamur
3241 5785 3453 5838 solvere
3499 5786 3666 5839 ratio-

2085 5865 2228 5904 nem.
2282 5848 2519 5927 Dumque
2556 5852 2860 5928 perpendo,
2894 5852 2977 5904 vel
3029 5848 3097 5907 ad
3149 5854 3386 5928 animum
3437 5855 3665 5928 reduco,

2087 5928 2287 5989 quanta
2338 5924 2819 5987 circumspectione
2864 5938 2961 5978 nos
3004 5933 3254 5993 oporteat
3301 5926 3353 5978 in
3402 5924 3667 5992 vigilando
