4104 6540
403 410 506 466 Sili

1321 408 1607 463 DlONYSll
1647 407 1880 464 EXIGUI
1920 406 2250 462 EPISTOLA
2279 409 2367 463 AD
2401 409 2752 470 EUGIPIUM.

3548 423 3653 480 ’διδ

471 530 725 591 Joannes,
775 527 990 581 humilis
1032 527 1311 595 presbyter
1357 525 1415 579 S.
1450 526 1603 579 Rom.
1645 526 1788 581 Eccl.
1838 526 1976 579 tituli
2010 528 2055 586 Α
2086 525 2219 578 tituli
2246 525 2427 580 Sancti
2461 526 2747 590 Laurentii,
2781 539 2891 593 qua
2915 526 3149 582 Damasi.
3194 523 3318 580 huic
3345 532 3657 593 constituta,

406 602 612 655 Sancta:
640 599 918 662 Snsannee,
969 597 1092 650 huic
1120 595 1431 661 constituto,
1482 612 1511 651 a
1542 597 1695 651 nobis
1740 597 1979 667 promul-

405 683 547 740 gato,
577 668 887 740 subscripsi.

476 733 801 803 liustratius,
823 735 1039 790 humilis
1067 735 1345 805 presbyter
1372 734 1429 788 S.
1462 734 1618 805 Rom.
1660 733 1809 788 Eccl.
1846 734 1984 805 tituli

406 811 614 865 Sanctae
644 808 952 870 Anastasius,
1000 805 1124 860 huic
1147 804 1462 867 constituto,
1507 804 1537 857 a
1567 804 1720 859 nobis
1748 804 1987 873 promul-

405 889 554 949 gata,
584 878 897 949 subscripsi.

478 942 1123 1013 Georginspimmeritus
1164 944 1446 1013 presbyter
1491 952 1687 997 sancta:
1732 942 1985 995 Romamn

409 1019 659 1074 Ecclesia:
689 1016 826 1069 tituli
861 1015 957 1069 SS.
983 1013 1203 1067 Joannis
1233 1015 1289 1067 et
1318 1014 1483 1077 Pauli,
1521 1013 1643 1067 huic
1670 1013 1984 1075 constituto,

410 1106 438 1142 a
471 1087 622 1141 nobis
649 1084 1341 1154 promulgata,subscripsi.

481 1150 808 1221 Thalassius,
838 1150 1054 1207 humilis
1082 1150 1363 1222 presbyter
1390 1151 1774 1222 sanctteRom.
1811 1150 1981 1222 ᾕρει..

410 1228 549 1280 tituli
595 1217 804 1278 Sanctrc
855 1224 947 1277 Dei
988 1217 1289 1283 Cenitricis,
1341 1222 1431 1291 qui
1463 1221 1760 1289 appellatur
1802 1217 1985 1274 Calisti

411 1308 559 1350 trans
588 1294 841 1355 Tiberim,
873 1294 996 1347 huic
1025 1293 1335 1353 constituto,
1360 1290 1416 1344 7a
1447 1291 1599 1344 nobis
1628 1290 1984 1359 promulgata,

410 1365 721 1432 subscripsi.

484 1427 739 1495 Marinus,
786 1433 1002 1487 humilis
1032 1431 1308 1500 presbyter
1353 1429 1408 1483 5.
1445 1429 1599 1500 Rom.
1650 1427 1988 1500 Eccl.._tituli

412 1505 623 1558 Sancta:
650 1502 879 1566 Sabime,
906 1498 1366 1565 liuic'conslituto,
1393 1515 1421 1551 a
1453 1498 1607 1553 nobis
1632 1498 1984 1566 promulgato,

411 1573 718 1628 subscripsi.

487 1590 886 1697 ῗίῗέιὲἰὲίιίηυε.
918 1641 1196 1708 presbyter
1223 1646 1421 1693 sancta:
1457 1637 1611 1708 Rom.
1646 1636 1991 1708 Eccl.,itituli

415 1712 601 1767 Sancti
632 1710 858 1780 Cyriaci,
898 1711 1021 1765 huic
1044 1707 1355 1773 cnnstituto,
1389 1724 1418 1761 a
1451 1707 1604 1761 nobis
1627 1707 1985 1776 promulgata,

414 1781 724 1837 subscripsi.

565 1811 569 1815 .
674 1798 701 1820 .,

485 1798 792 1917 Esifcggi-ius,
845 1849 1060 1919 humilis
1088 1849 1368 1919 presbyter
1394 1855 1601 1919 sancte
1624 1845 1778 1897 Rom.
1807 1841 1992 1919 Eccle—

2090 612 2119 649 a
2149 597 2300 649 nobis
2323 597 2681 664 promulgata,
2707 595 3016 664 subscripsi.

2157 664 2410 721 Marinus.
2443 665 2688 731 indignus
2715 667 2993 734 presbyter
3034 664 3090 718 S.
3126 668 3278 717 ﬂom.
3313 668 3485 733 Eccl.,
3521 666 3660 721 tituli

2086 734 2463 855 Agiostolorum
2486 777 2501 802 ,
2534 734 2657 791 huic
2685 736 3003 799 constituto,
3046 749 3074 786 a
3101 736 3253 788 nobis
3300 737 3656 805 promulgato,

2086 818 2146 855 su
2166 820 2395 855 iscrmsn
2918 828 2921 831 <

2084 818 2395 871 sunsernpsn
2918 828 2921 831 <

2096 942 2105 943 7
2155 871 2409 943 Joannes,
2441 872 2655 943 humilis
2686 872 2964 943 presbyter
3000 871 3055 925 S.
3092 872 3245 928 Rom.
3294 871 3464 938 Eccl.,
3524 877 3662 933 tituli

2086 942 2295 1064 Salonae
2327 940 2537 1023 Priscae,
2570 942 2693 997 huic
2721 940 3032 1006 constituto,
3065 957 3094 995 a
3126 943 3277 996 nobis
3300 946 3658 1013 promnlgato,

2086 1029 2146 1064 su
2188 1029 2397 1064 scripsi.

2086 1029 2289 1066 sunscri
2316 1029 2397 1064 )Sl.

2158 1030 2364 1143 Petrds,
2414 1080 2659 1151 indignus
2693 1081 3099 1135 archidiaconus
3142 1090 3337 1137 sanctae
3365 1082 3506 1139 sedis
3536 1099 3666 1151 apo-

2087 1150 2306 1231 stoiiem,
2358 1150 2481 1204 huic
2508 1152 2823 1216 constituto,
2868 1168 2899 1205 a
2928 1152 3081 1206 nobis
3120 1155 3477 1222 promnlgato,
3532 1155 3662 1207 sub-

2088 1237 2188 1276 SCl‘l
2231 1238 2293 1272 SI.

2158 1238 2462 1357 Gargarius,
2492 1288 2757 1356 indignus,
2809 1299 2863 1344 et
2908 1289 3120 1349 humilis
3166 1290 3421 1346 diaconus
3465 1301 3662 1345 sancta:

2087 1360 2233 1482 sagis
2259 1360 2585 1439 apostolicae,
2606 1361 2727 1413 huic
2745 1361 3056 1425 constituto,
3080 1376 3109 1412 a
3133 1363 3285 1415 nobis
3308 1363 3661 1430 promulgato,

2088 1446 2147 1482 sn
2190 1444 2397 1482 scripsi.

2118 1444 2291 1483 nnscrt
2334 1444 2397 1484 si.

2088 1446 2112 1489 ὃ
2159 1445 2427 1562 Μυςειῖιυς,
2458 1498 2672 1553 humilis
2716 1498 2974 1553 diaconus
3012 1507 3213 1554 sancta:
3241 1499 3382 1553 sedis
3412 1500 3666 1567 apostoli-

2089 1582 2184 1637 cae,
2210 1567 2331 1637 huic
2358 1569 2672 1629 constituto,
2708 1584 2735 1620 a
2769 1569 2923 1621 nobis
2952 1568 3307 1637 promulgato,
3356 1569 3662 1636 subscripsi.

2161 1635 2497 1701 Benedictus,
2534 1638 2777 1705 indignus
2824 1635 3081 1691 diacbnus
3123 1646 3320 1691 sanctze
3363 1639 3503 1692 sedis
3532 1635 3665 1706 apo-

2089 1707 2311 1786 stoiicaa,
2363 1707 2487 1762 huic
2527 1709 2842 1775 constituto,
2881 1723 2913 1761 a
2938 1707 3092 1761 nobis
3134 1708 3490 1775 promulgata,
3540 1709 3668 1761 sub-

2089 1791 2411 1916 δωὸςεῗῗηοη.
2438 1844 2602 1912 April.
2634 1846 2760 1914 imp.
2785 1844 2984 1916 domino
3012 1844 3251 1916 piissimo
3276 1845 3511 1914 Augusto
3540 1845 3671 1916 Leo-

414 1922 524 1983 sim,
558 1914 692 1973 tituli
720 1918 901 1989 Sancti
927 1914 1405 1989 Clementisfhuic
1433 1917 1745 1979 constituto,
1778 1929 1806 1967 a
1837 1914 1989 1968 nobis
2024 1930 2066 1989 Β
2093 1929 2178 1978 ne,
2211 1930 2241 1967 a
2267 1914 2376 1967 Deo
2404 1923 2663 1989 coronato
2684 1927 2887 1989 magno
2906 1914 3059 1989 ir_up.,
3083 1932 3224 1969 anno
3240 1927 3409 1989 sexto
3436 1931 3520 1989 rc.
3546 1915 3669 1989 eius

416 1990 775 2060 promulgata,
804 1988 1115 2060 subscripsi.

486 2052 831 2128 Epiphanius,
856 2052 1070 2111 humilis
1098 2058 1378 2128 presbyter
1411 2062 1609 2110 sancta:
1642 2053 1799 2108 Rom.
1823 2052 1996 2119 Eccl.,

2043 1983 2060 2025 Τ
2096 2000 2237 2037 anno
2265 1992 2450 2041 sexto:
2475 1983 2568 2037 sed
2598 1992 2651 2038 et
2673 1983 3024 2039 Constantino
3056 2001 3198 2038 novo
3238 1986 3365 2052 imp.
3398 1984 3514 2049 eius
3541 1985 3667 2048 ﬁlio,

2098 2069 2238 2107 anno
2267 2054 2522 2117 secundo,
2548 2054 2836 2113 indictione
2866 2062 3052 2121 quarta
3085 2055 3206 2124 (An.
3238 2053 3425 2107 Christi
3453 2053 3597 2123 721).

430 2159 3673 2200 mm

1436 2271 2076 2387 DIONYSII
2163 2273 2651 2389 EXIGUI

1024 2481 1649 2589 OPERUM
1779 2474 2176 2580 PARS
2307 2476 2794 2582 SECUN
2813 2483 3073 2586 DA.

438 2761 1250 2895 OPUSCULA
1377 2757 2030 2966 ASCEEC

2101 2759 2469 2966 LET
2584 2761 3665 2892 PAR/ENETICA.

1246 3035 1639 3103 EPISTOLA,
1676 3035 1783 3097 AD
1827 3035 2214 3098 EUGIPIUM
2257 3038 2860 3115 PRESBYTERUM,

548 3159 630 3219 In
658 3159 1001 3219 versionem
1030 3157 1102 3219 ab
1134 3177 1195 3218 se
1226 3158 1454 3235 [actam
1481 3154 1633 3218 libri
1659 3156 1953 3234 Gregorii
1995 3156 2285 3234 Nyseeni,
2311 3158 2399 3219 De
2433 3159 2802 3222 Conditione
2832 3180 2938 3221 seu
2981 3164 3233 3243 api/icio
3263 3164 3552 3229 hominis.

1937 3285 2177 3299 -_

457 3368 460 3371 λ
502 3347 728 3402 Domino
754 3347 1090 3402 sanctissimo
1120 3354 1174 3401 et
1201 3361 1230 3400 a
1259 3361 1347 3403 me
1388 3345 1677 3415 plurimum
1698 3345 2006 3403 venerando
2032 3346 2080 3409 C
2110 3344 2286 3412 aliqua
2315 3358 2435 3413 qua:
2458 3351 2687 3412 possunt
2714 3344 2907 3398 merito
2936 3345 3277 3413 reprehendi,
3307 3347 3482 3402 nullus
3510 3347 3682 3401 lector

431 3452 586 3492 sacro
611 3436 838 3506 Eugipio
868 3437 1179 3506 presbytero
1204 3436 1485 3507 Dionysius
1511 3434 1763 3504 Exiguus.

502 3529 702 3584 Sancto
748 3528 1108 3583 venerationis
1163 3535 1267 3583 tute
1311 3526 1488 3581 studio
1516 3541 1615 3595 pro
1645 3526 1780 3579 meis
1806 3524 2009 3582 viribus

432 3619 738 3684 obsecutus,
756 3619 897 3674 beati
925 3616 1179 3693 Gregorii,
1198 3617 1422 3689 Nysseni
1447 3617 1685 3686 episcopi
1717 3616 1906 3670 librum
1935 3616 2009 3672 De

430 3706 750 3763 Conditione
773 3708 1003 3763 hominis
1058 3721 1093 3762 e.
1112 3706 1296 3761 Gmca
1336 3706 1605 3761 locutione
1625 3704 1887 3771 converti,
1913 3705 2005 3757 tri-

431 3802 577 3869 ginta
597 3809 653 3854 et
680 3817 785 3854 uno
813 3801 879 3854 ab
918 3798 1107 3853 eodem
1133 3797 1401 3867 capitibus
1425 3795 1751 3866 explicatum
1780 3813 1791 3847 :
1819 3795 1871 3848 in
1900 3808 2007 3863 quo

431 3907 597 3961 opere
624 3899 883 3960 quantum
911 3890 1010 3943 sim
1042 3887 1367 3943 difﬁcultatis
1388 3894 1660 3955 expertus,
1692 3900 1759 3942 ex
1788 3885 1901 3958 ipsa
1933 3884 2008 3937 le-

431 3980 612 4033 ctione
642 3979 969 4048 probabitur.
1000 3976 1058 4032 ln
1112 3976 1352 4046 plurimis
1379 3976 1521 4031 enim
1571 3974 1723 4044 juxta
1772 3974 2008 4043 philoso-

431 4071 663 4140 phorum
710 4070 1003 4124 sententias
1053 4068 1389 4134 immoratus,
1437 4065 1765 4136 opulentiam
1806 4072 2005 4118 tantam

431 4173 543 4211 sua:
598 4157 911 4213 eruditionis
965 4155 1264 4225 expressit,
1319 4164 1377 4210 ut
1417 4170 1555 4223 pene
1602 4154 1731 4207 nihil
1768 4153 2010 4209 omiserit

430 4264 620 4303 eorum
649 4264 768 4317 qua:
795 4248 862 4303 ab
908 4248 1011 4307 illis
1035 4247 1209 4301 doctis
1254 4254 1309 4300 et
1352 4245 1544 4301 otiosis
1570 4245 1795 4313 ingeniis
1822 4244 1875 4298 in
1907 4245 2009 4299 hac

430 4347 586 4408 parte
639 4355 735 4408 per
789 4337 1187 4392 inextricabiles
1240 4336 1444 4403 digesta
1495 4344 1618 4389 sunt
1667 4334 2004 4403 quaestiones.

430 4429 671 4496 Quorum
724 4428 883 4483 etiam
936 4426 1220 4482 nonnullas
1257 4424 1484 4494 ineptias
1533 4425 1605 4477 ita
1636 4423 1917 4488 destruxit,
1951 4431 2008 4478 ut

428 4520 561 4573 illud
594 4518 975 4588 propemodum
1011 4518 1165 4571 nobis
1193 4517 1486 4569 insinuaret
1522 4512 1766 4582 Apestoli
1811 4529 1916 4583 quo
1948 4512 2010 4564 li-

430 4609 583 4663 deles
614 4608 828 4662 instruit
856 4609 1069 4662 dicens:
1112 4606 1290 4660 Videte
1321 4621 1384 4659 ne
1410 4605 1522 4675 quis
1551 4620 1637 4657 vos
1668 4603 1889 4672 decipiat
1916 4620 2007 4672 per

2110 3435 2162 3489 in
2188 3434 2271 3489 his
2316 3449 2491 3488 meum
2521 3443 2674 3502 putet
2694 3435 2987 3502 obligatum
3015 3452 3133 3490 esse
3163 3452 3481 3492 consensum
3509 3456 3521 3503 ;
3557 3440 3682 3506 quia

2110 3522 2287 3579 ofﬁcio
2338 3524 2673 3580 translatoris
2722 3525 2992 3595 explicui,
3043 3542 3153 3582 non
3201 3528 3440 3583 censoris
3480 3528 3683 3597 judicio

2109 3614 2475 3681 comprobavi.

2181 3702 2519 3773 Quapropter
2539 3703 2723 3757 humili
2770 3704 3071 3759 devotionis
3099 3705 3356 3774 obsequio
3386 3722 3599 3775 precor,
3626 3715 3685 3760 ut

2108 3794 2362 3850 sanctitas
2403 3801 2491 3848 tua
2523 3794 2890 3862 promissionis
2917 3809 3049 3849 meae
3089 3793 3411 3847 solutionem
3442 3796 3684 3862 gratissi-

2109 3898 2195 3945 ma
2220 3890 2397 3937 mente
2427 3883 2685 3951 percipiat
2708 3921 2724 3947 ,
2768 3891 2822 3937 et
2852 3884 2907 3937 in
2935 3883 3345 3952 quibuscunque
3374 3885 3551 3939 minus
3574 3886 3685 3940 ele-

2108 3982 2296 4040 ganter
2344 3973 2529 4029 videor
2567 3974 2831 4036 elocutus,
2885 3972 3094 4027 veniam
3128 3974 3420 4029 clementer
3468 3990 3683 4031 accomto

2110 4062 2293 4117 model
2311 4064 2463 4131 ;quia
2485 4064 2800 4118 necessitate
2829 4064 3131 4135 temporisa
3157 4063 3583 4138 doctissimorum
3608 4066 3685 4119 vi-

2108 4173 2293 4219 rorum
2332 4157 2621 4213 collatione
2661 4157 2978 4222 distractus,
3004 4171 3111 4209 non
3140 4171 3251 4225 quo
3295 4156 3452 4210 debui
3488 4157 3683 4211 librum

2109 4247 2396 4317 splendore
2423 4246 2635 4315 digessi,
2659 4248 2749 4315 qui
2789 4255 2846 4303 ut
2870 4246 3110 4315 plurimis
3133 4246 3391 4314 probatur
3415 4247 3686 4301 abundare

2109 4338 2413 4404 virtutibus,
2436 4338 2508 4391 ita
2540 4337 2873 4406 quibusdam,
2907 4345 2964 4390 ut
2990 4351 3131 4405 saepe
3152 4337 3331 4398 retuli,
3361 4338 3580 4392 maculis
3604 4339 3684 4391 vi-

2108 4429 2265 4485 detur
2302 4443 2569 4497 aspersus.
2605 4426 2734 4481 Oret
2778 4441 2906 4494 ergo
2936 4442 3035 4495 pro
3082 4441 3169 4481 me
3196 4434 3288 4483 tua
3314 4426 3583 4495 dignatio,
3627 4435 3686 4481 ut

2110 4518 2272 4572 tantis
2298 4532 2510 4586 pressus
2535 4515 2811 4587 angustiis,
2829 4516 3018 4570 saltem
3039 4515 3356 4585 spiritalium
3384 4515 3687 4577 studiorum

2109 4608 2389 4663 latitudine
2416 4606 2675 4679 gaudeam
2710 4624 2723 4659 :
2756 4622 2857 4661 nec
2884 4606 3020 4661 adeo
3049 4607 3402 4676 pmsentibus
3449 4624 3687 4676 unquam

427 4700 809 4771 philosOphiam
855 4709 903 4751 et
946 4700 1155 4751 inanem
1201 4696 1487 4767 fallaciam,
1519 4695 1795 4747 secundum
1841 4693 2007 4745 tradi-
2037 4722 2089 4779 Β
2111 4699 2429 4759 nimi-oribus
2458 4699 2635 4763 liceat.
2665 4706 2724 4753 ut
2747 4713 2844 4753 nos
2870 4713 2901 4753 a
2928 4699 3206 4768 proposito
3233 4697 3427 4754 futura:
3449 4700 3687 4755 delecta-

429 4792 619 4843 tionem
644 4789 921 4852 hominum,
946 4784 1223 4840 secundum
1242 4783 1488 4837 elementa
1511 4781 1711 4848 mundi,
1734 4789 1781 4833 et
1804 4797 1907 4837 non
1935 4796 2010 4833 se-

426 4879 654 4932 cundum
681 4877 939 4931 Christum
968 4875 1185 4946 (Coloss.
1219 4889 1275 4938 ll,
1311 4872 1388 4941 8).
1423 4872 1555 4926 Nam
1579 4871 1735 4925 sicuti
1762 4870 2009 4940 quaedam

427 4976 576 5023 recta
600 4984 718 5037 quin
743 4966 883 5021 Deus
912 4966 1014 5018 illis
1036 4964 1587 5031 revelavit,sapienter
1616 4962 1908 5030 approbat,
1934 4962 2008 5015 ita

427 5072 595 5133 prava
624 5074 811 5112 eorum
842 5057 925 5111 vel
964 5057 1079 5125 ipse
1133 5056 1329 5124 dirigit,
1374 5057 1457 5110 vel
1505 5065 1766 5125 quatenus
1795 5057 1863 5110 ab
1892 5057 2010 5113 aliis

424 5148 687 5215 vitentur,
710 5148 980 5208 ostendit;
1003 5147 1239 5216 exceptis
1253 5147 1501 5201 videlicet
1523 5147 1706 5216 paucis
1735 5147 1785 5199 in
1812 5147 2006 5216 quibus

426 5239 559 5294 dum
606 5239 759 5292 valde
780 5239 1119 5308 persequitur
1161 5238 1310 5305 vitia,
1342 5238 1566 5313 protulit
1593 5238 1672 5308 (ut
1705 5236 1817 5291 ﬁeri
1844 5236 2003 5306 solet)

424 5329 591 5389 etiam
620 5329 733 5396 ipse
754 5329 967 5383 vitiosa.

496 5420 666 5488 igitur
691 5420 1050 5487 eloquentiam
1080 5419 1215 5473 tanti
1244 5418 1476 5473 doctoris
1501 5418 1802 5484 mmulatus,
1826 5416 2007 5489 enisus

421 5528 545 5571 sum
583 5511 798 5578 quidem
831 5509 1255 5565 disertitudinem
1295 5508 1411 5579 ejus
1437 5509 1609 5577 sequi,
1640 5510 1766 5564 licet
1792 5508 2004 5577 assequi

424 5602 586 5659 nimis
612 5603 800 5672 impari
833 5599 1083 5657 facultate
1104 5600 1652 5671 nequiverim.Fidem
1675 5609 1854 5654 tamen
1882 5616 2006 5654 sen-

422 5695 720 5759 tentiarum
759 5693 875 5764 ejus
901 5709 998 5763 pro
1020 5709 1138 5748 mea
1166 5694 1543 5749 mediocritate
1564 5692 1795 5756 servavi,
1832 5692 2006 5746 sciens

426 5786 657 5859 veritate
684 5786 815 5855 nihil
843 5801 961 5849 esse
982 5785 1339 5856 praestantius.
1371 5783 1439 5838 Et
1465 5783 1590 5852 quia
1620 5792 1764 5847 sunt,
1796 5791 1853 5835 ut
1874 5782 2004 5845 dixi,

1471 5919 1868 5931 —.—.——.—.—

2113 4789 2275 4843 tionis
2312 4789 2597 4843 abducant.
2629 4788 2918 4842 Maximum
2950 4804 3179 4860 namque
3226 4790 3475 4844 solatium
3505 4790 3557 4843 in
3587 4791 3689 4843 hac

2113 4879 2325 4934 miseria
2348 4879 2606 4948 capimus,
2638 4878 2681 4933 si
2712 4877 2778 4935 de
2798 4887 3023 4939 ventura
3047 4879 3216 4948 gloria
3239 4883 3547 4934 continuata
3573 4897 3686 4936 me-

2110 4970 2369 5024 ditatione
2392 4979 2698 5024 tractemus.
2718 4970 2970 5035 Quamvis
2996 4970 3138 5032 enim
3167 4971 3287 5045 quis
3316 4985 3499 5023 amore
3527 4971 3689 5024 cccle-

2109 5060 2269 5113 stium
2316 5072 2456 5127 :cgre
2495 5058 2633 5113 ferat
2670 5057 2829 5127 hujus
2857 5059 3300 5128 peregrinationis
3324 5058 3681 5123 incommoda,

2114 5159 2169 5205 et
2210 5166 2329 5205 cum
2370 5151 2632 5221 prepbeta
2684 5151 2930 5205 dolenter
2967 5150 3256 5210 exclamet:
3290 5146 3407 5200 Ileu
3434 5164 3529 5212 me,
3553 5148 3688 5219 quod

2113 5241 2368 5297 incolatu:
2417 5258 2556 5295 meus
2602 5240 2937 5311 prolongata:
2985 5248 3102 5306 est,
3151 5237 3372 5291 habitari
3426 5254 3541 5290 cum
3590 5238 3688 5290 ha~

2115 5333 2392 5387 bilantibus
2414 5332 2601 5399 Cedar,
2622 5334 2838 5393 multum
2858 5330 3027 5393 incola
3055 5330 3154 5400 fuit
3180 5330 3354 5381 anima
3378 5344 3491 5381 mea
3512 5327 3705 5404 (Psala

2118 5439 2264 5491 cx1x,
2294 5423 2367 5494 5);
2402 5430 2594 5478 etcum
2616 5425 2775 5477 beato
2803 5420 3061 5490 Apostolo
3082 5418 3413 5481 conﬁdenter
3439 5428 3644 5474 asserat
3670 5438 3704 5473 ιΔ

2116 5512 2279 5582 Cupio
2304 5512 2513 5565 dissolvi
2540 5520 2589 5564 et
2617 5526 2728 5571 esse
2754 5525 2869 5562 cum
2896 5508 3098 5570 Christo
3120 5507 3341 5581 (Philip.
3372 5524 3411 5573 1.,
3442 5507 3555 5579 25),
3605 5516 3710 5577 ετξ-ζ

2116 5619 2237 5657 men
2268 5618 2296 5655 a
2327 5602 2498 5671 patria
2520 5617 2625 5654 non
2650 5590 2837 5668 procul
2857 5599 3105 5654 exsulare
3128 5598 3381 5665 creditur,
3400 5598 3445 5655 si
3474 5614 3711 5671 semper,

2112 5695 2341 5765 patriam
2369 5692 2636 5747 desiderio
2664 5699 3042 5760 consequatur.

1874 5912 2610 5937 W
