4104 6496
440 354 539 410 347

439 481 628 496 ὀι-σι.-

1719 359 2072 416 DIONYSIUS
2112 357 2264 418 EXIG
2277 365 2316 420 υ
2331 365 2434 421 US.

1369 485 2448 512 —-—-——————-———-—-———-——-.1-———-

1367 571 1726 651 SANCTI
1801 574 2277 654 GBEGORII
2332 575 2783 655 EPISGOPI

1337 731 1418 771 an
1459 721 1759 772 FRATREM
1807 731 1975 773 sum:
2021 732 2278 776 PETRUM
2326 733 2806 784 PnESBYTEuuM,

435 837 532 884 DE
556 834 894 900 lMAGlNB,
929 835 1009 883 ID
1051 836 1182 886 EST
1212 838 1310 886 DE
1339 837 1658 887 HOMINYS
1696 839 2172 905 CONDI'I'IONE,
2203 844 2370 904 ρωει
2398 844 2446 890 Δ
2483 843 2774 890 FRATRE
2803 841 3062 892 EORVM
3107 840 3390 891 BANC'I'O
3415 843 3707 892 BASILIO

1293 907 1648 957 EPISGOPO
1675 909 1748 955 IN
1787 910 2306 960 HEXAEMEBON
2340 913 2519 961 SUN'I‘
2548 913 2838 961 οωεεΑ.

500 1103 557 1158 Si
590 1104 934 1173 pecuniarum
969 1103 1168 1174 pretiis
1197 1119 1294 1159 eos
1323 1112 1598 1174 oporteret
1626 1104 1895 1158 honorare
1921 1102 2012 1171 qui
2043 1106 2093 1166 Α
2118 1118 2302 1173 gnum,
2328 1104 2378 1159 id
2402 1105 2468 1159 ad
2486 1106 2796 1174 magistrum
2818 1104 2938 1175 jure
2959 1105 3260 1171 referatur;
3284 1104 3329 1159 si
3355 1119 3484 1158 vero
3508 1101 3707 1176 m'agni-

432 1197 716 1251 virtutihus
737 1197 1000 1264 eminent,
1029 1212 1226 1266 parvus
1256 1198 1461 1267 utique,
1486 1198 1626 1252 sicut
1653 1196 1908 1251 Salomon
1941 1196 2017 1250 ait

431 1285 611 1358 (Prov.
645 1295 778 1356 post.
812 1304 860 1342 υ.
891 1285 959 1340 40
983 1286 1124 1356 apud
1153 1285 1347 1356 LXX),
1379 1296 1523 1342 totus
1544 1287 1774 1341 mundus
1799 1286 2014 1340 divitia-

428 1393 544 1430 rum
573 1378 866 1441 videretur,
906 1378 996 1447 qui
1031 1378 1133 1432 tuis
1179 1379 1350 1446 possit
1399 1377 1667 1445 adaequari
1708 1377 2012 1430 virtutibus.

426 1469 532 1525 Sed
556 1470 678 1538 quia
711 1469 878 1524 multo
906 1470 1076 1538 gratia
1123 1469 1315 1525 melior
1337 1485 1498 1538 quam
1545 1467 1850 1522 divitiarum
1873 1482 2011 1536 Opu-

427 1560 591 1614 lentia
638 1575 757 1629 quae
797 1566 902 1614 tua:
941 1560 1275 1615 venerationi
1315 1559 1578 1627 debetur,
1609 1559 1821 1624 existit,
1846 1557 2013 1626 exigit

429 1659 608 1704 autem
657 1657 712 1705 et
757 1659 1002 1705 sanctum
1032 1649 1234 1705 Pascha
1273 1649 1550 1705 charitatis
1589 1649 2010 1703 muniﬁcentiam

427 1749 768 1808 consuetam;
801 1742 1074 1797 offerimus
1119 1741 1404 1796 excellenti
1433 1741 1731 1812 prudentia:
1759 1748 1865 1794 tua:
1887 1755 2012 1794 mu-

426 1852 545 1903 nus,
561 1852 593 1890 o
623 1836 786 1890 homo
808 1835 921 1899 Dei,
948 1850 1170 1904 parvum
1199 1834 1438 1902 quidem,
1461 1849 1766 1902 quanquam
1789 1833 2012 1901 dignum

423 1925 668 1979 videatur
698 1925 793 1980 tibi
839 1923 1056 1988 deferri,
1099 1924 1194 1979 sed
1231 1925 1431 1979 nostris
1471 1924 1646 1994 impar
1670 1924 1871 1978 viribus
1900 1939 2010 1977 non

427 2016 674 2070 habt-tur.
703 2015 816 2070 Hoc
845 2023 1025 2069 autem
1049 2031 1243 2069 munus
1286 2031 1464 2070 sermo
1493 2024 1597 2079 est,
1629 2015 1795 2070 veluti
1843 2016 2010 2070 vesti-

365 2175 380 2178 _
425 2114 663 2160 mentum
691 2106 1111 2175 pauperrimum,
1145 2121 1211 2161 ex
1243 2105 1390 2176 inopi
1442 2114 1624 2161 nostra
1655 2106 2008 2174 intelligentia

424 2213 530 2250 non
574 2197 689 2250 sine
708 2196 902 2253 labore
931 2204 1242 2252 contextum
1276 2215 1289 2250 :
1331 2198 1597 2254 sermonis
1621 2213 1753 2253 vero
1782 2198 2009 2254 materia

421 2285 642 2341 forsitan
672 2285 931 2341 audacior
977 2285 1221 2356 plurimis
1258 2302 1379 2342 esse
1408 2286 1692 2354 videbitur,
1729 2295 2006 2342 verumta-

423 2391 544 2431 men
599 2376 742 2431 haud
789 2376 1021 2430 absurda
1071 2377 1154 2430 vel
1205 2377 1461 2432 indecens
1497 2380 1815 2433 aestimatur.
1847 2378 2006 2434 Solus

2120 1196 2385 1253 licentiam
2409 1198 2880 1267 contemplationis
2901 1198 3017 1266 ejus
3045 1206 3228 1251 nostra
3258 1211 3366 1251 non
3386 1205 3703 1266 assequatur

2116 1291 2331 1355 oratio;
2380 1291 2467 1344 ille
2495 1290 2707 1360 quidem
2757 1301 2952 1360 pneter
2992 1291 3393 1344 accusationem
3441 1289 3701 1354 manebit,

2115 1394 2217 1450 qua
2267 1389 2484 1450 putatur
2529 1379 2777 1436 eli'ectnm
2826 1381 3149 1435 dexterioris
3193 1387 3417 1436 eventus
3465 1379 3701 1433 noluisse

2115 1471 2225 1526 suis
2254 1471 2526 1526 insinuare
2546 1471 2838 1540 discipulis,
2857 1479 3038 1525 notam
3063 1471 3391 1526 causationis
3415 1469 3694 1537 effugiens.

2113 1561 2222 1617 Nos
2268 1569 2449 1616 autem
2495 1561 2637 1631 apud
2683 1576 2778 1616 eos
2823 1561 2915 1629 qui
2944 1559 3432 1630 vituperationihus
3459 1559 3694 1616 student.

2113 1659 2510 1721 consequenter
2549 1651 2749 1706 erimus
2801 1651 3042 1715 obnoxii,
3081 1650 3246 1704 veluti
3283 1649 3375 1718 qui
3427 1648 3696 1718 parvitate

2113 1741 2290 1796 cordis
2319 1741 2487 1796 nostri
2537 1742 2670 1794 tanti
2709 1741 2952 1809 magistri
3010 1739 3327 1809 sapientiam
3371 1753 3566 1808 capere
3596 1753 3693 1792 ne—

2111 1848 2388 1902 queamus.
2419 1832 2514 1888 Est
2543 1841 2722 1886 autem
2752 1849 2860 1887 non
2891 1847 3054 1902 parva
3087 1831 3155 1885 ad
3181 1829 3694 1900 contemplationem

2111 1925 2388 1994 proposita
2411 1925 2566 1980 nobis
2595 1925 2844 1988 intentio,
2877 1939 2977 1979 nec
2999 1924 3158 1978 alicui
3183 1937 3373 1977 eorum
3409 1921 3695 1976 miraculo—

2110 2031 2249 2080 rum,
2294 2031 2414 2084 qua:
2434 2015 2487 2069 in
2515 2015 2714 2070 mundo
2735 2023 2879 2080 sunt,
2908 2014 3310 2085 postponenda;
3336 2010 3578 2066 fortassis
3606 2025 3695 2065 au-

2104 2113 2217 2162 tem
2245 2113 2301 2160 et
2327 2104 2657 2179 praeferenda
2688 2114 2773 2162 est
2800 2104 3073 2174 omnibus,
3101 2119 3221 2174 qua:
3249 2103 3452 2158 notitia:
3493 2109 3692 2156 nostra:

2107 2195 2350 2265 subjecta
2397 2204 2544 2251 sunt.
2575 2195 2718 2251 Nihil
2769 2195 2914 2251 enim
2942 2211 3130 2252 eorum
3170 2208 3290 2264 qua:
3313 2193 3586 2255 videntur,
3615 2191 3690 2244 si-

2108 2287 2234 2341 mile
2257 2295 2342 2341 est
2387 2286 2519 2350 Deo,
2568 2287 2709 2342 sicut
2746 2293 2832 2342 est
2859 2287 3091 2340 humana
3143 2282 3385 2339 conditio
3417 2299 3430 2334 :
3459 2281 3534 2334 ita
3573 2287 3629 2333 ut
3659 2295 3686 2332 a

2106 2378 2352 2446 benignis
2381 2379 2716 2432 auditoribus
2743 2377 2814 2432 de
2837 2377 2918 2432 his
2967 2391 3089 2446 qua;
3138 2375 3330 2431 dicturi
3358 2388 3542 2428 sumus
3597 2387 3687 2424 ve-

417 2469 630 2538 qnidem
661 2467 820 2535 digne
846 2475 1146 2522 creaturam
1168 2467 1262 2522 Dei
1283 2469 1668 2534 consideravit,
1690 2470 1782 2539 qui
1809 2486 2003 2524 secun—
2035 2479 2074 2536 Β
2106 2471 2193 2524 nia
2241 2469 2395 2524 nobis
2425 2470 2490 2524 in-
2509 2470 2759 2542 praesenti
2779 2467 3026 2538 petenda
3062 2467 3161 2533 sit,
3207 2466 3251 2522 si
3286 2479 3464 2519 sermo
3505 2470 3688 2516 noster

417 2560 543 2614 dum
562 2558 727 2613 Deum
747 2567 964 2615 creatus
991 2567 1092 2613 est.
1117 2557 1184 2612 Et
1197 2574 1324 2614 vere
1348 2559 1416 2614 ad
1441 2561 1724 2628 imaginem
1746 2561 1840 2616 Dei
1869 2577 1999 2646 coq-

350 2673 354 2677 λ
415 2652 556 2705 ditus
597 2651 967 2720 formatusque
1010 2651 1256 2717 Basilius,
1298 2653 1600 2707 communis
1634 2661 1790 2723 pater
1819 2663 2000 2709 noster

413 2752 573 2812 atque
601 2750 924 2813 princeptor,
954 2743 1046 2811 qui
1076 2743 1516 2799 sublimissimum
1545 2753 1806 2799 creatura:
1835 2745 1999 2800 totius

413 2844 658 2888 ornatum
708 2833 892 2887 multis
943 2834 1333 2903 intelligibilem
1396 2850 1490 2890 sua
1539 2837 1997 2906 contemplatione

409 2926 652 2996 perfecit,
677 2926 808 2980 etin
846 2940 974 2980 vera
1004 2926 1096 2980 Dei
1145 2927 1406 2997 sapientia
1432 2927 1717 2982 formatum
1738 2929 1994 2984 mundum

409 3021 492 3073 his
525 3021 618 3088 qui
659 3035 756 3090 per
796 3018 914 3088 ejus
957 3019 1298 3089 prudentiam
1342 3021 1466 3074 huic
1507 3028 1762 3090 aptantur
1813 3021 1994 3090 inspe-

408 3110 596 3172 ctioni,
625 3109 963 3164 notissimum
990 3123 1108 3164 esse
1127 3109 1426 3164 censtituit.
1451 3109 1560 3164 Nos
1589 3118 1768 3164 autem
1796 3125 1988 3180 quam-

409 3201 488 3254 vis
516 3200 769 3254 admirari
795 3201 862 3254 de
889 3215 976 3266 eo,
1005 3208 1064 3253 ut
1083 3200 1299 3268 dignum
1321 3209 1422 3266 est,
1449 3201 1668 3254 minime
1696 3201 1986 3266 valeamus;

409 3301 589 3346 tamen
618 3307 682 3346 ea
703 3307 822 3362 qua:
849 3291 1042 3345 desunt
1065 3291 1147 3346 bis
1169 3306 1289 3360 qua:
1327 3292 1394 3346 ab
1438 3292 1541 3346 hoc
1569 3292 1822 3360 magistro
1860 3307 1986 3362 per-

405 3395 591 3455 specta
618 3395 763 3453 sunt,
795 3383 1092 3454 adjicienda
1113 3383 1455 3448 credidimus,
1489 3385 1790 3440 nullatenus
1830 3399 1989 3439 occa-

404 3479 558 3532 sione
606 3478 854 3546 przesenti
892 3476 1090 3532 laboris
1133 3476 1250 3544 ejus
1290 3482 1634 3529 attenuantes
1672 3475 1985 3530 industriam

405 3571 527 3636 (nec
547 3568 693 3623 enim
739 3567 820 3621 fas
859 3567 1088 3622 sublime
1117 3567 1232 3637 ejus
1261 3566 1531 3635 eloquium
1567 3565 1766 3620 nostris
1793 3567 1985 3620 obum-

401 3659 543 3711 brari
572 3658 930 3726 sermonibus)
959 3675 973 3722 ;
1032 3659 1128 3725 sed
1160 3673 1229 3713 ne
1256 3673 1318 3712 ea
1345 3672 1462 3728 qua:
1491 3658 1703 3712 videtur
1729 3657 1983 3724 magistro

397 3750 584 3804 deesse
612 3750 801 3818 gloria,
827 3750 1101 3822 discipulis
1128 3751 1441 3820 imputetur.
1464 3747 1598 3802 Nam
1620 3764 1743 3803 cum
1771 3746 1982 3802 Hexae-

2103 2561 2323 2616 inferior
2349 2576 2510 2630 quam
2540 2561 2620 2616 rei
2649 2561 2880 2630 dignitas
2905 2560 3175 2630 exsposcit
3205 2565 3479 2628 appareat.
3515 2553 3689 2624 Opor-

2102 2663 2218 2710 tere
2275 2664 2455 2709 autem
2485 2655 2735 2709 existimo
2763 2653 2892 2708 nihil
2939 2668 3127 2707 eorum
3173 2666 3292 2722 quaa
3319 2649 3465 2706 circa
3510 2647 3685 2700 homi-

2101 2761 2223 2801 nem
2254 2747 2400 2814 prius
2423 2744 2610 2800 eil‘ccta
2641 2743 2955 2809 creduntur,
2985 2752 3042 2798 et
3068 2756 3188 2812 quas
3215 2736 3535 2810 complenda
3561 2751 3683 2807 spe-

2098 2845 2289 2889 rantur
2335 2836 2384 2889 in
2417 2845 2712 2903 posterum,
2763 2847 2992 2904 quaeque
3034 2831 3258 2886 nuncin
3289 2829 3532 2898 prmsenti
3562 2842 3681 2883 cer-

2096 2937 2318 2996 nuntur,
2342 2927 2697 2983 indiscussum
2725 2941 2945 2998 prorsus
2967 2925 3234 2988 omittere,
3259 2937 3327 2978 ne
3348 2922 3524 2976 minor
3561 2936 3682 2990 pro-

2096 3019 2351 3074 missione
2379 3027 2560 3073 nostra
2613 3019 2727 3072 haec
2766 3016 3031 3087 expositio
3059 3015 3282 3070 forsitan
3328 3019 3603 3080 arguatur.
3632 3010 3679 3065 si

2093 3111 2313 3167 homine
2342 3113 2397 3166 in
2424 3112 2881 3182 contemplatione
2924 3110 3204 3181 proposito
3235 3106 3676 3178 praetermittatur

2092 3202 2293 3270 aliquid
2320 3216 2506 3256 eorum
2558 3217 2678 3272 qua:
2723 3201 2792 3256 ad
2819 3217 3038 3257 causam
3065 3199 3340 3271 pertinere
3367 3205 3675 3254 monstran—

2081 3302 2198 3348 tur.
2228 3291 2336 3347 Sed
2359 3300 2414 3346 et
2441 3307 2561 3362 quas
2585 3293 2835 3347 videntur
2859 3306 2984 3360 erga
3013 3307 3137 3346 eum
3167 3289 3429 3345 accidisse
3458 3295 3678 3344 contra-

2089 3385 2189 3447 ria,
2217 3393 2271 3439 et
2299 3399 2396 3438 cur
2424 3383 2649 3442 nonilla
2680 3397 2802 3452 qua:
2849 3383 2918 3438 ab
2949 3382 3102 3436 initio
3131 3380 3271 3434 facta
3299 3387 3442 3444 sunt,
3478 3381 3528 3434 in
3557 3380 3674 3449 ejus

2088 3485 2280 3532 natura
2329 3477 2697 3546 reperiantur,
2753 3491 2849 3544 per
2889 3474 3184 3546 quamdam
3229 3474 3671 3530 consecutionem

2089 3569 2468 3633 necessariam,
2485 3583 2603 3638 quae
2626 3577 2733 3622 tam
2745 3567 3143 3638 Scripturarum
3165 3565 3488 3621 auctoritate
3507 3580 3671 3634 quam

2085 3660 2311 3715 rationis
2339 3658 2736 3726 excogitatione
2763 3659 2990 3713 collecta
3029 3665 3130 3723 est,
3177 3658 3458 3712 decentius
3500 3657 3670 3727 expli-

2088 3761 2281 3806 cantur
2309 3770 2321 3804 :
2352 3751 2425 3804 ita
2455 3758 2515 3805 ut
2560 3750 2661 3804 sibi
2701 3759 2965 3806 consonet
2991 3751 3240 3806 universa
3265 3750 3519 3819 materia,
3546 3765 3668 3806 cum

396 3856 548 3896 mero
576 3841 691 3909 ejus
736 3841 805 3896 de
831 3841 1142 3896 conditione
1193 3841 1425 3895 hominis
1452 3839 1719 3908 expositio
1746 3839 1904 3904 desit,
1935 3836 1979 3893 si
2009 3842 2052 3903 C
2084 3842 2222 3899 ordo
2252 3857 2316 3898 ac
2342 3843 2510 3898 series
2535 3857 2653 3912 quae
2682 3843 3169 3912 putaturadversa,
3197 3843 3266 3897 ad
3295 3858 3460 3897 unum
3493 3844 3672 3897 remi.

395 3935 570 3989 nullus
599 3934 901 3988 auditorum
933 3934 1074 3989 illius
1095 3933 1312 4002 aliquod
1342 3930 1562 3987 aﬂerret
1590 3931 1843 3996 studium,
1870 3945 1978 3999 quo

393 4026 568 4080 minus
617 4025 668 4078 id
709 4024 854 4093 quod
894 4023 1302 4078 desiderabatur
1367 4022 1619 4091 impleret
1645 4062 1661 4088 ,
1720 4020 1977 4075 adversus

392 4128 638 4182 magnam
677 4113 904 4181 gloriam
933 4113 1050 4182 ejus
1077 4112 1457 4182 vituperationi
1487 4111 1712 4166 forsitan
1754 4118 1977 4180 praesta-

390 4214 539 4259 retur
557 4205 790 4271 occasio,
811 4204 978 4259 veluti
1000 4205 1090 4273 qui
1114 4204 1413 4272 neglexerit
1437 4202 1503 4256 ad
1524 4202 1763 4257 habitum
1785 4217 1976 4273 quem-

387 4298 508 4350 dam
563 4298 889 4367 perspicacis
929 4298 1293 4365 intelligentia:
1339 4311 1558 4352 suorum
1586 4295 1971 4366 discipulorum

388 4395 595 4441 mentes
647 4389 907 4443 imbuere.
927 4387 1082 4444 Nunc
1102 4401 1239 4457 ergo
1275 4387 1428 4457 juxta
1457 4388 1598 4442 vires
1641 4395 1854 4443 nostras
1891 4387 1965 4456 id,

387 4478 531 4547 quod
578 4479 755 4532 minus
803 4479 973 4545 deest,
1007 4495 1282 4549 exponere
1310 4480 1563 4548 aggressi,
1595 4480 1640 4535 si
1686 4480 1814 4552 quid
1861 4479 1969 4534 tale

386 4570 654 4640 reperitur
680 4570 732 4624 in
762 4571 962 4625 nostris
1001 4571 1147 4641 quod
1168 4571 1284 4639 ejus
1312 4572 1570 4627 doctrina:
1603 4589 1709 4627 non
1738 4574 1809 4628 sit
1831 4573 1970 4628 indi-

2083 3951 2210 3990 num
2234 3935 2591 4004 eumdemque
2616 3935 2919 4001 conveniat,
2949 3935 3027 3991 sic
3046 3935 3224 3990 divina
3248 3949 3352 4005 ope
3379 3943 3543 4004 atque
3566 3935 3669 3990 vir-

2082 4033 2195 4081 tute
2223 4041 2373 4095 spem
2393 4033 2580 4080 contra
2602 4040 2752 4094 spem
2793 4033 2849 4080 et
2895 4024 3204 4080 facultatem
3245 4026 3402 4080 nobis
3429 4040 3497 4080 ex
3523 4023 3666 4080 ditii—

2077 4117 2278 4175 cultate
2296 4124 2614 4186 ‘prazstante.
2645 4115 3089 4171 Manifestationis
3119 4124 3298 4171 autem
3324 4116 3495 4186 gratia
3524 4118 3670 4187 apti-

2075 4224 2222 4263 mum
2262 4207 2378 4263 fore
2417 4206 2621 4262 credidi
2674 4213 2991 4276 przesentem
3031 4221 3335 4263 sermonem
3391 4207 3484 4262 tibi
3514 4208 3664 4282 capi-

2074 4301 2202 4356 tulis
2222 4299 2514 4369 explicare,
2541 4313 2648 4366 quo
2697 4299 2871 4367 possis
2900 4298 2953 4351 in
2981 4298 3129 4352 brevi
3181 4299 3344 4354 totius
3370 4299 3550 4369 operis
3584 4299 3664 4353 ef-

2074 4389 2273 4446 fectum
2304 4404 2400 4459 per
2437 4389 2646 4457 singula
2677 4396 2978 4458 coeptorum
3011 4397 3316 4444 nostrorum
3345 4398 3658 4458 argumenta

2073 4493 2424 4550 cognoscere.

651 4897 660 4908 ,
1010 4797 1168 4907 Do
1254 4794 2158 4909 GBEGOBII
2229 4791 3011 4905 NYSSENI

734 4990 933 5116 DE
1033 4987 1923 5116 CREATIONE
2021 4982 2689 5113 HOMINIS
2781 4985 3296 5138 LIBER,

879 5159 1517 5223 SUPPLEMENTUM
1558 5157 2090 5219 HEXAEMERON
2134 5157 2427 5219 BASlLll
2475 5157 2736 5220 MAGNI
2783 5158 3144 5229 FRATRIS,

1343 5275 1741 5318 INTERPBETE
1787 5273 2076 5318 DIONYSIO
2121 5275 2380 5319 ROMANO
2424 5276 2687 5320 EXIGUO.

911 5468 1140 5527 CAPUT
1178 5467 1468 5526 PRIMUM.

386 5588 445 5640 l‘:
465 5585 727 5656 rticularis
755 5585 992 5656 qua'dam
1019 5585 1352 5640 ratiocinatio
1383 5584 1446 5640 de
1488 5582 1682 5656 mando
1699 5625 1715 5651 ,
1740 5591 1957 5656 natura-

449 5657 612 5718 lisque
660 5654 942 5724 disputatio
987 5663 1035 5708 et
1087 5655 1282 5710 clarior
1327 5655 1581 5725 expositio
1619 5655 1685 5708 de
1729 5654 1810 5707 his
1847 5669 1960 5724 qua:

449 5730 591 5796 prius
619 5726 674 5778 iu
703 5725 923 5778 hominis
952 5727 1260 5795 formatione
1291 5736 1444 5796 pacta
1476 5733 1847 5779 monstrantur.

451 5836 547 5892 llic
577 5836 731 5902 liber,
764 5835 837 5890 ait
864 5834 1156 5905 Scriptura,
1189 5836 1548 5907 generationis
1571 5835 1696 5892 ςαξιί
1727 5843 1779 5890 ct
1808 5844 1960 5890 terra:

1988 5472 2040 5532 D
2061 5467 2280 5536 quando
2308 5466 2550 5537 perfecta
2569 5475 2692 5522 sunt
2722 5470 2900 5523 omnia
2925 5483 3045 5539 quae
3072 5470 3338 5540 videntur,
3362 5480 3416 5528 et
3444 5474 3511 5528 ad
3533 5489 3652 5544 pro.

2063 5560 2240 5629 prium
2270 5561 2428 5614 situm
2469 5559 2674 5630 singula
2703 5561 2939 5616 discreta
2969 5572 3270 5630 cesserunt,
3315 5566 3533 5634 quando
3563 5582 3651 5620 vo-

2062 5650 2228 5705 lubile
2268 5651 2374 5706 hoc
2421 5665 2620 5720 corpus
2661 5652 2781 5705 curii
2829 5657 3027 5707 cuncta
3079 5656 3375 5721 constituit,
3410 5656 3648 5710 medium

2064 5756 2192 5795 vero
2222 5740 2400 5794 locum
2445 5741 2609 5796 totius
2638 5751 2903 5797 creatura:
2931 5744 3112 5812 gravia
3145 5760 3374 5816 corpora
3409 5756 3462 5802 et
3490 5747 3649 5802 deor-

2064 5849 2180 5888 sum
2205 5833 2476 5902 vergentia
2507 5836 2694 5890 sortita
2738 5843 2880 5905 sunt,
2909 5845 3050 5894 terra
3079 5837 3288 5895 Scilicet
3316 5849 3477 5911 atque
3507 5856 3641 5911 aqua
