4104 6526
387 402 491 461 5ιο

1195 401 1373 457 LIBRI
1411 403 1499 457 DE
1537 402 1927 461 CREATIONE
1966 404 2241 461 "03Hle
2278 409 2849 468 INTERI’RETATIO.

3561 408 3663 469 3230

389 532 509 574 sese
536 523 723 572 mutuo
767 515 1121 572 continentia.
1153 516 1440 573 Vinculum
1482 526 1662 573 autem
1702 518 1973 589 quoddam
2006 526 2055 584 Α
2078 522 2231 588 juxta
2261 524 2490 580 localem
2521 526 2945 592 translationem,
2975 541 3163 582 verum
3185 534 3239 580 ct
3261 525 3413 597 juxta
3445 529 3667 581 venibi-

390 618 551 680 atque
593 607 991 663 ﬁrmamentum
1049 622 1240 663 eorum
1271 622 1392 678 quae
1441 607 1581 664 facta
1620 617 1747 665 sunt
1793 608 1973 663 divina

318 764 321 767 λ
389 710 701 770 mternaque
728 700 966 770 potentia
997 707 1103 768 est,
1138 701 1462 755 exstantium
1495 702 1703 755 naturis
1751 701 1978 770 inserta,

390 806 509 862 qua:
536 789 761 858 geminis
782 787 1060 844 eﬂcctibus
1083 790 1329 844 universa
1369 790 1697 845 moderatur.
1729 791 1785 845 ln
1831 800 1977 846 statu

392 897 624 953 namque
653 890 711 936 et
752 888 897 935 motu
930 895 1036 934 non
1067 881 1245 935 solum
1274 895 1341 935 ex
1390 896 1499 934 non
1525 882 1793 936 stantibus
1822 895 1981 949 gene-

389 976 675 1037 rationem,
703 972 799 1027 sed
825 971 1259 1041 permansionem
1298 972 1730 1036 subsistentibus,
1761 972 1975 1026 machi-

393 1071 519 1119 nata
548 1070 631 1118 est
650 1062 792 1116 circa
815 1060 1186 1128 gravissimam
1216 1068 1272 1113 et
1301 1059 1789 1115 incommutabilem
1821 1068 1981 1113 natu-

392 1169 467 1208 ra:
504 1152 965 1216 immobilitatem,
993 1150 1157 1203 velati
1197 1149 1482 1219 quemdam
1533 1165 1690 1204 axem
1730 1149 1978 1204 stabilem

392 1253 555 1312 atque
583 1241 965 1304 ﬁrmissimum,
990 1240 1389 1294 velocissimam
1419 1240 1542 1294 cmli
1571 1240 1980 1294 circulationem

395 1334 464 1388 ad
507 1335 674 1389 instar
702 1339 834 1386 rota:
854 1331 1054 1400 jugiter
1092 1331 1426 1400 pervehens,
1456 1340 1511 1384 et
1562 1330 1982 1384 indissolubilem

396 1423 754 1479 substantiam
804 1436 900 1489 per
956 1420 1276 1474 alterutrum
1334 1422 1575 1489 utrisque
1629 1437 1979 1476 conservans.

395 1514 529 1569 Nam
559 1521 613 1567 et
638 1512 887 1567 volubilis
912 1511 1137 1566 materia
1169 1526 1264 1581 per
1291 1512 1631 1566 celerrimum
1658 1521 1864 1566 motum
1894 1528 1984 1567 so—

396 1603 661 1659 liditatem
712 1611 870 1658 terrae
939 1604 1267 1657 circumacta
1319 1603 1678 1671 constringit,
1721 1614 1777 1659 et
1829 1614 1986 1660 terra:

396 1696 657 1752 stabilitas
679 1710 776 1765 per
802 1694 1130 1749 immobilem
1166 1694 1494 1757 ﬁrmitatem,
1524 1696 1840 1751 volubilium
1868 1698 1985 1752 cir-

396 1786 546 1841 cuitu
601 1785 938 1840 incessanter
999 1784 1311 1839 extenditur
1357 1803 1370 1839 :
1433 1801 1586 1853 :nqua
1640 1802 1769 1841 vero
1830 1788 1985 1856 juxta

2080 614 2184 669 lem
2231 616 2449 671 modum
2495 626 2659 688 atque
2686 620 2999 675 mutabilem
3032 618 3123 675 fiat
3162 638 3175 673 :
3210 620 3446 689 itemque
3474 630 3666 674 natura

2076 706 2282 763 stabilis
2305 714 2508 762 motum
2537 708 2711 777 quifit
2739 725 2838 779 per
2876 710 3379 775 commutationem,
3405 711 3551 765 nulla
3583 728 3671 765 ra-

2080 797 2227 851 tione
2255 798 2482 867 recipiat
2511 816 2523 851 :
2556 800 2823 869 sapientia
2865 800 2960 855 Dei
2990 802 3348 870 proprietates
3408 802 3667 854 uniuscu-

2074 884 2270 954 jusque
2297 897 2626 957 permutans,
2657 890 2984 945 immobilem
3015 891 3233 960 quidem
3255 900 3503 945 naturam
3533 906 3667 945 con-

2080 977 2381 1032 vertibilem
2404 977 2549 1042 fecit,
2583 980 2836 1034 mobilem
2864 996 2996 1035 vero
3021 982 3481 1035 inconvertibilem
3512 998 3525 1033 :
3550 997 3672 1050 pro-

2081 1070 2315 1142 videntia
2360 1071 2590 1140 quadam
2620 1072 2737 1125 haec
2765 1072 2836 1126 ita
2869 1073 3205 1141 dispensans,
3240 1088 3307 1128 ne
3337 1074 3481 1141 quod
3531 1072 3667 1128 divi-

2082 1175 2165 1213 na:
2212 1168 2417 1213 natura:
2459 1168 2540 1214 est
2566 1161 2836 1229 singulare
2862 1164 2947 1217 vel
2994 1165 3273 1233 preprium
3305 1163 3396 1233 (id
3427 1171 3511 1217 est
3557 1164 3661 1215 im-

2084 1250 2355 1304 mobilitas
2381 1258 2437 1304 et
2484 1250 3047 1322 ineommutabilitas)
3091 1253 3142 1305 in
3192 1254 3371 1321 aliqua
3420 1261 3667 1307 creatura

2084 1348 2373 1410 conspecta
2415 1342 2583 1397 Deum
2626 1342 2898 1396 aestimare
2942 1341 3147 1397 faceret
3179 1352 3496 1396 creaturam.
3550 1343 3667 1397 Non

2085 1431 2226 1485 enim
2254 1433 2456 1501 poterit
2484 1433 2662 1485 anima
2692 1432 2856 1486 videri
2906 1433 3216 1501 opinionem
3246 1433 3445 1487 habere
3473 1432 3672 1486 Divini-

2086 1521 2230 1586 tatis,
2255 1521 2399 1591 quod
2438 1521 2640 1575 mobile
2671 1520 2753 1575 vel
2778 1523 3031 1575 mutabile
3059 1523 3235 1577 fuerit.
3268 1522 3491 1588 Idcirco,
3526 1530 3670 1577 terra

2086 1612 2305 1682 quidem
2324 1611 2551 1677 stabilis,
2584 1612 2677 1667 sed
2708 1613 2979 1668 mutabilis
3004 1622 3113 1678 est;
3139 1614 3332 1668 coelum
3357 1628 3486 1668 vero
3509 1628 3674 1668 econ-

2089 1703 2254 1757 trario
2282 1720 2405 1758 cum
2434 1720 2542 1759 non
2570 1706 2640 1760 sit
2670 1707 2948 1774 mutabile,
2995 1708 3154 1762 simul
3199 1722 3300 1762 nec
3327 1707 3520 1762 stabile
3541 1714 3626 1761 est
3655 1723 3669 1758 :

2089 1803 2150 1850 ut
2186 1799 2361 1853 stabili
2390 1799 2606 1867 quidem
2653 1800 2965 1854 substantiae
3012 1800 3441 1865 mutabilitatem,
3474 1800 3676 1855 incom-

397 1878 816 1948 unumquodque
866 1892 1053 1932 eorum
1094 1893 1320 1946 quorum
1363 1879 1608 1947 operatio
1655 1879 1843 1944 distat,
1871 1896 1985 1935 ma-
2019 1899 2063 1957 Β
2090 1889 2335 1943 mutabili
2382 1905 2512 1944 vero
2542 1891 2896 1945 mobilitatem
2938 1892 3115 1945 divina
3145 1893 3317 1947 virtus
3355 1892 3671 1958 adnectens,

397 1969 621 2038 gnitudo
646 1976 930 2038 compacta
959 1976 1062 2034 est,
1105 1968 1156 2022 id
1202 1977 1304 2033 est,
1349 1976 1455 2023 tam
1486 1969 1603 2038 ejus
1629 1986 1748 2039 qua:
1776 1972 1982 2027 stabilis

406 2068 611 2114 naturze
660 2067 763 2124 est,
802 2074 966 2128 quam
1012 2059 1153 2113 illius
1199 2073 1319 2127 qua:
1365 2060 1669 2114 incessabili
1717 2064 1984 2118 rotatione

396 2159 663 2220 raptatur,
698 2165 822 2203 nam
870 2164 1057 2218 neque
1098 2156 1242 2203 terra
1281 2158 1463 2218 potest
1494 2166 1522 2204 a
1554 2153 1770 2221 propria
1798 2154 1984 2208 solidi-

397 2252 508 2297 tate
553 2240 850 2304 transferri,
905 2257 1081 2312 neque
1122 2242 1322 2297 coelum
1364 2259 1598 2313 unquam
1641 2245 1982 2301 velocissima

394 2335 679 2391 motus‘sui
711 2335 1029 2390 circuitione
1052 2334 1242 2388 laxari.
1264 2334 1391 2388 Hmc
1418 2344 1597 2388 autem
1624 2345 1679 2390 et
1707 2337 1877 2405 prima
1906 2353 1987 2393 se-

396 2426 633 2482 cundum
656 2425 967 2480 Conditoris
993 2424 1313 2494 sapientiam
1345 2424 1509 2479 veluti
1546 2426 1814 2493 quoddam
1840 2428 1986 2496 prin-

395 2508 597 2587 cipium
642 2517 807 2571 totius
836 2516 1097 2570 machinas
1133 2515 1434 2585 probantur
1470 2531 1592 2570 esse
1645 2525 1982 2585 constructa,

396 2608 709 2664 declat-ante
762 2605 1047 2675 magniﬁco
1096 2606 1188 2661 illo
1244 2605 1429 2675 Moyse
1484 2622 1582 2676 per
1625 2607 1731 2663 hoc
1761 2608 1984 2677 quodin

397 2700 663 2769 principio
703 2698 901 2753 cmlum
942 2707 1000 2753 et
1039 2705 1237 2752 terram
1267 2712 1298 2751 a
1321 2697 1432 2752 Deo
1460 2697 1600 2751 facta
1651 2712 1984 2752 commemo-

395 2799 504 2855 rat,
535 2802 589 2846 et
607 2790 749 2860 quod
777 2806 846 2845 ex
869 2799 1020 2844 motu
1044 2797 1099 2843 et
1126 2790 1362 2844 statione
1387 2804 1505 2857 quae
1534 2788 1780 2843 videntur
1800 2783 1854 2843 in
1884 2790 1986 2846 hac

397 2893 669 2950 creatura,
697 2883 851 2952 juxta
897 2882 1134 2936 divinum
1189 2881 1474 2937 consilium
1526 2881 1579 2935 in
1635 2882 1985 2951 generatione

398 2984 594 3030 cuncta
645 2975 909 3045 producta
948 2979 1095 3028 sunt.
1123 2970 1259 3026 Cum
1311 2986 1441 3040 ergo
1489 2972 1685 3027 coelum
1734 2978 1790 3026 et
1841 2981 1984 3027 terra

397 3066 669 3121 mensuris
696 3065 867 3134 aequis
888 3064 1043 3133 juxta
1074 3062 1399 3117 contrariam
1430 3060 1725 3117 efficaciam
1755 3062 1823 3117 ab
1850 3062 1988 3116 invi-

397 3170 519 3213 cem
547 3156 818 3226 disparata
847 3156 978 3222 sint,
1026 3169 1092 3208 ea
1122 3162 1371 3209 creatura
1399 3168 1517 3222 quae
1544 3154 1598 3207 in
1628 3154 1804 3209 medio
1856 3169 1989 3209 con-

2088 1985 2144 2031 et
2169 1977 2486 2033 alterutrum
2512 1994 2612 2049 per
2635 1981 2911 2049 utriusque
2939 1983 3378 2036 contrarietatem
3408 1983 3518 2036 suis
3546 1996 3674 2050 pro-

2086 2071 2403 2140 prietatibus
2432 2074 2711 2144 copulans,
2745 2091 2775 2129 a
2807 2076 3107 2131 Divinitatis
3137 2078 3394 2147 opinione
3422 2092 3666 2132 remove-

2085 2170 2186 2227 ret,
2216 2164 2363 2230 quod
2394 2173 2641 2225 neutrum
2674 2166 2864 2220 horum
2898 2167 3073 2235 (sicut
3099 2166 3300 2220 dictum
3330 2167 3449 2236 est)
3479 2166 3674 2220 divina:

2087 2261 2293 2307 natura:
2319 2255 2615 2323 putabitur,
2638 2256 2689 2308 id
2720 2256 2863 2323 quod
2886 2257 3143 2310 mutabile
3173 2263 3229 2311 et
3257 2256 3506 2311 instabile
3532 2270 3676 2310 com-

2085 2345 2419 2414 probabitur.
2442 2346 2699 2402 Universa
2724 2350 2884 2416 igitur
2909 2350 2974 2403 ad
3004 2365 3161 2404 suum
3193 2350 3352 2404 finem
3381 2364 3678 2416 congruen-

2089 2442 2171 2489 ter
2197 2443 2381 2505 aptata
2430 2445 2575 2491 sunt.
2609 2436 2856 2492 Perfecta
2905 2446 3030 2493 sunt
3077 2441 3250 2503 enim,
3279 2440 3418 2494 sicut
3464 2439 3675 2509 Moyses

2086 2526 2200 2597 ait”
2225 2526 2423 2582 coelum
2466 2534 2522 2581 et
2551 2536 2692 2581 terra
2746 2538 2802 2582 et
2827 2544 2948 2597 qum
2980 2529 3119 2583 inter
3166 2530 3281 2584 hzec
3308 2529 3483 2583 media
3524 2536 3670 2595 sunt,

2087 2618 2266 2672 omnia
2312 2618 2448 2671 mira
2500 2618 2920 2687 pulchritudine,
2948 2619 3155 2688 singula
3185 2634 3413 2687 qumque
3441 2632 3667 2687 compe-

2089 2718 2264 2764 tenter
2302 2717 2494 2764 ornata
2529 2710 2764 2764 :cmlum
2805 2702 3022 2779 quidem
3070 2709 3344 2763 stellarum
3386 2709 3677 2763 luminibus

2088 2802 2326 2864 micans;
2353 2815 2500 2854 mare
2525 2815 2656 2853 vero
2685 2808 2847 2867 atque
2876 2814 2970 2853 aer
2994 2799 3357 2853 animantibus
3387 2806 3493 2851 tam
3526 2807 3676 2851 nata-

2094 2894 2291 2948 bilibus
2318 2907 2479 2962 quam
2506 2892 2815 2945 volatilibus
2842 2892 2977 2946 mire
3009 2891 3305 2960 tripudians
3329 2908 3344 2956 ;
3374 2898 3516 2943 terra
3536 2903 3675 2943 vero

2088 2982 2418 3036 multimodis
2444 2982 2732 3036 herbarum
2762 2982 2995 3045 naturis,
3021 2981 3373 3048 virgultorum
3389 2980 3674 3034 diversita-

2090 3072 2231 3127 tibus
2279 3071 2513 3139 quodam
2564 3070 2726 3125 modo
2777 3070 3044 3139 gestiens,
3096 3085 3215 3139 qua:
3260 3077 3673 3126 conservantem

2090 3169 2283 3217 cuncta
2329 3161 2511 3216 divino
2548 3170 2681 3215 nutu
2734 3169 2979 3229 vegetata
3021 3161 3343 3229 progenuit;
3374 3169 3429 3214 et
3469 3161 3674 3229 repleta

399 3247 690 3302 trariorum
716 3255 817 3314 est,
868 3264 934 3304 ex
968 3257 1123 3320 parte
1168 3248 1398 3318 quadam
1448 3249 1835 3305 cohaarentium
1883 3249 1987 3304 sibi
2020 3267 2065 3328 ρ
2096 3252 2314 3322 quidem
2346 3260 2463 3307 erat
2490 3252 2777 3320 speciebus
2824 3251 3088 3305 universis
3110 3250 3271 3306 simul
3301 3264 3423 3305 cum
3452 3248 3675 3304 ﬂoribus

395 3341 749 3415 participans,
783 3341 1121 3396 summitates
1172 3341 1371 3397 divisas
1414 3342 1630 3411 propria
1662 3340 1987 3397 mediatione

398 3434 696 3491 connectit.
730 3432 807 3485 lta
830 3440 889 3486 ut
910 3432 1207 3487 manifestae
1235 3432 1343 3487 sint
1382 3433 1778 3489 contrariorum
1808 3431 1876 3486 ad
1901 3433 1986 3485 al-

398 3531 666 3579 terutrum
695 3523 799 3577 hac
828 3523 1243 3593 interpositione
1270 3521 1687 3591 conjunctionis.
1714 3523 1848 3577 Nam
1879 3537 1988 3577 mo-

399 3614 522 3668 bilis
548 3626 765 3683 semper
793 3620 850 3668 et
890 3614 1225 3668 subtilissimi
1252 3612 1392 3681 ignis
1421 3614 1778 3667 substantiam
1808 3613 1985 3666 imita-

398 3715 488 3762 tur
515 3705 858 3774 aliquatenus
887 3719 999 3769 aer,
1026 3713 1133 3758 tam
1156 3705 1376 3759 levitate
1397 3713 1600 3758 natura:
1620 3718 1781 3770 quam
1808 3711 1987 3757 motus

400 3796 807 3867 opportunitate
839 3813 855 3849 :
887 3812 996 3851 non
1039 3804 1219 3851 tamen
1248 3795 1560 3863 hujusmodi
1591 3802 1695 3861 est,
1726 3801 1785 3847 ut
1812 3809 1842 3847 a
1892 3809 1987 3847 so-

398 3890 783 3944 lidissimorum
838 3889 1163 3955 cognatione
1217 3888 1460 3943 videatur
1514 3888 1761 3954 alienus,
1812 3901 1989 3955 neque

398 3995 617 4049 semper
642 3979 933 4035 immobilis
962 3994 1308 4048 permanens,
1340 3993 1514 4046 neque
1539 3976 1739 4046 jugiter
1765 3976 1987 4032 efﬂuens

398 4078 565 4141 atque
611 4068 915 4124 deﬁciens:
973 4068 1070 4123 sed
1118 4070 1397 4138 utriusque
1444 4069 1775 4138 proprietate
1819 4068 1988 4122 veluti

397 4162 722 4233 quibusdam
750 4162 1144 4217 contrariorum
1176 4161 1456 4216 eﬂectibus
1487 4158 1713 4216 conﬁnis
1735 4158 1984 4225 efficitur,

397 4255 711 4310 immiscens
748 4254 910 4309 simul
959 4262 1015 4309 et
1042 4254 1289 4309 dividens
1344 4255 1397 4308 in
1438 4254 1620 4322 seipso
1645 4268 1762 4321 quae
1791 4262 1986 4307 natura

397 4346 635 4401 discreta
657 4354 807 4410 sunt,
829 4347 1121 4402 secundum
1147 4348 1286 4401 hanc
1308 4348 1573 4401 rationem
1599 4362 1627 4400 a
1648 4347 1843 4415 liquida
1859 4362 1990 4418 quo-

398 4453 507 4508 que
560 4437 862 4491 substantia
918 4438 1131 4506 gemina
1177 4437 1443 4492 charitate
1479 4438 1706 4493 subnixa
1745 4438 1987 4507 utrisque

397 4527 874 4583 contrarietatibus
914 4535 1235 4596 coaptatur;
1263 4526 1407 4596 quod
1463 4527 1605 4581 enim
1652 4528 1829 4595 gravis
1856 4527 1985 4581 etin

2092 3342 2296 3397 fructus
2337 3356 2553 3409 quoque
2583 3340 2905 3410 producens,
2933 3340 3090 3408 plena
3120 3347 3177 3393 et
3219 3347 3404 3410 parata
3427 3340 3511 3393 bis
3553 3354 3674 3409 qua:

2090 3435 2143 3488 in
2170 3434 2249 3488 eis
2269 3433 2429 3488 solita
2448 3441 2574 3486 sunt
2595 3433 2724 3487 oriri
2746 3450 2758 3483 :
2778 3439 2968 3487 cuncta
2989 3446 3204 3500 quoque
3227 3431 3383 3485 dorsa
3416 3432 3673 3486 montium

2091 3535 2254 3594 atque
2284 3524 2565 3579 cacumina
2592 3531 2649 3578 et
2671 3523 2933 3592 quidquid
2987 3538 3289 3577 convexum
3340 3531 3502 3592 atque
3530 3523 3677 3593 supi-

2092 3635 2239 3682 num,
2271 3620 2355 3674 vel
2405 3618 2457 3672 in
2506 3617 2840 3673 convallibus
2867 3617 3087 3686 planum
3135 3624 3299 3684 atque
3342 3618 3672 3670 substratum

2089 3710 2377 3764 herbarum
2406 3724 2544 3763 nova
2574 3707 2756 3776 specie
2783 3715 2840 3762 et
2867 3708 3012 3761 varia
3062 3707 3319 3761 arborum
3370 3707 3671 3775 pulchritu-

2088 3801 2214 3855 dine
2252 3800 2670 3865 coronabantur,
2702 3799 2863 3854 modo
2902 3797 3118 3868 quidem
3146 3797 3216 3852 de
3254 3798 3411 3850 terris
3439 3798 3674 3850 eminen-

2090 3892 2191 3957 tia;
2222 3892 2315 3945 sed
2342 3890 2410 3945 ad
2435 3889 2781 3960 perfectionis
2808 3904 2918 3943 suae
2961 3888 3336 3943 concurrentia
3364 3901 3488 3940 mox
3518 3887 3672 3942 deco-

2089 4004 2204 4044 rem
2258 3987 2605 4052 ltetabantur,
2638 3986 2886 4039 universa
2925 3984 3075 4053 juxta
3106 3983 3321 4037 modum
3351 3997 3505 4036 suum
3535 3996 3675 4051 prte-

2089 4087 2249 4148 cepto
2298 4076 2564 4131 viviticata
2611 4074 2810 4129 divino.
2855 4073 3103 4128 Jumenta
3151 4071 3366 4142 quidem
3408 4071 3668 4139 gregatim

2085 4172 2237 4239 juxta
2265 4170 2541 4239 proprium
2571 4182 2740 4236 genus
2764 4168 2815 4220 in
2858 4166 2990 4221 silva
3014 4164 3368 4219 discurrentia
3392 4162 3674 4215 moraban-

2090 4270 2207 4327 tur;
2236 4260 2410 4314 avium
2423 4274 2552 4313 vero
2574 4258 2861 4313 modulatis
2880 4256 3125 4310 cantibus
3154 4253 3390 4308 omnimn
3417 4254 3669 4308 silvarum

2093 4365 2335 4406 consona
2361 4349 2712 4405 resonabant.
2743 4347 2902 4400 Maris
2924 4347 3085 4400 etiam
3114 4345 3279 4400 facies
3296 4344 3378 4415 (ut
3404 4345 3673 4399 mstimare

2090 4441 2253 4511 licet)
2285 4440 2518 4494 maxima
2550 4446 2677 4493 tunc
2719 4446 2836 4491 erat
2876 4435 3184 4506 placiditate
3213 4444 3266 4490 et
3288 4436 3676 4504 tranquillitate

2092 4533 2203 4587 suis
2274 4522 2783 4597 congregationibus
2846 4527 3280 4599 profundissimis
3355 4526 3670 4580 constituta.

396 4620 653 4673 deorsum
700 4617 951 4688 proclivis
1001 4625 1106 4683 est,
1136 4616 1305 4669 multa
1326 4615 1394 4669 ad
1421 4622 1693 4669 terrenam
1738 4623 1984 4669 naturam
2015 4618 2250 4697 DJuxta
2293 4632 2457 4688 quam
2511 4617 2773 4671 stationes
2818 4624 2874 4671 et
2920 4623 3112 4686 portus
3166 4615 3346 4669 divina
3394 4613 3674 4669 voluntate

398 4707 729 4777 cognatione
752 4706 1046 4762 foederatur
1076 4724 1089 4759 :
1119 4705 1266 4775 quod
1290 4720 1419 4760 vero
1444 4704 1602 4759 ﬂuxae
1622 4714 1678 4759 et
1704 4704 1990 4759 decurren-

400 4800 470 4853 tis
492 4795 746 4858 efﬂcaciaz
770 4805 873 4863 est,
903 4812 1014 4853 non
1043 4797 1189 4851 omni
1222 4796 1382 4851 modo
1413 4805 1621 4849 natura:
1648 4795 1863 4850 mobilis
1892 4811 1991 4849 ex-

396 4907 524 4964 pers
574 4907 698 4946 esse
748 4890 1134 4959 cognoscitur:
1166 4890 1411 4959 quaedam
1466 4904 1698 4959 namque
1748 4904 1846 4958 per
1886 4890 1990 4944 hoc

396 4985 575 5051 ipsum
607 4982 664 5035 lit
686 4982 1057 5050 oppositurum
1081 4981 1311 5034 mixtura
1340 4988 1501 5049 atque
1524 4981 1833 5047 concursio,
1857 4980 1987 5035 dum

399 5079 453 5124 et
470 5071 707 5139 gravitas
730 5071 783 5123 in
806 5078 957 5125 motu
978 5076 1235 5134 transeat,
1259 5084 1360 5124 nec
1383 5078 1560 5124 motus
1577 5070 1702 5124 item
1724 5070 1990 5137 gravitate

401 5162 667 5227 tardetur,
696 5161 789 5215 sed
821 5162 887 5215 ad
916 5177 1036 5218 sese
1066 5163 1412 5228 conveniant,
1445 5178 1565 5231 qum
1588 5163 1743 5231 juxta
1764 5166 1990 5218 summi-

402 5262 543 5307 tates
582 5252 901 5306 naturaliter
939 5260 1068 5307 sunt
1113 5251 1303 5317 divisa,
1333 5252 1460 5306 dum
1491 5253 1591 5306 sibi
1642 5262 1829 5308 mutuo
1857 5270 1992 5324 qua-

398 5344 525 5398 dam
555 5344 884 5399 mediatione
912 5344 1258 5412 copulantur,
1297 5344 1408 5400 imo
1434 5346 1614 5414 potius
1645 5345 1990 5412 diligentissi-

396 5450 543 5499 mam
568 5434 833 5489 rationem
864 5449 964 5489 nec
989 5434 1103 5504 ipsa
1132 5435 1524 5488 contrariorum
1547 5436 1842 5489 substantia
1870 5437 1987 5492 sine

398 5524 763 5595 permixtione
777 5525 1000 5580 alterius
1028 5525 1376 5595 proprietatis
1404 5525 1619 5580 existat.
1643 5525 1797 5591 Item,
1822 5542 1988 5596 quan-

399 5627 513 5670 tum
544 5630 689 5682 reor,
714 5616 965 5671 universa
989 5618 1109 5687 qua:
1140 5617 1193 5670 in
1226 5615 1424 5671 mundo
1455 5626 1766 5674 cernuntur.
1801 5626 1987 5673 mutua

397 5709 502 5763 sibi
554 5709 818 5763 societate
847 5708 1212 5773 consentiunt,
1246 5716 1301 5762 et
1334 5707 1387 5760 in
1436 5721 1600 5760 unum
1631 5706 1806 5762 omnis
1837 5724 1989 5763 crea-

399 5810 519 5853 tura
570 5799 885 5868 conspirare
931 5798 1306 5866 cognoscitur,
1336 5796 1463 5850 dum
1516 5794 1568 5848 in
1617 5797 1989 5865 oppositurum

398 5890 822 5967 proprietatibus
849 5888 1138 5953 invenitur.
1171 5886 1303 5947 Nam
1334 5903 1455 5944 cum
1477 5893 1655 5943 motus
1682 5903 1790 5947 non
1817 5889 1990 5945 solum

2090 4708 2256 4764 veluti
2283 4707 2496 4776 quidam
2527 4707 2678 4760 sinus
2726 4705 2903 4761 effecti
2952 4720 3049 4775 per
3077 4706 3258 4760 littora
3300 4705 3460 4759 terris
3506 4703 3673 4756 maria

2095 4797 2437 4869 copulabant,
2461 4796 2780 4866 quietissimi
2811 4795 2968 4849 etiam
2999 4802 3179 4849 motus
3209 4794 3471 4849 undarum
3496 4792 3675 4846 vibra-

2090 4887 2287 4942 bantur
2316 4886 2479 4940 veluti
2521 4895 2675 4956 prata
2722 4886 2970 4951 virentia,
3016 4885 3343 4941 tenuissimis
3386 4892 3549 4951 atque
3598 4883 3677 4935 in-

2095 4979 2271 5033 noxiis
2299 4977 2512 5034 ﬂatibus
2561 4978 2885 5033 summitatis
2917 4977 3253 5047 superficiem
3285 4990 3519 5043 congrua
3549 4976 3675 5028 sub-

2093 5070 2285 5123 tilitate
2306 5069 2624 5138 crispantes,
2650 5078 2706 5124 et
2733 5070 3011 5124 universus
3036 5069 3182 5122 orbis
3210 5066 3503 5123 secundum
3531 5080 3680 5120 crea-

2095 5161 2295 5217 tionem
2317 5177 2470 5216 suam
2499 5169 2638 5215 terra
2665 5162 2911 5231 marique
2942 5168 3161 5232 paratus
3188 5158 3416 5212 astabat.
3449 5154 3553 5211 Sed
3582 5158 3677 5227 qui

2094 5255 2176 5309 his
2201 5262 2443 5309 uteretur
2472 5254 2685 5308 interim
2713 5268 2821 5307 non
2851 5261 2986 5306 erat.

2714 5381 2943 5438 CAPUT
2980 5381 3044 5438 ll.

2183 5496 2286 5552 Cur
2313 5499 2620 5552 novissimus
2648 5504 2761 5567 post
2790 5503 3079 5549 creaturam
3100 5496 3273 5567 [actus
3302 5496 3369 5550 sit
3397 5494 3573 5552 homo.

2160 5610 2406 5668 Nondum
2436 5623 2666 5678 namque
2694 5620 2888 5677 magna
2917 5607 3035 5662 haec
3055 5615 3109 5663 et
3139 5610 3373 5678 pretiosa
3402 5625 3489 5667 res
3514 5611 3679 5665 homo

2092 5703 2275 5759 mundi
2318 5702 2569 5756 dominus
2620 5699 2838 5767 aderat,
2889 5716 2987 5756 nec
3043 5701 3186 5757 enim
3226 5702 3483 5759 decuerat
3528 5702 3680 5771 prius

2095 5796 2326 5850 existere
2348 5792 2644 5863 principem
2670 5805 2831 5860 quam
2863 5792 2951 5846 illa
2981 5809 3209 5862 quorum
3243 5804 3458 5863 gereret
3488 5793 3681 5863 princi-

2097 5894 2299 5959 patum.
2352 5881 2459 5938 Sed
2490 5881 2579 5940 ubi
2608 5889 2802 5939 cuncta
2852 5884 2899 5939 ci
2930 5884 3258 5956 subjicienda
3304 5894 3493 5958 parata
3531 5892 3675 5950 sunt,
