4104 6490
339 360 355 386 ⁴
428 361 526 419 δὲὶ

1702 359 2061 418 DIONYSIUS
2100 359 2419 418 EXIGUUS.

3606 365 3712 418 5"2

423 482 539 549 jam
559 495 894 549 consequens
921 486 1042 537 erat
1068 494 1329 550 apparere
1350 484 1645 535 rectorem.
1687 476 1825 545 Quia
1854 478 2014 546 igitur
2043 482 2090 537 Δ
2123 477 2174 529 in
2201 478 2466 533 creaturis
2515 477 2812 533 visibilibus
2845 478 3022 533 simile
3067 479 3365 548 reperitur,
3397 479 3564 533 verbo
3593 483 3711 536 solo

431 571 597 626 veluti
617 571 890 641 quoddam
917 571 1064 639 regni
1087 571 1417 626 domicilium
1435 568 1617 625 futuro
1645 570 1758 638 regi
1786 569 2016 624 Creator

435 661 800 723 universitatis
828 659 1102 727 eii‘ecerat,
1134 662 1187 718 id
1235 669 1418 718 autem
1463 669 1582 718 erat
1611 669 1775 727 terra,
1808 661 2014 726 insulzr4

429 754 623 820 maria,
652 760 706 812 et
725 768 888 824 super
915 751 1033 808 haec
1059 752 1254 808 calum
1295 753 1349 808 in
1384 753 1602 808 modum
1637 769 1869 808 camera:
1888 769 2014 808 cur-

427 851 646 907 vatum;
692 841 907 900 divitias
934 858 1064 898 vero
1107 851 1429 914 reposuerat
1473 844 1627 913 regni
1661 843 2015 912 multiplices;

429 933 644 995 divitias
670 942 851 990 autem
881 934 1002 989 dico
1025 942 1193 990 totam
1221 941 1524 989 creaturam
1554 933 1814 1004 quidquid
1855 941 1937 988 est
1964 934 2017 988 in

430 1022 611 1078 herbis
638 1031 696 1078 et
722 1023 918 1092 plantis
964 1032 1020 1079 et
1046 1024 1356 1090 arboribus,
1387 1024 1646 1093 quidquid
1683 1025 1738 1086 in
1775 1024 2022 1094 spiritali-

430 1111 532 1168 bus
562 1119 618 1166 et
648 1113 937 1168 sensilibus
973 1121 1030 1168 et
1048 1114 1316 1178 animatis,
1350 1113 1497 1183 quod
1523 1113 1622 1167 nisi
1647 1114 1866 1168 metalla
1886 1128 2024 1182 quo-

433 1217 542 1270 que
592 1202 680 1257 bis
733 1205 991 1259 convenit
1036 1204 1381 1259 adnumerari
1404 1204 1607 1260 divitiis
1634 1220 1756 1276 qua:
1801 1214 2024 1276 prepter

429 1294 676 1350 colorum
708 1295 1159 1364 pulchritudinem
1187 1297 1421 1366 pretiosa
1434 1299 1683 1352 humanis
1707 1300 1880 1354 oculis
1909 1300 2021 1354 visa

432 1393 574 1448 sunt,
608 1393 668 1441 ut
693 1387 808 1442 auri
849 1396 906 1448 et
933 1389 1139 1455 argenti
1169 1395 1226 1442 et
1270 1387 1513 1458 lapidum
1543 1405 1733 1444 eorum
1759 1405 1895 1458 quos
1919 1391 2022 1446 bo-

433 1477 610 1536 mines
644 1485 847 1543 amant,
877 1477 1069 1533 borum
1099 1478 1338 1532 omnium
1387 1479 1598 1548 copiam
1628 1481 1775 1535 velut
1811 1482 2026 1550 quibus-

435 1571 560 1626 dam
587 1571 860 1640 regalibus
914 1571 1182 1626 thesauris
1233 1580 1392 1626 terrae
1433 1571 1627 1628 ﬁnibus
1651 1575 1937 1639 occulens,
1970 1575 2024 1629 in

439 1662 580 1724 hunc
605 1661 868 1718 mundum
897 1662 1172 1722 hominem
1205 1662 1447 1732 protinus
1476 1664 1794 1729 introduxit,
1817 1673 1879 1718 ut
1896 1680 2027 1733 quo-

440 1757 684 1812 rumdam
728 1755 1113 1812 miraculorum
1161 1765 1437 1826 spectator
1465 1757 1743 1824 existeret,
1773 1772 2028 1826 quorum-

2119 573 2418 644 perﬁcitur,
2451 583 2507 628 et
2546 589 2683 644 opus
2726 581 2839 628 tam
2877 571 3125 628 mirabile
3173 588 3275 628 nec
3311 573 3460 628 unde
3489 573 3582 628 iiat
3613 592 3712 631 nec

2119 667 2382 736 qualiter,
2414 666 2698 721 intimatur
2730 686 2741 720 :
2789 669 2868 723 sic
2896 675 2952 723 et
2991 669 3200 737 singula
3230 684 3462 739 qumque
3502 681 3711 726 creatuo

2119 773 2321 825 rarum,
2344 757 2531 822 aether,
2563 758 2734 815 stellae
2777 767 2829 813 et
2859 773 2956 813 aer
2991 760 3081 828 qui
3112 761 3351 815 medium
3383 761 3562 815 locum
3587 777 3714 816 con-

2120 850 2274 915 tinet,
2323 865 2494 916 mare,
2548 858 2718 920 terra,
2769 851 3024 905 animalia
3074 862 3130 907 et
3175 854 3455 908 nascentia
3507 853 3710 919 omnia,

2119 940 2287 995 verbo
2317 940 2694 995 tantummodo
2722 939 3092 1010 producuntur
3119 950 3178 996 ut
3202 942 3309 996 sint
3337 959 3351 1008 ;
3391 943 3457 998 ad
3480 943 3714 997 hominis

2123 1040 2300 1085 autem
2325 1031 2495 1088 solius
2517 1031 2884 1087 conditionem
2909 1047 3030 1086 cum
3061 1033 3289 1088 consilio
3312 1032 3712 1102 quodammodo

2122 1122 2384 1179 Conditor
2420 1125 2789 1182 universitatis
2843 1125 3085 1190 accedit,
3139 1134 3195 1181 et
3251 1128 3529 1182 materiam
3585 1142 3706 1196 qua:

2123 1219 2512 1274 ennstructioni
2535 1218 2653 1287 ejus
2679 1219 2749 1272 sit
2772 1219 3082 1274 necessaria
3112 1227 3402 1290 praeparat,
3433 1226 3488 1273 et
3515 1219 3582 1274 ad
3609 1219 3714 1273 for-

2125 1327 2268 1365 mam
2327 1312 2595 1380 primmvze
2645 1327 2708 1367 ac
2765 1313 3079 1381 principalis
3127 1313 3548 1383 pulchritudinis
3595 1313 3714 1382 ejus

2125 1411 2343 1473 coaptat
2367 1403 2795 1468 similitudinem,
2821 1411 2877 1459 et
2899 1403 3257 1459 intentionem
3275 1445 3290 1470 ,
3316 1394 3468 1473 cujus
3497 1404 3576 1458 rei
3600 1419 3714 1472 gra-

2128 1496 2199 1550 tia
2246 1493 2357 1559 ﬁat,
2386 1495 2642 1561 insinuat,
2675 1509 2968 1564 congruam
3008 1496 3084 1549 illi
3138 1504 3387 1550 naturam
3435 1493 3714 1550 eﬂ‘ectibus

2126 1589 2235 1642 suis
2275 1587 2578 1651 instituens,
2609 1601 2730 1656 quae
2770 1587 2837 1644 ad
2889 1587 3225 1658 propositum
3275 1585 3551 1657 aptissima
3595 1601 3716 1644 esse

2127 1679 2405 1750 probatur.

2754 1768 2982 1826 CAPUT
3021 1768 3109 1824 IV.

439 1847 564 1900 dam
592 1861 723 1901 vero
744 1846 1082 1905 dominatum
1111 1845 1482 1916 principaliter
1513 1847 1814 1914 obtineret;
1841 1855 2029 1916 quate-

2136 1863 2309 1930 Quare
2345 1881 2436 1930 per
2464 1863 2638 1917 omnia
2694 1863 3026 1933 imperiosam
3075 1861 3351 1933 quamdam
3412 1869 3718 1932 potestatem

440 1953 542 1992 nus
571 1952 667 2007 per
713 1953 777 1996 ea
807 1937 1006 2006 quibus
1050 1943 1292 1992 uteretur
1338 1938 1663 2008 intelligeret
1693 1938 2023 2006 largitorem,

444 2043 540 2096 per
583 2043 646 2082 ea
702 2042 834 2082 vero
895 2042 1016 2096 qum
1070 2028 1292 2097 pulchra
1358 2036 1416 2084 et
1456 2028 1741 2097 magniﬁca
1794 2039 2032 2085 contem.

444 2120 640 2188 piatur,
664 2118 990 2180 ineﬂ'abilem
1015 2119 1096 2177 sui
1124 2118 1348 2174 factoris
1369 2128 1552 2189 posset
1580 2119 1900 2188 investigare
1928 2136 2029 2191 po-

443 2211 691 2270 tentiam.
718 2209 1010 2282 Propterea
1031 2213 1358 2267 novissimus
1387 2213 1440 2266 in
1469 2213 1612 2268 hunc
1633 2213 1888 2270 mundum
1909 2221 2032 2283 post

443 2311 748 2358 creaturam
787 2299 1126 2358 introductus
1154 2310 1238 2358 est
1282 2304 1446 2358 homo
1477 2321 1491 2356 :
1521 2319 1630 2358 non
1661 2313 1721 2357 ut
1743 2304 2032 2360 vilissimus

444 2397 497 2450 in
525 2404 766 2451 extrema
789 2404 942 2464 parte
963 2397 1274 2466 projectus,
1303 2396 1397 2452 sed
1439 2411 1600 2466 quem
1631 2397 1852 2452 decebat
1877 2399 2032 2466 geni-

444 2494 558 2542 tum
589 2501 714 2540 mox
739 2501 861 2541 esse
885 2494 1174 2544 rectorem.
1204 2488 1340 2542 Nam
1378 2490 1516 2543 sicut
1539 2489 1758 2558 quidam
1793 2489 2033 2559 optimus

444 2577 706 2640 invitator
733 2591 842 2631 non
864 2577 1015 2646 prius
1043 2577 1096 2632 in
1127 2577 1346 2634 domum
1376 2593 1691 2648 pransorem
1717 2593 1880 2648 quam
1903 2595 2034 2650 prte-

439 2674 596 2738 naret
623 2667 811 2735 epulas
857 2667 1176 2734 introducit,
1225 2665 1320 2723 sed
1346 2683 1562 2723 omnem
1592 2676 1908 2738 apparatum
1958 2669 2035 2722 in-

443 2766 677 2825 struens,
727 2758 1057 2827 domumque
1098 2768 1474 2828 congruenter
1505 2773 1813 2823 exornans,
1862 2759 2034 2814 discu-

450 2852 625 2906 bitum
652 2865 874 2920 quoque
902 2858 958 2905 et
986 2865 1230 2905 mensam
1258 2859 1315 2905 et
1347 2859 1580 2916 cetera;
1629 2858 1760 2906 tunc
1806 2850 1874 2905 ad
1905 2866 2034 2921 pm

450 2952 668 3011 paratas
716 2941 828 3010 jam
881 2940 1104 2996 delicias
1153 2949 1509 2996 convocatum
1567 2942 1761 2996 invitat
1810 2959 1825 2995 :
1878 2941 2031 3011 juxta

444 3035 589 3092 hunc
615 3034 836 3089 modum
876 3032 1030 3088 dives
1051 3041 1107 3088 et
1131 3034 1383 3104 copiosus
1412 3043 1610 3090 nostrae
1631 3034 1884 3090 conditor
1909 3035 2037 3090 edu-

423 3132 709 3194 ‘catorque
735 3124 1069 3189 substantiis,
1101 3124 1255 3179 bonis
1283 3125 1531 3181 omnibus
1557 3125 1772 3194 replens
1818 3125 2033 3181 habita-

2405 1936 2520 2004 ipsa
2542 1934 2852 1987 constructio
2889 1932 3116 1984 humana
3147 1932 3424 2002 signiﬁcet.

2203 2024 2353 2080 Sicut
2381 2024 2522 2078 enim
2547 2023 2599 2077 in
2629 2023 2730 2076 hac
2751 2022 2858 2077 vita
2888 2021 2953 2075 ad
2976 2020 3244 2090 quoslibet
3275 2037 3400 2076 usus
3422 2022 3487 2075 ab
3510 2018 3722 2076 artiﬁci-

2133 2115 2233 2170 bus
2261 2115 2613 2170 instrumenta
2644 2120 3018 2183 competenter
3045 2097 3317 2182 aptantur.
3347 2113 3419 2165 ita
3441 2112 3606 2166 veluti
3633 2125 3720 2165 res

2133 2206 2376 2277 quaedam
2406 2205 2473 2260 ad
2514 2219 2651 2275 opus
2679 2203 2890 2274 imperii
2927 2217 3228 2272 congruens
3259 2204 3326 2258 ab
3353 2205 3557 2275 optimo
3585 2205 3719 2258 arti-

2134 2289 2236 2353 fice
2261 2305 2450 2352 natura
2481 2305 2665 2352 nostra
2695 2297 3045 2361 construitur,
3069 2311 3188 2365 quae
3213 2297 3325 2352 sive
3350 2297 3502 2367 juxta
3529 2299 3720 2352 anima:

2133 2389 2564 2461 praerogativam,
2591 2403 2686 2442 seu
2729 2386 2882 2456 juxta
2913 2387 3156 2456 corporis
3185 2387 3422 2441 habitum
3459 2387 3582 2440 talis
3607 2388 3720 2441 exi-

2133 2487 2322 2544 steret,
2349 2492 2469 2547 quae
2496 2477 2564 2532 ad
2610 2476 2983 2547 imperandum
3014 2476 3374 2546 opportunior
3400 2484 3717 2545 appareret:

2133 2568 2365 2637 denique
2386 2567 2585 2632 anima,
2625 2565 2682 2621 id
2711 2565 2853 2635 quod
2879 2564 3060 2634 regale
3099 2573 3261 2634 atque
3281 2564 3720 2620 sublimissimum

2134 2669 2236 2724 est,
2254 2673 2366 2713 sua:
2391 2657 2704 2714 substantia:
2727 2665 2783 2711 et
2805 2672 2832 2709 a
2859 2657 3066 2726 privata
3096 2656 3282 2726 procul
3312 2656 3612 2710 humilitate
3633 2671 3721 2712 se-

2128 2750 2376 2820 junctum
2425 2749 2618 2804 clarius
2645 2750 2772 2804 hinc
2800 2749 3124 2811 declaratur,
3157 2747 3300 2816 quod
3334 2746 3530 2802 nullius
3556 2748 3720 2817 subji-

2133 2843 2307 2898 ciatur
2335 2843 2578 2912 imperio,
2609 2842 2812 2896 habens
2840 2839 3045 2894 arbitrii
3071 2839 3398 2906 libertatem,
3428 2853 3633 2908 suoque
3661 2855 3721 2894 se

2133 2943 2266 2988 nutu
2295 2940 2457 3002 atqiie
2484 2931 2855 2988 moderatione
2901 2931 3234 2999 diSpensans,
3267 2928 3419 2997 cujus
3444 2929 3588 2983 enim
3618 2929 3722 2984 hoc

2134 3024 2238 3078 nisi
2282 3023 2594 3093 imperantis
2621 3029 2704 3077 est
2729 3021 3051 3092 proprium?
3079 3018 3254 3088 Super
3301 3018 3419 3074 hate
3443 3019 3602 3073 etiam
3635 3026 3720 3073 to-

2134 3115 2240 3172 tius
2260 3123 2523 3170 creatura:
2545 3114 2801 3170 Dominus
2822 3113 2891 3167 ad
2919 3114 3203 3181 imaginem
3233 3112 3315 3166 sui
3342 3110 3613 3166 Creatoris
3639 3111 3720 3165 ef-

446 3217 628 3277 culum
656 3216 840 3270 mundi
878 3216 1038 3286 hujus
1063 3226 1116 3272 et
1146 3233 1367 3286 magnas
1387 3219 1484 3272 has
1531 3218 1719 3288 epulas
1746 3207 2032 3288 variasque
2057 3237 2106 3298 ε
2137 3205 2326 3273 fectus,
2351 3207 2482 3262 nihil
2506 3207 2648 3262 aliud
2676 3194 2893 3271 indicat,
2922 3207 3024 3260 nisi
3051 3206 3195 3275 quod
3235 3219 3362 3260 mox
3385 3205 3438 3259 in
3483 3220 3549 3260 eo
3577 3207 3722 3274 regia

446 3311 756 3380 disponens,
783 3309 861 3366 sic
906 3310 1204 3364 introduxit
1251 3310 1548 3378 hominem,
1601 3310 1736 3367 dans
1791 3311 1842 3366 ei
1898 3326 2036 3383 opus

453 3402 710 3456 eximium
741 3399 1015 3456 custodire
1050 3400 1356 3460 inlaudatum
1387 3439 1401 3462 ,
1427 3414 1534 3468 quo
1558 3415 1664 3455 non
1687 3401 1928 3470 appetitu
1957 3417 2039 3457 re-

449 3509 569 3556 rum
618 3508 726 3548 non
764 3493 1122 3559 exstantium,
1168 3491 1262 3546 sed
1310 3493 1656 3561 praesentium
1697 3494 2039 3562 possessione

453 3583 731 3653 gauderet.
772 3583 980 3639 Idcirco
1031 3585 1193 3638 etiam
1239 3583 1466 3653 duplicis
1515 3586 1929 3655 compositionis
1985 3588 2035 3640 ei

450 3693 641 3732 causas
692 3678 942 3740 intexuit,
975 3685 1191 3731 terreno
1219 3677 1501 3746 spirituale
1549 3679 1930 3743 commiscens,
1978 3687 2038 3733 ut

452 3783 550 3837 per
577 3767 857 3836 utriusque
885 3766 1266 3835 cognationem
1309 3775 1538 3836 utraque
1583 3769 1920 3837 proprietate
1949 3783 2040 3837 po-

454 3861 662 3925 tiretur,
695 3858 808 3914 Deo
830 3858 1047 3927 quidem
1067 3859 1422 3928 spiritualiter
1444 3858 1644 3925 fruens,
1671 3867 1888 3914 terrena
1908 3873 2040 3914 vero

453 3951 594 4006 bona
622 3949 894 4020 corporali
920 3966 1021 4004 usu
1044 3951 1346 4020 percipiens

1068 4063 1296 4119 CAPUT
1332 4064 1417 4119 ill.

458 4155 609 4222 Quod
637 4158 911 4229 pretiosior
947 4159 1088 4214 omni
1134 4166 1374 4211 creatura
1415 4174 1529 4228 qua;
1573 4158 1794 4225 videtur,
1849 4161 2042 4216 existat

992 4229 1218 4282 humana
1257 4229 1501 4282 conditio.

526 4322 753 4393 Dignum
780 4339 912 4380 vero
959 4331 1042 4380 est
1091 4331 1150 4378 ut
1197 4339 1300 4378 nec
1339 4323 1438 4378 ista
1486 4340 1578 4381 res
1617 4314 2041 4397 inco'nlemplata

457 4422 764 4482 praetereat,
793 4414 940 4482 quod
992 4415 1124 4468 tanti
1157 4414 1312 4483 hujus
1335 4415 1482 4470 orbis
1521 4418 1817 4473 exstructio
1845 4423 1900 4472 et
1929 4433 2046 4487 par-

461 4504 591 4556 tium
621 4503 738 4571 ejus
766 4505 1034 4574 quibusin
1063 4506 1346 4560 elementis
1375 4508 1682 4574 continetur
1701 4508 2040 4575 universitas,

2138 3312 2328 3357 natura
2360 3301 2587 3357 formata
2631 3300 2719 3354 sit.
2746 3300 2891 3354 Sicut
2922 3299 3064 3354 enim
3091 3299 3240 3368 juxta
3278 3299 3566 3352 humanam
3596 3312 3726 3352 con-

2138 3390 2497 3456 suetudinem,
2529 3390 2618 3458 qui
2675 3388 2977 3459 principum
3026 3387 3311 3455 imaginem
3361 3384 3584 3455 ﬁngunt,
3617 3400 3725 3439 non

2138 3483 2313 3538 solum
2368 3480 2772 3552 impressio-nem
2817 3479 3002 3534 forma:
3047 3477 3164 3547 ejus
3197 3478 3490 3546 imitantur,
3539 3491 3725 3532 verum

2144 3575 2307 3630 etiam
2339 3575 2538 3628 amictu
2555 3587 2828 3643 purpureo
2842 3570 3157 3628 describunt
3174 3570 3376 3640 regiam
3392 3569 3725 3638 dignitatem,

2139 3673 2194 3718 et
2219 3664 2397 3734 imago
2425 3664 2537 3733 ipSa
2563 3663 2673 3732 jam
2702 3677 2800 3733 pro
2829 3661 3220 3717 consuetudine
3273 3660 3466 3716 dicitur
3496 3661 3729 3730 impera-

2142 3764 2256 3821 tor;
2297 3756 2374 3810 sie
2426 3763 2482 3810 et
2521 3755 2754 3808 humana
2777 3753 3091 3808 substantia.
3124 3751 3376 3822 quoniam
3407 3751 3472 3805 ad
3503 3750 3727 3804 aliorum

2140 3845 2734 3915 regimen’condebatur
2764 3852 2985 3915 propter
3032 3843 3432 3899 similitudinem
3458 3843 3599 3910 regis
3621 3841 3734 3895 uni-

2144 3954 2444 4007 versorum,
2461 3939 2608 3992 velut
2627 3937 2872 4006 qnicdam
2902 3938 3078 4006 imago
3107 3937 3340 3990 animata
3362 3933 3730 4010 componitur,

2142 4032 2330 4102 primae
2354 4045 2484 4085 vero
2523 4028 2709 4084 forma:
2736 4036 2792 4085 et
2812 4029 3030 4083 nomine
3063 4037 3118 4083 et
3145 4027 3354 4082 honore
3379 4023 3727 4095 participans,

2142 4135 2250 4175 non
2279 4118 2516 4188 tegmine
2544 4117 2950 4173 circumamicto
2980 4130 3237 4187 purpura,
3263 4129 3365 4170 nec
3386 4125 3601 4184 sceptro
3645 4113 3732 4168 vel

2144 4207 2449 4263 diademate
2469 4207 2695 4276 gloriam
2720 4221 2830 4260 sua:
2849 4205 3120 4274 dignitatis
3135 4205 3442 4258 insinuans:
3467 4217 3570 4257 nec
3588 4202 3730 4257 enim

2143 4299 2455 4372 principalis
2510 4299 2682 4353 turnia
2709 4298 2762 4351 in
2813 4296 3060 4351 hisesse
3087 4295 3461 4366 cunspicitur:
3510 4292 3603 4347 sed
3635 4307 3733 4362 pro

2145 4407 2415 4464 purpureo
2437 4391 2730 4451 velamine,
2755 4390 2948 4444 vestita
2976 4389 3175 4442 virtute
3202 4397 3306 4452 est,
3342 4403 3464 4458 quae
3493 4387 3731 4442 omnium

2147 4491 2586 4542 ornamentorum
2617 4483 2875 4551 regalium
2911 4482 3199 4551 pretiosior
3219 4481 3590 4551 approbatur;
3637 4495 3734 4549 pro

461 4609 491 4655 ει
521 4593 700 4648 divina
739 4571 981 4664 ρξηειηία
1013 4595 1320 4666 perﬁciatur
1359 4599 1630 4668 extemplo
1658 4571 1881 4668 ’βελτίων
1919 4571 2040 4654 cun,
2074 4600 2119 4658 ι)
2146 4584 2366 4646 sceptro
2393 4591 2524 4668 vero
2553 4574 2882 4668 beatitudine
2904 4581 2959 4628 et
2989 4573 3394 4668 immortalitate
3417 4571 3734 4668 sustollitur,

458 4687 704 4756 jussione
759 4689 1087 4754 subsiste-ns,
1146 4690 1382 4745 hominis
1428 4699 1607 4745 autem
1663 4690 2044 4746 formationem

462 4779 686 4846 artiﬁcis
712 4780 1052 4849 prmcedehat
1092 4782 1223 4836 tanti
1255 4781 1559 4848 consilium,
1588 4791 1644 4836 et
1681 4781 2051 4851 descriptione

461 4872 611 4927 verbi
640 4871 785 4942 quod
832 4872 1068 4926 futurum
1119 4881 1203 4927 est
1253 4881 1378 4926 ante
1430 4873 1696 4939 signatur,
1727 4871 2049 4940 qualemque

462 4979 582 5024 esse
628 4972 902 5035 oporteat,
932 4973 987 5020 et
1012 4963 1166 5033 cujus
1194 4965 1380 5034 primae
1406 4963 1591 5018 formae
1636 4961 2048 5018 similitudinem

463 5057 682 5130 referat,
706 5057 776 5112 ob
800 5072 962 5127 quam
985 5072 1202 5111 causam
1236 5056 1356 5123 ﬁat,
1384 5055 1582 5125 quidve
1609 5055 1790 5110 (initus
1823 5055 2043 5124 el‘liciat,

465 5160 522 5223 et
548 5165 776 5222 quorum
828 5149 1161 5204 dominatum
1211 5157 1395 5218 gerat,
1427 5149 1606 5202 omnia
1645 5148 1794 5218 prius
1828 5150 2048 5205 actione

465 5251 746 5332 perspecta
776 5251 919 5306 sunt,
973 5250 1033 5295 ut
1059 5249 1187 5295 ante
1227 5241 1634 5309 generationem
1688 5255 1841 5294 suam
1883 5242 2048 5296 homo

467 5331 824 5405 antiquiorem
873 5331 1278 5401 quodammodo
1325 5332 1551 5392 sortitus
1597 5331 1668 5386 sit
1706 5332 2046 5401 dignitatem,

467 5425 776 5512 priusquam
804 5424 1122 5484 subsisteret
1149 5424 1521 5480 universorum
1546 5424 1824 5494 possidens
1853 5424 2052 5494 princi-

467 5523 673 5602 patum.
707 5515 851 5570 Dixit
871 5516 1011 5570 enim
1043 5515 1184 5570 Deus
1210 5533 1223 5568 :
1258 5513 1535 5568 Faciamus
1557 5513 1812 5568 hominem
1841 5513 1910 5566 ad
1931 5514 2059 5566 iuta-

469 5607 639 5676 ginem
667 5615 716 5657 et
745 5605 1128 5668 similitudinem
1159 5614 1409 5670 nostram,
1437 5613 1485 5657 ct
1514 5604 1804 5658 dominetur
1831 5603 2054 5673 piscibus

471 5675 654 5762 maris,
684 5703 733 5747 et
762 5692 933 5748 bestiis
978 5703 1129 5750 terra:
1159 5705 1208 5750 et
1235 5696 1524 5750 volatilibus
1554 5697 1690 5764 cazli,
1719 5705 1767 5749 et
1789 5696 2056 5764 pecoribus

473 5787 726 5850 universa:
776 5797 944 5839 (errat.
990 5784 1035 5838 O
1071 5786 1229 5854 quale
1267 5786 1610 5840 miraculum!
1649 5787 1729 5840 sol
1763 5786 1838 5850 iit,
1869 5795 1922 5839 et
1949 5787 2063 5838 nul-

478 5874 586 5946 lum
620 5875 874 5947 praecedit
915 5876 1234 5943 consilium;
1270 5876 1466 5930 omium
1512 5892 1747 5954 quoque,
1799 5877 1882 5932 cui
1928 5876 2059 5939 nihil

2149 4675 2206 4722 et
2243 4667 2409 4735 regali
2437 4674 2583 4722 serto
2617 4666 2840 4734 justitim
2868 4680 3070 4720 corona
3096 4666 3419 4720 decoratur:
3453 4665 3525 4718 ita
3555 4673 3614 4719 ut
3641 4678 3738 4734 per

2151 4763 2267 4817 haec
2286 4760 2466 4840 omnia
2493 4767 2821 4814 monstretur
2840 4758 2905 4812 ad
2935 4758 3249 4827 dignitatem
3271 4758 3472 4826 regiam
3502 4757 3734 4826 genitam

2153 4849 2602 4923 pulchritudinem
2634 4849 2685 4902 in
2717 4863 2776 4903 se
2823 4847 3089 4917 primaeva:
3118 4846 3304 4902 [omnia
3334 4846 3616 4915 diligenter
3643 4859 3739 4900 ειη

2151 4942 2408 5012 primere.

2800 5048 3032 5105 CAPUT
3061 5049 3123 5104 V.

2381 5139 2533 5207 Quod
2557 5142 2708 5197 homo
2733 5140 3015 5196 similitudo
3047 5139 3286 5211 probetur
3324 5141 3549 5209 imperii.

2229 5236 2472 5290 Divinam
2501 5250 2630 5290 vero
2667 5233 3118 5304 pulchritudinem
3148 5248 3254 5287 non
3297 5233 3483 5289 habitu
3509 5230 3744 5302 quodam

2158 5343 2222 5383 ac
2249 5327 2450 5397 specie,
2480 5326 2565 5381 vel
2594 5325 2818 5394 alicujus
2846 5325 3094 5384 claritate
3123 5323 3321 5378 coloris
3349 5330 3617 5387 ornatam,
3650 5321 3747 5376 sed

2160 5417 2411 5474 ineffabili
2429 5417 2698 5474 felicitatis
2712 5418 2918 5470 honore
2943 5415 3160 5486 provehi
3183 5423 3413 5470 constat.
3433 5414 3584 5469 Sicut
3602 5411 3744 5466 enim

2158 5509 2358 5564 formas
2375 5509 2650 5563 hominum
2680 5522 2778 5578 per
2801 5506 3012 5561 colores
3040 5505 3297 5577 quosdam
3327 5504 3566 5574 pictores
3588 5503 3640 5555 in
3666 5509 3746 5555 ta-

2157 5599 2296 5655 bulis
2350 5598 2715 5665 transferunt,
2765 5600 3029 5652 tincturas
3077 5597 3324 5667 proprias
3376 5609 3750 5664 congruasque

2109 5761 2115 5766 _
2161 5692 2464 5755 miscentes,
2498 5693 2570 5746 ita
2599 5691 2937 5761 utprimzevzc
2957 5688 3140 5744 formae
3169 5688 3331 5743 decor
3356 5689 3407 5743 in
3439 5686 3745 5742 similitudi~

2163 5800 2281 5837 nem
2305 5782 2705 5852 diligentiSsiuia
2737 5783 3034 5838 mutatione
3066 5781 3405 5850 transmigrct
3431 5799 3443 5833 :
3486 5781 3564 5835 sic
3592 5780 3748 5832 intel-

2163 5875 2266 5949 ligo
2300 5883 2496 5931 nostra:
2517 5875 2827 5930 substantia:
2857 5874 3224 5938 formatorem,
3257 5872 3401 5928 velut
3431 5871 3754 5942 quihusdam
