4104 6536
391 400 493 455 ὅζζῗ)

1184 400 1355 456 LIBRI
1396 397 1481 456 DE
1517 399 1904 463 CREATIONE
1934 402 2210 461 HOMINIS
2249 406 2814 466 INTERI’RETATIO.

3555 406 3665 467 551

391 518 642 571 virtutum
677 515 974 577 coloribus,
1002 516 1191 569 miram
1229 515 1680 585 pulchritudinem
1709 530 1819 571 suae
1843 515 1975 569 ima-
2003 519 2051 577 Α
2080 517 2163 571 lus
2199 518 2359 574 debet
2387 521 2740 591 multiplicem
2768 522 2884 592 ejus
2906 525 3195 580 essentiam
3237 524 3539 593 suspicari?
3560 524 3660 589 Qui

387 607 821 678 ginicontulisse,
848 606 897 660 in
929 607 1084 661 nobis
1104 607 1493 675 exprimentem
1522 607 1797 676 proprium
1828 607 1976 676 prin-

388 702 642 768 cipatum.
676 697 815 753 Sunt
859 705 1038 751 autem
1071 697 1390 767 multiplices
1417 706 1473 751 et
1501 696 1857 752 multiformes
1884 711 1973 752 co.

394 791 532 844 iores
548 788 705 857 hujus
733 788 997 856 imaginis,
1017 787 1211 856 quibus
1224 802 1364 842 verm
1386 787 1570 843 forma:
1585 788 1875 843 similitudo
1891 788 1979 844 do-

391 881 643 950 pingitnr,
667 895 776 934 non
799 893 1019 933 cerussa
1045 886 1101 932 et
1117 879 1453 947 purpurisso,
1476 894 1576 934 nec
1598 879 1785 933 horum
1808 879 1974 935 mixta

391 988 512 1027 cum
542 972 713 1027 altero
737 971 987 1039 qualitas,
1015 985 1115 1024 nec
1141 969 1368 1039 alicujus
1394 971 1684 1039 nigredinis
1712 971 1973 1040 superdu-

391 1064 499 1118 ctio
529 1063 651 1116 cilia
680 1062 973 1131 oculosque
995 1061 1236 1123 sublinit,
1269 1069 1324 1115 et
1344 1077 1439 1130 per
1468 1062 1679 1130 aliquod
1708 1072 1977 1132 tempera-

393 1163 630 1209 mentum
644 1153 896 1223 depressa
919 1162 974 1209 et
996 1168 1230 1208 concava
1253 1152 1580 1208 assimilatur
1603 1154 1881 1209 character
1894 1155 1975 1209 vel

392 1260 722 1314 quaecunque
753 1244 945 1299 similia
977 1244 1245 1313 pictorum
1280 1258 1469 1296 manus
1506 1241 1724 1299 artificis
1752 1259 1975 1312 compo—

393 1353 550 1393 suere
576 1337 827 1401 solertia;
855 1337 950 1391 sed
982 1352 1079 1407 pro
1105 1337 1221 1392 istis
1249 1336 1402 1391 adest
1429 1337 1655 1406 puritas,
1679 1338 1978 1408 impassibi-

392 1430 535 1497 litas,
550 1429 841 1493 beatitudo,
869 1429 1102 1497 malique
1122 1429 1287 1483 totius
1307 1428 1538 1494 aversio,
1572 1438 1628 1483 et
1647 1445 1977 1498 quaecunque

389 1525 602 1593 generis
622 1524 773 1579 istius
802 1523 1056 1587 existunt,
1084 1538 1183 1593 per
1220 1537 1339 1592 quae.
1372 1522 1425 1576 in
1461 1522 1767 1577 hominibus
1796 1523 1978 1592 impri-

391 1615 555 1667 mitur
601 1613 895 1667 similitudo
944 1611 1145 1666 divina.
1195 1611 1411 1666 Talibus
1458 1609 1677 1666 floribus
1722 1612 1978 1667 mirabilis

389 1705 649 1761 Conditor
676 1705 962 1775 imaginem
995 1704 1287 1773 propriam,
1315 1704 1367 1758 id
1392 1712 1474 1759 est
1507 1713 1750 1759 naturam
1780 1713 1978 1761 nostra!

387 1796 710 1851 conditionis
738 1796 970 1850 ornavit.
1002 1794 1059 1849 Si
1090 1811 1220 1850 vero
1247 1795 1504 1850 diseutias
1529 1804 1585 1850 et
1613 1794 1713 1849 alia
1740 1811 1839 1865 per
1857 1810 1976 1865 quae

2077 610 2220 664 enim
2250 611 2510 680 plantavit
2538 628 2742 678 aurem,
2772 630 2877 668 non
2905 614 3097 669 audit?
3124 624 3217 669 aut
3237 617 3329 683 qui
3354 613 3506 667 finxit
3530 628 3661 667 oeu-

2076 698 2209 764 lum,
2257 717 2364 756 non
2397 702 2747 758 considerat?
2776 703 2926 759 Sicut
2964 705 3229 774 propheta
3271 713 3516 770 testatur,
3567 718 3665 773 per

2076 792 2195 847 inec
2216 794 2462 862 exempla
2488 796 2832 863 operationes
2873 796 3179 865 hujusmodi
3211 798 3372 852 veluti
3405 797 3663 866 quasdam

2077 884 2323 939 humana:
2349 893 2555 939 natura:
2601 887 2909 941 notissimas
2933 888 3311 956 impressiones
3340 888 3616 941 insinuans
3648 904 3661 939 ;

2076 974 2362 1049 Faciamus
2384 979 2553 1041 enim,
2582 979 2657 1032 ait
2686 978 2845 1042 Deus,
2895 980 3155 1032 hominem
3199 980 3269 1032 ad
3295 979 3575 1049 imaginem
3606 986 3659 1029 et

2079 1068 2468 1143 similitudinem
2496 1073 2743 1123 nostram.
2778 1069 2883 1124 Sed
2928 1070 3015 1124 ubi
3067 1069 3198 1124 mihi
3245 1085 3388 1123 nunc
3444 1068 3665 1122 haeresis

2082 1156 2541 1214 Eunomianorum
2616 1159 2845 1214 nefanda
2898 1160 3172 1223 subsistet,
3229 1159 3357 1230 quid
3410 1158 3665 1213 adversus

2078 1250 2217 1305 hanc
2246 1250 2438 1304 dicturi
2466 1260 2593 1305 sunt
2638 1253 2863 1306 vocem?
2904 1250 3189 1317 Quomodo
3233 1267 3331 1319 per
3360 1252 3473 1304 hmo
3502 1250 3664 1303 verba

2080 1341 2373 1396 novitatem
2395 1342 2474 1396 sui
2502 1340 2776 1396 defensuri
2805 1348 2929 1397 sunt
2957 1342 3258 1410 dogmatis?
3284 1340 3518 1395 Putasne
3546 1354 3666 1408 pos-

2078 1433 2233 1488 sibile
2256 1449 2394 1498 esse,
2425 1434 2624 1499 dicent,
2658 1443 2717 1488 ut
2746 1435 2922 1503 imago
2953 1450 3057 1489 una
3087 1434 3419 1489 dissimilium
3467 1432 3667 1486 forma-

2079 1526 2649 1583 rum,sim|litudinem
2696 1527 2931 1581 referat?
2961 1526 3018 1581 Si
3058 1528 3200 1581 enim
3240 1526 3392 1594 juxta
3447 1525 3666 1580 illorum

2077 1617 2399 1670 sententiam
2422 1625 2626 1670 naturze
2650 1615 2822 1671 Patris
2853 1617 3027 1687 impar
3060 1624 3142 1671 est
3171 1616 3356 1677 Filius,
3384 1613 3668 1683 quomodo

2077 1709 2408 1764 diversarum
2463 1716 2775 1763 naturarum
2804 1724 2966 1761 unam
3016 1708 3162 1770 Deus
3194 1706 3440 1761 condidit
3476 1704 3665 1772 imagi-

2078 1800 2237 1853 nem?
2266 1798 2367 1863 Qui
2393 1798 2535 1852 enim
2574 1798 2708 1853 dixit
2738 1817 2750 1850 :
2783 1798 3065 1852 Faciamus
3092 1798 3353 1852 hominem
3380 1797 3448 1850 ad
3475 1797 3666 1866 imagi-v

387 1889 620 1943 divinum
644 1888 808 1945 decus
832 1888 1028 1954 elucet,
1057 1887 1172 1943 haec
1200 1888 1361 1942 etiam
1387 1887 1439 1940 in
1467 1887 1697 1956 imagine
1738 1888 1803 1943 ad
1826 1888 1966 1943 illius
1998 1893 2045 1952 Β
2072 1904 2187 1941 nem
2229 1896 2481 1953 nostram,
2528 1902 2624 1955 per
2652 1888 2917 1955 pluralem
2957 1888 3371 1956 significantiam
3416 1895 3666 1943 sanctam

387 1980 789 2035 similitudinem
820 1979 967 2033 salva
1012 1978 1259 2047 profecto
1290 1978 1547 2046 reperies,
1594 1992 1748 2031 mens
1774 1978 1974 2032 etenim

385 2080 444 2126 et
472 2072 693 2129 verbum
723 2079 809 2125 est
830 2085 1036 2123 summa
1067 2068 1345 2123 Divinitas.
1374 2067 1431 2121 In
1462 2068 1724 2137 principio
1746 2082 1977 2135 namque

383 2168 503 2216 erat
529 2160 789 2223 Verbum,
815 2168 869 2214 et
895 2159 1007 2227 qui,
1042 2157 1340 2214 secundum
1386 2157 1631 2221 Paulum,
1663 2157 1971 2227 proficiunt,

383 2260 619 2306 mentem
650 2250 883 2313 Christi,
907 2250 998 2318 qui
1030 2250 1082 2304 in
1113 2249 1192 2303 eis
1218 2248 1472 2317 loquitur,
1498 2262 1557 2302 se
1583 2247 1783 2302 habere
1812 2249 1975 2317 profi-

386 2350 589 2396 tentur.
621 2340 738 2395 Non
766 2355 895 2409 ergo
926 2339 1108 2409 procul
1140 2338 1254 2393 huic
1293 2353 1323 2392 a
1372 2345 1559 2391 natura
1586 2337 1818 2391 humana
1842 2353 1974 2394 con-

381 2436 613 2505 spicias:
641 2436 692 2490 in
725 2447 777 2491 te
805 2450 1036 2505 namque
1057 2446 1113 2489 et
1141 2435 1363 2489 verbum
1391 2442 1448 2489 et
1477 2435 1828 2503 intelligentia
1870 2444 1971 2500 est,

384 2543 505 2596 qua:
562 2528 840 2583 imitantur
894 2527 1113 2581 verbum
1159 2534 1504 2595 mentemque
1558 2527 1813 2581 divinam.
1842 2525 1974 2581 ltem

379 2618 636 2682 Charitas,
662 2616 889 2685 fonsque
903 2616 1132 2671 charitat
1152 2630 1205 2682 s;
1225 2617 1331 2670 hoc
1356 2616 1522 2679 enim,
1542 2616 1616 2669 ait
1635 2630 1858 2685 magnus
1886 2617 1976 2672 ille

378 2706 637 2771 Joannes,
661 2709 916 2775 quoniam
948 2707 1182 2763 charilas
1224 2721 1291 2762 ex
1335 2706 1446 2761 Deo
1476 2715 1577 2761 est.
1609 2706 1762 2763 Hanc
1790 2716 1995 2768 autem,

381 2800 538 2853 nobis
564 2799 729 2852 veluti
751 2812 1037 2866 personam
1061 2795 1303 2851 Christus
1322 2797 1584 2851 formator
1628 2809 1825 2853 nostra:
1848 2797 1975 2852 sub-

356 2890 595 2944 stantia:
620 2886 921 2952 conferens,
949 2888 1024 2941 ait
1053 2905 1065 2940 :
1096 2885 1163 2940 In
1190 2887 1284 2940 hoc
1311 2896 1619 2957 cognoscent
1647 2903 1819 2941 omnes
1844 2903 1973 2959 qua-

383 2980 526 3035 niam
564 2981 662 3033 mei
701 2979 823 3033 estis
850 2978 1113 3047 discipuli,
1153 2978 1199 3031 si
1236 2977 1563 3031 dilectionem
1593 2977 1874 3032 habueritis
1904 2978 1974 3031 ad

378 3072 617 3125 invicem.
646 3068 799 3137 Quod
833 3068 880 3123 si
927 3068 1146 3123 dilectio
1171 3068 1327 3123 nobis
1374 3067 1476 3122 ista
1518 3065 1768 3134 defuerit,
1811 3068 1973 3124 totius

381 3163 629 3233 imaginis
676 3162 885 3232 species
930 3160 1203 3229 ﬁguraque
1250 3160 1508 3216 solvetur.
1563 3158 1767 3215 Cuncta
1805 3161 1968 3215 etiam

2076 1978 2231 2031 nobis
2260 1978 2535 2032 insinuans
2564 1976 2902 2044 Trinitatem,
2954 1993 3294 2046 nequaquam
3320 1978 3664 2046 singulariter

2076 2085 2227 2124 suam
2259 2077 2548 2125 testaretur
2586 2069 2902 2137 imaginem,
2935 2070 2978 2125 si
3024 2069 3289 2139 primmva:
3325 2069 3510 2124 formm
3556 2068 3667 2123 sibi
3725 2055 3735 2066 ’

2075 2161 2359 2217 dissimiles
2384 2160 2735 2225 exstitissent.
2768 2159 2879 2215 Nec
2906 2161 3047 2214 enim
3076 2160 3329 2230 possibile
3355 2168 3440 2214 est
3482 2167 3542 2213 ut
3568 2174 3661 2213 eo-

2074 2269 2195 2307 rum
2216 2254 2307 2320 qui
2329 2252 2427 2306 sibi
2450 2253 2679 2307 invicem
2723 2260 3028 2319 congruunt
3049 2252 3270 2306 minime
3290 2288 3307 2316 ,
3336 2266 3441 2305 una
3470 2251 3661 2305 simili-

2077 2344 2206 2399 tudo
2229 2351 2584 2408 monstretur;
2615 2344 2709 2399 sed
2740 2344 2785 2399 si
2825 2345 3055 2399 diversa:
3101 2352 3258 2399 erant
3280 2352 3502 2411 naturae,
3535 2360 3667 2413 pro-

2075 2435 2219 2492 fecto
2248 2436 2485 2489 diversas
2514 2449 2701 2489 eorum
2748 2443 2804 2489 et
2831 2435 3051 2503 singulis
3082 2444 3439 2502 congruentes
3468 2435 3664 2503 imagi-

2075 2539 2171 2579 nes
2193 2523 2533 2579 condidisset.
2562 2521 2752 2577 Utrum
2790 2524 2916 2591 quia
2946 2540 3052 2577 una
3095 2524 3309 2593 quidem
3339 2524 3537 2593 imago,
3566 2526 3659 2579 sed

2075 2632 2182 2671 non
2215 2631 2317 2669 una
2342 2615 2586 2684 imaginis
2607 2615 2778 2669 forma
2814 2625 2915 2678 est,
2946 2616 3067 2685 quis
3098 2615 3170 2668 ita
3197 2615 3437 2684 privatur
3463 2615 3670 2670 intelli«

2074 2707 2252 2776 gentia
2282 2714 2339 2759 ut
2367 2706 2613 2773 ignorare
2641 2713 2823 2774 queat,
2847 2705 2993 2774 quod
3020 2722 3083 2759 ea
3106 2721 3224 2773 qua:
3246 2706 3335 2760 uni
3364 2706 3662 2775 probantur

2075 2813 2193 2867 esse
2213 2798 2425 2859 similia,
2450 2807 2505 2853 et
2524 2799 2591 2853 ad
2614 2814 2673 2853 se
2700 2798 2929 2854 invicem
2953 2799 3356 2854 similitudinem
3382 2800 3663 2870 propriam

2073 2887 2190 2942 sine
2228 2884 2561 2943 dubitatione
2604 2889 2968 2944 conservent?
3007 2887 3075 2942 Et
3105 2888 3327 2943 forsitan
3372 2898 3659 2959 propterea

2073 2992 2253 3033 sermo
2283 2978 2493 3031 divinus
2520 2978 2658 3033 hanc
2696 2978 2953 3032 malitiam
2998 2978 3053 3033 in
3077 2978 3387 3035 conditione
3413 2980 3660 3035 humanm

2072 3067 2197 3120 vitm
2244 3067 2595 3136 prospiciem,
2639 3065 3204 3136 Eunomianorumque
3254 3070 3667 3138 perversitatem

2074 3172 2341 3221 resecans,
2375 3158 2448 3210 ait
2485 3176 2497 3210 :
2555 3156 2837 3212 Faciamus
2882 3157 3142 3212 hominem
3181 3157 3251 3211 ad
3297 3161 3575 3232 imaginem
3611 3172 3668 3214 et

380 3255 650 3324 conspicit
690 3254 1013 3323 exauditque
1048 3252 1306 3307 Divinitas
1336 3257 1391 3305 et
1437 3251 1618 3306 omnia
1664 3260 1969 3321 perscruta-
1995 3257 2038 3315 α
2072 3248 2463 3302 similitudinem
2492 3259 2746 3304 nostram.

380 3358 493 3402 tur.
522 3346 702 3401 Habes
730 3353 784 3399 et
821 3353 876 3399 tu
908 3359 1002 3414 per
1030 3343 1217 3399 oculos
1240 3351 1296 3399 et
1321 3358 1476 3398 aures
1498 3342 1655 3412 hujus
1681 3342 1761 3397 rei
1788 3341 1968 3396 effica-

380 3434 521 3489 ciam
546 3433 760 3488 vitalem
790 3440 843 3487 et
871 3432 1249 3499 scrutatricem‘
1265 3445 1453 3486 eorum
1474 3446 1590 3501 qua:
1618 3438 1744 3487 sunt
1770 3429 1971 3486 intelli-

378 3526 616 3597 gentiam
649 3534 703 3581 te
729 3516 1005 3595 possidere
1033 3524 1334 3593 cognoscis.

1000 3656 1227 3712 CAPUT
1264 3656 1350 3712 VI.

382 3752 678 3823 Inquisitio,
711 3748 1332 3823 optamrconsignationem
1352 3760 1496 3823 mens
1521 3734 1706 3823 habeat
1725 3745 1796 3797 ad
1818 3753 1972 3798 natu-

449 3817 590 3889 ram,
618 3824 674 3875 in
692 3817 791 3892 quo
819 3822 974 3874 etiam
1002 3817 1166 3873 obiter
1190 3817 1639 3872 Eunomianorum
1665 3817 1855 3886 dogma
1880 3832 1966 3870 re-

477 3895 669 3948 'ellitur.

477 3896 669 3948 ellitur.

453 3896 568 4038 lr‘iec
612 3997 700 4036 me
750 3981 1031 4049 quisquam
1082 3978 1393 4049 suspicetur
1434 3979 1519 4057 ad
1569 3976 1971 4033 similitudinem

380 4073 715 4145 operationis
762 4074 1010 4129 humanae
1058 4070 1281 4126 diversis
1310 4068 1590 4125 effectibus
1629 4069 1864 4123 divinam
1894 4068 1973 4123 di-

382 4182 512 4221 cere
563 4165 858 4236 potentiam
887 4172 1082 4219 cuncta
1122 4159 1427 4232 complecti.
1457 4159 1568 4216 Nec
1613 4160 1755 4214 enim
1785 4159 1866 4214 fas
1893 4167 1975 4215 est

384 4258 441 4311 in
494 4256 583 4309 illa
626 4254 807 4310 divina
853 4252 1196 4323 simplicitate
1246 4252 1455 4305 variam
1517 4250 1975 4320 multiplicemque

383 4348 642 4402 virtutem
697 4346 1027 4416 operationis
1065 4342 1366 4406 advertere,
1399 4354 1502 4395 nec
1544 4340 1598 4394 in
1640 4339 1794 4394 nobis
1830 4340 1972 4393 enim

382 4437 569 4491 multm
598 4436 845 4507 quaedam
900 4443 1024 4490 sunt
1071 4433 1317 4489 efficaces
1343 4448 1535 4488 rerum
1583 4447 1974 4501 causarumque

383 4530 665 4601 poteritne,
686 4529 813 4584 licet
837 4544 901 4583 ea
927 4543 1048 4597 quae
1076 4528 1142 4582 ad
1169 4527 1331 4581 vitam
1362 4526 1667 4606 pertineant
1695 4524 1973 4594 multiplici

2671 3357 2900 3415 CAPUT
2937 3359 3049 3414 VII.

2072 3450 2175 3505 Cur
2204 3451 2372 3505 nudus
2413 3450 2560 3505 homo
2589 3452 2915 3574 naluralibbus
2930 3453 3091 3507 armis
3112 3461 3161 3507 et
3185 3454 3525 3510 voluminibus
3552 3473 3650 3527 αρι-

2733 3540 2825 3574 υνο
2863 3533 2992 3574 elur.

2732 3533 2992 3591 probetur.

2144 3609 2250 3665 Sed
2301 3610 2427 3681 quid
2458 3611 2554 3665 sibi
2582 3611 2690 3664 vult
2720 3620 2775 3664 et
2805 3612 2968 3682 ipsius
3010 3612 3335 3668 habitudinis
3365 3615 3652 3680 rectitudo,

2074 3702 2392 3771 quidautem
2424 3717 2529 3755 non
2555 3701 2620 3755 ad
2651 3702 2812 3754 vitam
2849 3711 3279 3770 congcnerantur
3305 3706 3519 3775 corpori
3550 3707 3661 3760 vir-

2076 3793 2203 3847 tutis
2232 3791 2477 3858 effectus,
2526 3808 2711 3846 verum
2762 3792 2932 3847 nudus
2963 3792 3175 3861 quidem
3220 3791 3549 3871 naturali-lius
3580 3806 3660 3853 te-

2074 3883 2343 3953 gumentis
2372 3884 2589 3937 inermis
2617 3883 2777 3937 etiam
2819 3891 2875 3936 et
2918 3884 3072 3952 inops
3101 3886 3446 3955 omniumque
3471 3903 3661 3943 neces-

2074 3979 2338 4033 sariarum
2366 3992 2546 4031 rerum
2578 3976 2953 4046 egentissimus
2975 3975 3138 4031 homo
3169 3979 3221 4031 in
3253 3979 3389 4033 hanc
3411 3981 3673 4050 produci-3

2077 4076 2164 4120 tur
2194 4068 2378 4132 vitam,
2420 4066 2512 4135 qui
2558 4066 2710 4135 juxta
2760 4066 2811 4120 id
2842 4065 2988 4135 quod
3033 4066 3270 4121 cernitur
3317 4068 3669 4124 miseratione

2077 4158 2255 4227 potius
2304 4172 2467 4226 quam
2523 4155 2781 4211 felicitate
2826 4156 3016 4226 dignus
3062 4170 3181 4211 esse
3234 4156 3497 4212 videatur.
3542 4158 3667 4214 Non

2077 4249 2221 4303 enim
2268 4255 2509 4302 armatur
2558 4247 2913 4317 productione
2944 4263 3224 4312 cornuum,
3259 4263 3367 4303 non
3407 4250 3668 4318 unguium

2077 4337 2159 4392 vel
2185 4336 2423 4392 dentium
2457 4336 2682 4390 tuitione
2722 4336 2982 4399 munitur,
3009 4351 3109 4389 nec
3141 4336 3323 4405 aliquo
3363 4338 3552 4394 aculeo
3579 4339 3666 4395 lea

2078 4427 2327 4481 tbiferum
2360 4430 2504 4481 virus
2534 4424 2857 4490 infunditur;
2890 4427 3084 4495 quibus
3112 4427 3273 4481 rebus
3303 4428 3559 4497 pleraque
3587 4428 3671 4484 fe-

2079 4534 2256 4572 rarum
2306 4526 2467 4586 atque
2496 4517 2825 4586 serpentium
2866 4517 2918 4570 in
2945 4517 3203 4571 ultionem
3240 4520 3321 4573 sui
3351 4521 3676 4576 naturaliter

386 4599 674 4676 videantur
724 4620 1040 4689 operatione
1083 4618 1415 4687 contingere.
1470 4614 1585 4670 Una
1625 4599 1857 4684 namque
1897 4616 1979 4670 vis
2010 4624 2056 4684 ο
2083 4609 2444 4674 instruuntur;
2475 4599 2577 4662 dcc
2608 4608 2726 4677 pilis
2754 4623 2951 4677 corpus
2981 4609 3267 4676 obtegitur,
3301 4625 3420 4665 cum
3450 4622 3670 4681 oportec

381 4711 630 4782 qumdam
658 4710 814 4765 nobis
843 4710 1040 4763 mentis
1070 4710 1269 4764 inserta
1299 4716 1401 4773 est,
1446 4722 1565 4776 qua:
1603 4721 1700 4775 per
1738 4707 1979 4773 singulos

380 4818 580 4859 sensus
598 4817 914 4868 excurrens,
934 4817 997 4856 ea
1022 4815 1141 4869 quze
1161 4800 1258 4854 sibi
1289 4797 1586 4855 ofleruntur
1614 4799 1973 4868 amplemitur.

382 4896 513 4951 [hec
542 4911 636 4964 per
664 4895 848 4950 oculos
872 4910 990 4965 qum
1010 4892 1241 4948 videnda
1259 4901 1385 4951 sunt
1412 4892 1674 4961 conspicit
1696 4908 1719 4957 ;.
1742 4890 1855 4944 haec
1882 4904 1979 4959 per

382 5006 551 5045 aures
578 5006 696 5059 quin
717 4990 965 5045 dicuntur
987 4988 1237 5055 exaudit;
1264 4989 1380 5043 huic
1406 4989 1458 5042 in
1484 4988 1564 5043 bis
1593 5002 1711 5056 qum
1731 4995 1855 5042 sunt
1882 5002 1981 5040 vo-

384 5085 496 5137 tiva
526 5083 759 5146 laetatur,
786 5090 840 5135 et
865 5081 934 5135 ab
962 5082 1045 5137 his
1069 5065 1189 5152 qua:
1212 5080 1449 5135 insuavia
1476 5081 1799 5149 probantur,
1817 5094 1976 5133 aver-

385 5174 541 5227 titur.
590 5170 835 5225 Manibus
883 5172 1042 5225 etiam
1086 5169 1671 5241 perficit'qumcunque
1724 5168 1976 5233 voluerit,

381 5264 629 5318 retinens
685 5263 768 5316 bis
824 5271 880 5317 et
921 5278 1106 5317 rursus
1142 5260 1401 5330 abjiciens
1447 5260 1747 5327 horumque
1779 5259 1983 5312 instru-

382 5363 695 5410 mentorum
725 5354 1011 5409 effectibus
1037 5361 1192 5407 utens
1236 5362 1295 5406 ut
1340 5352 1593 5422 expedire
1647 5348 1978 5419 probaverit.

379 5448 440 5501 Si
472 5458 603 5513 ergo
625 5445 679 5499 in
703 5446 946 5511 homine,
973 5444 1059 5499 eui
1090 5443 1301 5500 diversa
1324 5443 1685 5496 membrorum
1715 5439 1888 5495 oﬂicia
1914 5439 1982 5493 ab

380 5547 615 5591 auctore
631 5534 859 5589 formata
882 5543 1024 5597 sunt,
1058 5550 1163 5589 una
1193 5532 1489 5601 eademque
1517 5547 1603 5586 res
1625 5538 1727 5596 est,
1749 5545 1866 5598 quae
1886 5544 1983 5598 per

380 5646 578 5688 omnes
617 5646 815 5687 sensus
859 5638 1139 5698 operatur,
1187 5638 1340 5682 utens
1368 5622 1592 5693 singulis
1621 5633 1983 5691 congruenter

382 5738 447 5778 ut
486 5737 649 5777 causa
699 5721 1042 5791 poposcerit,
1096 5736 1197 5773 nec
1248 5716 1624 5788 operationum
1666 5708 1980 5766 differentiis

380 5826 598 5871 naturm
639 5830 747 5869 sua:
797 5814 900 5867 vim
949 5813 1351 5882 potentiamque
1403 5814 1732 5872 commutat;
1774 5814 1979 5873 quanto

384 5906 560 5976 magis
610 5908 663 5959 in
691 5905 825 5972 Deo,
852 5906 975 5975 quia
1007 5905 1113 5960 sint
1144 5900 1362 5958 effectus
1392 5900 1647 5955 virtutum
1675 5896 1828 5962 varii,
1864 5896 1980 5950 nul-

2085 4709 2171 4756 ret
2194 4716 2314 4755 eum
2345 4700 2434 4769 qui
2458 4698 2523 4753 ad
2552 4700 2777 4753 aliorum
2808 4702 3209 4769 proponebatur
3240 4703 3517 4774 imperium
3544 4720 3677 4774 pro»

2085 4793 2213 4863 priis
2235 4792 2405 4847 armis
2428 4792 2656 4845 naturali
2686 4792 2997 4861 provisione
3037 4793 3252 4860 vallari,
3300 4811 3367 4848 ne
3393 4796 3457 4848 ad
3488 4804 3675 4850 custo-

2085 4886 2225 4939 diam
2252 4886 2332 4939 sui
2373 4884 2601 4940 aliorum
2629 4884 2966 4941 adminiculis
2996 4885 3277 4956 indigeret.
3310 4884 3459 4941 Nunc
3488 4898 3673 4942 auten

2085 4976 2170 5031 leo
2202 4975 2416 5044 quidem
2447 4988 2500 5030 et
2522 4991 2651 5045 aper
2672 4985 2731 5029 et
2755 4976 2907 5045 tigris
2929 4987 2983 5031 et
3006 4977 3223 5047 pardus,
3256 4978 3341 5031 vel
3366 4978 3407 5030 si
3438 4978 3562 5046 quid
3587 4978 3680 5032 his

2084 5066 2258 5121 simile
2284 5075 2397 5133 est,
2414 5063 2768 5119 sufﬁcientem
2793 5081 2891 5135 pro
2917 5066 3091 5121 salute
3115 5082 3211 5120 sua
3233 5067 3482 5118 virtutem
3514 5076 3677 5121 natu-

2083 5158 2266 5211 raliter
2292 5156 2529 5226 possidet
2559 5163 2652 5223 ;et
2682 5168 2835 5209 tauro
2862 5172 3067 5211 cornua
3104 5165 3251 5221 sunt,
3279 5165 3333 5210 et
3377 5156 3682 5225 pernicitas

2083 5250 2278 5320 lepori,
2313 5265 2580 5317 cervoque
2611 5250 2778 5303 saltus
2832 5258 2887 5303 et
2934 5259 3111 5303 certus
3160 5249 3407 5314 intuitus,
3448 5257 3502 5302 et
3551 5248 3681 5304 aliis

2084 5342 2443 5396 animantibus
2490 5340 2832 5409 magnitudo,
2880 5348 2934 5393 et
2983 5340 3188 5393 eteteris
3226 5340 3533 5407 prominens
3558 5340 3680 5395 oris

2084 5433 2340 5497 ollicium,
2372 5430 2514 5499 quod
2542 5430 2915 5502 proboscidem
2937 5431 3126 5497 vulgus
3155 5429 3416 5498 appellat;
3445 5430 3675 5485 volatili»

2082 5526 2182 5581 bus
2222 5525 2385 5579 etiam
2437 5536 2733 5592 pennarum
2786 5518 3018 5573 officium
3074 5529 3129 5573 et
3177 5521 3366 5590 apibus
3395 5521 3666 5575 aculeum.

2085 5619 2396 5685 cunctisque
2424 5629 2648 5684 prorsus
2666 5629 2828 5668 unum
2848 5612 3070 5679 aliquod
3093 5610 3335 5687 naturale
3363 5612 3669 5680 prmsidtum

2082 5716 2294 5763 constat
2316 5720 2433 5760 esse
2454 5703 2731 5760 collatum.
2782 5700 2941 5755 Solus
2967 5708 3145 5755 autem
3176 5699 3339 5754 homo
3367 5716 3478 5769 pra:
3502 5701 3673 5756 omni-

2081 5801 2179 5855 bus
2208 5796 2441 5853 creditur
2470 5794 2772 5857 destitutus,
2794 5800 2848 5845 ct
2879 5792 2960 5845 his
2984 5792 3076 5861 qui
3108 5790 3358 5845 currendi
3377 5790 3673 5847 velocitate

2082 5890 2424 5963 proetniucnt
2453 5887 2674 5958 pigrior,
2718 5886 2819 5941 illis
2844 5892 3021 5939 autem
3053 5882 3142 5954 qui
3173 5882 3413 5955 corporis
3434 5882 3671 5937 eminent
