4104 6516
459 368 564 424 ’με

459 405 507 423 υι

457 405 507 423 υι

1762 368 2119 428 DlONYSlUS
2160 371 2481 429 EXIGUUS.

3656 373 3763 428 556

457 483 600 538 mole
626 483 861 549 tenuior,
895 485 976 538 his
993 485 1162 539 etiam
1189 484 1281 554 qui
1312 485 1645 539 naturalibus
1677 487 1842 540 armis
1869 486 2046 540 excel-
2083 499 2118 546 Α
2155 495 2499 554 potestatem.
2556 485 2792 554 Denique
2833 485 2978 556 quod
3009 487 3155 542 solus
3207 487 3280 542 ita
3331 487 3596 545 formatus
3641 500 3716 544 est
3740 531 3756 556 ,

457 575 576 628 lunt
603 577 910 647 despectior
937 593 1058 632 esse
1087 578 1452 644 cognoscitur.
1486 578 1551 631 Et
1579 579 1875 648 quomodo,
1908 579 2054 634 dicet

457 668 674 738 aliquis,
701 669 1070 724 unchrsorum
1099 669 1352 724 dominus
1379 669 1500 724 talis
1537 671 1764 725 sortitus
1793 678 1878 725 est
1905 671 2054 739 prin-

458 761 735 830 cipatum?
763 759 869 815 Sed
900 761 968 814 ad
999 762 1110 816 ham
1138 761 1268 815 nihil
1300 761 1534 818 arbitror
1565 777 1685 817 esse
1715 761 1935 818 difﬁcile
1960 763 2054 817 de-

461 863 781 920 monstrare,
825 869 922 924 per
946 854 996 907 id
1026 854 1169 922 quod
1201 861 1408 908 natura:
1439 863 1637 909 nostra:
1659 855 1848 909 deesse
1877 853 2055 909 credi-

461 953 566 1007 tur,
621 952 771 998 certa
819 944 980 999 datur
1022 944 1258 1008 occasio,
1303 959 1409 1013 qua
1435 945 1773 1000 subditorum
1815 944 2056 998 omnium

458 1036 754 1090 dominium
809 1045 1194 1107 consequatur.
1229 1036 1364 1090 Nam
1407 1038 1456 1092 si
1508 1037 1668 1105 hujus
1721 1047 1865 1092 esset
1894 1037 2058 1092 homo

459 1127 732 1196 potentias,
765 1135 826 1180 ut
871 1141 1069 1195 equum
1126 1127 1414 1182 velocitate
1457 1137 1758 1197 superaret,
1817 1144 1922 1183 nec
1963 1143 2060 1198 pes

458 1217 577 1284 ejus
599 1225 956 1285 attereretur,
987 1217 1082 1273 sed
1116 1219 1434 1286 ungularum
1468 1221 1787 1276 inniteretur
1807 1219 2062 1276 ﬁrmitate

459 1309 770 1379 prazvalida,
818 1325 1023 1366 cornua
1051 1326 1271 1380 quoque
1317 1311 1402 1365 vel
1453 1313 1677 1368 aculeos
1723 1313 1933 1384 aliquos
1961 1329 2062 1368 un-

390 1445 392 1448 .
460 1416 700 1470 guesque
728 1402 1012 1472 praeferret
1051 1403 1296 1458 ultores:
1330 1404 1560 1472 primum
1601 1404 1819 1472 quidem
1877 1405 2064 1460 bestiis

459 1495 724 1548 existeret
745 1495 951 1559 similis,
986 1503 1041 1549 et
1069 1495 1388 1550 oceursione
1437 1496 1552 1564 ipsa
1583 1494 1818 1552 difficilis
1842 1511 2068 1569 appare-

460 1592 564 1649 ret,
601 1583 972 1651 hujuscemodi
993 1586 1210 1654 corpori
1240 1586 1359 1654 ejus
1379 1586 1719 1641 adminiculis
1749 1589 2068 1643 naturaliter

461 1674 736 1728 attributis
767 1691 780 1726 :
811 1673 1007 1730 deinde
1033 1685 1322 1745 sperneret
1353 1677 1405 1730 in
1432 1677 1568 1732 alios
1591 1692 1848 1734 exercere
1889 1679 2067 1734 domi-

463 1772 654 1819 natum
683 1779 914 1834 quorum
964 1767 1125 1820 nullis
1174 1783 1397 1837 prorsus
1445 1767 1730 1842 adjutoriis
1783 1771 2066 1839 indigeret.

2159 587 2586 647 cretei-eruntque
2635 579 2875 631 omnium
2915 593 3084 647 prona
3137 578 3245 632 sint
3293 593 3558 649 corpora,
3611 589 3665 634 et
3704 581 3757 634 in

2158 669 2408 725 deorsum
2457 669 2753 739 proclivius
2793 670 3068 734 inclinata,
3125 670 3409 726 manifesta
3457 671 3758 727 differentia

2157 759 2382 813 honoris
2418 759 2536 826 ejus
2575 760 2925 814 ostenditur:
2976 760 3103 814 dum
3149 769 3363 816 constet
3408 761 3496 816 illa
3540 762 3760 831 quidem

2159 851 2320 917 hujus
2364 865 2486 905 esse
2527 851 2770 918 subjecta
2811 853 3106 920 potentim,
3154 851 3297 906 hunc
3343 861 3521 905 autem
3571 868 3760 922 super-

2163 942 2449 998 eminentis
2473 942 3017 1010 existercdignitatis.
3049 942 3182 996 Nam
3207 943 3326 998 aliis
3345 944 3562 1011 quidem
3586 945 3760 997 omni—

2161 1037 2261 1091 bus
2313 1036 2582 1090 anteriora
2631 1036 2877 1090 membra
2929 1036 3176 1105 corporis
3220 1035 3385 1104 pedes
3440 1044 3585 1102 sunt,
3633 1037 3760 1105 quia

2160 1127 2306 1195 quod
2338 1127 2543 1182 acclive
2587 1139 2688 1194 est,
2721 1128 2916 1196 egebat
2953 1128 3198 1196 profecto
3231 1127 3506 1182 firmitatis
3549 1127 3756 1182 adnisu.

2163 1217 2220 1271 ln
2263 1219 2500 1272 hominis
2538 1227 2720 1273 autem
2776 1219 3086 1273 conditione
3123 1219 3239 1272 haec
3285 1220 3527 1274 membra
3572 1234 3763 1274 manus

2165 1309 2356 1365 effecta
2385 1319 2530 1378 sunt,
2560 1312 2684 1380 quia
2713 1311 3034 1366 rectitudine
3057 1311 3272 1366 habitus
3300 1311 3418 1380 ejus
3443 1327 3583 1368 unus
3610 1325 3762 1379 gres-

2164 1417 2256 1455 sus
2300 1401 2584 1455 videbatur
2620 1416 2740 1457 esse
2782 1401 3076 1466 sufficiens,
3125 1402 3217 1470 qui
3267 1401 3494 1472 genuinis
3541 1401 3764 1471 pedibus

2165 1491 2346 1546 standi
2396 1493 2757 1547 constantiam
2801 1500 2960 1547 cauta
2991 1493 3299 1562 provisione
3330 1490 3586 1547 firmaret.
3619 1492 3765 1546 Alias

2167 1598 2386 1652 quoque
2413 1584 2480 1638 ad
2512 1600 2665 1638 usum
2693 1585 2921 1640 rationis
2950 1584 3125 1639 officia
3173 1599 3366 1640 manus
3392 1592 3572 1653 aptata
3619 1593 3763 1650 sunt,

2169 1683 2226 1728 et
2252 1675 2296 1731 si
2326 1677 2446 1745 quis
2475 1676 2727 1729 rationali
2755 1683 2958 1731 natura:
2980 1676 3338 1732 ministerium
3366 1691 3620 1730 manuum
3643 1689 3768 1746 pro-

2173 1766 2349 1835 prium
2377 1767 2502 1835 quid
2533 1781 2654 1823 esse
2681 1767 2895 1834 dixerit,
2927 1769 3150 1822 minime
3191 1767 3487 1838 delinquet.
3531 1767 3649 1822 Non
3676 1783 3767 1823 so-

464 1855 618 1910 Nunc
645 1865 827 1911 autem
852 1859 905 1912 in
931 1860 1156 1926 singulis
1202 1875 1323 1929 quae
1354 1861 1509 1916 nobis
1530 1863 1910 1932 mancipantur
1942 1881 2069 1919 usus
2103 1866 2146 1923 B
2176 1862 2284 1917 lum
2315 1860 2458 1913 enim
2501 1860 2567 1914 ad
2600 1859 2704 1914 hoc
2731 1859 2877 1928 quod
2905 1874 3193 1913 commune
3241 1867 3296 1912 et
3341 1866 3651 1928 promptum
3687 1868 3772 1913 est

463 1947 589 2001 vita:
614 1957 814 2002 nostra:
841 1949 1137 2017 dirimitur,
1169 1960 1229 2005 ut
1273 1953 1640 2007 necessarium
1671 1953 1723 2008 in
1750 1955 1828 2009 eis
1857 1955 2070 2024 penitus

463 2040 832 2110 principatum
876 2041 1068 2096 haberi
1095 2041 1407 2109 videamus;
1452 2059 1576 2098 nam
1625 2047 1870 2115 corporis
1903 2046 2070 2100 nostri

465 2133 695 2187 tarditas
724 2143 779 2187 et
807 2133 875 2188 ad
921 2141 1127 2189 motum
1178 2137 1412 2191 celerem
1458 2136 1762 2201 difficultas,
1809 2154 2070 2208 equorum

467 2225 627 2279 nobis
659 2225 918 2280 adhibere
941 2228 1340 2296 providentiam
1368 2228 1512 2295 fecit,
1540 2231 1670 2301 quin
1693 2232 1857 2285 etiam
1880 2233 2073 2287 annuis

467 2317 716 2370 lanarum
741 2317 1003 2374 reditibus
1017 2335 1080 2373 ea
1104 2335 1224 2390 qum
1235 2329 1438 2375 natura:
1452 2321 1678 2376 deerant
1698 2325 1993 2392 suppleme.
2020 2331 2073 2378 ta

467 2397 812 2480 prospiciens
845 2427 860 2463 :
891 2426 959 2466 ex
1007 2411 1126 2467 aliis
1177 2427 1394 2482 quoque
1422 2415 1598 2470 causis
1645 2431 1765 2484 quae
1815 2417 1880 2471 ad
1907 2420 2074 2472 vitam

469 2500 771 2554 necessaria
821 2499 1071 2569 deerant,
1134 2504 1577 2572 comprobantur.
1613 2502 1866 2560 Jamenta
1916 2506 2074 2561 nobis

470 2589 538 2644 ad
573 2605 740 2645 onera
768 2591 952 2660 gravia
982 2592 1200 2648 ferenda
1231 2594 1478 2664 subjecta
1531 2605 1688 2664 sunt,
1722 2605 1778 2652 et
1824 2597 1968 2670 quod
2009 2598 2076 2652 ad

469 2681 641 2736 instar
667 2683 982 2738 animalium
1011 2685 1208 2741 herbas
1245 2687 1543 2758 depascere
1589 2705 1946 2760 nequeamus,
1979 2693 2076 2749 bo-

469 2789 565 2828 ves
592 2775 751 2830 nobis
781 2775 848 2829 ad
897 2793 1052 2833 usum
1110 2780 1425 2850 mancipare
1469 2784 1794 2851 curavimus,
1847 2801 2075 2855 quorum

468 2863 657 2920 labore
685 2866 889 2921 victum
919 2865 1129 2924 facilius
1157 2886 1555 2942 comparemus.
1583 2874 1716 2942 Quia
1740 2893 1870 2933 vero
1893 2895 2075 2935 morsu

466 2955 839 3024 indigebamus
863 2965 918 3012 et
949 2958 1203 3017 dentibus
1235 2961 1301 3016 ad
1333 2963 1664 3021 cohibendas
1689 2969 1828 3024 tales
1874 2969 2075 3025 bestias

470 3045 698 3111 ultione,
732 3047 784 3101 id
806 3049 949 3117 quod
975 3051 1128 3104 nobis
1156 3051 1326 3106 defuit
1345 3069 1540 3108 canum
1567 3066 1756 3112 natura
1780 3060 2070 3130 supplevit,

469 3137 754 3204 quietiam
806 3155 928 3194 cum
972 3142 1265 3199 velocitate
1310 3148 1597 3215 congenita
1642 3149 1808 3204 veluti
1853 3153 2069 3222 quidam

2175 1951 2546 2020 intelligentiae
2576 1959 2771 2006 nostra:
2793 1952 3043 2020 respicio,
3073 1949 3218 2020 quod
3244 1950 3450 2024 scilicet
3477 1948 3639 2004 verba
3679 1950 3770 2005 lit-

2173 2043 2304 2098 teris
2331 2057 2522 2097 manus
2545 2041 3012 2096 administratione
3035 2041 3327 2110 signamus,
3357 2047 3412 2095 et
3431 2039 3646 2111 quidem
3673 2055 3770 2098 nec

2176 2134 2274 2188 ista
2300 2133 2472 2202 gratia
2501 2133 2778 2188 rationalis
2809 2134 2981 2202 impar
3007 2142 3092 2188 est
3119 2132 3411 2200 dignitatis,
3451 2131 3595 2202 quod
3625 2130 3771 2185 litte~

2174 2225 2252 2280 ris
2277 2224 2424 2292 loqui
2446 2238 2663 2292 quoque
2696 2238 2984 2292 possumus
3007 2233 3066 2278 et
3084 2224 3245 2278 modo
3265 2224 3496 2292 quodam
3525 2223 3774 2277 manibus

2175 2315 2513 2384 disputantes
2550 2316 2602 2369 in
2641 2313 3035 2370 elementorum
3091 2316 3273 2383 figuris
3320 2323 3564 2370 nostrum
3611 2329 3772 2384 repo-

2178 2415 2370 2462 nentes
2395 2405 2692 2475 eloquium.
2724 2405 2830 2462 Sed
2858 2419 2960 2473 ego
2989 2407 3055 2460 ad
3087 2407 3190 2461 alia
3221 2422 3442 2476 prorsus
3470 2406 3769 2472 intendens,

2176 2498 2358 2554 studio
2408 2499 2645 2567 quodam
2693 2499 3094 2568 cooperationis
3149 2498 3529 2568 obtemperare
3583 2512 3774 2552 manus

2181 2590 2390 2645 afﬁrmo
2418 2591 2647 2646 rationis
2675 2591 2918 2661 imperio.
2949 2590 3146 2646 Verum
3177 2599 3463 2661 antequam
3499 2591 3605 2646 hoc
3631 2591 3774 2645 idem

2177 2682 2548 2746 discutiamus,
2580 2681 2802 2738 effusius
2831 2683 3095 2737 rationem
3126 2683 3294 2751 magis
3337 2696 3500 2751 quam
3549 2690 3776 2752 praeter-

2181 2775 2454 2843 misimus,
2506 2774 2858 2843 inquiramus.
2905 2772 3050 2828 Pene
3079 2787 3314 2842 namque
3360 2770 3626 2827 factorum
3675 2787 3776 2826 nos

2180 2865 2337 2932 ordo,
2391 2873 2447 2920 et
2485 2879 2649 2920 causa
2701 2865 2859 2919 latuit
2896 2863 3052 2934 cujus
3099 2864 3178 2919 rei
3227 2864 3399 2932 gratia
3445 2864 3774 2934 prmcedant.

2177 2957 2493 3014 Germinent
2523 2967 2680 3013 terra:
2707 2957 2952 3024 virentia,
2980 2957 3175 3012 delvlnc
3221 2956 3608 3012 irrationabilia
3648 2957 3777 3012 sub-

2176 3059 2474 3120 sequantur
2501 3051 2772 3113 animalia,
2812 3058 2869 3106 et
2906 3050 2978 3104 ita
3009 3059 3132 3120 post
3179 3049 3372 3104 horum
3411 3048 3774 3104 conditionem

2177 3143 2300 3199 loco
2332 3143 2494 3198 tertio
2522 3143 2688 3198 homo
2715 3141 2998 3198 formetur.
3041 3140 3305 3197 Fortassis
3345 3141 3488 3196 enim
3537 3156 3634 3211 per
3660 3139 3777 3194 haec

472 3230 743 3285 animatus
772 3232 979 3300 gladius
1008 3236 1205 3291 nostris
1235 3247 1318 3292 est
1342 3230 1548 3295 'usibus
1600 3242 1922 3311 attributus;
1974 3261 2072 3314 pro

2182 3250 2287 3289 non
2319 3242 2531 3289 tantum
2560 3249 2626 3288 ea
2654 3249 2774 3303 quae
2817 3242 2942 3290 sunt
2990 3232 3272 3287 manifesta
3319 3232 3602 3298 sentimus,
3631 3231 3777 3301 quod

473 3321 728 3375 cornibus
765 3325 927 3377 etiam
956 3326 1040 3380 vel
1075 3329 1346 3395 unguibus
1369 3328 1560 3386 fortius
1598 3347 1665 3388 ac
1689 3336 2076 3403 penetrabilius

474 3408 676 3466 ferrum
705 3414 776 3468 ab
803 3415 1118 3474 hominibus
1165 3419 1442 3476 inventum
1475 3432 1581 3478 est.
1609 3423 1766 3490 Quod
1797 3441 1906 3480 non
1932 3442 2074 3482 sem-

473 3521 571 3576 per
601 3508 756 3563 nobis
787 3511 1109 3566 naturaliter
1155 3513 1413 3580 inlueret,
1443 3517 1583 3573 sicut
1634 3519 1722 3573 illa
1775 3521 2075 3575 munimina

474 3599 935 3656 irrationabihbus
959 3603 1177 3671 bestiis;
1212 3607 1306 3661 sed
1336 3607 1389 3661 in
1419 3617 1667 3678 tempore
1716 3609 1844 3664 belli
1889 3610 2077 3666 confe-

473 3715 600 3754 rens
655 3699 962 3770 prassidium
1030 3699 1239 3769 gladius
1298 3699 1552 3769 deinceps
1608 3709 1792 3755 manet
1846 3701 2072 3757 otiosus.

474 3789 608 3845 Item
639 3791 879 3860 ejusdem
911 3791 1038 3844 ferri
1091 3805 1220 3844 usus
1251 3806 1351 3860 pro
1404 3790 1666 3846 crocodili
1717 3793 1958 3860 squamis
1991 3808 2079 3847 as-

475 3895 734 3938 sumetur.
786 3883 880 3939 Est
910 3893 1088 3936 autem
1119 3883 1338 3951 quando
1371 3892 1427 3938 et
1458 3894 1640 3954 tergus
1686 3885 1856 3954 ipsius
1887 3886 2078 3940 bellum

475 3977 531 4027 in
561 3973 746 4043 praclio
772 3973 1045 4026 munimen
1078 3973 1339 4042 impertit,
1365 3973 1604 4042 alioquin
1633 3979 1717 4043 (ut
1744 3974 1950 4029 dictum
1970 3976 2075 4049 est)

476 4062 542 4117 ad
585 4062 703 4132 ejus
747 4063 1157 4117 similitudinem
1209 4061 1408 4116 ferrum
1439 4065 1505 4118 ab
1535 4062 1744 4119 artiﬁce
1793 4064 2075 4134 figuratur,

477 4153 620 4221 quod
651 4153 962 4208 necessitati
1020 4153 1334 4209 deserviens
1383 4170 1546 4224 quem
1603 4157 1834 4211 armavit
1862 4158 1916 4212 in
1952 4158 2079 4213 belli

477 4254 742 4314 tempore,
776 4244 1103 4316 derelinquit
1156 4248 1210 4299 in
1261 4262 1415 4316 pace.
1449 4246 1559 4303 Nec
1599 4265 1708 4303 non
1756 4259 1812 4305 et
1840 4250 2079 4306 volatilia

477 4339 678 4392 nostris
700 4341 1040 4394 commodata
1063 4348 1189 4394 sunt
1218 4341 1419 4405 usibus,
1449 4356 1680 4411 quorum
1730 4344 1892 4397 etiam
1918 4345 2073 4400 velo-

480 4428 700 4482 citatem
731 4430 870 4484 ratio
895 4432 1202 4500 excogitata
1231 4449 1338 4488 non
1365 4434 1642 4503 prmtcrit;
1678 4451 1799 4488 nam
1827 4436 1980 4504 quand
1993 4451 2079 4490 am

479 4534 549 4574 ex
579 4521 657 4574 eis
688 4519 1052 4576 mansuefacta
1084 4516 1334 4577 videntur
1358 4526 1798 4594 cooperautibus,
1829 4527 2076 4598 quaedam

2181 3339 2402 3398 propter
2417 3329 2661 3398 jumenta
2691 3329 2776 3384 vel
2818 3329 3053 3383 maxime
3102 3325 3365 3382 Conditor
3414 3325 3777 3381 universitatis

2179 3420 2474 3474 instituerit
2493 3421 2781 3476 herbarum
2806 3428 3075 3486 naturam,
3119 3427 3341 3490 propter
3385 3418 3630 3475 homines
3679 3433 3777 3472 att-

2178 3521 2287 3567 tem
2307 3513 2550 3582 jumenta
2577 3513 2864 3569 creaverit.
2892 3511 3044 3568 Unde
3071 3520 3126 3567 et
3155 3521 3281 3566 ante
3319 3525 3509 3580 greges
3553 3509 3773 3580 pabula,

2180 3614 2308 3660 ante
2327 3605 2600 3658 hominem
2630 3619 2760 3658 vero
2784 3617 2906 3673 qua:
2927 3603 3174 3657 humanae
3203 3602 3327 3656 vitae
3364 3607 3587 3670 possent
3605 3598 3780 3653 admi-

2179 3701 2358 3756 nicula
2387 3699 2646 3769 praebere,
2675 3697 3009 3768 produxerit.
3041 3693 3148 3750 Sed
3177 3693 3306 3748 mihi
3335 3693 3546 3749 videtur
3580 3705 3777 3747 conse-

2179 3791 2396 3860 quentia
2432 3790 2590 3858 hujus
2615 3789 2814 3857 eloquii
2861 3786 3080 3857 aliquod
3109 3787 3302 3854 dogma
3331 3783 3400 3839 de
3443 3782 3775 3838 absconditis

2182 3885 2450 3939 intimare.
2486 3883 2577 3936 Sic
2606 3882 2749 3936 enim
2774 3879 2950 3935 Moses
2978 3879 3045 3934 de
3071 3886 3213 3933 statu
3247 3877 3439 3931 animas
3467 3875 3648 3934 divino
3678 3874 3778 3928 im-

2181 3977 2334 4047 perio
2374 3975 2728 4044 phiIOSOphia:
2775 3974 3072 4029 regervavit
3117 3987 3413 4036 arcanum,
3454 3971 3523 4026 de
3567 3984 3674 4039 qua
3719 3983 3778 4024 re

2180 4068 2397 4140 quidem
2425 4075 2481 4122 et
2503 4066 2736 4121 eruditio
2767 4077 2951 4120 eXIera
2997 4065 3213 4118 sibimet
3262 4062 3551 4132 imaginata
3580 4068 3665 4116 est
3687 4059 3780 4114 ali-

2182 4157 2337 4228 quid;
2370 4157 2466 4213 sed
2508 4172 2614 4211 non
2662 4157 2810 4212 clare
2839 4171 2959 4225 quae
3009 4164 3166 4210 erant
3212 4153 3443 4208 videnda
3481 4151 3774 4222 perspexit.

2183 4251 2286 4307 Per
2312 4252 2427 4306 lucc
2457 4264 2609 4320 ergo,
2641 4258 2699 4303 ut
2728 4251 2984 4316 arbitrer,
3031 4249 3146 4320 ipsa
3186 4247 3326 4300 ratio
3353 4243 3516 4299 docet
3539 4244 3684 4313 quod
3723 4242 3776 4298 in

2185 4343 2354 4398 tribus
2377 4342 2694 4398 differentiis
2715 4338 2894 4396 vitalis
2927 4341 3041 4395 haac
3069 4348 3232 4408 atque
3261 4337 3512 4392 animalis
3540 4335 3778 4405 potentia

2183 4436 2509 4490 declaretur.
2544 4415 2847 4489 Herbarum
2890 4433 3157 4503 siquidem
3191 4441 3384 4486 natura
3435 4429 3781 4485 incrementis

2183 4537 2267 4583 est
2311 4537 2517 4581 tantum
2562 4535 2618 4582 et
2665 4527 3009 4581 nutrimentis
3057 4523 3431 4590 accommoda,
3483 4536 3781 4592 congruum

482 4625 612 4666 vero
643 4614 925 4682 praesentia
976 4614 1078 4680 sui,
1136 4615 1382 4684 capiendi
1430 4633 1591 4672 causa
1641 4628 1766 4673 sunt
1794 4620 1915 4676 aliis
1960 4635 2079 4688 qua:
2108 4640 2161 4698 Ι)
2188 4620 2432 4690 pnebcns
2461 4619 2543 4674 his
2570 4619 2660 4688 qui
2690 4632 2758 4672 ex
2787 4633 2849 4673 ea
2881 4625 3145 4688 parentur
3175 4624 3547 4684 augmentum,
3584 4629 3702 4683 quae
3727 4621 3784 4668 ct

481 4703 682 4760 nostris
712 4705 1032 4760 utilitatibus
1079 4708 1436 4777 applicentur.
1466 4709 1571 4764 Sed
1603 4720 1658 4766 et
1687 4721 1923 4781 pennata
1973 4713 2081 4767 tela

481 4799 638 4853 nobis
667 4815 754 4853 ars
784 4800 1050 4869 exquisita
1103 4803 1352 4871 perlecit,
1384 4818 1504 4872 qua:
1551 4820 1647 4873 per
1697 4820 1881 4858 arcum
1932 4813 2082 4860 tensa

479 4905 696 4944 cursum
741 4891 1020 4945 volucrem
1051 4893 1213 4948 rebus
1241 4892 1491 4948 humanis
1518 4895 1779 4948 exhibuit.
1809 4893 1966 4961 Quod
1995 4913 2085 4949 au-

479 4988 590 5033 tem
623 4979 815 5052 pedum
848 4990 1153 5037 nostrorum
1183 4983 1406 5050 vestigia
1438 4983 1503 5036 ad
1555 4983 1950 5040 conficiendum
1982 4986 2083 5042 iter

483 5069 689 5126 facilius
737 5081 1060 5139 atteruntur,
1092 5075 1398 5130 necessaria
1439 5075 1805 5143 subjectorum
1860 5078 2084 5133 admini-

483 5163 601 5216 cula
633 5163 788 5219 nobis
815 5164 1062 5220 indicunt
1090 5181 1158 5220 ex
1184 5166 1380 5234 quibus
1397 5164 1765 5222 calceamenta
1787 5184 2085 5239 congruen-

484 5266 566 5309 ter
597 5264 873 5327 aptentur.

1078 5373 1308 5430 CAPUT
1349 5375 1480 5431 Vill.

484 5462 588 5517 Cur
611 5465 832 5519 hominis
861 5476 1029 5520 rectus
1049 5467 1116 5519 sit
1145 5465 1374 5533 habitus,
1402 5477 1452 5521 et
1495 5485 1650 5539 quant
1679 5479 1891 5539 propter
1918 5472 2083 5526 ratio-

557 5552 883 5611 nent__manns
909 5539 1046 5591 data:
1076 5548 1212 5611 sunt,
1245 5540 1297 5591 in
1327 5556 1424 5608 quo
1447 5540 1684 5610 quwdam
1723 5551 1771 5592 ct
1820 5542 1882 5593 de
1923 5540 2078 5611 (li/Te-

555 5607 736 5659 reutt'is
758 5609 1052 5660 animarum
1081 5607 1365 5678 disputatio
1388 5607 1594 5663 natura:
1613 5612 1894 5664 inducitur.

556 5718 711 5786 Quod
742 5735 870 5773 vero
899 5731 1075 5776 rectus
1100 5733 1180 5776 est
1212 5723 1442 5778 hominis
1472 5723 1687 5777 habitus
1716 5731 1770 5778 et
1794 5723 1861 5778 ad
1886 5724 2080 5778 cmlum

486 5828 605 5866 sese
657 5812 947 5867 sustollens
1003 5830 1325 5884 sursumque
1371 5815 1704 5885 respiciens,
1764 5818 2081 5888 priuripalia

489 5905 601 5959 lmc
632 5901 773 5959 dona
801 5919 918 5959 esse
947 5905 1299 5960 certissimum
1331 5918 1434 5972 cst,
1479 5907 1832 5977 approbantia
1883 5909 2083 5980 regiam

2186 4710 2549 4780 germinabilis
2572 4709 2788 4776 dicitur,
2821 4709 3124 4778 eademque
3167 4707 3220 4761 in
3251 4705 3499 4775 virgultis
3527 4712 3583 4760 et
3619 4705 3783 4759 arbo-

2185 4803 2334 4857 ribus
2375 4802 2674 4858 substantia
2705 4801 3036 4872 pervidetnr.
3071 4799 3168 4855 Est
3211 4809 3391 4854 autem
3441 4798 3494 4852 in
3537 4798 3621 4852 his
3655 4797 3789 4866 ipsis

2187 4909 2307 4963 quze
2352 4893 2722 4963 germinautur
2775 4891 2956 4946 vitalis
2993 4889 3237 4960 quaedam
3285 4889 3549 4959 potentia,
3595 4902 3790 4943 sensus

2187 4986 2516 5039 animatione
2541 4985 2768 5054 privata.
2801 4983 3004 5038 Prmter
3023 4984 3172 5062 hanc
3200 4998 3330 5037 vero
3354 4991 3438 5037 est
3458 4990 3515 5036 et
3533 4981 3637 5035 alia
3664 4981 3790 5036 vita:

2186 5078 2414 5147 species,
2439 5077 2524 5132 cui
2547 5075 2775 5131 Creator
2790 5085 2846 5130 et
2867 5077 3202 5131 incrementa
3224 5074 3471 5136 contulit,
3496 5083 3549 5128 et
3570 5074 3792 5144 dispen-

2192 5171 2414 5226 sandam
2437 5169 2684 5224 sensibus
2711 5169 3013 5238 imperavit,
3042 5183 3204 5239 quam
3247 5167 3298 5221 iu
3342 5177 3532 5221 natura
3575 5167 3794 5220 irratio—

2191 5261 2450 5317 nabilium
2477 5260 2633 5316 facile
2659 5273 3006 5328 contuemur,
3033 5274 3152 5329 qua:
3177 5275 3283 5314 non
3317 5259 3491 5313 solum
3522 5266 3582 5311 ut
3619 5257 3794 5312 herba

2190 5367 2441 5408 crescens
2485 5352 2721 5406 nutritur
2767 5361 2823 5406 et
2879 5352 3067 5419 nutrit,
3119 5350 3210 5404 sed
3261 5349 3424 5404 etiam
3481 5348 3794 5402 sensibilem

2189 5449 2297 5504 vim
2327 5449 2606 5519 possidere
2636 5449 3001 5518 cognoscitur.
3043 5443 3290 5500 Perfecta
3323 5459 3453 5499 vero
3483 5442 3640 5496 tertia
3681 5439 3797 5493 vita

2191 5540 2437 5609 corporis
2466 5540 2519 5593 in
2551 5529 2788 5593 hominis
2812 5539 3044 5593 essentia
3083 5536 3330 5591 rationali
3361 5535 3652 5590 constituta
3684 5541 3794 5597 est,

2189 5648 2308 5701 qum
2334 5639 2389 5685 et
2418 5632 2656 5686 nutritur
2681 5637 2735 5685 et
2763 5632 2933 5685 nutrit
2961 5638 3018 5684 et
3059 5629 3244 5693 sentit,
3275 5635 3332 5683 et
3374 5625 3596 5681 rationis
3623 5625 3801 5694 parti-

2191 5727 2380 5795 cipans
2411 5735 2590 5779 mente
2620 5733 2919 5792 vegetatur.
2951 5723 3220 5778 Debemus
3249 5729 3430 5775 autem
3461 5718 3621 5781 scire,
3646 5716 3804 5786 quod

2193 5817 2314 5871 talis
2342 5817 2585 5888 quandam
2616 5831 2803 5871 eorum
2845 5830 2965 5885 qum
3011 5821 3136 5869 sunt
3174 5813 3312 5867 ratio
3352 5809 3626 5873 divisionis
3672 5811 3802 5865 cxi-

2192 5918 2321 5977 stat,
2352 5917 2409 5964 ut
2434 5907 2578 5965 aliud
2605 5905 2970 5966 intellectualc
3015 5905 3104 5972 sit,
3152 5903 3297 5961 aliud
3346 5903 3650 5974 corporale.
3682 5903 3802 5961 Sed
