4104 6548
399 413 500 469 557

1225 419 1398 474 LiBiil
1440 419 1527 474 DE
1567 417 1954 473 CREATIONE
1995 417 2271 476 “Otille
2302 419 2861 477 iRl‘ERPRETA'll'J

3574 424 3684 475 533

401 531 777 591 intellectualis
805 534 1053 589 essentia:
1083 549 1224 588 nunc
1254 536 1536 590 omittatur
1563 536 1616 589 in
1639 550 1734 591 sua
1758 535 1997 605 propric-
2024 540 2069 592 Α
2103 539 2224 597 ιυι·;
2275 534 2529 602 spiritalis
2576 544 2759 591 autem
2805 534 3015 603 judieat
3043 535 3244 603 omnia,
3291 542 3404 607 ipse
3448 548 3627 594 autem
3656 556 3689 592 ει

402 634 511 679 tate
533 625 747 679 divisio.
771 612 885 679 Nec
914 624 1055 680 enim
1083 626 1238 681 nobis
1263 636 1346 681 est
1373 626 1441 682 de
1480 628 1583 682 hac
1627 642 1688 683 re
1732 628 1999 682 sermonis

399 731 638 772 occasio.
669 716 984 785 tiorporalis
1004 726 1187 772 autem
1222 720 1536 774 substantia)
1582 719 1728 775 aliud
1769 728 1852 774 est
1889 735 2007 776 om-

403 811 531 866 nino
576 808 696 866 sine
750 809 859 863 vita
886 846 901 873 ,
958 805 1102 863 aliud
1147 809 1271 863 vitm
1318 810 1654 881 participat:
1697 825 1884 865 rursus
1930 814 1997 865 vi-

403 903 523 957 talis
544 900 844 971 corporalis
872 901 976 955 alia
1013 908 1140 954 sunt
1181 901 1476 965 sensibilia,
1524 901 1629 956 alia
1673 916 1803 956 vero
1837 916 2001 955 sensu

403 997 663 1059 carentia,
698 1002 757 1051 ut
784 1002 910 1050 sunt
937 995 1101 1050 etiam
1130 992 1309 1067 capilli
1334 995 1506 1049 nostri
1533 1005 1588 1050 et
1616 1009 1840 1064 ungues.
1868 993 2000 1048 item

401 1090 675 1145 sensibilia
704 1090 759 1143 in
789 1088 996 1142 naturis
1022 1088 1428 1143 rationabilium
1453 1095 1508 1141 et
1548 1088 2001 1142 irrationabilium

404 1180 733 1235 dividuntur.
765 1164 1062 1249 Propte'rea
1092 1186 1216 1247 post
1242 1178 1551 1232 exanimem
1584 1179 1864 1231 materiam
1888 1175 1997 1246 pri-

405 1291 553 1330 mum
579 1275 727 1329 velut
769 1273 1103 1342 crepidinem
1133 1271 1421 1340 quamdam
1468 1272 1610 1326 hanc
1648 1270 2001 1338 germinalem

405 1369 760 1423 substantiam
821 1366 1097 1435 lcgislator
1139 1366 1406 1435 expressit
1443 1383 1456 1418 :
1509 1365 1766 1434 deinceps
1813 1379 2000 1419 eorum

405 1462 813 1530 generationem
839 1476 959 1529 quae
979 1460 1226 1515 sensibus
1247 1458 1617 1531 tantummodo
1632 1459 1886 1513 contiuen
1895 1469 1999 1531 tur,

405 1556 636 1624 aperuit.
692 1552 760 1607 Et
814 1553 939 1623 quia
994 1553 1288 1607 secundum
1345 1552 1504 1606 istam
1556 1528 2001 1620 consequentiam

407 1660 473 1699 ea
501 1659 621 1713 qua:
648 1643 813 1697 vitam
845 1644 899 1698 in
932 1658 1099 1698 carne
1140 1632 1332 1697 sortita
1362 1655 1510 1709 sunt,
1554 1642 1831 1697 sensibilia
1882 1642 2001 1710 qui-

407 1737 529 1791 dem
558 1737 677 1791 sine
703 1735 1125 1803 intelligibilibus
1154 1751 1252 1805 per
1285 1750 1345 1789 se
1388 1735 1680 1789 subsistere
1724 1733 1999 1802 videntur,

406 1830 689 1884 rationalis
716 1838 899 1884 autem
934 1829 1235 1884 subStantia
1268 1843 1376 1883 non
1415 1835 1595 1896 potest
1642 1828 1695 1881 in
1738 1827 1847 1881 alio
1897 1828 1999 1881 nisi

2100 624 2318 679 nemine
2334 624 2628 694 judicatur.
2657 626 2902 697 Denique
2934 627 3077 684 sicut
3104 634 3305 687 carnali
3333 630 3579 688 animalis
3604 646 3698 685 su—

2102 730 2403 787 peremmet
2433 718 2584 785 juxta
2629 718 2876 772 eamdem
2907 733 3211 773 mensuram
3239 720 3527 774 animalem
3553 735 3694 790 quo-

2104 822 2210 876 que
2237 808 2492 876 spiritalis
2522 807 2759 862 excellit.
2798 808 2954 875 Quod
3003 825 3131 878 ergo
3180 812 3531 867 novissimum
3575 824 3698 883 post

2103 899 2288 954 omnia
2315 898 2521 956 factum
2552 898 2828 956 hominem
2857 901 3132 971 Scriptura
3173 915 3579 973 commemorat,
3620 909 3698 957 ni—

2102 989 2178 1043 hil
2207 989 2351 1045 aliud
2382 1004 2544 1058 quam
2574 990 2645 1046 de
2672 1000 2815 1047 statu
2839 994 3031 1047 anima:
3073 995 3437 1066 phitosopbari
3469 1012 3569 1052 nos
3604 995 3698 1049 de—

2101 1081 2232 1151 bere
2276 1081 2510 1137 latenter
2554 1081 2832 1150 informat,
2878 1089 3187 1142 necessaria
3227 1090 3473 1156 quaedam
3518 1105 3701 1143 rerum

2098 1173 2510 1243 consequentia,
2538 1176 2591 1231 id
2619 1177 2838 1246 quidem
2868 1179 3164 1248 perfectum
3196 1180 3248 1233 in
3296 1182 3584 1250 postremis
3615 1182 3701 1235 in-

2100 1266 2337 1321 sinuans.
2389 1267 2588 1323 Natura
2634 1285 2869 1341 namque
2916 1273 3197 1327 rationalis
3236 1284 3429 1328 caetera
3484 1289 3702 1344 quoque

2101 1358 2346 1414 continet
2362 1368 2418 1415 et
2439 1360 2773 1415 incrementa
2788 1363 3066 1430 germinis,
3093 1372 3147 1418 et
3173 1381 3363 1421 sensus
3390 1367 3703 1433 animantis,

2100 1461 2295 1506 natura
2324 1453 2485 1507 etiam
2508 1455 2779 1508 sensibilis
2797 1456 3148 1524 germinalem
3178 1458 3414 1526 Speciem
3444 1458 3560 1512 sine
3599 1459 3703 1511 du-

2100 1543 2362 1599 bitatione
2416 1546 2815 1616 complectitur.
2887 1548 3012 1602 Haec
3059 1560 3236 1603 autem
3287 1561 3506 1619 promer
3556 1551 3707 1620 quod

2100 1636 2468 1692 immaterialis
2509 1647 2592 1692 est
2629 1653 2688 1692 se
2728 1639 2842 1693 sola
2869 1641 3264 1709 complectitur.
3297 1643 3706 1712 Consequenter

2102 1728 2266 1797 igitur
2295 1739 2486 1784 natura
2518 1731 2683 1785 veluti
2734 1748 2832 1801 per
2869 1735 3131 1801 quasdam
3165 1739 3382 1802 gradus,
3416 1739 3538 1789 vitm
3583 1737 3711 1791 dico

2102 1823 2513 1890 proprietatum,
2565 1826 2632 1877 ab
2680 1825 3025 1879 inferioribus
3071 1826 3136 1879 ad
3185 1826 3509 1895 perfectiora
3564 1843 3694 1883 cun-

408 1922 648 1977 sensibili
696 1936 928 1991 corpore
984 1922 1261 1986 contueri;
1315 1920 1521 1975 idcirco
1564 1927 1691 1989 .post
1759 1922 2000 1988 germina
2033 1922 2080 1980 Β
2108 1914 2336 1968 scendit.

405 2023 575 2082 atque
597 2013 842 2082 jumenta
872 2013 1044 2068 factus
1071 2022 1155 2068 est
1200 2015 1383 2075 homo,
1414 2013 1503 2067 via
1539 2012 1771 2082 quadam
1803 2028 1999 2068 conse-

358 2174 363 2181 Α
406 2113 638 2174 quenter
665 2106 731 2160 ad
754 2106 1142 2174 perfectionem
1188 2112 1378 2158 natura
1405 2104 1712 2174 perliciens.
1752 2104 2001 2158 Omnium

406 2210 645 2266 namque
672 2196 993 2265 specierum,
1025 2195 1078 2248 id
1106 2204 1205 2261 est,
1240 2205 1294 2250 et
1323 2196 1616 2251 crescentis
1654 2197 1909 2264 germinis
1949 2206 2005 2250 et

408 2290 675 2344 sensualis
694 2288 988 2343 animantis
1013 2288 1116 2343 hoc
1138 2289 1402 2343 rationale
1423 2288 1621 2342 animal
1647 2286 1811 2343 homo
1838 2289 2004 2358 parti—

404 2381 577 2448 cipat.
623 2378 869 2434 Nutritur
914 2379 1058 2432 enim
1101 2378 1255 2447 juxta
1300 2379 1600 2433 naturalem
1650 2379 2005 2432 substantiam

312 2526 327 2539 ,
408 2470 605 2526 animm
632 2471 887 2539 qualitas,
914 2470 1233 2524 incrementi
1256 2485 1390 2525 vero
1414 2473 1521 2524 vim
1543 2471 1777 2524 sensuali
1807 2470 2009 2523 submi-

409 2561 734 2617 nistratione
785 2561 1041 2626 sortitur,
1084 2576 1204 2629 qua:
1248 2560 1401 2629 juxta
1447 2561 1735 2631 quemdam
1792 2559 2008 2613 modum

407 2666 569 2707 suum
594 2651 737 2707 inter
760 2650 1183 2706 intellectualem
1210 2659 1265 2706 et
1293 2653 1626 2706 materialem
1656 2651 2009 2706 substantiam

409 2745 467 2798 in
519 2744 702 2798 medio
749 2743 1035 2807 collocata,
1092 2752 1355 2812 quantum
1398 2744 1543 2799 illius
1602 2742 2012 2812 comparatione

408 2837 666 2902 crassior,
700 2844 908 2890 tantum
938 2835 1053 2904 ejus
1079 2837 1396 2905 praelatione
1434 2837 1647 2890 videtur
1688 2851 1807 2890 esse
1831 2836 2013 2891 since-

410 2931 548 2984 rior.
582 2928 785 2984 Deinde
808 2929 1081 2984 sensibilis
1111 2930 1187 2983 rei
1216 2931 1360 2997 quod
1401 2939 1484 2983 est
1513 2928 1920 2983 subtilissimum
1959 2944 2015 2991 et

414 3020 810 3075 lucidissimum
841 3020 1194 3077 mtellectnali
1228 3020 1493 3074 sociatum
1543 3018 1602 3073 tit
1637 3020 1880 3089 quasdam
1926 3036 2015 3075 na-

415 3124 555 3168 tura:
584 3112 872 3182 permixtio
901 3112 1251 3176 conveniens,
1295 3111 1368 3165 ita
1400 3120 1458 3166 ut
1483 3111 1537 3164 in
1564 3110 1734 3165 tribus
1778 3111 1895 3165 istis
1932 3110 2015 3164 vi-

412 3206 608 3259 deatur
643 3206 807 3259 homo
832 3203 1146 3257 subsistere.
1176 3202 1310 3256 Nam
1339 3211 1395 3257 et
1417 3204 1735 3273 Apostolum
1776 3205 1884 3258 tale
1924 3203 2018 3257 ali-

2732 2027 2964 2083 CAPUT
3002 2026 3089 2081 IX.

2110 2113 2263 2181 Quod
2274 2120 2544 2189 aptissima
2569 2118 2791 2173 hominis
2814 2120 3057 2175 habitudo
3088 2121 3158 2174 ad
3187 2138 3314 2193 opus
3337 2124 3555 2177 rationis
3580 2142 3706 2179 con-

2744 2202 2943 2244 structa
2968 2194 3054 2244 sit.

2179 2282 2315 2349 Quia
2349 2283 2509 2350 igitur
2538 2283 2805 2338 rationale
2852 2284 3053 2337 animal
3081 2284 3265 2347 homo,
3301 2287 3592 2355 oportebat
3623 2287 3707 2340 ni-

2108 2377 2192 2430 sui
2236 2377 2462 2430 rationis
2487 2376 2815 2433 conveniens
2859 2376 3064 2430 institui
3100 2379 3346 2446 corporis
3376 2379 3712 2434 instrumen-

2111 2477 2245 2521 tum.
2285 2468 2435 2521 Sicut
2478 2467 2620 2521 enim
2647 2468 2892 2520 videmus
2923 2469 3142 2522 musica}
3171 2471 3528 2538 peritissimos
3553 2472 3709 2539 juxta

2106 2558 2300 2626 organi
2329 2559 2569 2627 speciem
2621 2558 2856 2612 studium
2908 2558 3293 2615 modulaminis
3338 2577 3623 2629 exercere,
3658 2573 3712 2619 et

2110 2664 2289 2720 neque
2312 2649 2607 2703 tubicinare
2635 2650 2903 2704 barbitum
2950 2652 3148 2719 nervis,
3180 2667 3358 2722 neque
3385 2655 3713 2709 citharizare

2115 2742 2377 2796 tubicines
2409 2758 2422 2793 :
2463 2740 2616 2810 juxta
2646 2741 2789 2796 hunc
2821 2743 3039 2797 modum
3073 2744 3551 2800 instrumentorum
3583 2764 3713 2802 eon~

2114 2832 2467 2886 structionem
2498 2833 2786 2901 oportebat
2832 2847 2953 2887 esse
2980 2835 3178 2889 rationi
3227 2838 3656 2893 consentientem
3696 2859 3710 2894 :

2115 2921 2191 2975 ita
2227 2930 2287 2975 ut
2309 2921 2585 2989 aptissime
2625 2931 2810 2990 posset
2856 2923 2922 2975 ad
2953 2940 3107 2978 usum
3138 2940 3392 2981 resonare
3428 2931 3715 2998 sermonis,

2114 3015 2210 3082 qui
2252 3012 2518 3066 vocalium
2569 3012 2934 3066 membrorum
2980 3013 3306 3069 forinarctur
3346 3016 3556 3073 officiis.
3590 3018 3721 3075 ideo

2118 3113 2300 3157 autem
2322 3118 2513 3155 manus
2541 3109 2808 3171 coaptata:
2840 3114 2966 3157 sunt
2993 3104 3233 3174 corpori,
3264 3113 3317 3160 et
3343 3111 3586 3177 quamvis
3611 3111 3717 3164 uti-

2120 3195 2300 3249 litates
2348 3194 2498 3247 mille
2526 3194 2650 3246 vitm
2698 3192 2856 3261 hujus
2900 3208 3223 3250 enumerare
3250 3196 3563 3253 facillimum
3615 3208 3749 3266 est,-

415 3297 548 3365 εμιία
577 3295 954 3363 cognoscimus
982 3294 1253 3360 intimare,
1283 3295 1371 3349 ubi
1400 3311 1498 3365 ριιο
1526 3294 2017 3351 Thessalonicensi-
2043 3300 2089 3362 ρ
2120 3302 2254 3356 quas
2293 3286 2409 3340 inec
2461 3293 2765 3354 opportuna
2813 3294 2869 3338 et
2917 3286 3179 3341 durabilia
3224 3303 3479 3342 tnauuum
3523 3291 3721 3347 instru-

415 3388 521 3442 bus
546 3402 710 3441 orans
729 3387 840 3440 ait:
875 3385 996 3457 Ipsa
1022 3395 1192 3440 autem
1228 3386 1367 3440 Deus
1412 3388 1558 3458 pacis
1599 3388 1885 3457 sanctiﬁcat
1930 3404 2017 3441 vos

418 3496 513 3547 per
533 3480 730 3543 omnia,
752 3488 808 3531 ut
836 3480 1039 3550 integer
1060 3480 1270 3548 spiritus
1300 3488 1462 3533 vester
1481 3488 1530 3533 et
1555 3482 1736 3533 anima
1764 3488 1813 3533 et
1833 3496 2019 3551 corpus

415 3574 532 3626 sine
561 3572 771 3643 querela
807 3573 863 3625 in
891 3572 1167 3626 adventum
1194 3571 1408 3626 Domini
1443 3574 1608 3627 nostri
1656 3572 1781 3626 Jesu
1824 3570 2019 3627 Christi

419 3673 693 3718 servetur:
740 3679 840 3733 pro
878 3664 1117 3718 nutribili
1159 3672 1313 3733 parte
1364 3679 1582 3734 corpus,
1625 3679 1726 3734 pro
1782 3664 2021 3719 sensibili

420 3757 689 3820 animam,
715 3771 815 3826 pro
842 3756 1193 3811 intellectuali
1222 3757 1469 3826 spiritum
1501 3773 1727 3827 ponens.
1762 3756 2020 3812 Similiter

420 3857 480 3902 et
516 3849 765 3902 scribam
814 3847 868 3901 in
916 3846 1205 3915 Evangelia
1251 3848 1511 3904 Dominus
1555 3850 1828 3904 instruens
1874 3849 2022 3903 omni

422 3939 684 3993 mamlato
711 3938 1055 3993 dilectionem
1087 3939 1299 4005 Domini
1340 3942 1623 4010 prteponit,
1654 3955 1773 4010 quas
1811 3955 1877 3994 ex
1908 3946 2023 3993 toto

424 4029 596 4083 corde
622 4036 676 4083 et
700 4043 768 4083 ex
799 4028 1111 4082 tota-anima
1144 4038 1200 4084 et
1238 4044 1307 4084 ex
1346 4038 1464 4084 toto
1494 4030 1768 4087 intellectu
1810 4029 2025 4100 perfici-

428 4129 535 4172 tnr.
570 4117 703 4171 Nam
731 4126 790 4171 et
818 4118 869 4172 in
899 4120 1151 4188 praesenti
1179 4118 1426 4174 eamdem
1476 4120 1605 4174 mihi
1657 4135 1837 4176 sermo
1874 4119 2029 4176 diffe-

424 4211 661 4265 rentiam
691 4210 905 4265 videtur
947 4212 1414 4281 interpretationis
1462 4211 1676 4267 offerre.
1722 4213 2025 4283 Corpulen-

426 4304 630 4357 siurem
683 4302 897 4370 quidem
953 4303 1247 4357 ellicaciam
1306 4318 1403 4357 cor
1439 4304 1744 4374 appellans,
1792 4305 2026 4359 animam

429 4410 572 4449 vero
594 4394 823 4449 mediam
851 4394 1034 4449 sedem
1076 4402 1264 4449 tenere
1314 4394 1640 4464 signiﬁcans.
1690 4395 2025 4450 Intellectum

429 4504 614 4543 autem
662 4488 1031 4542 sublimiorem
1084 4468 1438 4542 substantiam
1493 4488 1829 4543 rationabilis
1895 4488 2029 4543 insi-

430 4597 608 4635 nuans
632 4580 1110 4650 perspicabilisque
1138 4581 1370 4635 virtutis.
1416 4577 1573 4635 Unde
1602 4588 1657 4635 et
1696 4587 1805 4653 tres
1834 4579 2031 4635 distan-

426 4672 538 4724 tias
595 4670 930 4724 voluntatum
988 4669 1139 4723 nevit
1188 4669 1477 4740 Apostolus

429 4765 580 4818 circa
609 4770 852 4817 ventrem
888 4771 944 4818 et
970 4762 1250 4817 inferiores
1280 4770 1462 4831 partes
1502 4762 1870 4833 voluptatibus
1909 4771 2032 4817 tan-

426 4865 547 4908 tum
576 4852 786 4909 vitiosis
812 4854 1159 4922 obsequitur;
1189 4853 1475 4908 animalem
1508 4868 1664 4919 vero,
1698 4868 1819 4922 qua:
1855 4854 2032 4910 media

428 4947 577 5000 inter
623 4945 875 4998 virtutem
922 4944 1291 5013 malitiamque
1317 4951 1584 5008 versatur,
1628 4943 1769 4999 hanc
1814 4943 2032 5014 quidem

426 5034 868 5104 supergrediens,
900 5033 1038 5088 illius
1058 5043 1237 5088 autem
1258 5048 1597 5104 nequaquam
1626 5034 1895 5104 particeps
1918 5034 2032 5089 sin—

431 5125 678 5179 ceritatis
722 5125 958 5180 existens
984 5141 995 5153 ·
1027 5132 1082 5179 et
1108 5124 1505 5194 spiritalitatem
1533 5123 1646 5180 Deo
1670 5125 1877 5196 placitae
1904 5141 2035 5180 con-

428 5215 761 5270 versationis
788 5216 1113 5284 assequitur.
1145 5214 1237 5271 Sic
1276 5217 1419 5271 enim
1470 5217 1711 5272 scribens
1749 5217 1817 5273 ad
1844 5217 2037 5272 Corin-

430 5310 580 5362 thios
609 5308 901 5377 exprobrat
941 5308 1018 5363 eis
1056 5308 1293 5364 studium
1338 5309 1665 5380 voluptariae
1705 5309 1835 5364 vitae
1871 5317 2034 5380 atque

430 5400 725 5470 passibilis,
748 5400 970 5454 dicens:
1004 5397 1198 5453 Nonne
1236 5401 1471 5454 carnales
1510 5403 1652 5467 estis,
1685 5411 1732 5455 et
1752 5401 2033 5456 secundum

428 5492 695 5547 hancine-nt
736 5492 1034 5558 ambulans,
1073 5492 1125 5546 id
1168 5501 1271 5559 est,
1316 5493 1727 5563 perfectioribus
1774 5495 2032 5550 doctrinis

430 5586 728 5653 ineapaees
764 5597 883 5639 esse
913 5585 1236 5653 probamini.
1286 5584 1355 5639 Et
1401 5586 1527 5640 alibi
1568 5587 2029 5658 comparationem

427 5677 726 5747 quamdam
752 5676 941 5733 media-
978 5678 1137 5747 hujus
1165 5679 1231 5733 ad
1258 5679 1403 5733 illam
1430 5678 1712 5734 celsiorem
1742 5681 2033 5749 perfectio—

431 5784 661 5838 remque
690 5770 908 5836 laciens,
942 5769 1073 5824 dicit
1098 5788 1111 5823 :
1138 5771 1393 5825 Animalis
1413 5778 1583 5824 autem
1609 5772 1760 5826 homo
1781 5789 1881 5827 non
1914 5790 2033 5843 per-

429 5861 557 5928 cipit
582 5877 643 5913 ea
674 5858 786 5931 qm
816 5870 933 5915 sunt
969 5863 1182 5931 spiritus
1225 5861 1340 5916 Dei.
1386 5862 1620 5918 Stultitia
1667 5865 1808 5917 enim
1837 5873 1920 5919 est
1958 5864 2031 5917 illi

432 5962 494 6009 et
522 5970 631 6009 non
660 5963 840 6025 potest
886 5954 1207 6024 intelligere,
1246 5955 1368 6026 quia
1417 5944 1728 6028 spiritaliter
1758 5956 2033 6013 examina-

2123 3391 2303 3435 menta
2332 3382 2543 3434 naviter
2573 3379 2969 3446 administrent,
3001 3397 3218 3436 onmem
3270 3393 3439 3438 artem
3475 3400 3716 3441 omnem-

2122 3488 2228 3544 que
2255 3470 2624 3542 operationem
2652 3471 2794 3526 bcllo
2816 3480 2869 3526 et
2884 3488 3014 3541 paee
3036 3482 3410 3543 competenter
3425 3477 3724 3546 explentia'

2122 3575 2300 3619 tamen
2333 3578 2443 3633 prae
2471 3564 2593 3617 aliis
2618 3564 2865 3618 omnibus
2897 3566 3123 3620 rationis
3170 3581 3335 3621 causa
3385 3584 3575 3624 manus
3604 3586 3722 3624 cor-

2123 3659 2241 3730 pori
2266 3666 2457 3711 natura
2486 3666 2847 3725 congruenter
2888 3658 3157 3726 apposuit.
3188 3657 3320 3712 Nam
3344 3662 3388 3713 si
3420 3660 3585 3715 homo
3610 3662 3723 3716 sine

2123 3750 2371 3804 manibus
2392 3748 2709 3809 exstitisset,
2728 3748 2975 3816 proferto
2998 3750 3464 3818 percipiendorum
3481 3753 3723 3807 c;bormn

2128 3843 2450 3897 necessitate
2478 3841 2717 3894 membra
2746 3840 2926 3894 vultus
2968 3840 3084 3909 ejus
3125 3841 3191 3894 ad
3222 3842 3390 3895 instar
3420 3844 3714 3914 quadrupe-

2124 3936 2253 3987 dum
2284 3932 2665 3997 formarentur,
2696 3931 2768 3985 ita
2799 3940 2857 3985 ut
2902 3931 3134 4000 oblonga
3178 3931 3347 3988 facies
3391 3942 3729 4002 tcuuaretur,

2129 4030 2363 4086 simulet
2392 4029 2656 4083 etnineret
2678 4027 2729 4081 in
2754 4027 2992 4093 naribus,
3024 4029 3133 4083 oris
3161 4029 3323 4082 etiam
3355 4029 3492 4083 labia
3525 4031 3729 4085 callesa

2130 4133 2185 4180 et
2213 4124 2483 4193 grossiora
2516 4133 2697 4177 essent
2726 4133 2889 4190 atque
2937 4122 3271 4187 firmissima;
3305 4130 3359 4177 et
3402 4123 3470 4177 ad
3500 4140 3730 4193 carpen-

2130 4217 2228 4270 das
2257 4215 2454 4269 herbas
2502 4222 2875 4282 competenter
2916 4222 3119 4282 aptata,
3171 4228 3271 4267 nec
3322 4228 3429 4267 non
3471 4222 3525 4267 et
3552 4215 3733 4285 lingua

2130 4305 2405 4375 grandiori
2432 4319 2662 4374 corpore
2690 4302 2875 4358 durior
2904 4314 3045 4358 esset
3077 4312 3133 4357 ct
3152 4304 3420 4374 asperior,
3453 4321 3571 4375 qum
3597 4322 3724 4361 coo-

2130 4404 2415 4467 peraretnr
2448 4393 2715 4457 dentibus,
2751 4393 2825 4446 ad
2848 4409 2911 4447 ea
2936 4409 3056 4463 quae
3086 4393 3389 4448 mandenda
3423 4396 3734 4465 perciperet

2132 4485 2392 4556 liquidior
2415 4486 2677 4553 existens,
2708 4492 2763 4538 et
2802 4485 2957 4552 juxta
3006 4493 3294 4555 utrumque
3323 4485 3462 4541 latus
3490 4487 3709 4543 eiiusior

2134 4580 2309 4651 qualis
2326 4585 2420 4643 ,est
2450 4593 2644 4633 canum
2676 4586 2731 4633 et
2760 4586 3079 4634 ceterorum
3120 4594 3240 4649 qua:
3290 4592 3587 4637 vescuntur
3608 4599 3734 4638 car-

1520 4688 1534 4722 :
1576 4670 1870 4736 carnalem,
1912 4687 2031 4742 quae
2058 4680 2108 4739 υ
2136 4672 2314 4737 nibus,
2346 4685 2444 4741 per
2492 4680 2683 4740 aspera
2718 4668 2960 4724 dentium
3005 4669 3288 4724 intervalla
3319 4671 3643 4728 discurrens.
3676 4672 3737 4727 Si

2133 4777 2261 4832 ergo
2290 4779 2481 4818 manus
2511 4778 2619 4817 non
2666 4762 2919 4818 adessent
2967 4763 3205 4834 corpori,
3242 4766 3514 4835 quomodo
3544 4767 3594 4823 ei
3624 4783 3731 4821 vox

2134 4854 2416 4909 articulata
2447 4851 2786 4922 ﬁgurarctur,
2838 4870 2961 4909 cum
3009 4856 3130 4909 talis
3177 4856 3288 4909 oris
3328 4855 3445 4924 ejus
3480 4856 3739 4911 formatio

2136 4945 2203 5000 ad
2228 4961 2382 5000 usum
2412 4945 2677 5000 sermonis
2706 4945 2924 4999 minime
2949 4946 3287 5014 conveniret,
3329 4946 3400 4999 ita
3426 4956 3483 5000 ut
3511 4963 3738 5001 necesse

2136 5045 2281 5093 esset
2304 5037 2579 5091 hominem
2609 5034 2694 5089 vel
2724 5034 2934 5090 balatus
2956 5035 3226 5096 emittere,
3252 5035 3335 5090 vel
3367 5036 3613 5103 latratus,
3638 5048 3737 5092 aut

2140 5136 2197 5183 ut
2222 5144 2393 5200 equus
2420 5127 2677 5189 biuniret,
2709 5135 2801 5180 aut
2831 5141 3017 5180 vocem
3066 5126 3223 5180 daret
3257 5127 3430 5181 bubus
3457 5128 3741 5197 asinisque

2135 5220 2492 5284 consimilem,
2526 5226 2620 5273 aut
2671 5218 2906 5287 aliquem
2956 5218 3187 5287 rugitum
3218 5230 3493 5287 promeret
3526 5219 3731 5275 bestias

2134 5311 2261 5366 lem.
2288 5309 2441 5365 Nunc
2464 5318 2643 5364 autem
2669 5324 2857 5362 manus
2884 5310 3306 5363 accommodatre
3328 5317 3461 5364 ‘sunt
3491 5315 3733 5383 ροτροιυί,

2134 5411 2197 5458 ut
2223 5419 2284 5458 os
2310 5402 2375 5456 ad
2400 5403 2753 5456 ministerium
2778 5402 2922 5455 ve:bi
2950 5401 3172 5455 liberum
3197 5415 3571 5472 permaneret;
3602 5420 3735 5473 ergo

2135 5494 2412 5563 proprium
2444 5492 2696 5560 quiddam
2730 5502 2813 5547 cst
2849 5502 3054 5545 naturm
3098 5493 3346 5547 rationali
3388 5495 3586 5551 habere
3617 5515 3733 5551 ma-

2135 5604 2235 5643 nus
2264 5588 2314 5640 in
2347 5602 2597 5654 corpore,
2628 5585 2700 5638 ita
2734 5595 2789 5638 ut
2821 5602 2915 5654 per
2942 5602 3034 5640 eas
3068 5588 3305 5641 omnium
3333 5586 3628 5645 Conditore
3651 5592 3730 5660 igt-

2135 5680 2390 5733 cultatcm
2424 5692 2538 5730 con.
2561 5675 2757 5729 edente
2815 5680 3103 5734 seruionis.
3138 5679 3272 5735 Cum
3331 5697 3460 5751 ergo
3487 5683 3737 5739 divinum

2134 5769 2423 5840 quemdam
2467 5766 2653 5836 gratim
2717 5767 3076 5837 principatum
3134 5773 3447 5839 imaginisve
3503 5778 3732 5830 contulit

2136 5862 2299 5922 Deus.
2330 5871 2384 5916 et
2407 5861 2666 5915 bonorum
2697 5876 2915 5914 suorum
2944 5877 3163 5916 munera
3194 5867 3438 5919 rationali
3474 5866 3733 5933 ﬁgmenta:

2138 5954 2454 6026 contribuit,
2478 5960 2768 6024 propterea
2800 5951 2999 6024 reliqua
3042 5954 3255 6022 quidem
3310 5958 3446 6011 bona
3480 5958 3727 6013 humata:
