4122 6524
382 356 475 429 soi

1197 360 1370 416 LIBRI
1416 363 1501 417 DE
1539 363 1924 422 CREATIONE
1966 368 2242 430 HOMINIS
2279 373 2843 429 ΙὺΤΕίὶΡΙὶΕΤᾹἩυ.

3542 390 3649 443 562

377 470 715 541 nimodarum
770 472 1048 530 scientiam
1098 490 1275 533 rerum
1322 480 1429 533 suis
1460 495 1653 551 capere
1700 481 1959 549 probatur
1990 482 2032 539 A
2063 482 2301 553 bens,in
2333 502 2470 555 quos
2524 488 2754 544 voluerit
2801 491 3024 550 effectus
3071 504 3331 567 erumpat.
3382 499 3459 553 Ad
3509 502 3651 557 hanc

1346 574 1352 583 ι

373 558 671 618 eﬂ'cctibus.
1117 632 1126 643 ι

982 677 1211 734 CAPUT
1260 680 1347 735 XI.

868 798 946 854 De
985 801 1207 855 essentia
1246 801 1458 859 animm.

435 947 578 1014 Quid
628 948 788 1014 igitur
831 956 914 1004 est
953 965 1109 1005 mens
1158 951 1309 1021 juxta
1363 960 1609 1008 naturam
1661 957 1956 1026 propriam,

366 1053 487 1106 qua:
517 1040 856 1094 sensualibus
892 1042 1150 1108 potentiis
1178 1058 1299 1097 sese
1327 1044 1618 1112 distribuit,
1650 1054 1705 1100 et
1729 1062 1824 1117 per
1850 1048 1959 1103 sin-

363 1130 519 1196 gulas
564 1139 939 1198 competenter
988 1147 1175 1185 eorum
1212 1148 1335 1201 quas
1382 1144 1508 1189 sunt
1556 1137 1833 1193 scientiam
1868 1154 1958 1193 su-

364 1221 499 1273 mit?
528 1218 682 1285 Quod
716 1210 869 1276 enim
909 1222 1051 1276 aliud
1091 1223 1341 1290 quiddam
1384 1225 1453 1278 sit
1488 1234 1680 1294 prmter
1716 1243 1953 1293 sensum,

363 1309 659 1377 quemlibet
682 1311 1021 1378 prudentium
1050 1312 1298 1369 dubitare
1325 1331 1433 1370 non
1464 1317 1716 1373 arbitror.
1749 1319 1884 1375 Nam
1908 1321 1953 1375 si

363 1399 598 1467 idipsum
644 1415 797 1455 mens
842 1403 985 1471 quod
1032 1418 1222 1459 sensus
1273 1415 1446 1473 esset,
1494 1409 1653 1465 unius
1706 1408 1953 1480 profecto

361 1491 511 1557 juxta
534 1506 725 1546 sensus
745 1492 1038 1548 efficaciam
1059 1496 1401 1565 proprietatis
1417 1499 1694 1567 existeret,
1708 1508 1953 1570 propter-

362 1595 429 1633 ea
463 1581 608 1648 quod
655 1583 884 1651 simplex
923 1585 1136 1652 quidem
1169 1586 1284 1656 ipsa
1310 1588 1382 1643 sit
1411 1596 1465 1643 et
1492 1589 1625 1643 nihil
1655 1590 1707 1644 in
1730 1605 1799 1646 ire
1823 1591 1953 1645 sim-

361 1671 490 1740 plici
516 1672 721 1726 varium
771 1675 1009 1744 conSpici
1055 1685 1220 1744 queat
1256 1696 1269 1731 :
1306 1695 1450 1734 nunc
1493 1688 1673 1735 autem
1703 1681 1951 1736 omnibus

357 1762 842 1825 consentientibus,
875 1764 1017 1816 aliud
1048 1774 1129 1818 est
1162 1774 1334 1820 tactus
1354 1809 1370 1833 ,
1403 1767 1548 1821 aliud
1576 1768 1863 1834 odoratus,
1896 1778 1951 1824 ct

2066 585 2243 629 autem
2274 578 2536 633 rationem
2568 581 2729 635 veluti
2764 592 2929 639 testes
2953 586 3202 645 videntur
3231 589 3424 659 afferre
3449 594 3647 648 tristiﬁ-

2066 679 2156 717 cas
2179 676 2340 736 atque
2364 667 2901 729 irascibileshominis
2925 676 3235 736 affectiones
3251 701 3263 734 :
3281 683 3422 752 quod
3444 686 3650 742 scilicet

2064 753 2370 821 hujusmodi
2409 761 2687 829 passiones
2718 763 2857 819 hanc
2879 775 3083 834 partem
3124 769 3188 823 ad
3220 774 3647 841 compassionem

2062 858 2402 903 commovere
2428 848 2729 905 videantur.
2760 852 2859 920 Qui
2888 871 3018 911 vero
3040 860 3325 923 cerebrum
3347 864 3649 933 intelligen-

2066 932 2149 985 tia:
2192 934 2520 993 domicilium
2550 942 2796 1007 credunt,
2827 946 2978 1013 quasi
3009 949 3293 1016 quamdam
3325 966 3502 1011 arcem
3533 958 3648 1011 uui-

2062 1028 2200 1082 versi
2231 1031 2473 1100 corporis
2503 1045 2663 1103 caput
2690 1048 2940 1094 asserunt
2962 1057 2992 1095 a
3022 1051 3217 1100 natura
3253 1056 3643 1111 constructum.

2064 1118 2113 1171 in
2146 1124 2253 1187 qUo
2284 1132 2519 1179 mentem
2550 1128 2704 1195 quasi
2732 1131 2973 1199 reginam
3014 1137 3301 1203 quamdam
3343 1139 3647 1197 inhabitare

2060 1214 2429 1279 pronuntiant,
2461 1232 2581 1285 qua:
2609 1221 2772 1275 veluti
2815 1224 3133 1291 quibusdam
3163 1231 3366 1285 nuntiis
3395 1248 3491 1288 seu
3520 1249 3648 1303 pro-

2064 1304 2356 1359 tectoribus
2384 1307 2454 1360 ita
2486 1310 2731 1367 sensibus
2760 1314 3178 1387 circumquaque
3208 1323 3451 1378 valletur.
3482 1325 3645 1396 Signa

2058 1409 2188 1449 vero
2213 1403 2270 1451 et
2296 1397 2403 1452 isti
2428 1399 2798 1473 hujuscemodi
2823 1407 3148 1477 suspicionis
3178 1412 3468 1481 insinuant,
3498 1418 3644 1487 quod

2057 1500 2210 1542 mens
2240 1496 2365 1543 tunc
2395 1505 2424 1543 a
2454 1501 2607 1547 recto
2652 1495 2878 1550 consilio
2926 1505 2982 1551 et
3028 1499 3096 1554 ab
3144 1516 3211 1556 eo
3258 1504 3404 1572 quod
3452 1506 3645 1562 deceat

2057 1575 2372 1645 abducatur,
2405 1581 2621 1651 quando
2669 1585 2880 1641 cerebri
2926 1590 3237 1645 membrana
3291 1602 3536 1661 vexatur,
3586 1606 3643 1654 et

2055 1665 2199 1733 quod
2229 1668 2282 1722 in
2307 1670 2606 1737 ignorantia
2637 1674 2937 1731 honestatis
2966 1678 3183 1749 degant,
3234 1698 3371 1753 quos
3406 1685 3642 1742 ebrietas

2054 1767 2262 1825 gravat.
2288 1760 2371 1814 Ad
2413 1762 2529 1816 hazc
2577 1772 2756 1818 autem
2807 1773 2860 1820 et
2905 1768 3113 1838 aliquas
3140 1787 3330 1828 causas
3365 1777 3640 1833 naturales

358 1854 497 1906 alios
525 1855 740 1920 quidem
770 1856 1238 1912 incommutabiles
1268 1868 1323 1912 et
1364 1860 1737 1929 impermixtos
1762 1861 1949 1914 simili-
1985 1860 2023 1916 li
2058 1847 2348 1917 adiiCiunl’
2389 1853 2581 1921 (ἰυίδυδ
2620 1854 2903 1924 opiniones
2938 1873 3064 1913 suas
3112 1861 3335 1930 είηειιιίε
3388 1881 3522 1935 quas
3571 1866 3639 1921 de

358 1951 444 1996 ter
480 1958 599 1996 esse
636 1959 827 1999 sensus
862 1945 928 2007 ad
966 1948 1227 2011 invicem,
1267 1956 1325 2003 et
1362 1950 1488 2018 quia
1536 1966 1689 2006 mens
1724 1952 1947 2020 singulis

356 2033 635 2100 mqualiter
662 2037 834 2100 adest,
867 2038 1010 2091 aliud
1032 2040 1157 2106 quid
1185 2050 1401 2109 oportet
1427 2058 1547 2096 eam
1577 2051 1798 2113 propter
1818 2059 1943 2098 sen-

356 2127 562 2177 sualem
594 2124 826 2180 diffinire
854 2127 1231 2192 substantiam,
1267 2146 1334 2185 ne
1362 2131 1488 2201 quid
1517 2134 1596 2187 rei
1626 2133 1943 2201 intelligibili

357 2217 528 2284 possit
559 2218 837 2272 varietatis
873 2221 1087 2275 ascribi.
1129 2220 1256 2284 Quis
1304 2225 1537 2294 cognovit
1581 2241 1788 2280 senum
1829 2224 1941 2280 Do-

357 2310 520 2362 mini?
543 2310 834 2378 Apostolus
861 2312 967 2372 ait;
992 2327 1094 2381 ego
1123 2322 1302 2369 autem
1331 2316 1451 2370 dico
1476 2332 1488 2367 :
1522 2316 1652 2381 Quis
1671 2317 1940 2386 propriam

356 2407 591 2453 mentem
619 2401 964 2455 considerare
991 2404 1305 2471 praevaluit?
1327 2404 1515 2461 Dicant
1543 2408 1634 2475 qui
1656 2408 1751 2462 Dei
1779 2418 1939 2463 natu-

354 2506 468 2544 ram
498 2506 559 2545 se
587 2500 779 2560 putant
803 2508 965 2561 posse
1005 2497 1495 2564 comprehendere,
1529 2499 1571 2553 si
1603 2515 1663 2555 se
1693 2500 1941 2554 conside-

353 2592 498 2648 rant,
542 2584 589 2638 si
639 2586 835 2641 meutis
877 2602 988 2641 sua:
1022 2588 1375 2643 substantiam
1413 2601 1641 2655 norunt;
1673 2593 1717 2647 si
1760 2594 1942 2648 multi-

351 2672 510 2725 moda
534 2673 779 2742 quredam
802 2684 906 2740 est,
928 2677 1195 2747 variazque
1218 2682 1644 2749 compositionis,
1671 2685 1940 2752 quomodo

352 2761 407 2814 in
438 2764 764 2831 multiplices
792 2781 980 2820 sensus
1016 2767 1284 2834 inseritur,
1320 2771 1587 2839 quomodo
1618 2773 1669 2826 in
1701 2774 1937 2842 singula-

350 2854 513 2908 ritate
544 2854 687 2920 quod
716 2857 945 2922 varium,
971 2860 1246 2927 quomodo
1278 2861 1329 2914 in
1360 2863 1620 2917 varietate
1659 2867 1801 2932 quod
1830 2868 1939 2920 sin-

350 2944 536 3010 gulare
571 2954 650 2999 est
679 2946 983 3002 invenitur?
1014 2950 1119 3004 Sed
1150 2951 1341 3019 agnovi
1372 2953 1694 3008 solutionem
1724 2955 1936 3010 difficil-

351 3035 491 3088 lima:
537 3039 876 3104 quaestionis,
926 3041 991 3095 ad
1035 3043 1203 3112 ipsam
1244 3060 1433 3099 vocem
1482 3046 1714 3102 divinam
1754 3064 1939 3105 recur-

348 3141 476 3179 rens
508 3144 520 3177 :
547 3126 851 3197 Faciamus,
884 3133 1074 3201 inquit,
1109 3134 1365 3188 hominem
1394 3138 1464 3189 ad
1491 3138 1765 3208 imaginem
1797 3150 1847 3195 et
1873 3142 1941 3195 si-

2051 1942 2332 2012 principali
2353 1944 2585 1999 hominis
2610 1956 2763 2015 parte
2783 1947 3050 2015 deferunt,
3066 1954 3393 2015 confirmare
3417 1958 3637 2014 videan—

2049 2041 2154 2087 tur.
2181 2032 2247 2086 Et
2274 2035 2363 2089 hic
2391 2035 2605 2104 quidem
2636 2037 2705 2091 ad
2734 2038 2945 2107 igneam
2974 2050 3221 2098 naturam
3243 2046 3418 2102 cordis
3439 2062 3637 2116 cogna-

2047 2125 2248 2179 tionem
2282 2132 2525 2180 motuum
2569 2129 2765 2184 mentis
2804 2129 3058 2200 affirmat,
3092 2142 3381 2205 propterea
3408 2138 3553 2206 quod
3580 2148 3636 2194 et

2048 2214 2243 2269 mentis
2270 2222 2327 2268 et
2358 2215 2494 2283 ignis
2523 2216 2939 2275 indormitabilis
2964 2224 3222 2293 probetur
3245 2240 3365 2281 esse
3384 2227 3635 2284 substan-

2046 2303 2137 2366 tia,
2172 2312 2226 2359 et
2253 2305 2375 2373 quia
2408 2305 2460 2358 in
2492 2307 2673 2361 cordis
2710 2317 2865 2379 parte
2896 2320 3133 2367 mentem
3162 2313 3357 2371 fatetur
3383 2315 3630 2380 influere,

2045 2393 2247 2449 idcirco
2274 2396 2571 2451 mobilitate
2600 2397 2827 2455 fervoris
2856 2410 3060 2457 motum
3103 2408 3394 2475 temperari
3436 2410 3632 2463 mentis

2044 2484 2261 2549 astruit,
2295 2488 2693 2555 receptaculum
2726 2498 2930 2546 natura:
2975 2493 3323 2564 intelligibilis
3367 2514 3463 2555 cor
3510 2517 3630 2555 esse

2043 2577 2417 2644 pronuntians,
2444 2578 2494 2632 in
2526 2594 2632 2648 quo
2657 2581 2805 2636 calor
2825 2585 3081 2643 exundat.
3115 2587 3266 2643 Alter
3286 2602 3466 2645 autem
3495 2608 3628 2647 cun-

2043 2675 2252 2721 ctorum
2299 2684 2552 2725 sensuum
2604 2674 2768 2729 veluti
2811 2676 3135 2748 principium
3183 2689 3346 2750 atque
3393 2686 3627 2740 radicem

2043 2757 2249 2812 cerebri
2300 2761 2666 2817 membranam
2714 2780 2833 2820 esse
2883 2774 3129 2833 testatur,
3182 2787 3441 2842 suamque
3470 2776 3629 2828 ratiu-

2045 2861 2166 2900 nem
2196 2848 2297 2904 hac
2329 2847 2429 2903 fide
2460 2850 2762 2921 confirmat,
2795 2856 2939 2925 quod
2980 2875 3087 2914 non
3129 2860 3253 2914 alibi
3295 2863 3363 2917 sit
3405 2862 3628 2919 effectus

2044 2935 2406 3005 intelligentia:
2431 2941 2744 3009 collocatus,
2779 2945 2879 3000 nisi
2911 2946 2961 3000 in
2993 2963 3053 3003 ea
3086 2959 3239 3017 parte
3267 2952 3354 3007 ubi
3385 2960 3441 3006 ct
3469 2969 3626 3008 aures

2044 3036 2239 3097 aptata).
2280 3030 2547 3087 irruentes
2588 3051 2750 3090 voces
2794 3040 3087 3110 accipiunt,
3118 3050 3175 3096 et
3215 3044 3436 3099 intuitus
3471 3046 3625 3116 juxta

2042 3120 2156 3189 ipsa
2184 3122 2459 3179 oculorum
2501 3126 2764 3196 profunda
2811 3142 3098 3188 concretus
3146 3148 3492 3194 occurrentes
3529 3156 3626 3209 pu-

349 3218 694 3272 mifitudinem
718 3232 966 3277 nostram.
990 3223 1172 3293 Imago
1193 3242 1424 3296 namque
1444 3228 1680 3298 quandiu
1708 3232 1761 3285 in
1790 3232 1938 3288 nullo
1967 3229 2012 3291 C
2044 3213 2184 3282 Ρίυίδ
2211 3214 2501 3283 imaginum
2528 3218 2728 3275 formas
2756 3225 3074 3280 "ansmillil
3102 3227 3344 3296 interiUS,
3373 3239 3428 3285 et
3454 3234 3626 3300 quali-

348 3313 563 3381 proticit
594 3315 659 3367 ab
690 3316 772 3369 bis
799 3330 919 3383 qua:
951 3318 1001 3370 in
1033 3321 1284 3389 primaeva
1313 3321 1485 3378 forma
1514 3327 1780 3397 substant,
1809 3343 1935 3397 pro-

346 3407 467 3476 prie
495 3408 674 3475 imago
702 3413 1074 3478 cognoscitur;
1107 3414 1150 3467 si
1180 3430 1309 3470 vero
1331 3432 1359 3469 a
1381 3418 1733 3474 similitudine
1753 3419 1934 3475 forma:

346 3500 654 3562 recesserit,
686 3499 837 3568 juxta
868 3517 988 3556 eam
1029 3514 1237 3573 partem
1278 3508 1455 3574 imago
1487 3524 1596 3563 non
1635 3511 1757 3564 erit.
1790 3510 1937 3576 Quo-

345 3589 514 3643 modo
557 3591 720 3659 igitur
756 3601 813 3646 et
858 3594 962 3650 hoc
995 3612 1158 3651 unum
1201 3613 1269 3652 ex
1299 3600 1381 3653 his
1406 3608 1490 3655 est
1525 3616 1644 3669 qua:
1674 3604 1726 3657 in
1752 3603 1932 3658 divina

345 3689 539 3733 natura
565 3683 999 3749 considerantur,
1019 3688 1161 3754 quod
1190 3689 1743 3759 incomprehensibilis
1768 3695 1933 3750 habe-

344 3781 437 3826 tur
464 3777 730 3841 essentne,
760 3793 979 3833 necesse
1002 3788 1086 3836 est
1113 3791 1166 3835 et
1205 3784 1487 3851 imaginem
1528 3787 1795 3857 primmvm
1824 3790 1931 3845 for-

324 3878 449 3917 nae
477 3865 687 3920 imitari»
718 3870 1093 3925 substantiam.
1145 3873 1301 3939 Quod
1344 3877 1387 3930 si
1436 3878 1694 3948 imagines
1740 3889 1930 3936 natura

338 3958 809 4025 comprehendere
860 3970 1067 4032 potest,
1109 3980 1230 4020 cum
1274 3969 1522 4038 primaeva
1547 3970 1718 4027 forma
1750 3974 1804 4028 in
1833 3990 1930 4030 sua

339 4049 935 4116 eomprehensibilitate
978 4067 1310 4125 permaneat,
1340 4075 1405 4114 ex
1437 4060 1540 4116 hac
1571 4062 1684 4138 ipsa
1714 4074 1931 4121 contra-

336 4138 538 4193 rietate
577 4154 684 4207 qua
732 4147 1209 4213 comprehenditur
1235 4166 1356 4207 esse
1383 4153 1655 4210 dissimilis
1680 4174 1931 4229 compro-

335 4228 517 4282 batur.
544 4229 714 4286 Porro
743 4248 866 4287 cum
909 4234 1077 4303 fugiat
1106 4239 1393 4295 humanam
1420 4245 1701 4300 scientiam
1732 4228 1927 4305 mentis

334 4332 542 4377 nostra:
585 4332 794 4389 natura,
826 4342 944 4396 qua:
974 4338 1069 4383 est
1084 4331 1274 4387 effecta
1311 4335 1378 4389 ad
1410 4336 1726 4405 imaginem,
1760 4342 1927 4397 refert

334 4406 981 4481 ineompreliensibilitate
1009 4423 1090 4474 sui
1121 4424 1566 4494 omnipotentiam
1610 4439 1815 4487 natura:
1844 4436 1926 4488 in-

335 4505 845 4574 comprehensibilis
874 4512 1202 4580 exprimens.
1295 4521 1301 4526 '

939 4647 1167 4707 CAPUT
1205 4652 1313 4708 XII.

336 4730 621 4804 Inquisitio
656 4735 745 4789 ubi
783 4739 1070 4822 ρνὶηςίραιε
1101 4743 1323 4822 {laminis
1352 4763 1462 4801 esse
1492 4748 1751 4822 videatur,
1778 4766 1829 4810 et
1856 4757 1918 4810 de

901 4812 1143 4881 lacrymis
1168 4824 1217 4867 et
1238 4818 1362 4869 risu.

407 4914 577 4969 Sileat
602 4904 731 4986 ergo
770 4922 947 4975 omnis
985 4923 1363 4993 cenjeeturalis
1407 4938 1463 4984 et
1507 4948 1642 4987 vana
1693 4936 1892 4993 locutio

330 5024 454 5078 qua:
501 5012 647 5066 mille
693 5014 1010 5083 quibusdam
1060 5020 1219 5073 rebus
1256 5026 1531 5092 corporeis
1571 5027 1672 5081 vim
1705 5030 1915 5084 intelle-

330 5099 523 5152 ctualis
564 5104 895 5167 operationis
945 5106 1211 5161 includit:
1244 5126 1309 5165 ex
1356 5113 1547 5179 quibus
1595 5118 1810 5184 quidam
1857 5120 1912 5174 id

327 5187 478 5256 quod
526 5191 757 5248 hominis
803 5197 1097 5268 principale
1126 5210 1226 5265 est,
1259 5203 1310 5256 in
1343 5203 1509 5259 corde
1535 5210 1867 5264 constituunt
1894 5228 1905 5263 :

324 5281 547 5347 quidam
573 5300 699 5338 vero
728 5286 780 5339 in
813 5288 1038 5342 cerebro
1069 5291 1359 5348 subsistere
1386 5299 1744 5369 suspicantur,
1773 5316 1908 5369 qua-

324 5374 450 5423 dam
476 5374 755 5441 superficie
786 5381 1194 5447 persuasionum
1225 5386 1531 5453 opinionem
1563 5390 1720 5459 hujus
1747 5394 1910 5449 robo-

322 5470 529 5514 rautes.
562 5461 611 5516 ιδ
637 5466 778 5519 enim
807 5469 897 5536 qui
927 5470 979 5524 in
1009 5472 1174 5527 corde
1212 5476 1502 5546 principale
1531 5481 1762 5537 hominis
1791 5500 1909 5541 esse

318 5549 532 5612 definit,
565 5568 631 5607 ex
662 5555 763 5609 loci
801 5559 907 5613 situ
945 5576 1259 5630 argumenta
1304 5568 1490 5623 nititur
1536 5587 1646 5629 sure
1685 5577 1908 5632 rationis

316 5657 621 5710 apponere,
664 5661 951 5718 propterea
1000 5657 1143 5724 quod
1193 5661 1422 5715 medium
1468 5663 1645 5719 locum
1694 5668 1908 5725 videtur

321 5746 419 5786 tor
466 5736 631 5788 totius
680 5742 923 5808 corporis
965 5746 1261 5815 continere,
1308 5762 1571 5820 quatenus
1600 5772 1659 5810 se
1687 5771 1899 5829 sponta-

318 5836 456 5876 tzeus
483 5835 660 5883 motus
688 5844 719 5884 e
748 5834 923 5888 medio
954 5836 1019 5890 ad
1051 5853 1209 5893 omne
1260 5859 1454 5913 corpus
1506 5846 1711 5903 facilius
1751 5855 1904 5908 exhi-

608 5924 875 5985 ΡΔτιιοι..
928 5930 1177 5992 LXVII.

2043 3314 2180 3362 tates
2203 3309 2426 3364 odorum
2450 3314 2720 3369 variorum
2741 3315 3116 3373 discernuntur
3141 3328 3399 3377 attractaa.
3427 3321 3625 3380 Sensus

2037 3399 2199 3453 etiam
2230 3402 2321 3471 qui
2346 3413 2503 3473 gustu
2530 3406 2824 3475 perﬁcitur,
2853 3409 3049 3467 indicio
3070 3414 3453 3470 membranulae
3475 3432 3615 3472 cereo

2035 3487 2117 3542 bri
2161 3490 2323 3559 (sicut
2370 3510 2533 3563 supra
2579 3497 2781 3554 dictum
2823 3500 2926 3570 est)
2977 3505 3339 3572 approbatur,
3390 3521 3511 3577 qua:
3558 3508 3622 3563 de

2018 3581 2284 3655 proximo
2313 3585 2575 3652 quosdam
2604 3603 2893 3661 nervorum
2918 3596 3254 3650 ramusculos
3295 3611 3362 3652 ex
3400 3612 3459 3651 re
3506 3599 3622 3670 ipsa

2034 3673 2317 3739 sensibiles
2346 3690 2444 3744 per
2469 3677 2641 3749 nodos
2669 3681 2794 3735 colli
2823 3697 2990 3751 usque
3019 3685 3085 3738 ad
3116 3701 3179 3741 ea
3207 3687 3329 3743 loca
3371 3704 3493 3758 quae
3531 3706 3614 3747 co-

2035 3762 2212 3817 latorii
2260 3765 2429 3820 instar
2471 3769 2727 3838 existunt,
2761 3781 2815 3828 et
2844 3776 3118 3831 musculos
3172 3779 3618 3848 circumjacentes

2033 3854 2323 3911 interserit.
2354 3857 2463 3930 Ego
2493 3870 2691 3928 autem,
2733 3864 2859 3933 quia
2886 3881 2916 3920 a
2950 3868 3216 3936 passionis
3242 3885 3464 3927 accessu
3504 3877 3617 3928 ani-

2032 3964 2131 4005 mae
2157 3951 2513 4021 intelligentia
2554 3971 2699 4025 srepe
2743 3959 3009 4027 turbatur,
3037 3967 3091 4016 et
3119 3961 3241 4031 quia
3267 3962 3419 4032 juxta
3463 3976 3610 4023 natu-

2030 4041 2199 4097 ralem
2227 4044 2469 4112 vigorem
2511 4047 2852 4115 cogitationis
2874 4049 3097 4109 effectus
3117 4053 3450 4121 obtunditur,
3479 4072 3613 4126 qua-

2029 4131 2153 4188 dam
2202 4135 2308 4191 hoc
2355 4137 2499 4193 idem
2554 4143 2798 4209 corporis
2852 4148 3211 4211 aegrotatione
3262 4149 3612 4218 contingere,

2033 4238 2215 4282 verum
2242 4242 2360 4283 esse
2388 4232 2702 4298 pronuntio,
2735 4241 2790 4289 et
2816 4233 3021 4291 fontem
3049 4240 3337 4307 quemdam
3362 4258 3612 4313 corpora-

2028 4312 2093 4366 lis
2134 4314 2332 4370 caloris
2375 4332 2469 4372 cor
2516 4334 2635 4374 esse
2664 4336 2770 4375 non
2803 4337 2964 4390 nego,
3008 4326 3150 4393 quod
3193 4328 3264 4382 ad
3316 4312 3611 4389 irascihiles

2026 4403 2257 4473 impetus
2285 4405 2441 4462 facile
2470 4420 2860 4466 commovetur.
2907 4414 3082 4484 Super
3127 4417 3229 4474 hoc
3268 4420 3611 4481 nihilominus

2026 4509 2256 4563 praeesse
2291 4499 2633 4556 sensibilibus
2679 4502 2841 4557 rebus
2886 4506 3314 4565 membranulam
3364 4515 3609 4586 cerebri,

1949 4592 1997 4651 ῃ
2017 4584 2171 4651 juxta
2220 4588 2482 4643 rationem
2514 4605 2700 4646 eorum
2730 4594 2821 4663 qui
2854 4594 2967 4651 haec
2994 4599 3227 4661 naturali
3249 4584 3610 4672 disputatione

2022 4688 2379 4748 pertractant,
2427 4683 2796 4753 complectens
2846 4688 2946 4742 sub
2992 4704 3053 4745 se
3099 4692 3408 4759 cerebrum,
3456 4697 3608 4765 cujus

2022 4769 2185 4823 etiam
2235 4769 2406 4827 foveri
2457 4777 2812 4843 vaporatione
2861 4779 3201 4847 pinguedinis
3247 4784 3489 4853 audiens,
3538 4790 3607 4844 ab

2020 4860 2103 4915 his
2150 4864 2241 4930 qui
2285 4879 2344 4919 se
2395 4868 2715 4923 anatomicis
2764 4871 3189 4939 inspectionibus
3241 4890 3603 4949 occuparunt,

2018 4950 2226 5006 irritum
2254 4955 2399 5022 quod
2425 4955 2618 5012 dicitur
2645 4961 2867 5016 omnino
2905 4978 3011 5016 non
3058 4968 3220 5034 facio;
3252 4971 3345 5026 sed
3388 4986 3494 5025 non
3535 4988 3600 5027 ex

2020 5043 2103 5097 his
2149 5047 2378 5113 probare
2425 5050 2747 5105 contendam
2787 5055 2931 5122 quod
2978 5058 3239 5116 localibus
3284 5065 3600 5131 quibusdam

2019 5134 2602 5206 circumscriptionibns
2631 5131 2947 5213 incorporea
2976 5149 3273 5206 substantia
3316 5156 3603 5213 concluda-

2020 5230 2124 5277 tur.
2155 5224 2289 5278 Nam
2330 5244 2429 5283 nos
2478 5245 2734 5287 excessus
2780 5234 3174 5295 irrationabiles
3217 5243 3333 5298 fieri
3381 5260 3486 5299 non
3532 5264 3599 5303 ex

2016 5316 2206 5383 capitis
2235 5322 2613 5386 aggravatione
2639 5324 2948 5382 didicimus.
2982 5328 3312 5391 Medicorum
3340 5350 3470 5393 vero
3510 5355 3598 5408 pe-

2015 5404 2276 5471 ritissimi,
2308 5411 2546 5481 utrisque
2574 5414 2850 5485 lateribus,
2881 5421 3076 5489 quibus
3104 5423 3344 5493 ejusdem
3384 5404 3596 5485 cerebri

2012 5498 2395 5553 membranula:
2439 5504 2806 5577 continentur,
2849 5510 3025 5579 aliqua
3066 5515 3315 5583 passione
3341 5519 3591 5591 turbatis,

2011 5588 2275 5643 rationale
2319 5599 2561 5646 nostrum
2610 5608 2878 5664 regrotans
2926 5604 3208 5673 definiunt,
3260 5588 3594 5679 appellantes

2011 5672 2319 5730 freneticam
2380 5680 2713 5747 passionem,
2772 5688 2898 5756 quia
2960 5690 3149 5747 iisdem
3203 5697 3589 5757 membranulis

2010 5765 2185 5822 frenos
2215 5785 2411 5825 nomen
2457 5775 2660 5829 existit.
2712 5776 2972 5836 Similiter
3015 5784 3176 5839 etiam
3226 5789 3443 5845 tristitia
3491 5808 3588 5849 cor

2008 5858 2147 5913 attici
2179 5861 2509 5929 suspicantes
2538 5867 2782 5935 profecto
2813 5869 3084 5928 falluntur.
3118 5873 3253 5932 Cum
3294 5879 3437 5934 enim
3476 5898 3583 5940 nou

3076 5970 3150 6030 12
