4122 6538
533 385 632 439 563

1795 385 2148 443 DlONYSlL'S
2187 388 2500 448 EXIGUUS.

3697 391 3801 446 3N

532 513 648 566 cor,
676 495 772 552 sed
803 511 864 554 os
893 497 1096 552 ventris
1125 510 1356 553 nitnrore
1387 497 1650 566 turbetur,
1683 499 1752 554 ad
1795 496 1893 554 cor
1943 501 2115 556 morbi
2147 509 2186 566 Α
2221 503 2463 571 edoctus,
2495 520 2602 560 non
2628 506 2755 562 satis
2779 504 3031 562 idoneum
3060 503 3294 560 arbitror
3318 511 3718 572 argumentum,
3745 515 3805 560 ut

533 594 691 664 hujus
717 592 1113 650 incommodum
1143 592 1391 663 imperite
1421 593 1808 648 transmittunt.
1854 592 1970 650 Hoc
2016 608 2113 648 au-

529 697 642 742 tem
670 685 956 748 disserunt,
987 682 1080 752 qui
1118 682 1431 752 passionum
1471 697 1662 739 causas
1705 682 1990 752 diligenter
2033 683 2114 737 in-

532 777 796 845 vestigare
824 782 1100 842 curarunt,
1130 773 1275 842 quod
1307 773 1358 827 in
1389 787 1622 829 maerore
1660 774 1982 844 compressis
2014 788 2114 828 na-

532 865 781 922 turaliter
823 860 985 918 btius
1023 861 1269 932 corporis
1320 854 1781 932 evaporationum
1817 862 2116 917 tramitibus

531 968 695 1028 atque
723 956 992 1014 exclusis
1030 954 1082 1009 in
1121 951 1570 1024 profundissimas
1601 954 1932 1010 internorum
1961 955 2116 1008 sedes

532 1050 775 1119 cogitur,
816 1045 1074 1118 quidquid
1103 1059 1199 1116 per
1226 1042 1327 1100 hos
1361 1043 1734 1114 respirationis
1762 1042 1940 1101 aditus
1969 1044 2116 1098 exire

529 1140 868 1214 prohibetur.
900 1135 1054 1193 Unde
1090 1136 1458 1204 coangustatis
1484 1135 1780 1190 visceribus
1810 1135 2118 1192 accenditur

531 1229 781 1297 tristitia,
813 1242 956 1298 saepe
984 1225 1277 1281 violentior
1299 1225 1518 1295 spiritus
1553 1239 1620 1280 ex
1647 1225 1756 1279 imo
1782 1224 2029 1289 trahitur,
2062 1235 2119 1278 ut

531 1322 789 1379 dilatetur
815 1320 868 1376 id
893 1317 1039 1390 quod
1066 1324 1403 1373 contractum
1433 1324 1534 1370 est.
1587 1314 1654 1369 Et
1702 1316 1845 1370 hunc
1892 1316 2114 1370 halitum

533 1429 695 1485 quem
722 1426 925 1470 mceror
959 1409 1216 1473 extrudit,
1249 1408 1410 1463 etiam
1445 1407 1700 1476 gemitum
1739 1424 2014 1473 vocamus,
2064 1408 2116 1461 id

535 1515 619 1562 est
647 1503 800 1560 nimii
823 1501 1030 1558 doloris
1080 1499 1351 1552 indicium.
1390 1496 1496 1552 Sed
1525 1498 1616 1566 qui
1648 1506 1837 1568 putant
1880 1497 1982 1552 hac
2021 1515 2116 1552 en-

534 1597 656 1653 dem
679 1593 929 1666 passione
957 1589 1094 1646 allici
1123 1589 1440 1660 particulam
1465 1589 1644 1643 cordis
1667 1590 1748 1656 (ut
1769 1588 1900 1657 dixi)
1925 1589 2118 1642 fallun-

533 1697 644 1757 tur,
671 1702 791 1744 cum
813 1699 919 1740 non
946 1682 1142 1750 cordis,
1159 1683 1252 1736 sed
1282 1681 1390 1735 oris
1410 1681 1613 1735 ventris
1635 1679 1702 1734 sit
1725 1681 1826 1734 ista
1848 1681 2115 1748 molestia,

535 1795 603 1834 ex
631 1791 695 1832 ea
725 1773 1006 1832 occasione
1032 1787 1193 1842 quam
1224 1771 1473 1835 diximus,
1505 1770 1647 1838 quod
1677 1770 1885 1825 scilicet
1913 1787 2118 1841 evapo-

536 1871 803 1924 rationum
833 1864 1157 1935 compressis
1199 1863 1452 1930 aditibus,
1481 1861 1617 1916 fellis
1645 1870 1993 1930 coangustata
2020 1879 2116 1918 vc-

535 1959 704 2016 sicula
731 1958 1012 2012 humorem
1040 1953 1188 2008 illum
1219 1967 1468 2022 aSperum
1503 1961 1663 2022 atque
1713 1954 2018 2009 mordacem
2063 1956 2114 2010 in

537 2066 599 2105 os
645 2048 850 2104 ventris
896 2043 1138 2102 eﬁ‘undit.
1181 2042 1246 2096 Et
1273 2043 1388 2098 haec
1416 2051 1498 2098 est
1526 2042 1683 2111 hujus
1728 2043 1806 2097 rei
1847 2042 2117 2113 probatio,

536 2135 680 2208 quod
707 2135 972 2206 depressis
1001 2134 1113 2205 ipsa
1156 2133 1355 2188 coloris
1383 2130 1694 2201 superﬁcies
1722 2132 1870 2186 velut
1913 2133 2118 2199 origine

539 2226 825 2302 (aurigine)
854 2225 1065 2280 videtur
1091 2221 1308 2286 infecta,
1339 2223 1466 2277 dum
1498 2222 1635 2277 fellis
1663 2223 1854 2278 humor
1875 2223 1929 2278 in
1967 2225 2118 2279 venis

522 2319 698 2372 nimia
725 2317 1108 2373 constrictione
1134 2314 1462 2370 diﬂ‘unditur.
1495 2313 1602 2370 Sed
1631 2316 1744 2371 hmo
1772 2317 1910 2372 ratio
1934 2333 2000 2372 ex
2026 2317 2118 2373 illo

537 2423 754 2479 quoque
794 2407 982 2462 morbo
1028 2407 1118 2476 qui
1159 2406 1281 2462 huic
1317 2406 1530 2461 videtur
1556 2423 1674 2462 esse
1703 2409 2030 2474 contrarius,
2063 2409 2115 2463 id

537 2505 620 2552 est
675 2498 767 2566 qui
803 2513 870 2552 ex
919 2497 1100 2552 laetitia
1150 2497 1367 2566 risuque
1413 2498 1696 2568 contingit,
1757 2499 1836 2556 vel
1883 2501 2119 2561 maxime

537 2587 961 2650 commendatur.
991 2587 1294 2642 Dilatantur
1318 2589 1459 2643 enim
1490 2589 1719 2664 quodam
1747 2589 1908 2652 modo
1938 2605 1992 2652 et
2011 2598 2119 2654 dis.

535 2685 816 2738 solvuntur
840 2699 938 2754 per
958 2683 1189 2754 aliquam
1220 2685 1549 2755 voluptatem
1580 2687 1745 2741 totius
1772 2690 2117 2758 evaporatio-

540 2791 633 2830 nes
663 2776 907 2846 corporis
945 2776 1259 2832 suavissima
1303 2777 1610 2844 cognitione
1650 2788 1922 2848 percepta.
1968 2779 2118 2837 Sicut

533 2868 675 2921 cnim
702 2868 899 2923 ibidem
923 2882 1021 2938 per
1043 2882 1329 2923 maerorem
1354 2876 1540 2924 tenues
1569 2877 1624 2923 et
1643 2871 1860 2925 incerta:
1882 2874 2117 2943 respira-

534 2959 708 3013 tiones
760 2958 955 3012 iterum
1007 2959 1438 3027 eomprimuntur
1482 2966 1538 3014 et
1584 2960 1807 3016 interius
1852 2963 2115 3019 viscerum

533 3049 963 3117 constringentes
989 3046 1234 3103 allectum
1265 3048 1330 3102 ad
1362 3058 1525 3120 caput
1551 3058 1607 3106 et
1644 3051 1708 3106 ad
1751 3054 2115 3108 membranam

533 3139 742 3196 cerebri
772 3153 1027 3210 vaporem
1055 3139 1328 3195 humidum
1360 3142 1720 3211 supprimunt,
1758 3146 1848 3214 qui
1888 3145 2114 3200 multum

534 3234 586 3287 in
615 3234 868 3288 concavis
905 3233 1004 3287 sub
1047 3232 1248 3287 relictis
1284 3248 1381 3303 per
1427 3234 1606 3288 aditus
1648 3237 2118 3308 evaporationibus

533 3324 771 3379 excurrit
815 3323 880 3377 ad
929 3322 1141 3386 oculos,
1188 3332 1244 3378 et
1283 3325 1683 3394 compressione
1730 3325 1977 3382 ciliorum
2018 3343 2115 3398 per

531 3423 709 3484 guttas
739 3415 971 3485 egeritur
999 3432 1011 3466 :
1043 3412 1158 3470 hxee
1183 3423 1364 3470 autem
1408 3423 1556 3484 gutta
1601 3416 1833 3488 lacryma
1873 3417 2118 3472 nomina-

535 3516 638 3572 tur,
690 3506 764 3560 ita
810 3505 1211 3574 intelligendum
1258 3513 1342 3562 est
1379 3521 1445 3562 ex
1490 3505 1781 3564 afﬂictione
1803 3511 2113 3565 contraria:

531 3617 655 3656 cum
703 3601 824 3670 plus
867 3599 1030 3655 solito
1075 3598 1452 3654 distenduntur
1496 3600 1870 3670 respirationis
1898 3601 2116 3670 itinera,

531 3707 629 3762 per
656 3706 718 3747 ea
745 3690 965 3761 spiritus
994 3689 1047 3744 in
1078 3690 1201 3745 altis
1227 3705 1288 3746 se
1316 3691 1620 3746 recwsibus
1659 3692 1877 3759 inserit,
1931 3698 1988 3748 et
2019 3706 2118 3761 per

529 3781 640 3836 oris
667 3779 869 3835 aditum
898 3779 1145 3850 protinus
1175 3794 1205 3834 a
1233 3786 1424 3834 natura
1453 3780 1790 3851 propellitur,
1821 3781 2117 3837 visceribus

529 3873 738 3928 cunctis
769 3879 826 3926 et
869 3871 1104 3926 maxime
1128 3870 1316 3940 jecore
1346 3871 1820 3942 (quemadmodum
1847 3873 1998 3927 aiunt
2023 3873 2115 3940 qui

528 3963 669 4018 circa
700 3962 799 4016 ista
827 3961 986 4032 periti
1015 3960 1164 4030 sunt)
1191 3975 1289 4030 per
1309 3960 1597 4029 quamdam
1625 3962 1972 4029 agitationem
1999 3977 2116 4016 mo-

528 4062 749 4123 tumque
805 4052 1256 4108 ferventissimum
1282 4094 1297 4119 ,
1358 4051 1730 4121 hujuscemodi
1793 4061 2112 4123 conceptum

527 4143 773 4214 spiritum
824 4142 876 4196 in
917 4141 1188 4197 exteriora
1228 4141 1570 4211 pellentibus.
1603 4140 1757 4197 Unde
1799 4141 2148 4198 facilitatem'

525 4234 815 4305 quamdam
857 4233 1100 4288 exituum
1142 4231 1383 4301 ejusdem
1422 4231 1644 4302 spiritus
1673 4241 1865 4288 natura
1911 4235 2114 4288 Inachi-

527 4332 683 4392 nata,
731 4323 928 4378 rictum
983 4325 1096 4378 oris
1141 4338 1205 4378 ex
1259 4333 1566 4379 transverso
1617 4324 1873 4394 patefacit
1922 4339 2112 4393 genam

528 4422 812 4482 utramque
852 4413 1194 4477 distendens,
1236 4421 1291 4468 et
1330 4415 1474 4483 quod
1525 4414 1653 4471 hinc
1696 4415 1928 4472 ellicitur
1973 4417 2114 4471 risus

528 4519 726 4559 nomen
777 4504 1004 4573 accepit.
1057 4504 1168 4559 Nec
1219 4514 1441 4574 propter
1476 4506 1582 4562 hoc
1617 4507 1780 4575 igitur
1816 4507 2114 4577 principale

530 4596 764 4652 hominis
805 4610 925 4650 esse
973 4595 1024 4649 in
1069 4595 1254 4664 jecore
1299 4597 1591 4666 putandum
1621 4606 1720 4663 est,
1754 4613 1857 4653 nec
1891 4605 2114 4667 propter

456 4686 475 4700 ‘
528 4689 795 4744 fervorem
839 4688 1132 4757 sanguinis,
1181 4688 1271 4757 qui
1314 4688 1567 4759 copiosus
1604 4703 1728 4758 erga
1767 4688 1948 4744 cordis
1990 4689 2110 4744 loca

507 4787 804 4846 -rersatur,
837 4795 937 4834 nec
963 4779 1033 4833 ob
1047 4777 1283 4833 ‘aii'ectus
1313 4779 1610 4835 irascibiies
1653 4780 2024 4834 aestimandum
2058 4779 2108 4832 in

525 4873 693 4931 corde
720 4887 840 4930 esse
867 4873 1063 4928 mentis
1098 4871 1408 4942 hospitium.
1441 4872 1546 4928 Sed
1590 4873 1703 4927 haec
1731 4871 1798 4926 ad
1826 4872 2112 4940 qualitates

523 4982 817 5038 corporeas
865 4965 1144 5021 referenda
1193 4972 1334 5018 sunt.
1368 4962 1600 5019 Mentem
1629 4979 1758 5018 vero
1784 4962 2107 5017 credendum

523 5067 609 5115 est
635 5058 914 5127 aequaliter
939 5056 1177 5110 membra
1233 5054 1439 5123 singula
1478 5053 1632 5122 juxta
1681 5053 1947 5108 ineﬂabile
1975 5061 2110 5107 tem-

523 5158 894 5220 peramentum
924 5147 1149 5201 rationis
1168 5146 1451 5213 attingere.
1483 5143 1621 5197 Etsi
1651 5142 1982 5213 Scripturam
2013 5159 2107 5197 no-

525 5239 606 5294 bis
643 5238 708 5292 ad
753 5239 856 5291 hoc
899 5236 1142 5290 nonnulli
1181 5234 1489 5304 proferunt,
1519 5242 1788 5304 quatenus
1815 5235 2108 5304 principale

524 5334 578 5386 in
616 5333 779 5388 corde
829 5331 1058 5386 hominis
1098 5344 1219 5384 esse
1257 5336 1544 5393 testentur,
1593 5343 1700 5382 non
1751 5327 1804 5382 id
1849 5328 2106 5381 debemus

524 5425 860 5495 inexplorata
889 5425 1098 5478 ratione
1126 5422 1424 5493 percipere.
1457 5421 1558 5486 Qui
1600 5422 1741 5475 enim
1783 5421 1959 5475 cordis
1986 5433 2104 5473 mc-

517 5517 676 5571 minit
715 5524 769 5569 et
808 5531 969 5570 renes
1011 5514 1240 5590 asseruit
1287 5515 1473 5569 dicens
1507 5532 1519 5566 :
1554 5514 1806 5570 Scrutans
1851 5514 2008 5567 corda
2057 5522 2105 5565 ct

519 5625 668 5663 renes
698 5607 860 5664 Deus.
891 5607 967 5660 lta
997 5615 1087 5660 aut
1116 5615 1344 5676 utroque
1373 5614 1464 5659 aut
1513 5616 1704 5660 neutro
1745 5606 1848 5660 hoc
1889 5605 2104 5660 intelle-

520 5701 696 5756 ctuale
724 5700 956 5755 hominis
981 5698 1162 5752 licebit
1193 5698 1408 5752 includi.
1441 5695 1674 5751 Obtuudi
1714 5711 1844 5750 vero
1888 5695 2102 5749 easdem

524 5792 910 5848 intellectualcs
943 5790 1252 5852 efficentias,
1283 5791 1367 5842 vel
1399 5790 1559 5842 etiam
1589 5789 1705 5842 sine
1734 5788 1925 5841 effectu
1951 5803 2106 5860 prorf

522 5899 612 5940 sus
661 5883 921 5954 existere,
974 5897 1072 5948 per
1120 5881 1428 5946 qualitatem
1481 5896 1753 5947 corporum
1807 5878 2102 5934 affectionis

2218 595 2351 652 locis
2379 595 2647 666 aliquibus
2687 597 2938 651 virtutem
2988 595 3185 650 mentis
3237 608 3474 650 asseram
3514 595 3805 658 contineri,

2219 696 2474 756 tanquam
2519 702 2618 758 per
2646 695 2885 742 tumores
2925 684 3169 756 partibus
3200 685 3482 754 occupatis
3519 699 3550 738 a
3588 686 3803 754 propria

2218 778 2499 833 latitudine
2527 779 2699 848 possit
2725 777 2940 849 expelli.
2965 775 3280 846 Corporalis
3308 774 3451 829 enim
3482 775 3597 829 haec
3623 775 3804 845 opinio

2217 877 2319 934 est,
2349 880 2408 924 ut
2431 885 2526 925 vas
2548 878 2876 942 prazventum
2900 869 3150 924 immissis
3172 867 3335 923 rebus
3354 867 3496 921 aliud
3515 866 3803 938 quidquam

2220 971 2452 1030 nequeat
2478 962 2698 1018 omnino
2725 961 2988 1032 recipere.
3019 961 3404 1017 intellectualis
3431 976 3662 1030 namque
3682 961 3804 1018 sub~

2217 1053 2413 1106 stantia
2441 1067 2618 1122 neque
2647 1055 2700 1109 in
2730 1055 2914 1110 vacuis
2933 1061 2989 1108 et
3014 1054 3272 1110 convexis
3295 1054 3537 1124 partibus
3559 1055 3803 1124 corporis

2216 1142 2556 1210 immoratur,
2587 1159 2688 1199 nec
2715 1143 3084 1214 magnitudine
3121 1143 3204 1199 vel
3235 1144 3380 1200 mole
3407 1143 3590 1200 carnis
3613 1138 3799 1198 extru-

2217 1233 2382 1290 ditur.
2431 1235 2538 1290 Sed
2583 1237 2709 1304 quia
2755 1243 2972 1291 constat
3010 1235 3180 1290 veluti
3224 1247 3489 1304 organum
3535 1233 3800 1304 quoddam

2220 1325 2484 1380 musicum
2513 1334 2687 1380 totum
2717 1326 2953 1381 hominis
2981 1339 3177 1395 corpus
3210 1333 3576 1391 exstructum,
3603 1333 3661 1380 et
3687 1326 3804 1395 pleb

2217 1429 2446 1485 rumque
2509 1417 2775 1485 contingit
2837 1426 2898 1470 ut
2951 1415 3007 1470 bi
3053 1415 3147 1486 qui
3206 1415 3428 1470 musicae
3476 1400 3633 1485 periti
3679 1423 3804 1469 sunt

2218 1520 2370 1559 suam
2401 1514 2670 1575 nequeant
2695 1507 2979 1562 ostendere
3003 1507 3338 1576 disciplinam
3359 1516 3581 1576 propter
3601 1505 3801 1561 instru-

2202 1599 2384 1652 menti
2414 1599 2757 1654 mutilitatem
2791 1599 2924 1654 artis
2953 1599 3271 1654 industriam
3303 1596 3616 1661 renuentis,
3659 1595 3802 1664 quod

2219 1693 2312 1738 aut
2347 1693 2594 1756 tempore
2635 1688 2891 1742 vitiatum
2931 1695 3032 1753 est,
3084 1696 3180 1742 aut
3223 1688 3404 1756 aliquo
3451 1700 3578 1740 casu
3625 1685 3802 1740 disru-

2217 1787 2401 1846 ptum,
2455 1787 2547 1833 aut
2593 1779 2837 1848 rubigine
2885 1779 2967 1834 vel
3017 1779 3244 1833 humore
3288 1777 3544 1832 detritum
3588 1783 3702 1837 est,
3747 1783 3806 1828 et

2221 1872 2422 1926 idcirco
2461 1872 2578 1926 sine
2623 1887 2880 1928 sonorum
2925 1879 3110 1927 manet
3149 1871 3449 1938 etiectibus,
3479 1871 3604 1925 licet
3641 1871 3712 1924 ab
3735 1885 3804 1924 eo

2171 1948 2194 1977 )
2219 1965 2308 2035 qui
2336 1965 2564 2020 tibicina}
2592 1966 2724 2020 artis
2751 1974 2834 2020 est
2873 1967 3078 2036 peritus
3106 1966 3430 2036 inspiretur;
3467 1966 3545 2020 sic
3569 1972 3628 2020 et
3652 1980 3805 2019 mens

2219 2068 2317 2122 per
2364 2069 2527 2109 onme
2575 2057 2818 2126 corporis
2845 2058 3114 2111 transiens
3141 2057 3550 2111 instrumentum
3589 2056 3802 2110 intelle-

2219 2144 2484 2201 ctualibus
2511 2145 2880 2201 eifectualibus
2913 2149 2931 2169 '
2957 2155 3166 2217 partes,
3196 2148 3336 2203 sicut
3380 2154 3570 2200 natura
3619 2155 3801 2214 aptum

2219 2243 2322 2298 est,
2354 2245 2723 2306 competenter
2749 2238 2998 2306 attingit:
3030 2247 3086 2293 et
3108 2239 3160 2292 in
3187 2239 3269 2292 his
3295 2238 3508 2308 quidem
3537 2238 3628 2307 qui
3648 2237 3802 2304 juxta

2215 2329 2570 2384 substantiam
2599 2337 2920 2400 permanent
2945 2331 3055 2386 vim
3091 2346 3198 2386 sum
3224 2330 3553 2400 operationis
3582 2331 3752 2385 exer'n
3788 2349 3798 2382 :

2221 2421 2274 2474 in
2305 2421 2389 2475 his
2423 2429 2604 2476 autem
2634 2408 2880 2490 qum'per
2907 2422 3096 2476 vitium
3143 2421 3411 2496 quoddam
3458 2419 3803 2481 artiﬂeinsmn

2219 2523 2425 2574 motum
2471 2513 2588 2588 ejus
2634 2513 2921 2574 admittere
2969 2527 3260 2590 nequeunt,
3309 2527 3506 2588 praeter
3551 2516 3798 2572 eli'ectnm

2219 2611 2554 2680 Operationis
2583 2612 2784 2667 existit.
2816 2611 3144 2666 Naturaliter
3187 2611 3331 2665 enim
3369 2609 3603 2678 quodam
3643 2609 3802 2663 modo

2220 2718 2376 2757 mens
2403 2710 2528 2772 apta
2557 2710 2640 2757 est
2667 2703 2721 2756 in
2753 2702 2835 2758 his
2871 2702 3127 2757 membris
3165 2701 3385 2770 proprie
3418 2707 3805 2768 congruenter-

2219 2809 2325 2862 que
2368 2795 2590 2859 versari,
2635 2809 2752 2863 quae
2789 2809 2885 2848 sua
2922 2795 3182 2863 sospitate
3221 2799 3536 2862 vegetamur
3566 2807 3580 2842 :
3609 2790 3676 2844 ab
3719 2790 3806 2843 his

2220 2896 2398 2942 autem
2455 2901 2675 2958 prorsus
2729 2887 2992 2955 alienari,
3041 2900 3161 2956 qua:
3207 2885 3437 2955 quadam
3492 2883 3804 2938 infirmitate

2219 2988 2412 3034 vexata
2439 2987 2582 3034 sunt.

2809 3119 3035 3176 CAPUT
3075 3118 3193 3174 Xlll

2220 3229 2595 3301 Contemplatio
2622 3231 2860 3300 quadam
2887 3229 3142 3284 naturalis
3170 3231 3236 3282 de
3275 3230 3492 3283 materia
3528 3237 3577 3282 et
3614 3238 3802 3281 natura

2696 3309 2743 3357 et
2772 3301 2956 3354 mentis
2986 3301 3320 3371 inspectione.
3723 3372 3736 3376 ⁵

2289 3413 2418 3469 Mihi
2458 3429 2588 3469 vero
2617 3413 2829 3470 videtur
2855 3420 2912 3468 et
2938 3412 3060 3482 plus
3098 3425 3218 3468 esse
3255 3425 3422 3482 quam
3458 3409 3717 3467 naturalis
3748 3410 3800 3465 in

2217 3506 2320 3562 hac
2344 3514 2498 3576 parte
2525 3503 2928 3573 contemplatio,
2961 3517 3062 3573 per
3089 3516 3252 3570 quam
3281 3515 3565 3570 possumus
3601 3501 3800 3569 aliquid

2216 3599 2285 3654 de
2346 3596 2652 3653 utilioribus
2705 3594 2984 3651 informari
3037 3591 3397 3663 dogmatibus.
3452 3591 3585 3658 Quia
3639 3591 3802 3659 igitur

2217 3688 2478 3758 optimum
2498 3697 2556 3743 et
2577 3701 2843 3742 summum
2866 3700 2977 3756 prae
3001 3684 3250 3744 omnibus
3279 3699 3344 3740 ac
3362 3682 3680 3752 prtemineus
3703 3681 3802 3747 bo-

2199 3796 2344 3836 num
2365 3788 2448 3835 est
2477 3780 2593 3850 ipsa
2621 3777 2899 3844 Divinitas,
2933 3776 2999 3831 ad
3024 3791 3188 3848 quam
3216 3776 3465 3830 universa
3495 3781 3797 3836 recurrunt,

2215 3886 2548 3944 quaecunque
2589 3871 2714 3926 boni
2761 3868 3032 3925 desiderio
3079 3867 3445 3932 continentur,
3500 3864 3699 3920 idcirco
3747 3873 3804 3918 et

2217 3972 2452 4018 mentem
2497 3961 2754 4027 fatemur,
2788 3968 2849 4014 ut
2878 3964 3006 4030 pote
3029 3957 3097 4013 ad
3127 3957 3412 4023 imaginem
3445 3957 3638 4012 factam
3678 3956 3800 4025 pul-

2215 4054 2470 4111 cherrimi
2518 4051 2848 4115 Conditoris,
2905 4050 3194 4122 quamdam
3241 4047 3643 4105 similitudinem
3686 4048 3799 4116 pri-

2216 4160 2398 4201 maeva:
2423 4144 2610 4199 formas
2634 4142 2926 4208 custodire,
2951 4149 3007 4197 et
3034 4141 3208 4212 ipsam
3241 4140 3296 4194 in
3332 4139 3552 4210 optimis
3581 4153 3802 4208 prorsus

2215 4237 2483 4302 existere;
2537 4235 2583 4290 si
2622 4250 2753 4291 vero
2791 4242 2946 4289 extra
2992 4247 3115 4289 eam
3162 4231 3344 4297 fuerit,
3385 4230 3543 4288 simul
3569 4237 3623 4286 et
3652 4245 3715 4286 ea
3746 4231 3799 4284 in

2214 4343 2320 4398 qua
2367 4336 2486 4384 erat
2528 4325 2927 4398 pulchritudine
2955 4323 3236 4380 denudari.
3272 4321 3426 4379 Sicut
3452 4328 3633 4387 autem
3661 4321 3798 4377 dici—

2216 4435 2336 4474 mus
2363 4426 2599 4478 mentem
2623 4415 2972 4474 similitudine
2996 4413 3412 4485 pulchritudinis
3441 4414 3624 4468 forma:
3652 4412 3802 4481 prin-

2215 4513 2402 4583 cipalis
2443 4510 2648 4577 ornari,
2676 4508 2840 4564 veluti
2866 4507 3134 4577 quoddam
3161 4505 3438 4576 speculum
3475 4503 3802 4573 prmminen-

2219 4608 2285 4661 tis
2327 4605 2678 4675 impressione
2715 4601 3005 4672 refulgens,
3057 4603 3211 4672 juxta
3251 4599 3495 4657 eamdem
3533 4599 3796 4652 rationem

2216 4698 2386 4768 ipsam
2413 4711 2629 4768 quoque
2653 4705 2895 4748 naturam
2924 4707 2966 4769 .a
3008 4701 3210 4760 mente,
3240 4707 3345 4761 qua
3379 4691 3717 4759 dispensatur
3743 4699 3826 4769 et.

2214 4789 2438 4857 regitur,
2472 4786 2742 4842 credimus
2771 4785 3037 4840 contineri
3071 4784 3295 4854 ejusque
3323 4781 3503 4852 specie
3529 4780 3799 4846 decorari,

2214 4881 2408 4936 factam
2450 4879 2617 4935 veluti
2663 4877 2932 4947 quoddam
2979 4876 3253 4946 speculum
3283 4874 3506 4944 speculi.
3534 4871 3580 4926 A
3608 4879 3801 4925 natura

2214 4986 2430 5040 quoque
2478 4969 2727 5025 sustineri
2772 4968 2877 5022 hoc
2922 4967 3202 5020 materiale
3248 4973 3444 5020 nostras
3487 4963 3803 5019 substantia:

2213 5059 2544 5129 profitemur,
2597 5059 2738 5114 circa
2780 5072 2940 5126 quam
2991 5056 3180 5132 eadem
3222 5063 3410 5109 natura
3450 5052 3799 5124 conspicitur.

2211 5153 2343 5206 Cum
2378 5151 2538 5218 igitur
2568 5150 2796 5204 alterum
2828 5133 3170 5202 contineatur
3216 5162 3280 5201 ex
3332 5145 3525 5211 altero,
3563 5159 3663 5215 per
3699 5145 3804 5197 hos

2213 5242 2390 5297 omnis
2415 5241 2558 5295 illius
2583 5239 2778 5295 summi
2806 5247 2861 5293 et
2898 5238 3013 5292 veri
3056 5235 3398 5307 participatio
3438 5244 3805 5302 congruenter

2212 5333 2471 5400 excurrit,
2517 5346 2616 5400 per
2654 5329 2987 5400 superiorem
3035 5328 3086 5382 id
3131 5327 3275 5396 quod
3322 5325 3542 5382 inferius
3586 5325 3804 5379 videtur

2211 5431 2550 5478 exornatum.
2587 5421 2643 5476 Si
2673 5421 2890 5490 quando
2918 5435 3046 5475 vero
3077 5420 3234 5488 hujus
3278 5419 3434 5473 bonae
3463 5415 3805 5471 communio-

2211 5516 2293 5569 nis
2321 5515 2479 5568 fuerit
2508 5513 2648 5567 facta
2681 5511 2930 5578 divulsio,
2957 5520 3010 5565 et
3037 5527 3066 5565 e
3096 5509 3368 5564 contrario
3392 5506 3638 5576 superior
3660 5503 3801 5558 infe-

2207 5606 2349 5659 riora
2378 5611 2618 5660 scctatur
2650 5621 2661 5654 :
2689 5611 2814 5658 tunc
2840 5601 3156 5656 deformitas
3186 5599 3422 5654 materiae
3443 5596 3608 5666 ipsius
3634 5611 3808 5664 appa-

2207 5706 2325 5752 reat
2351 5712 2471 5750 cum
2500 5711 2531 5749 a
2562 5702 2752 5748 natura
2785 5693 3067 5748 deseritur.
3102 5690 3350 5746 informis
3383 5690 3523 5745 enim
3555 5687 3804 5758 qumdam

2206 5802 2293 5839 res
2334 5794 2388 5840 et
2433 5785 2790 5853 incomposita
2817 5792 2902 5837 est
2927 5783 3042 5852 ipsa
3084 5781 3340 5836 materies
3370 5795 3463 5850 per
3492 5794 3571 5843 se,
3602 5789 3654 5830 ct
3687 5777 3805 5830 iure

2208 5877 2531 5930 iulormitatc
2563 5875 2677 5943 ejus
2705 5874 2882 5941 simul,
2917 5882 2969 5927 et
3000 5873 3341 5943 pulchritudo
3387 5881 3587 5926 naturm
3625 5871 3803 5926 corri-
