4122 6556
370 437 478 492 565

1184 431 1364 485 LIBRI
1406 430 1917 487 DEFCREATIONE
1959 428 2237 485 ﬂOMlNlS
2275 426 2845 484 INTERPRETATIO.

3550 429 3653 481 566

372 553 549 621 pitur,
587 563 707 619 qua:
748 544 945 602 mentis
988 544 1271 600 vivacitate
1307 547 1639 600 decoratur:
1669 558 1733 600 ac
1777 546 1856 601 sic
1901 546 1965 600 ad
2000 552 2042 610 Α
2071 551 2221 598 motu
2265 540 2597 612 procedens,
2646 541 2699 594 in
2744 541 2848 596 hoc
2876 540 3036 594 habet
3067 539 3329 595 existcndi
3358 540 3463 594 vim
3497 556 3656 611 atque

372 643 546 712 ipsam
573 654 790 710 quoque
828 644 1068 692 mentem
1098 650 1195 705 per
1225 643 1431 691 natura:
1456 636 1724 692 defectum
1748 636 1963 692 deriva-

375 740 463 787 tur
491 729 738 785 materiei
763 726 1098 791 deformitas,
1131 726 1204 780 ita
1244 734 1305 780 ut
1344 726 1521 794 imago
1561 726 1656 782 Dei
1685 727 1812 796 -jam
1857 744 1965 783 non

376 824 552 896 possit
580 822 773 893 inspici
825 820 878 875 in
923 820 1026 874 hac
1072 819 1428 888 impressione
1474 817 1752 887 ﬁgmenti;
1805 821 1965 876 veluti

376 915 653 986 quoddam
676 926 907 982 namque
935 910 1241 981 speculum,
1275 910 1329 965 id
1366 919 1478 973 est,
1512 912 1767 966 bonitatis
1795 910 1965 966 forma

374 1016 544 1079 atque
570 1006 786 1062 virtutis
814 1011 936 1075 post
963 1005 1185 1058 dorsum
1212 1018 1271 1058 se
1298 1018 1507 1073 ponens
1534 1004 1716 1073 abjicit
1749 1005 1964 1074 quidem

374 1099 684 1171 splendoris
710 1096 893 1153 eximii
923 1095 1253 1151 claritatem.
1281 1093 1667 1150 lnformitatem
1698 1110 1828 1150 vero
1853 1110 1967 1148 ma-

375 1193 530 1250 teria
571 1192 624 1247 in
666 1205 726 1247 se
764 1202 987 1260 prorsus
1031 1185 1257 1241 assumit
1288 1203 1301 1238 :
1333 1184 1523 1240 ethoc
1554 1186 1715 1241 modo
1755 1184 1815 1240 lit
1840 1187 1967 1241 mali

370 1282 656 1348 vnativitas,
706 1281 836 1337 boni
881 1278 1183 1350 privatione
1233 1276 1576 1347 subserpens.
1626 1278 1835 1334 Bonum
1885 1285 1969 1332 est

375 1379 581 1435 autem,
612 1370 872 1440 quidquid
914 1383 1126 1424 summo
1172 1368 1318 1422 bono
1350 1367 1725 1436 conjungitur;
1745 1366 1894 1435 quod
1921 1368 1965 1420 si

380 1471 539 1516 extra
589 1461 994 1515 similitudinem
1047 1458 1206 1526 hujus
1259 1457 1561 1513 eﬂ'ectionis
1612 1457 1802 1523 fuerit,
1853 1459 1968 1512 sine

379 1555 525 1611 bono
553 1554 929 1624 proculdubio
952 1552 1307 1622 permanebit.
1336 1550 1469 1606 Cum
1491 1550 1652 1618 igitur
1671 1550 1966 1605 secundum

336 1684 337 1687 η
378 1645 677 1715 inspectam
727 1643 995 1698 rationem
1043 1649 1257 1698 constat
1304 1656 1426 1697 esse
1461 1656 1728 1695 summum
1767 1642 1965 1697 bonum

379 1733 526 1803 quod
567 1748 695 1786 vere
732 1732 932 1787 bonum
978 1740 1080 1797 est,
1128 1746 1282 1786 mens
1329 1738 1508 1785 autem
1560 1731 1627 1785 ad
1681 1730 1966 1798 imaginem

378 1824 576 1880 summi
603 1823 732 1879 boni
759 1824 897 1878 facta
927 1832 1029 1889 est,
1060 1831 1114 1878 et
1143 1824 1255 1893 ipsa
1281 1823 1490 1893 accepit
1518 1830 1577 1876 ut
1604 1823 1654 1877 ei
1698 1823 1837 1879 bene
1864 1824 1963 1888 sit;

2070 627 2389 704 potentiam,
2422 642 2482 687 ut
2509 647 2783 701 nunquam
2814 647 3033 701 prorsus
3060 647 3089 686 a
3120 643 3267 687 motu
3296 633 3529 699 desinat,
3562 634 3653 688 sed

2070 725 2236 779 veluti
2284 723 2478 779 fluvius
2521 724 2738 792 quidam
2783 723 2938 792 juxta
2968 738 3124 779 suum
3155 724 3450 780 decurrens
3480 726 3651 794 impr.

2072 827 2207 882 tum,
2238 815 2455 884 plenum
2480 814 2696 888 quidem
2726 814 3063 884 demqnstret
3098 816 3313 870 alveum
3351 830 3448 886 per
3493 829 3649 884 quem

2020 952 2025 955 Α
2068 906 2356 977 delabitur.
2407 905 2525 961 Non
2572 912 2751 960 tamen
2797 905 2986 960 eadem
3026 919 3166 974 aqua
3213 905 3357 960 circa
3407 904 3654 964 eumdem

2068 997 2245 1052 locum
2275 1012 2397 1052 esse
2437 996 2700 1060 videatur,
2751 996 2846 1051 sed
2894 996 3037 1051 aliud
3081 996 3296 1068 quidem
3326 995 3443 1064 ejus
3470 1005 3650 1049 trans.

2066 1089 2257 1154 currit,
2298 1088 2443 1143 aliud
2489 1102 2617 1143 vero
2664 1089 2976 1158 supervenit
3006 1105 3020 1140 :
3053 1089 3127 1143 ita
3157 1096 3210 1143 et
3238 1088 3343 1144 hoc
3368 1090 3650 1143 materiale

2072 1180 2191 1233 vitm
2217 1179 2514 1249 praesentis,
2548 1195 2646 1249 per
2670 1180 2956 1249 quemdam
3006 1189 3209 1235 motum
3262 1180 3654 1236 contrariorum

2070 1267 2337 1337 frequenti
2378 1270 2480 1324 sibi
2526 1270 2871 1326 successione
2911 1270 3182 1337 decurrat,
3211 1278 3266 1325 et
3295 1285 3324 1324 a
3352 1284 3656 1326 commuta-

2070 1361 2217 1415 tione
2239 1376 2333 1415 sua
2364 1369 2508 1417 stare
2539 1362 2753 1431 penitus
2784 1376 2889 1416 non
2919 1370 3115 1431 potest,
3145 1362 3236 1416 sed
3261 1362 3459 1433 quietis
3485 1362 3658 1433 impa-

2071 1453 2208 1508 tiens
2247 1453 2430 1522 jugem
2472 1453 2884 1508 conversionem
2914 1468 3093 1507 rerum
3124 1452 3370 1507 similiter
3397 1453 3653 1523 possidet.

2069 1543 2223 1610 Quod
2265 1545 2309 1601 si
2358 1546 2649 1615 aliquando
2679 1560 2709 1600 a
2737 1554 2887 1602 motu
2913 1545 3201 1616 destiterit,
3233 1547 3435 1616 pariter
3460 1554 3515 1600 et
3540 1561 3661 1601 esse

2070 1636 2347 1691 cessabit:
2395 1644 2455 1691 ut
2510 1645 2639 1707 puta
2698 1637 3083 1708 plenitudinem
3136 1639 3344 1694 relaxat
3392 1638 3658 1708 inanitas,

2071 1729 2306 1799 itemque
2334 1730 2581 1784 inanitati
2610 1730 2887 1799 plenitudo
2911 1730 3173 1796 succedit,
3215 1746 3436 1786 somnus
3480 1734 3649 1787 conti-

2070 1834 2235 1872 nuum
2266 1818 2567 1887 vigiliarum
2598 1819 2838 1875 laborem
2864 1828 3150 1875 sustentat.
3183 1821 3424 1891 Itemque
3464 1822 3660 1892 vigilite

378 1925 591 1972 statura
634 1931 766 1970 vero
810 1930 973 1984 quam
1019 1930 1174 1971 mens
1216 1916 1477 1978 continet,
1526 1914 1679 1983 quasi
1724 1915 1964 1984 quaedam
2003 1920 2045 1977 Β
2072 1909 2215 1978 quod
2246 1911 2541 1965 resolutum
2564 1926 2687 1966 esse
2715 1912 2998 1966 videbatur
3038 1914 3409 1983 consolidant,
3435 1923 3489 1969 et
3525 1912 3657 1970 neu~

380 2009 562 2075 imago
602 2022 721 2062 esse
758 2007 1018 2075 probatur
1056 2006 1307 2075 imaginis
1342 2023 1354 2059 :
1387 2004 1693 2061 ostenditur
1716 2019 1816 2075 per
1842 2005 1964 2069 boc,

376 2097 523 2166 quod
570 2097 851 2152 materiale
897 2104 1140 2151 nostrum
1170 2104 1299 2152 tune
1335 2096 1474 2151 bene
1511 2097 1768 2151 subsistat
1806 2104 1969 2164 atque

377 2186 521 2240 bene
566 2187 929 2248 contineatur,
968 2186 1184 2255 quando
1225 2200 1257 2239 a
1300 2193 1488 2240 natura
1538 2184 1878 2255 dispensatur
1913 2195 1969 2238 et

378 2281 604 2349 regitur.
633 2278 834 2333 lterum
865 2294 997 2334 vero
1025 2278 1250 2334 solvitur
1269 2286 1433 2347 atque
1454 2277 1724 2347 dejicitur,
1754 2278 1968 2347 quando

378 2371 500 2438 ejus
543 2370 852 2440 provisione
899 2370 1156 2438 privatur,
1199 2369 1465 2439 simulque
1505 2384 1536 2422 a
1576 2368 1706 2423 boni
1749 2368 1968 2438 copula-

386 2463 537 2517 tione
573 2461 905 2528 secluditur;
937 2462 1041 2517 hoc
1069 2470 1247 2516 autem
1279 2477 1384 2516 non
1426 2460 1484 2515 ﬁt
1519 2462 1676 2516 aliter
1704 2462 1805 2515 nisi
1845 2478 1965 2516 cum

375 2554 447 2606 ad
468 2554 793 2608 contrariam
825 2561 1030 2623 partem
1058 2562 1264 2608 natura:
1292 2553 1455 2610 fuerit
1484 2554 1622 2609 facta
1650 2554 1966 2620 conversio,

374 2660 480 2701 nec
519 2644 587 2700 ad
629 2646 830 2700 bonum
871 2661 1138 2701 summum
1167 2645 1490 2700 desiderium
1519 2646 1634 2715 ejus
1663 2657 1965 2715 promovet,

375 2736 471 2792 sed
503 2735 632 2791 inde
657 2736 917 2802 declinat,
954 2736 1099 2805 quod
1127 2736 1526 2806 pulchritudine
1566 2751 1783 2806 semper
1810 2751 1969 2805 egere

374 2826 645 2881 videatur.
680 2825 913 2882 Necesse
939 2835 1023 2881 est
1067 2828 1212 2880 enim
1239 2826 1316 2881 ad
1359 2826 1755 2882 deformitatem
1798 2836 1967 2881 matc-

375 2917 476 2971 riei
505 2917 1179 2987 despectissimamatque
1219 2917 1567 2974 foedissimam
1601 2917 1969 2973 conformetur

371 3008 431 3063 id
471 3009 615 3078 quod
658 3009 1063 3065 similitudinem
1109 3010 1226 3079 ejus
1263 3011 1587 3079 assequitur.
1631 3010 1737 3065 Sed
1782 3011 1894 3065 hmc
1935 3025 1965 3065 a

374 3100 536 3155 nobis
556 3100 786 3169 quadam
810 3103 1196 3170 consequentia
1218 3101 1362 3155 dicta
1388 3110 1531 3169 sunt,
1560 3117 1655 3171 per
1680 3103 1961 3171 inspectio-

374 3206 502 3247 nem
533 3192 865 3264 propositam
894 3194 1204 3261 subrogata.
1246 3190 1361 3247 Hoc
1401 3202 1577 3248 autem
1608 3194 1963 3264 qurerebatur,

2074 2009 2215 2052 trum
2250 1998 2443 2052 horum
2476 1999 2527 2053 in
2565 2000 2755 2054 eodem
2804 2008 2949 2054 statu
2992 2010 3294 2070 permanet,
3337 2004 3431 2058 sed
3477 2012 3661 2059 mutua

2080 2089 2182 2142 sibi
2233 2089 2518 2157 praesentia
2566 2099 2855 2158 utrumque
2899 2092 3157 2147 succedit.
3209 2092 3395 2163 Itaque
3440 2110 3499 2149 sc
3547 2095 3662 2164 ipsa

2072 2191 2261 2234 natura
2308 2183 2667 2237 mutationum
2720 2183 2923 2239 vicibus
2980 2186 3291 2255 innovante,
3341 2195 3401 2241 ut
3450 2196 3658 2258 partem

2074 2274 2322 2329 videlicet
2375 2276 2656 2344 utriusque
2705 2278 2973 2347 recipiens
3022 2279 3089 2333 ab
3140 2280 3307 2334 altera
3355 2281 3549 2349 migret
3597 2286 3663 2335 ad

2074 2365 2321 2419 alteram.
2356 2365 2488 2420 Nam
2520 2366 2565 2420 si
2593 2381 2818 2436 semper
2844 2368 3040 2421 animal
3084 2370 3335 2437 persistat
3382 2370 3433 2424 in
3476 2385 3659 2441 Opere,

2072 2456 2300 2511 intentio
2343 2458 2730 2526 disruptionem
2767 2459 3230 2527 divulsionemque
3268 2463 3498 2531 partium
3542 2477 3662 2531 qua:

2073 2549 2382 2616 tenduntur,
2410 2549 2606 2606 efficiet
2633 2570 2645 2604 :
2670 2553 2930 2607 continua
2955 2568 3169 2623 quoque
3191 2570 3478 2625 corporum
3508 2557 3662 2624 quies

2072 2640 2278 2694 ruinam
2319 2641 2608 2710 quamdam
2652 2643 3083 2712 solutionentque
3126 2653 3296 2699 status
3326 2647 3656 2715 operabitur.

2072 2731 2127 2784 lu
2161 2741 2405 2801 tempore
2432 2750 2562 2788 vero
2605 2734 2937 2790 moderatius
2988 2744 3273 2806 utrumque
3323 2746 3661 2806 percepturi),

2072 2822 2436 2876 fortitudinem
2468 2824 2532 2877 ad
2578 2825 3012 2893 permansioncm
3059 2825 3374 2880 substantia:
3422 2840 3662 2880 commo-

2069 2911 2239 2977 dabit,
2289 2927 2409 2981 qua:
2447 2928 2543 2983 per
2584 2914 2896 2968 continuum
2938 2914 3003 2968 ad
3054 2915 3327 2970 contraria
3379 2915 3661 2969 transitum

2075 3004 2326 3075 utrinque
2356 3005 2660 3060 alternante
2706 3006 2807 3061 sibi
2849 3007 3189 3062 successione
3235 3015 3538 3079 reparatur.
3573 3005 3663 3063 Sic

2069 3110 2201 3165 ergo
2245 3098 2712 3166 opportunitatem
2762 3099 2958 3167 quietis
2989 3106 3145 3154 nacta
3192 3108 3401 3165 natura,
3444 3099 3659 3154 distenti

2072 3190 2267 3258 vigiliis
2294 3191 2540 3260 corporis
2589 3193 2862 3264 excogitat
2904 3192 3134 3265 qualiter
3171 3192 3352 3250 robori
3378 3192 3664 3250 subveniat

377 3294 563 3339 utrum
593 3286 646 3339 in
676 3284 854 3355 aliqua
878 3294 1031 3356 parte
1058 3287 1423 3343 membrorum
1452 3285 1830 3343 intellectualis
1860 3287 1971 3343 vir-
1998 3291 2042 3355 C
2074 3292 2173 3355 per
2219 3299 2504 3357 soporem,
2553 3296 2607 3343 et
2653 3291 2896 3343 sensibus
2944 3291 3010 3343 ab
3061 3291 3373 3360 operatione
3420 3292 3658 3353 semoti<,

377 3384 464 3431 tus
491 3376 673 3430 locata
698 3378 788 3442 sit,
820 3388 913 3431 aut
945 3394 1043 3447 per
1078 3394 1268 3433 omnes
1309 3390 1457 3435 artus
1487 3395 1638 3450 {equa
1669 3382 1824 3437 lance
1861 3383 1970 3436 dis-

372 3474 583 3523 currat.
626 3466 719 3522 llis
766 3470 910 3523 enim
940 3471 1030 3539 qui
1073 3478 1310 3525 mentem
1354 3473 1437 3543 (ut
1471 3473 1720 3542 superius
1768 3474 1969 3527 dictum

372 3561 483 3630 est)
531 3560 795 3616 localibus
835 3562 1118 3616 includunt
1145 3564 1408 3632 partibus,
1441 3570 1496 3617 et
1530 3563 1597 3617 ad
1636 3564 1971 3618 demonstra-

379 3650 585 3707 tionem
611 3651 884 3719 opinionis
920 3666 1030 3705 suae
1054 3651 1349 3721 proferunt,
1378 3654 1521 3723 quod
1551 3668 1657 3707 non
1686 3668 1973 3724 proSpcrc-

351 3748 466 3801 ,tur
493 3739 804 3795 intellectus
834 3756 1023 3796 eorum
1078 3743 1273 3811 quibus
1308 3753 1495 3798 contra
1535 3751 1782 3798 naturam
1822 3759 1974 3798 cerc-

376 3830 463 3884 bri
514 3831 825 3885 membrana
877 3841 1133 3896 vexatur,
1198 3833 1433 3888 ostendit
1478 3836 1619 3889 ratio
1679 3823 1845 3904 quod‘
1875 3851 1974 3905 per

372 3937 571 3977 omnes
616 3932 798 3992 partes
841 3924 1090 3979 humana:
1131 3923 1581 4006 confirmationis,
1621 3927 1761 4006 sicut
1787 3936 1969 3996 aptum

373 4024 463 4068 est
496 4017 915 4085 tinumquodque
960 4017 1294 4085 membrum,
1338 4000 1657 4073 naturaliter
1693 4028 1968 4089 operetur.

375 4106 640 4162 Similiter
662 4119 845 4162 autem
873 4110 953 4163 vis
979 4110 1173 4163 anima:
1198 4118 1393 4179 praeter
1420 4111 1763 4166 efficientiam
1792 4113 1969 4166 subsi-

375 4198 492 4261 stit,
528 4213 649 4251 cum
680 4199 861 4268 aliqua
887 4214 1015 4270 pars
1044 4201 1288 4269 corporis
1317 4200 1371 4254 in
1402 4211 1595 4255 natura
1626 4216 1735 4256 non
1762 4219 1973 4272 permn-

372 4297 492 4341 net.
529 4286 593 4341 Et
619 4296 842 4358 prepter
867 4290 985 4345 haec
1012 4290 1191 4344 oblata
1234 4300 1315 4345 est
1353 4293 1589 4346 sermoni
1634 4302 1818 4348 nostro
1847 4308 1973 4362 pro-

379 4378 559 4445 posita
583 4390 979 4448 consequenter
1002 4382 1282 4451 inspectio,
1309 4398 1408 4452 per
1432 4398 1592 4453 quam
1618 4384 1888 4440 discamus
1920 4386 1970 4438 in

379 4468 622 4535 hominis
669 4475 1105 4540 constructione,
1166 4489 1197 4528 a
1249 4474 1361 4529 Deo
1416 4476 1631 4544 quidem
1686 4477 1971 4544 gubernari

379 4574 656 4627 mentem,
690 4580 723 4619 a
748 4575 929 4621 mente
973 4582 1104 4620 vero
1150 4568 1484 4622 materialem
1520 4567 1683 4621 vitam
1730 4578 1969 4623 nostram

2074 3378 2243 3432 otium
2278 3378 2343 3432 ad
2376 3387 2583 3450 tempus
2615 3381 2889 3450 impertit,
2923 3390 2977 3436 ct
3000 3382 3163 3436 veluti
3193 3398 3362 3453 equos
3390 3391 3513 3453 post
3540 3398 3663 3438 cer-

2074 3470 2275 3524 tamina
2307 3471 2638 3541 sudoresque
2667 3487 3039 3544 compescens.
3073 3475 3386 3531 Necessaria
3415 3492 3543 3532 vero
3583 3487 3663 3531 est

2076 3560 2292 3630 corpori
2322 3563 2495 3630 quies,
2528 3572 2585 3617 ut
2614 3564 2730 3619 sine
2753 3564 3140 3635 impedimento
3170 3582 3385 3637 quoque
3415 3567 3565 3630 cibus
3610 3568 3661 3622 iu

2074 3651 2254 3704 omnia
2277 3652 2515 3707 membra
2537 3667 2635 3722 per
2663 3655 2873 3709 occulta
2899 3655 3073 3710 eidem
3101 3657 3292 3710 itinera
3318 3652 3661 3722 diffundatur,

2075 3732 2219 3796 nulla
2247 3742 2561 3797 intentionis
2591 3743 2747 3798 obice
2771 3744 3051 3799 meabilem
3078 3745 3442 3814 pnecludeute
3485 3756 3630 3801 trans

2073 3847 2335 3900 gressum.
2370 3830 2503 3886 Nam
2532 3834 2671 3887 sicut
2701 3850 2765 3888 ex
2798 3833 2969 3888 infusa
3027 3835 3283 3890 imbribus
3333 3845 3495 3905 terra,
3537 3854 3658 3891 cum

2075 3921 2237 3978 radiis
2286 3922 2416 3977 solis
2446 3921 2555 3977 fota
2590 3920 2767 3991 fuerit,
2794 3939 3022 3994 vapores
3048 3925 3260 3996 quidam
3288 3926 3569 3994 caliginosi
3596 3928 3663 3981 de

2077 4011 2358 4083 profundis
2408 4014 2523 4083 ejus
2568 4015 2761 4071 finibus
2806 4017 3184 4086 extrahuntur,
3235 4018 3480 4073 similiter
3509 4028 3562 4073 ct
3607 4020 3660 4073 in

2077 4116 2258 4161 nostra
2291 4106 2347 4160 fit
2373 4117 2513 4163 terra
2542 4127 2553 4160 :
2583 4124 2703 4162 cum
2736 4108 2887 4164 cibus
2917 4109 3237 4166 intrinsecus
3268 4112 3664 4180 congenitoque

2075 4199 2257 4253 calore
2285 4197 2627 4267 decoquitur,
2660 4214 2829 4270 vapor
2856 4202 3070 4271 quidam
3097 4202 3433 4267 naturaliter,
3459 4210 3515 4255 ut
3535 4211 3664 4273 pote

2076 4304 2287 4355 aereus,
2320 4290 2657 4361 adsupcrna
2697 4292 2996 4358 contendit,
3048 4300 3103 4347 et
3141 4292 3303 4347 veluti
3352 4292 3528 4346 fumus
3568 4308 3666 4362 per

2078 4386 2239 4438 rimas
2291 4384 2509 4452 parietis
2556 4392 2845 4454 penetrans
2894 4386 2959 4439 ad
3008 4385 3199 4455 capitis
3238 4383 3355 4440 loca
3394 4386 3663 4455 pervenit,

2078 4475 2201 4529 inde
2246 4490 2344 4544 per
2389 4473 2563 4528 dictos
2614 4466 2853 4529 adnexus
2885 4475 3131 4530 sensibus
3175 4475 3476 4532 exbalatur.
3512 4473 3666 4531 Unde

2078 4581 2300 4620 necesse
2322 4574 2422 4632 est,
2446 4573 2575 4621 tunc
2596 4580 2785 4621 sensus
2804 4566 2971 4621 otium
2993 4581 3182 4635 gerere
3201 4583 3463 4639 vaporum
3490 4577 3664 4623 trans—

378 4655 679 4719 contineri,
712 4670 834 4711 eum
864 4657 1139 4711 inmatura
1167 4659 1406 4727 persistit
1442 4676 1454 4711 :
1486 4658 1530 4714 si
1561 4674 1691 4713 vero
1722 4674 1751 4713 a
1782 4668 1972 4715 natura
2006 4672 2049 4726 ι)
2076 4658 2354 4726 grcssione
2383 4658 2652 4713 detentos.
2687 4657 2841 4713 Oculi
2884 4660 3044 4729 sopiti
3086 4670 3234 4729 sunt,
3271 4670 3328 4715 et
3379 4661 3662 4733 palpebra-

373 4750 723 4811 discesserit,
754 4751 915 4805 etiam
945 4755 1338 4821 conparatione
1372 4754 1569 4808 mentis
1613 4768 1731 4809 eam
1772 4756 1973 4825 privari

377 4853 604 4899 necesse
631 4849 734 4895 est.
767 4840 871 4896 Sed
902 4851 1239 4898 revertamur
1264 4859 1449 4899 rursus
1478 4842 1617 4899 unde
1638 4845 1862 4915 digressi
1886 4863 1975 4902 su-

375 4946 530 4993 mus,
577 4931 727 5001 quod
772 4934 818 4988 si
869 4934 921 4988 in
965 4943 1027 4988 ea
1077 4950 1197 5003 qua:
1238 4951 1267 4990 a
1308 4937 1541 4992 naturali
1588 4940 1975 4997 constitutione

376 5022 604 5076 omnino
626 5025 935 5079 exorbitant
964 5041 1059 5093 per
1085 5027 1316 5096 aliquam
1350 5030 1673 5098 passionem,
1698 5033 1972 5101 proprium

380 5126 540 5165 mens
571 5123 753 5167 servet
787 5114 1071 5181 effectura,
1106 5124 1161 5170 et
1190 5118 1242 5170 in
1272 5117 1355 5172 his
1392 5118 1610 5188 quidem
1641 5134 1758 5189 quae
1793 5122 1978 5190 vigent

382 5198 672 5255 incolumis
720 5213 928 5268 manet,
976 5205 1151 5273 impos
1194 5220 1323 5259 vero
1372 5204 1430 5258 fit
1479 5205 1532 5259 in
1582 5206 1665 5261 his
1706 5222 1827 5276 qua:
1866 5226 1972 5264 nou

377 5298 594 5357 queunt
626 5292 729 5345 vim
759 5294 876 5360 ejus
903 5295 1236 5362 operationis
1266 5295 1535 5364 excipere.
1560 5295 1662 5351 Fas
1689 5305 1773 5351 est
1794 5307 1972 5352 autem

379 5388 440 5435 et
468 5397 535 5434 ex
566 5382 684 5436 aliis
712 5384 877 5438 rebus
915 5385 1285 5451 hujuscemodi
1314 5385 1579 5452 dogmatis
1607 5382 1820 5440 ﬁrmare
1848 5402 1976 5442 sen-

380 5472 613 5528 tentiam
647 5492 659 5527 :
693 5484 749 5529 et
779 5477 877 5529 nisi
906 5490 1072 5545 grave
1098 5492 1163 5531 ac
1190 5476 1474 5530 molestum
1504 5484 1607 5543 est,
1636 5477 1974 5547 praesentiam

376 5567 655 5620 sermonis
692 5567 948 5637 fatigatus
982 5568 1147 5624 etiam
1186 5568 1256 5624 de
1298 5568 1382 5624 his
1422 5570 1636 5638 paucis,
1666 5577 1720 5624 ut
1761 5579 1974 5640 potero,

378 5658 690 5729 explicabo.

982 5751 1212 5807 CAPUT
1251 5751 1389 5807 XIV.

419 5841 502 5896 De
528 5859 704 5898 somno
735 5853 783 5897 et
811 5844 1135 5908 oscitatione,
1168 5853 1219 5896 et
1247 5845 1309 5898 de
1335 5844 1551 5898 somniis
1572 5844 1926 5897 ratiocinatio.

457 5934 753 5991 Materialis
797 5937 910 5991 haec
956 5946 1013 5991 et
1061 5934 1201 5989 ilum
1255 5936 1496 6005 corporis
1541 5935 1647 5988 vita
1680 5950 1893 6004 semper
1923 5936 1974 5988 in

2078 4763 2196 4803 rum
2220 4747 2546 4804 obductione
2571 4749 2733 4803 veluti
2756 4749 2987 4820 quodam
3016 4751 3342 4806 mechanica:
3362 4752 3491 4806 artis
3510 4766 3665 4822 :cquo

2080 4839 2319 4909 pondere
2361 4848 2721 4910 conteguntur
2774 4841 2951 4911 :ipsis
3008 4856 3225 4913 quoque
3277 4842 3564 4913 vaporibus
3612 4852 3662 4897 et

2082 4931 2298 4986 auditus
2326 4933 2642 4998 obstruitur,
2685 4942 2738 4987 et
2784 4934 2934 5003 quasi
2980 4934 3216 5002 quodam
3261 4935 3402 4990 ostio
3448 4935 3666 4989 auribus

2084 5021 2335 5090 imposito
2381 5035 2411 5076 a
2463 5037 2557 5077 sua
2608 5023 2838 5077 naturali
2886 5023 3200 5093 operatione
3246 5021 3485 5078 feriatur.
3542 5020 3668 5081 llaec

2082 5119 2261 5167 autem
2312 5113 2433 5168 talis
2481 5115 2661 5184 passio
2711 5131 2935 5171 somnus
2986 5115 3204 5184 dicitur,
3252 5117 3567 5172 vacantibus
3615 5117 3665 5173 in

2080 5216 2311 5271 corpore
2350 5203 2614 5271 sensibus,
2666 5211 2720 5259 et
2758 5204 2912 5274 juxta
2963 5205 3260 5259 naturalem
3300 5214 3506 5260 motum
3535 5208 3666 5261 nihil

2081 5310 2302 5363 prorsus
2352 5297 2675 5364 agentibus,
2733 5304 2790 5350 ut
2843 5296 3170 5366 digestiones
3219 5312 3466 5352 escarum
3522 5298 3667 5353 exitu

2082 5383 2325 5442 faciliore
2346 5388 2682 5457 proveniant,
2709 5397 2764 5444 et
2788 5405 2915 5445 suos
2943 5399 3155 5445 meatus
3183 5389 3297 5460 ipsa
3320 5388 3668 5445 exhalatione

2080 5484 2472 5532 transcurrant.
2505 5478 2845 5550 Quapropter
2868 5482 2913 5536 si
2938 5489 3358 5552 coangustentur
3399 5480 3480 5534 his
3505 5481 3671 5535 exliu-

2083 5567 2373 5622 lationibus
2416 5584 2476 5622 ea
2522 5570 2640 5624 loca
2663 5586 2782 5639 quae
2808 5573 2946 5626 circa
2978 5588 3166 5629 sensus
3192 5580 3336 5639 sunt,
3368 5582 3421 5627 et
3441 5572 3670 5640 quadam

2082 5674 2303 5713 somnus
2344 5662 2696 5729 occupatione
2747 5661 3005 5729 tardetur,
3036 5679 3235 5732 vapore
3282 5664 3667 5733 complentur:

2082 5762 2135 5807 et
2156 5754 2279 5822 quia
2308 5768 2373 5809 ex
2406 5757 2585 5810 nervis
2622 5765 2835 5810 constat
2862 5773 2982 5815 esse
3008 5762 3331 5829 composita,
3362 5770 3419 5815 ut
3444 5761 3567 5817 colli
3609 5777 3669 5816 ac

2082 5846 2311 5901 faucium
2360 5849 2679 5903 naturaliter
2724 5864 2789 5904 ex
2835 5866 2955 5907 sese
3000 5851 3315 5918 tenduntur,
3364 5854 3435 5907 ita
3478 5863 3535 5907 ut
3574 5870 3670 5922 per

2084 5937 2222 5990 hanc
2246 5938 2636 6003 cxtensioacm.
2672 5942 2756 5995 illa
2781 5958 2897 6010 quae.
2931 5941 3137 5996 fuerant
3168 5958 3475 6013 compressa
3500 5957 3659 6013 vapos
