4122 6528
488 375 593 428 567
675 396 678 400 '

1773 375 2126 432 DIONYSIUS
2163 371 2477 431 EXIGUUS.
2560 402 2578 420 ι

3659 374 3762 432 368

490 499 666 564 ribus,
714 500 1018 561 tenuentur,
1074 501 1130 548 ut
1177 495 1290 550 ﬁeri
1333 494 1476 550 solet
1520 495 1586 551 ab
1626 494 1710 550 his
1757 496 1848 564 qui
1895 504 2073 552 vestes
2103 495 2148 555 Α
2178 493 2343 547 satrix
2389 492 2476 546 illa
2514 489 2753 560 polentia
2800 489 3045 558 corporis
3094 486 3452 559 approbatur,
3497 489 3760 559 siquidem

490 591 689 648 infusas
747 592 908 646 nimia
963 593 1365 662 compressione
1421 603 1735 664 torquentes
1788 595 2070 648 humorem

489 699 703 738 omnem
755 684 998 738 nituntur
1045 684 1380 754 exprimere;
1435 692 1492 740 et
1536 686 1662 754 quia
1717 692 1902 755 partes
1953 698 2072 754 quae

487 763 626 833 circa
657 775 836 832 fauces
865 785 1008 842 sunt,
1034 775 1379 833 rotundiores
1399 778 1667 844 videntur,
1691 776 2073 844 abnndantque

486 869 684 934 nervis,
718 877 777 923 nt
818 869 1018 924 dictum
1050 876 1160 934 est,
1192 872 1235 924 si
1267 871 1482 939 quando
1511 869 1740 925 discindi
1771 869 1838 922 ab
1864 868 1949 922 his
1978 881 2072 920 va-

483 977 674 1031 porum
705 961 1112 1016 crassitudinem
1159 962 1434 1026 convenit,
1481 961 1604 1032 quia
1648 958 1976 1030 impossibile
2002 959 2073 1012 sit

484 1053 865 1107 rotunditatem
895 1059 1200 1121 porrectam
1222 1053 1453 1118 ostendi,
1474 1053 1576 1108 nisi
1606 1051 1656 1106 id
1676 1067 1774 1107 suo
1799 1051 2072 1106 schemate

483 1151 728 1214 peragat,
755 1142 956 1199 idcirco
980 1144 1202 1199 relictus
1233 1145 1286 1199 in
1317 1145 1638 1201 oscitatione
1666 1143 1886 1215 spiritus
1914 1156 2070 1196 men-

487 1246 596 1289 tum
625 1234 842 1303 quidem
873 1235 1127 1290 deorsum
1160 1237 1224 1290 ad
1249 1235 1412 1292 facies
1433 1237 1662 1308 quadam
1685 1234 2072 1291 concavatione

483 1325 770 1394 pertrahit,
799 1335 856 1381 et
882 1327 1092 1382 cunctis
1119 1327 1343 1383 interius
1371 1329 1425 1382 in
1467 1328 1599 1382 orbe
1637 1327 1940 1397 patefactis,
1973 1343 2074 1380 un—

481 1416 614 1470 dosa
647 1416 736 1471 illa
761 1417 1054 1486 spissitudo
1081 1433 1200 1487 qua:
1224 1418 1277 1472 in
1308 1419 1436 1488 ipsis
1466 1419 1601 1474 locis
1647 1419 1916 1473 insederat
1963 1419 2070 1488 spi—

486 1511 597 1565 ritu
664 1509 1004 1580 propellente
1069 1511 1336 1579 dirigitur.
1395 1510 1732 1579 Frequenter
1785 1521 1962 1565 autem
2015 1518 2072 1564 et

484 1609 608 1670 post
637 1616 884 1656 somnum
925 1601 1080 1655 nobis
1127 1601 1356 1671 idipsum
1394 1601 1534 1656 solet
1563 1600 1824 1666 accidere,
1852 1616 1973 1655 cum
2003 1615 2069 1654 ex

486 1693 592 1748 illis
620 1693 913 1762 vaporibus
954 1691 1271 1760 indigestum
1319 1691 1447 1762 quid
1489 1691 1651 1745 fur-rit
1698 1691 2067 1752 subrelictum.

481 1781 672 1850 Exilis
701 1784 883 1852 itaque
909 1783 1087 1838 causis
1116 1799 1221 1837 una
1248 1798 1398 1837 mens
1421 1781 1702 1837 evidenter
1746 1781 2065 1847 ostenditur,

2175 599 2328 637 mens
2375 583 2558 636 usibus
2603 582 2779 637 cibum
2827 581 3092 650 providet,
3135 593 3326 635 sensus
3371 586 3550 634 autem
3599 582 3762 636 sumit

2174 676 2316 744 quod
2365 674 2639 745 provisum
2689 683 2790 739 est,
2837 687 2898 728 ea
2955 689 3086 728 vero
3138 673 3383 743 corporis
3425 675 3594 728 virtus
3642 687 3762 744 qum

2175 766 2516 820 nutrimentis
2546 765 2803 832 invigilat,
2838 765 3056 835 proprie
3085 764 3184 820 sibi
3213 765 3356 836 quod
3387 764 3547 820 datur
3574 765 3761 836 acqui-

2172 854 2276 919 rit;
2309 854 2380 908 ita
2417 869 2514 924 per
2554 869 2800 908 somnum
2831 855 3010 910 ablato
3039 856 3230 910 harum
3260 856 3619 926 potentiarum
3661 871 3760 912 usu

2173 943 2573 1011 quodammodo
2603 952 3006 999 commutantur
3034 945 3087 999 in
3135 945 3308 1011 nobis,
3351 954 3407 1001 et
3453 945 3660 1000 obtinet
3705 946 3760 1002 id

2172 1034 2317 1101 quod
2343 1035 2764 1089 irrationabilius
2784 1048 2907 1090 esse
2938 1035 3221 1105 probatur.
3260 1036 3502 1091 Aliorum
3541 1037 3758 1107 quidem

2172 1123 2461 1180 efﬁcientia
2491 1125 2845 1195 conquiescit,
2873 1140 2978 1178 non
3010 1134 3190 1181 tamen
3221 1127 3442 1181 omnino
3481 1128 3769 1196 restringi--

2172 1220 2280 1268 tur.
2327 1213 2476 1269 Tunc
2514 1215 2657 1270 enim
2685 1216 2767 1269 vis
2811 1214 2977 1269 animi
3021 1217 3111 1286 qui
3157 1218 3499 1272 nutrimentis
3541 1218 3757 1283 insistit,

2172 1305 2415 1374 quamvis
2441 1321 2541 1375 per
2575 1321 2828 1375 soporem
2876 1307 2942 1361 ad
2981 1307 3296 1375 digestionis
3326 1308 3616 1363 contendat
3641 1308 3759 1364 otii-

2172 1396 2312 1450 cium
2342 1411 2667 1465 omnemque
2697 1406 2942 1452 naturam
2973 1399 3072 1454 sibi
3105 1411 3296 1454 vacare
3325 1401 3615 1469 permittat.
3642 1401 3758 1458 Non

2172 1487 2316 1541 enim
2347 1487 2416 1541 ab
2445 1486 2550 1542 hac
2579 1487 2696 1556 ejus
2733 1489 3050 1556 operatione
3076 1491 3316 1559 potentia
3362 1491 3452 1545 illa
3496 1492 3759 1548 sensualis

2171 1577 2522 1646 abstrahitur,
2553 1593 2655 1633 nec
2681 1579 2824 1633 enim
2855 1579 2933 1634 fas
2961 1589 3046 1636 est
3073 1582 3217 1650 quod
3246 1582 3413 1637 semel
3444 1584 3760 1639 naturaliter

2171 1669 2381 1723 unitum
2405 1682 2508 1736 est,
2539 1671 2710 1739 possit
2737 1671 2940 1740 divelli,
2970 1674 3064 1728 sed
3093 1673 3402 1730 elucescere
3431 1692 3537 1730 non
3581 1685 3758 1748 potest

2172 1759 2290 1828 ejus
2316 1759 2560 1827 eﬂ‘ectus,
2589 1763 2764 1816 somni
2793 1762 2905 1817 otio
2948 1763 3254 1832 impeditus.
3297 1763 3408 1821 Hae
3448 1767 3632 1837 itaque
3670 1783 3757 1823 ra-

485 1874 631 1944 quod
672 1882 876 1930 natum
923 1888 1227 1943 congruens
1255 1881 1416 1944 atque
1444 1873 1790 1928 consentiens
1827 1888 1947 1929 esse
1991 1873 2069 1927 νί,
2103 1855 2145 1912 Β
2176 1852 2322 1944 tione
2349 1867 2471 1906 cum
2503 1867 2563 1908 se
2593 1867 2745 1908 mens
2769 1852 3137 1909 ad'sensibilis
3166 1855 3329 1909 animi
3359 1859 3591 1926 speciem
3631 1875 3756 1912 ver-

482 1966 674 2020 deatur
709 1983 722 2018 :
752 1964 882 2020 dum
922 1964 1179 2032 vigilante
1209 1963 1296 2017 illa
1329 1971 1384 2017 et
1408 1962 1523 2016 htec
1552 1977 1678 2016 suos
1697 1960 1918 2016 eﬁ‘eetus
1941 1973 2070 2016 exe-

483 2064 590 2122 rat,
630 2057 868 2110 resoluta
910 2070 1038 2112 vero
1081 2054 1133 2108 in
1163 2068 1413 2110 somnum
1444 2052 1605 2106 etiam
1634 2068 1788 2108 mens
1816 2052 2070 2124 persistat

486 2147 776 2202 immobilis
803 2164 814 2198 :
842 2145 942 2200 nisi
970 2145 1108 2200 forte
1133 2145 1543 2213 imaginationes
1563 2144 1895 2200 somniorum
1919 2157 2070 2197 men-

484 2238 554 2291 tis
583 2237 905 2304 agitationes
935 2251 1054 2290 esse
1083 2235 1200 2305 quis
1221 2235 1469 2298 aestimet,
1499 2249 1726 2302 eamque
1753 2241 2066 2302 operantem

481 2342 580 2396 per
605 2340 853 2395 soporem
883 2326 994 2380 suis
1015 2325 1250 2379 motibus
1272 2325 1578 2379 arbitretur.
1604 2323 1710 2378 Nos
1735 2332 1912 2378 autem
1937 2338 2071 2377 con-

479 2423 688 2468 stanter
729 2414 1020 2469 asserimus
1061 2429 1182 2468 eam
1221 2412 1393 2468 solam
1425 2413 1692 2468 actionem
1733 2412 1801 2466 ad
1831 2419 2067 2466 mentem

481 2504 843 2569 referendam,
873 2518 992 2573 quae
1019 2503 1282 2573 sapientia
1310 2503 1645 2573 consilioque
1671 2502 1962 2572 perﬁcitur.
1992 2501 2067 2557 Ea

481 2609 610 2649 vero
651 2608 770 2663 qua:
817 2608 913 2663 per
957 2608 1204 2647 somnum
1234 2593 1670 2662 phantasmatum
1713 2593 2067 2648 deliramenta

481 2685 825 2752 proveniunt,
857 2683 1268 2752 imaginationes
1298 2685 1557 2753 quasdam
1587 2684 1888 2739 efﬁcientia:
1919 2700 2070 2739 men-

482 2777 550 2830 tis
595 2776 908 2844 opinamur,
957 2789 1090 2843 quas
1134 2774 1517 2829 irrationabilis
1561 2789 1685 2843 pars
1733 2775 1924 2828 animm
1971 2789 2070 2843 per

481 2867 779 2922 accidentia
809 2880 1035 2935 qumque
1065 2863 1346 2932 conﬁngit.
1390 2864 1581 2918 Anima
1608 2864 1809 2934 quippe
1838 2880 1867 2918 a
1896 2865 2068 2919 sensi-

480 2958 580 3010 bus
627 2962 850 3011 avocata
901 2969 998 3023 per
1045 2968 1317 3016 somnum,
1371 2969 1593 3008 necesse
1640 2963 1724 3009 est
1770 2963 1829 3008 ut
1875 2957 2069 3010 mentis

479 3060 697 3114 quoque
727 3044 966 3114 privetur
988 3040 1203 3096 effectu.
1239 3040 1344 3096 Per
1372 3057 1562 3098 sensus
1603 3044 1747 3104 enim
1781 3044 1850 3098 ad
1894 3044 2070 3109 homi-

481 3152 604 3190 nem
645 3132 1044 3204 quodammodo
1091 3134 1330 3188 reversio
1377 3136 1572 3190 mentis
1596 3134 1844 3201 efﬁcitur,
1876 3136 2068 3205 quibus

2177 1942 2260 2006 tit,
2294 1951 2754 2013 consequensest
2797 1959 2918 1999 cum
2956 1944 3045 1999 hic
3090 1953 3358 2013 movetur,
3391 1948 3466 2002 uti
3497 1956 3571 2001 'et
3612 1949 3756 2004 illam

2171 2033 2413 2088 dicamus
2441 2034 2646 2088 moveri
2675 2035 2894 2104 pariter,
2918 2044 3112 2090 etcum
3141 2037 3393 2104 quiescit,
3420 2038 3576 2092 simili
3596 2040 3758 2094 modo

2171 2123 2476 2191 quiescere.
2527 2122 2991 2190 Quemadmodum
3040 2140 3173 2180 vero
3222 2126 3367 2180 circa
3415 2127 3590 2195 ignem
3645 2130 3759 2182 inec

2173 2213 2289 2269 fieri
2331 2216 2584 2270 naturale
2629 2223 2732 2281 est,
2783 2224 2842 2270 ut
2885 2231 3009 2270 cum
3058 2216 3226 2286 paleis
3269 2217 3505 2286 undique
3544 2219 3755 2286 tegitur,

2172 2306 2430 2375 nulloque
2475 2307 2745 2377 spiracula
2789 2307 3096 2373 suscitatur,
3129 2323 3230 2362 nec
3259 2308 3461 2363 circum
3501 2317 3645 2363 tecta
3676 2309 3761 2363 de-

2173 2401 2374 2462 pascat,
2431 2409 2530 2450 nec
2578 2393 2793 2463 penitus
2842 2393 3240 2462 exstinguatur,
3289 2395 3383 2450 sed
3415 2412 3514 2466 pro
3546 2397 3758 2452 flamma

2171 2483 2387 2552 quidem
2419 2483 2594 2540 fumus
2615 2491 2888 2552 exsurgat,
2913 2485 3058 2553 quod
3087 2485 3132 2539 si
3157 2486 3428 2554 paululum
3453 2496 3760 2543 commotus

2173 2574 2358 2638 fuerit,
2408 2574 2552 2629 illico
2583 2572 2760 2630 fumus
2785 2574 3055 2630 excitatur
3089 2574 3144 2628 in
3168 2574 3436 2631 ﬂammam
3469 2597 3482 2632 :
3515 2580 3761 2635 similiter

2157 2673 2225 2718 et
2252 2680 2404 2720 mens
2434 2665 2549 2719 otio
2581 2680 2837 2719 sensuum
2867 2672 3112 2734 tempore
3141 2668 3352 2735 soporis
3377 2669 3613 2734 obtecta,
3657 2684 3759 2724 nec

2171 2755 2386 2810 elucere
2414 2769 2512 2824 per
2567 2769 2664 2809 eos
2715 2762 2915 2823 potest,
2955 2769 3058 2810 nec
3103 2770 3326 2824 prorsus
3367 2757 3633 2828 intercipi,
3663 2759 3760 2815 sed

2171 2846 2338 2899 instar
2356 2845 2549 2900 summi
2571 2845 2782 2900 videtur
2804 2845 3038 2915 operari,
3057 2846 3109 2900 in
3133 2845 3314 2915 aliquo
3333 2846 3548 2914 quidem
3572 2861 3757 2918 egens,

2169 2938 2222 2992 in
2254 2937 2434 3006 aliquo
2467 2953 2594 2992 vero
2622 2937 2924 3007 praevalens
2957 2956 2970 2990 :
3002 2945 3056 2992 et
3084 2938 3225 2993 sicut
3277 2937 3544 3007 quispiam
3592 2941 3760 2994 musi-

2169 3044 2285 3095 cus,
2316 3028 2567 3083 resolutis
2597 3027 2735 3100 lyrae
2757 3029 3006 3094 nexibus,
3036 3028 3084 3084 si
3114 3028 3378 3099 plectrum
3392 3027 3612 3086 chordis
3634 3030 3758 3098 inji-

2169 3119 2297 3185 ciat,
2339 3135 2447 3173 non
2497 3119 2545 3174 ei
2594 3119 2891 3175 modulatio
2935 3128 3309 3191 competenter
3353 3122 3594 3183 occurrit.
3635 3123 3761 3194 (nec

480 3225 794 3281 vacantibus
823 3233 879 3278 et
907 3224 1312 3292 intelligentiam
1352 3241 1571 3282 necesse
1591 3233 1673 3280 est
1693 3226 1851 3282 otiari
1879 3245 1891 3278 :
1919 3227 2072 3296 cujus
2101 3223 2144 3284 C
2177 3210 2322 3264 enim
2369 3218 2651 3265 ex‘cmum
2693 3210 2838 3280 (1³οά
2887 3226 2994 3266 "0“
3024 3221 3109 3267 es‘
3151 3221 3277 3282 apte
3317 3214 3633 3284 νθδουθωιλ
3664 3216 3761 3269 Sed

480 3317 557 3370 rei
589 3321 960 3384 argumentum
1011 3324 1115 3382 est,
1170 3316 1314 3384 quod
1364 3316 1672 3388 frequenter
1718 3318 2066 3387 ineptissimis

480 3417 644 3476 atque
670 3405 975 3460 vanissimis
1007 3405 1192 3459 formis
1219 3405 1547 3462 dormientes
1577 3407 1851 3462 illudimur
1877 3425 1888 3460 :
1921 3408 2067 3477 quod

482 3511 820 3567 nequaquam
853 3493 1024 3562 ﬁeret,
1070 3497 1113 3550 si
1156 3497 1383 3552 consilio
1412 3504 1538 3552 tunc
1565 3500 1741 3553 anima
1773 3507 1828 3554 et
1855 3501 2070 3556 ratione

481 3597 776 3657 regeretur.
831 3586 937 3642 Sed
989 3588 1119 3641 mihi
1168 3587 1398 3653 videtur,
1452 3605 1572 3644 cum
1622 3591 1937 3659 prteseutior
1987 3594 2068 3648 vis

479 3681 692 3744 animm,
717 3679 766 3733 id
797 3686 879 3734 est
908 3678 1194 3734 efﬁcientia
1227 3681 1421 3734 mentis
1443 3689 1496 3734 et
1524 3696 1777 3737 sensuum
1807 3683 2066 3752 conquie-

479 3771 596 3834 scit,
633 3770 776 3823 illam
810 3769 1181 3824 tantummodo
1211 3779 1418 3841 partem
1448 3771 1568 3842 ejus
1596 3773 1650 3826 in
1680 3773 1905 3830 somniis
1933 3789 2066 3844 ope-

480 3861 607 3923 rari,
651 3874 770 3930 quae
821 3861 1148 3914 nutrimenta
1191 3845 1633 3932 incrementaque
1676 3864 1970 3934 dispensat.
2011 3864 2068 3920 Si

479 3960 660 4006 autem
686 3952 791 4006 hoc
822 3951 892 4006 ita
923 3961 1025 4014 est.
1059 3953 1268 4007 somnia
1296 3969 1415 4024 qua:
1455 3954 1589 4008 ﬁunt
1627 3963 1682 4010 et
1726 3955 2070 4024 imaginatio-

479 4058 576 4097 nes
605 4042 850 4097 sensibus
875 4050 930 4096 et
972 4042 1338 4111 intelligentiae
1374 4054 1736 4114 congruentes
1773 4046 1876 4101 hac
1906 4048 2068 4104 nimi-

479 4149 597 4186 rum
630 4149 791 4188 causa
821 4134 1158 4202 contingunt.
1194 4135 1536 4214 Quaecunque
1563 4137 1719 4192 nobis
1749 4153 1847 4207 per
1875 4139 2070 4194 animae

480 4233 707 4290 partem,
741 4222 792 4275 in
819 4237 924 4291 qua
957 4223 1215 4278 memoria
1262 4226 1430 4293 viget,
1477 4226 1736 4297 impressa
1779 4237 1922 4294 sunt,
1956 4230 2071 4286 bare

479 4311 688 4378 eadem,
735 4322 791 4367 ut
836 4329 956 4368 sors
1007 4315 1268 4381 attulerit,
1315 4317 1482 4372 veluti
1523 4318 1698 4387 pietas
1746 4319 1858 4375 oris
1903 4336 2072 4392 opere

481 4401 802 4468 formantur,
835 4400 1154 4471 ﬁguratione
1182 4405 1414 4476 quadam
1450 4407 1652 4478 jugiter
1676 4410 1986 4466 adluerente
2015 4412 2069 4466 in

487 4495 587 4546 hac
606 4493 788 4562 specie
815 4492 1005 4547 animze
1032 4509 1137 4564 qua
1168 4497 1428 4552 memoria
1455 4501 1780 4556 continetur.
1829 4501 1923 4558 llis
1961 4504 2066 4558 ita-

2173 3301 2494 3371 plerumque
2537 3317 2728 3357 manus
2772 3302 3065 3359 artificiose
3109 3313 3378 3368 movetur,
3410 3305 3612 3360 ducens
3641 3306 3760 3377 ple-

2170 3401 2343 3447 ctrum
2373 3392 2439 3446 ad
2461 3392 2664 3448 locales
2690 3393 2987 3462 positiones
3015 3402 3334 3451 accentuum
3353 3435 3367 3462 ,
3396 3412 3560 3452 sonus
3579 3406 3761 3454 autem

2170 3504 2280 3544 non
2325 3487 2560 3544 eﬁicitur
2608 3489 2711 3544 nisi
2760 3489 3099 3544 inordinatus
3138 3499 3404 3546 ex‘motu
3436 3493 3761 3549 chordarum

2169 3594 2289 3649 quae
2319 3588 2511 3634 vocant
2537 3579 2709 3636 Graeci
2734 3582 2955 3653 βόμϐον;
2985 3582 3056 3636 ita
3086 3595 3184 3651 per
3211 3597 3456 3639 somnum
3505 3586 3764 3641 naturali-

2170 3672 2270 3726 bus
2300 3687 2554 3728 sensuum
2586 3673 2841 3737 membris
2863 3675 3132 3741 resolutis,
3163 3684 3256 3730 aut
3282 3677 3504 3732 omnino
3531 3680 3762 3748 quiescit

2169 3761 2366 3818 artifex
2393 3764 2626 3833 animus,
2652 3765 2698 3819 si
2725 3779 2922 3835 corpus
2966 3766 3127 3820 nimia
3160 3767 3492 3836 plenitudine
3523 3785 3758 3840 prmgra-

2171 3864 2350 3922 vetur,
2381 3863 2475 3910 aut
2501 3864 2650 3910 certe
2679 3855 2983 3924 languidius
3021 3865 3077 3912 et
3113 3858 3403 3915 obscurius
3423 3863 3757 3930 cperabitnr,

2171 3964 2295 4004 cum
2325 3949 2432 4004 hoc
2458 3962 2720 4017 organum
2762 3938 3013 4008 sensuale
3040 3948 3350 4018 diligentius
3376 3960 3545 4006 artem
3574 3956 3762 4024 nequit

2171 4040 2442 4110 excipere.
2499 4038 2840 4109 Quapropter
2888 4040 2942 4094 in
2992 4041 3198 4095 somnis
3240 4043 3498 4096 memoria
3541 4044 3759 4111 quidem

2171 4127 2423 4194 confusa,
2473 4129 2809 4200 prtescientia
2859 4144 2986 4185 vero
3031 4130 3350 4200 quibusdam
3405 4133 3759 4189 velaminibus

2173 4219 2383 4285 obruta,
2416 4225 2612 4287 praeter
2639 4226 2824 4274 votum
2853 4232 2920 4274 ac
2953 4219 3191 4276 studium
3220 4221 3480 4290 quasdam
3510 4224 3760 4293 specula-

2173 4319 2260 4365 tur
2306 4310 2586 4379 imagines,
2635 4319 2692 4366 et
2739 4311 2939 4383 aliquid
2983 4328 3170 4368 eorum
3208 4329 3595 4384 nonnunquam
3640 4332 3760 4386 qua:

2173 4412 2298 4460 sunt
2323 4411 2549 4459 ventura
2577 4406 2918 4473 praenuntiat.
2951 4405 3082 4460 Nam
3132 4423 3229 4477 per
3270 4407 3621 4463 subtilitatem
3663 4425 3761 4462 na-

2175 4503 2309 4551 turae
2337 4496 2458 4566 plus
2483 4496 2686 4565 aliquid
2714 4497 2878 4552 habet
2905 4512 3068 4566 quam
3096 4499 3342 4569 corporis
3371 4500 3670 4556 crassitudo
3692 4501 3760 4555 ad

483 4597 591 4651 que
620 4581 917 4652 phantasiis
941 4583 1105 4638 homo
1134 4585 1421 4655 deluditur,
1454 4605 1561 4644 non
1592 4591 1818 4660 alicujus
1867 4594 2071 4649 ordinis
2100 4594 2146 4652 ι)
2181 4588 2595 4658 contemplanda
2649 4603 2714 4642 ea
2765 4604 2885 4659 quae
2929 4590 3178 4659 videntur
3216 4591 3496 4656 accedere,
3526 4593 3622 4647 sed
3653 4610 3757 4648 non

488 4672 704 4725 tramite
751 4672 816 4726 ad
857 4687 1044 4728 eorum
1086 4691 1206 4745 qum
1235 4688 1499 4748 apparent
1522 4682 1786 4752 visionem
1831 4684 2071 4739 collocu-

485 4763 795 4833 tionemque
832 4763 1142 4833 productus,
1175 4769 1270 4822 sed
1313 4769 1496 4824 mixtis
1521 4771 1839 4840 quibusdam
1881 4783 1937 4828 et
1983 4775 2068 4828 in-

495 4856 950 4925 consequentibus
995 4857 1249 4913 seductus
1287 4861 1586 4916 erroribus.
1635 4861 1788 4917 Sicut
1831 4865 1973 4918 enim
2019 4867 2068 4918 in

486 4961 656 5018 opere
706 4949 977 5019 corporali
1035 4949 1324 5022 unicuique
1379 4953 1622 5007 membro
1673 4956 1892 5027 proprie
1942 4958 2072 5026 quid

481 5038 630 5107 juxta
680 5040 786 5094 vim
833 5041 932 5095 sibi
982 5041 1300 5095 naturaliter
1338 5042 1554 5096 insitam
1584 5047 1876 5114 peragenti,
1908 5048 2070 5102 etiam

484 5132 816 5199 quiescentis
846 5133 1067 5187 membri
1099 5133 1320 5201 quidam
1351 5151 1648 5191 consensus
1675 5139 2075 5208 cooperationis

486 5223 712 5290 accedit,
755 5221 946 5277 eadem
979 5222 1204 5277 rationis
1229 5227 1613 5295 consequentia
1635 5227 1702 5282 de
1727 5228 1904 5282 anima
1934 5243 2072 5296 quo-

486 5329 590 5383 que
618 5314 955 5369 sentiendum
979 5324 1078 5368 est.
1108 5313 1239 5368 Nam
1268 5331 1388 5370 eum
1415 5317 1666 5386 quiddam
1689 5318 1804 5387 ejus
1825 5320 2069 5388 quiescit,

487 5406 740 5473 quiddam
758 5421 893 5460 vero
926 5416 1200 5474 movetur,
1232 5416 1401 5463 totum
1434 5409 1570 5480 parti
1607 5411 1914 5466 necessario
1944 5426 2075 5466 con-

487 5498 674 5566 sentit,
719 5499 843 5568 quia
893 5517 989 5554 nec
1034 5502 1288 5572 possibile
1336 5511 1418 5557 est
1468 5503 1730 5558 unitatem
1770 5505 2068 5560 naturalem

489 5599 617 5644 tunc
657 5605 814 5657 posse
862 5590 1043 5655 (lividi,
1096 5593 1195 5646 etsi
1247 5609 1368 5662 pars
1417 5593 1660 5662 quendam
1710 5595 2071 5665 potentiarum

490 5681 607 5747 ejus
652 5681 704 5734 in
757 5683 1076 5750 operatione
1128 5684 1397 5751 persistat.
1458 5685 1564 5740 Sed
1617 5684 2070 5754 quemadmodum

478 5773 830 5840 «igilantibus
878 5781 933 5826 et
975 5773 1342 5840 satagentihus
1388 5774 1597 5828 obtinet
1632 5775 1846 5842 quidem
1896 5791 2066 5840 mens,

482 5869 647 5937 eique
672 5879 862 5920 sensus
883 5863 1213 5931 obsequitur,
1244 5885 1340 5923 nec
1361 5868 1436 5922 eis
1464 5876 1638 5921 tamen
1664 5867 1848 5922 adesse
1869 5866 2077 5936 dispen-

2181 4689 2360 4750 potest
2390 4691 2541 4736 recto
2572 4681 2764 4736 ordine
2793 4680 2971 4737 futura
2999 4699 3267 4750 reserare,
3311 4686 3436 4753 quia
3481 4701 3582 4740 nec
3631 4701 3756 4756 per-

2178 4774 2361 4841 spicua
2388 4782 2444 4828 et
2472 4773 2752 4829 manifesta
2783 4774 3026 4831 doctrina
3057 4777 3377 4846 proponitur
3413 4794 3600 4832 eorum
3642 4793 3760 4848 quae

2179 4863 2232 4917 in
2263 4863 2468 4918 somnis
2498 4863 2702 4932 digesta
2732 4873 3046 4920 cernuntur.
3075 4865 3180 4920 Sed
3209 4865 3466 4935 quidquid
3496 4867 3624 4921 illud
3653 4878 3759 4932 est,

2180 4954 2429 5022 ambigua
2460 4953 2622 5008 futuri
2653 4954 2712 5008 ﬁt
2739 4955 3103 5024 denuntiatio,
3137 4958 3279 5026 quod
3305 4958 3530 5026 muigma
3567 4970 3765 5013 vocant

2179 5047 2270 5115 qui
2294 5047 2544 5101 videntur
2571 5047 2670 5101 ista
2698 5047 3023 5111 discernere,
3056 5049 3220 5117 quod,
3265 5049 3310 5103 si
3353 5049 3496 5104 aliud
3526 5060 3767 5104 ostentet

2179 5137 2230 5190 in
2256 5137 2460 5201 verbis,
2491 5137 2632 5190 aliud
2664 5138 2715 5190 in
2757 5138 3116 5194 intellectibus
3146 5138 3351 5194 afferat.
3384 5139 3476 5194 Sic
3505 5141 3772 5210 pincerua

2180 5227 2476 5283 Pharaonis
2519 5228 2733 5282 botrmn
2785 5229 2981 5297 premit
3023 5230 3074 5283 in
3121 5239 3334 5298 patera,
3385 5232 3465 5285 sic
3505 5246 3670 5300 panes
3711 5233 3765 5286 in

2178 5324 2412 5377 canistro
2442 5321 2583 5376 ferre
2613 5322 2784 5392 pistor
2813 5322 3155 5390 imaginatur,
3189 5332 3417 5393 uterque
3445 5323 3586 5377 enim
3610 5323 3769 5390 juxta

2179 5412 2411 5467 studium
2438 5411 2582 5480 quod
2609 5411 2852 5466 exercuit
2879 5427 2939 5467 se
2977 5412 3031 5466 in
3071 5413 3276 5467 somnis
3325 5427 3448 5467 esse
3495 5413 3762 5483 pervidet.

2183 5504 2473 5558 Solitarum
2528 5519 2761 5572 namque
2809 5502 3005 5558 artium
3058 5503 3472 5558 simulacrorum
3521 5505 3572 5558 in
3630 5519 3768 5574 pne-

2184 5594 2407 5648 scientia
2439 5594 2631 5648 mentis
2671 5593 2928 5662 impressa
2959 5609 3055 5662 per
3084 5609 3245 5649 omne
3277 5594 3586 5648 vaticinium
3633 5609 3769 5663 pnn-

2184 5684 2286 5736 dici
2327 5699 2446 5753 quae
2489 5693 2711 5737 ventura
2744 5683 2955 5738 fuerant
2985 5686 3366 5755 praestiterunt.
3402 5685 3554 5752 Quod
3585 5696 3765 5740 autent

2190 5777 2370 5831 liatiiel
2402 5787 2456 5831 et
2481 5775 2679 5845 Joseph
2708 5791 3004 5845 eorumque
3033 5777 3340 5832 consimiles
3369 5778 3544 5832 divina
3570 5779 3792 5832 virtute.

2189 5867 2343 5921 nullis
2400 5866 2593 5920 turbati
2644 5867 2889 5923 sensibus
2939 5867 3003 5922 ad
3055 5868 3356 5923 futurorum
3411 5867 3767 5923 informantur
