4122 6552
419 401 522 456 569

1222 397 1400 452 LIBRI
1441 398 1528 452 DE
1569 396 1962 453 CREATIONE
2002 396 2281 456 110311le
2318 399 2887 457 ιΝΤΕΙὶΡΙὶΕΤΑΤΙΟ.

3595 404 3700 459 570

421 512 721 580 uiciniam,
751 511 883 567 nihil
909 512 1015 568 hoc
1041 512 1110 568 ad
1139 489 1458 583 praesentem
1499 523 1735 586 pertinet
1759 521 2012 584 qumstm-
2043 516 2083 571 Α
2115 522 2416 584 stomacho,
2443 530 2497 576 et
2525 521 2642 576 alia:
2669 521 2877 577 cerebri
2908 523 3157 592 passione
3186 525 3410 589 vexatis,
3433 522 3518 580 his
3537 525 3700 606 etiam

418 623 563 674 netu,
611 606 740 676 quia
793 621 903 661 non
958 606 1076 660 haec
1124 607 1355 676 quisque
1409 607 1623 676 sapiens
1673 607 2008 662 somniorum

417 702 707 775 generibus
730 702 997 771 imputare
1025 700 1218 766 debet,
1266 700 1506 772 alioquin
1550 710 1608 757 et
1633 702 1751 757 illas
1780 702 2014 758 visiones

416 810 539 866 qua:
591 794 848 848 divinitus
899 792 1245 861 vigilantibus
1298 793 1581 860 accidunt,
1614 809 1722 848 non
1777 809 2011 863 superna

418 888 760 950 visitatione,
793 886 887 942 sed
916 895 1127 940 naturae
1170 887 1561 956 consequentia
1595 894 1792 958 sponte
1820 901 1917 942 sua
1957 885 2010 940 id

419 989 680 1051 operante
703 979 910 1049 putabit
936 993 1095 1048 posse
1119 979 1453 1046 contingere.
1480 979 1633 1034 Sicut
1653 993 1781 1049 ergo
1800 979 2010 1036 cunctis

417 1071 727 1128 hominibus
760 1070 914 1140 juxta
954 1084 1111 1124 suum
1150 1084 1271 1125 sese
1310 1070 1713 1125 moderantibus
1750 1070 2006 1135 animum,

417 1160 638 1230 quidam
670 1171 795 1216 sunt
821 1161 912 1230 qui
940 1159 1120 1215 divina
1149 1160 1408 1215 illustrari
1437 1161 1874 1217 confabulatione
1905 1176 2013 1216 me-

418 1261 660 1315 reantur,
711 1252 787 1306 ita
834 1252 1194 1306 communiter
1241 1251 1536 1307 secundum
1565 1261 1814 1308 naturam
1855 1252 2011 1307 nobis

416 1360 482 1400 ac
503 1345 753 1400 similiter
779 1344 1113 1408 somniorum
1135 1344 1433 1415 phantasiis
1449 1345 1835 1410 accidentibus,
1866 1360 2006 1401 non-

418 1436 550 1492 nulli
571 1453 670 1508 per
695 1451 949 1508 soporem
975 1435 1170 1490 divinae
1189 1435 1467 1504 cujusdam
1496 1435 1787 1506 participes
1809 1436 2012 1490 revela-

417 1530 581 1586 tionis
618 1532 887 1596 existunt,
928 1530 1248 1599 eteterisque
1284 1529 1535 1585 omnibus
1574 1536 1630 1583 et
1657 1529 1702 1584 si
1732 1528 1909 1598 aliqua
1949 1543 2010 1583 re

413 1639 515 1695 per
541 1624 807 1678 somnium
833 1623 1173 1694 prmscientia
1215 1622 1470 1692 gignitur,
1510 1621 1662 1691 juxta
1694 1619 2008 1690 prmdictum

413 1716 652 1785 gignitur
689 1716 929 1771 modum.
961 1715 1018 1771 Si
1046 1731 1179 1772 vero
1210 1715 1498 1787 Egyptius
1527 1715 1615 1770 ille
1643 1715 1729 1771 vel
1759 1713 2010 1786 Assyrius

415 1815 678 1878 tyrannus
705 1806 772 1862 ad
801 1807 1085 1863 scientiam
1115 1807 1420 1863 futurorum
1447 1823 1545 1878 per
1572 1807 1784 1862 somnia
1810 1806 2008 1862 divini—

2111 607 2204 676 qui
2233 608 2381 665 febre
2409 610 2659 667 laborant
2690 613 2829 693 alias,
2859 622 2914 669 et
2941 613 3057 669 alia:
3085 614 3177 686 qui
3219 630 3287 670 ex
3315 613 3533 670 cholera
3561 615 3704 685 ρει-ἰν.

2111 698 2369 754 clitantur
2415 709 2471 756 et
2522 701 2791 774 llegmate.
2845 704 3086 774 itemque
3137 705 3424 761 dissimiles
3473 706 3558 763 his
3607 705 3703 776 qui

2112 790 2445 860 plenitudine
2473 802 2529 849 et
2554 795 2814 852 inanitate
2833 796 3179 852 decumbunt.
3209 797 3289 852 Ex
3311 799 3505 869 quibus
3525 800 3704 870 possi-

2111 882 2218 936 bile
2245 892 2328 938 est
2355 883 2787 942 animadvertere
2813 889 2960 958 quod
2987 889 3076 943 illa
3105 890 3188 945 vis
3211 892 3402 945 animae
3421 905 3519 961 per
3538 906 3700 961 quam

2112 975 2440 1031 nutrimenta
2480 978 2637 1034 nobis
2676 981 3114 1052 incrementaque
3142 985 3480 1053 contingunt,
3507 985 3707 1041 habeat

2111 1064 2346 1136 aliquam
2377 1068 2757 1127 intellectualis
2784 1073 2863 1126 rei
2895 1073 3230 1142 particulam,
3263 1090 3370 1146 qua
3403 1076 3504 1133 sibi
3529 1077 3706 1134 socie-

2112 1152 2223 1213 tate
2252 1151 2592 1230 consertarﬁ,
2622 1162 2751 1218 dum
2796 1164 3028 1235 qualitas
3075 1166 3376 1223 affectionis
3428 1184 3706 1240 corporea!

2111 1249 2516 1305 similitudinem
2546 1253 2946 1321 quodammodo
2987 1256 3259 1326 praeferat,
3304 1258 3458 1329 juxta
3495 1261 3704 1332 passio-

2109 1354 2233 1394 nem
2254 1354 2377 1410 quae
2405 1342 2614 1398 obtinet
2643 1345 3084 1415 imaginationem
3107 1359 3516 1418 congruentem.
3538 1350 3702 1408 item-

2109 1449 2216 1502 que
2271 1436 2456 1491 multis
2504 1438 2669 1493 etiam
2715 1441 3012 1497 secundum
3066 1459 3280 1499 morum
3337 1446 3704 1504 diversitatem

2110 1528 2444 1583 somniorum
2492 1545 2709 1602 quoque
2755 1534 2872 1590 visa
2923 1535 3242 1591 formantur.
3300 1538 3415 1592 Alia
3474 1554 3706 1610 namque

2110 1627 2234 1671 sunt
2263 1618 2364 1673 viri
2396 1619 2570 1684 fortis,
2604 1623 2708 1677 alia
2737 1625 3064 1690 meticulosi,
3095 1628 3201 1682 alia
3223 1627 3503 1696 luxuriosi,
3529 1639 3581 1686 et
3602 1632 3705 1687 alia

2110 1707 2462 1776 continentis;
2509 1711 2627 1768 aliis
2673 1713 2855 1785 largus
2896 1724 2951 1771 et
2989 1717 3108 1772 aliis
3151 1733 3347 1775 avarus
3386 1721 3709 1790 imaginibus

2114 1796 2393 1854 illuditur:
2427 1815 2689 1872 nusquam
2718 1820 2850 1862 vero
2896 1807 2950 1861 in
2999 1807 3082 1866 bis
3112 1809 3464 1879 intelligentia
3513 1815 3708 1869 mentis

413 1905 504 1954 tus
543 1899 902 1964 instruuntur,
955 1898 1101 1954 aliud
1152 1898 1408 1968 quiddam
1455 1905 1541 1954 est
1586 1896 1732 1967 quod
1774 1912 1874 1968 per
1917 1912 2014 1953 eos
2045 1881 2092 1941 Β
2119 1898 2394 1960 operatur,
2443 1893 2537 1948 sed
2585 1895 2778 1950 anima:
2822 1912 2948 1966 pars
2995 1899 3443 1966 irrationabilior,
3479 1911 3710 1975 utstnpe

413 1987 660 2044 miranda
711 1987 1112 2059 diSpensatione
1160 1987 1457 2058 peragitur.
1511 1982 1812 2056 Oportebat
1865 1985 2010 2040 enim

413 2087 726 2135 sanctorum
753 2079 1071 2148 sapientiam
1099 2078 1364 2134 declarari
1385 2093 1505 2147 quae
1525 2078 1807 2133 videbatur
1826 2077 2012 2134 occul-

413 2177 492 2235 ta,
523 2182 591 2222 ne
619 2181 963 2222 communem
988 2167 1151 2222 vitam
1181 2164 1300 2222 sine
1320 2166 1560 2227 utilitate
1583 2166 1682 2221 vel
1727 2166 2014 2223 commodo

411 2258 732 2330 praueriret.
745 2255 1028 2324 Quomodo
1041 2272 1271 2326 namque
1283 2256 1470 2311 Daniel
1486 2256 1606 2312 talis
1621 2272 1741 2313 esse
1758 2272 2014 2315 noscere-

416 2359 522 2415 tur,
552 2350 654 2403 nisi
684 2350 1081 2418 incantatorum
1107 2357 1270 2420 atque
1296 2363 1576 2419 magorum
1599 2349 2012 2418 acquisitionem

413 2438 610 2494 Somnii
627 2438 912 2494 defecisset
934 2439 1160 2494 intentio
1180 2441 1201 2493 ?
1218 2439 1503 2506 Quomodo
1525 2440 1689 2495 etiam
1710 2440 2012 2496 salvaretur

414 2529 684 2600 rEgyptus
727 2529 930 2600 Josepb
977 2531 1030 2586 in
1077 2533 1321 2586 custodia
1369 2533 1700 2598 constituto,
1742 2532 1846 2586 nisi
1886 2547 2009 2587 eum

411 2622 670 2678 discretio
695 2623 1025 2678 somniorum
1049 2624 1401 2692 pertraxisset
1428 2624 1480 2677 in
1505 2624 1776 2678 medium?
1798 2622 1866 2678 Et
1890 2623 2011 2679 ideo

412 2713 542 2782 quid
568 2713 714 2768 aliud
739 2713 842 2769 ista
874 2714 1234 2782 przetendunt,
1262 2728 1361 2769 nec
1381 2713 1675 2770 secundum
1699 2714 2011 2783 phantasias

387 2795 735 2858 communes
764 2802 984 2856 omnino
1015 2802 1288 2870 pensanda
1329 2810 1475 2873 sunt,
1516 2812 1775 2858 consueta
1813 2803 2013 2874 quippe

413 2895 752 2948 somniorum
783 2893 946 2949 facies
972 2893 1158 2948 eadem
1192 2894 1567 2949 universorum
1591 2902 1674 2948 est
1699 2910 1820 2963 quae
1840 2895 2014 2950 modis

415 2982 660 3052 plurimis
688 2983 870 3053 specie
901 2983 1131 3052 quadam
1162 2984 1563 3052 imaginationis
1603 2985 1858 3040 occurrit.
1909 2986 2015 3040 Aut

414 3073 932 3144 enimpermanent,
966 3082 1023 3127 ut
1061 3073 1263 3128 dictum
1302 3081 1404 3137 est,
1441 3074 1494 3128 in
1529 3088 1592 3129 ea
1633 3083 1786 3144 parte
1821 3075 2012 3130 animae

412 3181 520 3235 qua
579 3166 839 3221 memoria
894 3167 1224 3234 continetur,
1265 3167 1567 3220 studiorum
1633 3165 2012 3221 similitudines

2114 1977 2378 2049 diximus,
2405 1983 2503 2038 bas
2530 1984 2843 2054 pbantasias
2873 1987 3031 2056 facit,
3082 1997 3139 2045 et
3187 1992 3596 2065 quibuscunque
3623 1997 3707 2051 vi-

2113 2071 2286 2141 gilans
2334 2074 2525 2131 studiis
2574 2077 2872 2147 assuescit,
2915 2079 3110 2138 horum
3155 2081 3260 2138 sibi
3305 2085 3710 2146 similitudinem

2114 2161 2428 2231 praeformat
2451 2164 2506 2221 in
2534 2168 2758 2224 somnis.

2712 2310 2943 2369 CAPUT
2982 2314 3097 2370 XV.

2115 2412 2270 2485 Quod
2294 2419 2448 2472 unica
2488 2422 2747 2502 duntaagat
2785 2427 2964 2502 anima
3003 2431 3072 2481 sit
3116 2431 3169 2482 in
3199 2447 3412 2502 corpore
3459 2435 3708 2497 humano.

2546 2493 2735 2563 triplici
2762 2499 2992 2566 potentia
3020 2508 3284 2555 constans.

2184 2601 2291 2657 Sed
2336 2603 2563 2659 multum
2591 2622 2621 2660 a
2651 2611 2928 2678 proposito
2957 2627 3142 2669 sumus
3190 2615 3424 2671 abducti.
3471 2619 3702 2676 Demon-

2114 2703 2288 2750 strare
2318 2711 2550 2769 namque
2577 2714 2758 2756 sermo
2785 2705 3111 2773 promiserat
3155 2709 3300 2778 quod
3340 2725 3490 2766 mens
3519 2728 3623 2768 non
3653 2715 3704 2769 in

2114 2787 2290 2856 aliqua
2319 2798 2472 2858 parte
2493 2793 2737 2861 corporis
2766 2802 2910 2848 esset
2931 2794 3161 2863 inclusa,
3191 2800 3286 2854 sed
3313 2801 3596 2871 aequaliter
3615 2819 3711 2874 per

2114 2884 2288 2932 totum
2317 2895 2501 2949 sparsa
2529 2881 2816 2952 discurrat,
2856 2885 3010 2955 juxta
3059 2898 3262 2946 natura:
3309 2893 3710 2953 similitudinem

2116 2976 2324 3024 motum
2362 2972 2624 3040 subjectae
2652 2978 2820 3044 partis
2858 2977 3117 3036 efﬁciens.
3158 2981 3257 3038 Est
3294 2994 3473 3039 autem
3524 2988 3611 3042 ubi
3656 2999 3712 3044 et

2116 3059 2231 3128 ipsa
2276 3075 2431 3116 mens
2477 3070 2685 3121 natum:
2726 3068 3060 3139 subsequens
3099 3072 3327 3143 impetus
3356 3067 3711 3135 ministerium

2115 3149 2516 3218 quodammodo
2555 3157 2833 3213 servitutis
2881 3159 3160 3230 impendit.
3195 3162 3528 3234 Frequenter
3569 3170 3712 3225 enim

413 3258 758 3325 diurnorum,
806 3266 902 3313 aut
947 3274 1320 3329 saepenumero
1369 3258 1720 3326 qualitatibus
1744 3274 2006 3329 corpora-
2035 3248 2080 3310 C
2115 3249 2306 3295 natura
2334 3244 2589 3311 Ρνωοθάίι
2617 3249 2892 3317 corporis:
2927 3260 2983 3305 θι
3027 3262 3120 3308 θυι
3157 3256 3470 3312 occasiones
3519 3260 3714 3316 laetitiae

414 3349 545 3405 lium
577 3348 922 3406 all‘ectionum
951 3351 1282 3406 somniorum
1315 3349 1690 3421 prmfiguratur
1712 3351 2006 3421 expressio.

411 3441 505 3497 Sic
529 3443 732 3498 etenim
763 3443 856 3513 qui
898 3444 1013 3498 sitit
1061 3458 1181 3499 esse
1227 3458 1288 3499 se
1337 3443 1562 3497 miratur
1589 3443 1640 3496 in
1665 3442 1924 3508 fontibus,
1958 3452 2014 3498 et

415 3536 624 3592 deliciis
653 3537 852 3606 gaudet
892 3537 984 3605 qui
1033 3537 1168 3592 cibis
1219 3535 1443 3604 indiget,
1493 3543 1548 3589 et
1591 3535 1804 3604 juvenis
1849 3543 2012 3590 aetate

414 3628 603 3695 vigens
633 3627 926 3696 imaginum
956 3626 1265 3683 ludificatur
1304 3626 1575 3682 illecebris
1617 3641 1717 3696 pro
1757 3625 2010 3682 similitu-

413 3717 542 3782 dine
568 3718 855 3788 passionis.
887 3718 1020 3774 Novi
1052 3734 1184 3774 vero
1209 3733 1311 3788 ego
1340 3733 1439 3788 per
1465 3719 1738 3772 somnium
1766 3726 1821 3772 et
1851 3718 2013 3772 aliam

413 3808 764 3877 mnigmatum
815 3809 1146 3863 medéntium
1199 3823 1438 3864 causam.
1489 3808 1623 3862 Nam
1674 3807 1896 3878 quidam
1944 3805 2015 3862 de

417 3899 740 3955 necessariis
769 3899 904 3953 meis
927 3909 1118 3969 captus
1153 3897 1350 3953 frenesi
1368 3937 1383 3961 ,
1412 3914 1534 3952 eum
1567 3899 1792 3954 nimium
1821 3912 2014 3967 grava-

415 3999 584 4055 retur,
618 3989 765 4058 quod
797 3989 870 4043 illi
895 3989 1050 4045 cibus
1072 3989 1193 4060 plus
1218 4004 1380 4058 quam
1413 3991 1586 4044 virtus
1614 3989 1732 4058 ejus
1759 3999 2017 4058 exegerat

418 4088 567 4135 esset
595 4079 832 4145 oblatus,
866 4081 1162 4136 arbitratus
1183 4090 1266 4136 est
1288 4081 1442 4151 plura
1474 4082 1728 4136 intestina
1772 4089 2016 4138 stercore

420 4171 580 4242 plena
629 4171 733 4225 sibi
781 4171 1098 4241 superponi.
1143 4171 1388 4242 Cumque
1427 4171 1538 4242 jam
1587 4188 1758 4242 prope
1786 4180 1930 4228 esset
1959 4180 2018 4227 ut

421 4261 704 4331 fatigatum
745 4277 943 4332 corpus
973 4263 1093 4332 ejus
1130 4262 1419 4319 sudoribus
1467 4265 1766 4329 laxaretur,
1819 4279 2014 4333 aquam

416 4355 518 4408 sibi
548 4353 763 4408 deferre
791 4368 897 4422 qua
923 4353 1335 4423 perfunderetur
1355 4355 1544 4424 jacens
1565 4370 1662 4411 eos
1680 4356 1772 4424 qui
1794 4355 2020 4411 aderant

418 4444 746 4516 precabatur
787 4444 1006 4511 obnixe,
1056 4460 1158 4500 nec
1200 4445 1436 4512 destitit,
1478 4445 1584 4502 hoc
1615 4462 1740 4501 cum
1781 4447 2019 4502 clamore

416 4538 740 4608 deposcens,
771 4535 946 4592 donec
992 4538 1169 4593 exitus
1214 4552 1395 4594 rerum
1445 4539 1786 4608 querelarum
1829 4541 2018 4596 talium

2117 3341 2211 3388 aut
2256 3349 2450 3391 causas
2496 3339 2747 3394 mmroris
2791 3341 3043 3409 insinuat,
3098 3345 3171 3399 ita
3219 3354 3278 3400 ut
3333 3349 3446 3418 ipsa
3497 3351 3713 3420 quidem

2115 3432 2336 3497 prmstet
2383 3427 2594 3482 initium
2635 3430 2720 3484 vel
2767 3432 2919 3487 cibos
2953 3444 3228 3504 appetere,
3288 3437 3373 3492 vel
3418 3440 3714 3507 quamlibet

2116 3517 2275 3572 aliam
2303 3533 2417 3573 rem
2447 3519 2744 3589 voluptatis
2771 3522 3016 3593 implere.
3043 3525 3194 3584 Mens
3219 3536 3398 3584 autem
3431 3531 3564 3587 tales
3597 3547 3715 3588 mo-

2117 3618 2200 3664 tur
2229 3612 2410 3665 carnis
2432 3612 2731 3681 excipiens,
2759 3616 2968 3669 consilii
2997 3618 3077 3672 sui
3116 3619 3321 3674 nisibus
3344 3622 3716 3679 considerata-

2116 3716 2235 3754 rum
2267 3717 2446 3756 rerum
2474 3712 2629 3773 parat
2656 3704 2902 3761 eileetus.
2936 3706 3060 3763 Hinc
3102 3724 3232 3764 vero
3263 3727 3371 3766 non
3419 3713 3476 3768 lit
3506 3714 3560 3768 in
3597 3731 3714 3770 om-

2117 3796 2291 3862 nibus,
2319 3796 2413 3852 sed
2441 3798 2496 3851 in
2525 3799 2609 3852 his
2638 3807 2844 3854 tantum
2867 3799 2958 3870 qui
2989 3802 3218 3872 turpiter
3237 3802 3433 3870 allecti,
3465 3807 3714 3863 domina-

2119 3895 2231 3941 tum
2277 3887 2521 3943 rationis
2578 3896 2786 3944 naturae
2848 3893 3065 3948 nutibus
3129 3892 3446 3964 subjugant,
3513 3898 3715 3968 quique

2117 3977 2382 4046 suffragiis
2410 3978 2653 4048 ejusdem
2682 3982 2878 4038 mentis
2906 3984 3272 4055 voluptatibus
3307 4002 3562 4045 sensuum
3596 4005 3715 4046 ser-

2119 4068 2300 4123 vil;ter
2327 4068 2719 4138 obsequuntur.
2751 4071 2793 4126 A
2827 4074 3243 4143 perfectioribus
3267 4089 3448 4134 autem
3487 4094 3596 4135 non
3640 4081 3715 4136 ita

2120 4158 2236 4214 ﬁeri
2265 4168 2473 4215 certum
2501 4169 2604 4226 est,
2637 4166 2776 4234 apud
2805 4180 2942 4236 quos
2970 4183 3124 4223 mens
3162 4171 3417 4239 prrecedit
3445 4172 3498 4227 in
3540 4173 3716 4228 omni—

2119 4250 2241 4322 bus,
2265 4259 2320 4306 et
2347 4253 2559 4309 ratione
2581 4256 2760 4325 potius
2787 4273 2948 4326 quam
2973 4261 3222 4329 passione
3251 4263 3302 4318 id
3323 4265 3468 4335 quod
3497 4274 3718 4337 oportet

2121 4356 2524 4418 exsequuntur,
2569 4359 2870 4421 naturaque
2922 4356 3145 4424 vestigia
3195 4360 3468 4427 pereuntis
3511 4359 3716 4418 directa

2121 4449 2382 4496 sectatur.
2415 4442 2550 4509 Quia
2577 4460 2708 4500 vero
2733 4453 2843 4500 tres
2871 4446 3202 4504 diﬂ'erenlias
3235 4450 3414 4505 vitalis
3461 4453 3716 4522 potentia

2125 4533 2264 4586 ratio
2293 4531 2665 4603 deprehendit,
2701 4536 2754 4592 id
2775 4545 2855 4591 est
2884 4540 3336 4607 nutrimentalem,
3356 4559 3476 4614 qua)
3497 4553 3718 4616 propter

416 4646 637 4686 causam
667 4628 992 4685 absolveret.
1035 4630 1171 4685 Nam
1197 4632 1357 4686 simul
1384 4641 1440 4686 et
1465 4632 1631 4687 sudor
1655 4633 1918 4703 plurimus
1944 4649 2011 4688 ex
2042 4631 2094 4690 D
2118 4638 2308 4679 sensus
2346 4625 2554 4695 aliquos
2584 4636 2868 4696 augmenta
2907 4631 3117 4701 τεείρίῖν
3151 4640 3206 4686 ει
3241 4635 3563 4700 sensualem,
3597 4652 3718 4708 (ιυω

418 4721 534 4792 ejus
556 4721 737 4796 erupit
763 4736 1024 4792 corpore,
1055 4729 1110 4776 et
1137 4723 1347 4777 solutus
1393 4730 1588 4778 venter
1633 4724 2012 4780 intestinorum

417 4814 633 4885 pondus
663 4815 1050 4884 interpretatus
1077 4822 1179 4870 est.
1211 4814 1369 4882 Quod
1397 4815 1558 4884 igitur
1587 4817 1779 4873 obtusa
1809 4819 2015 4874 valetu-

417 4908 544 4963 dine
567 4914 756 4961 natura
789 4915 917 4961 tunc
943 4907 1184 4976 pertulit,
1217 4908 1461 4976 corporis
1491 4908 1839 4976 inaequalitati
1865 4925 2014 4964 com-

418 5013 578 5070 passa
610 5004 711 5062 est,
745 5007 804 5052 ut
852 4999 1156 5053 molestiam
1196 4998 1412 5067 quidem
1443 4999 1698 5063 sentiret,
1744 5008 1798 5055 et
1835 4999 2016 5056 dicere

417 5089 636 5159 quidem
666 5099 890 5159 propter
916 5089 1289 5157 mgritudinem
1329 5090 1612 5146 manifeste
1656 5106 1766 5145 non
1808 5101 2012 5161 posset,

419 5180 607 5248 idque,
629 5181 770 5235 sicut
811 5179 970 5234 datur
1017 5181 1265 5250 intelligi,
1317 5181 1418 5237 nisi
1465 5197 1534 5237 ex
1576 5183 2017 5238 incommoditate

419 5272 779 5341 contingeret,
800 5271 893 5327 sed
921 5273 1153 5328 naturali
1179 5288 1378 5344 sopore
1397 5289 1552 5329 mens
1579 5276 1839 5345 sospitate
1864 5291 2017 5346 gere-

419 5372 589 5429 retur,
641 5366 910 5420 somnium
956 5365 1204 5435 profecto
1249 5367 1301 5421 ei
1348 5368 1438 5436 qui
1488 5368 1568 5424 sic
1607 5375 1726 5422 erat
1771 5367 2014 5432 affectus,

419 5456 702 5521 existeret,
734 5469 929 5523 aquam
963 5455 1184 5524 quidem
1208 5446 1491 5520 sudorem,
1525 5455 1726 5512 fluxum
1763 5473 1890 5514 vero
1932 5459 2016 5512 in-

422 5545 748 5600 testinorum
795 5544 1173 5612 gravedinem,
1223 5561 1348 5601 esca
1395 5547 1540 5601 enim
1591 5548 1909 5616 gravitatem
1963 5557 2019 5604 et

420 5649 732 5706 pressuram
762 5635 1028 5691 moventis
1056 5637 1312 5691 insinuat.
1343 5635 1460 5692 Hoc
1488 5637 1624 5692 idem
1655 5653 1783 5694 vero
1803 5639 2018 5694 videtur

418 5736 477 5782 et
521 5726 766 5797 plurimis
808 5727 995 5796 peritis
1043 5727 1345 5790 medicinte,
1395 5728 1538 5798 quod
1584 5729 1820 5795 scilicet,
1860 5730 2016 5798 juxta

423 5817 738 5890 passionum
791 5816 1162 5885 differentias.
1211 5818 1544 5874 somniorum
1589 5834 1806 5890 quoque
1854 5821 2016 5876 variae

424 5907 592 5969 facies
637 5911 1026 5982 aegrotantibus
1072 5909 1340 5983 accidant,
1371 5910 1487 5968 alite
1533 5909 1750 5982 quidem
1790 5910 2014 5970 defectis

2121 4714 2200 4768 sic
2229 4715 2464 4770 nutritur
2491 4725 2548 4771 ut
2577 4718 2863 4784 sentiatbr,
2895 4729 2949 4774 et
2977 4721 3452 4795 rationalem,qu:e
3481 4725 3717 4796 perfecta

2120 4813 2204 4859 est
2231 4813 2286 4860 et
2314 4821 2412 4875 per
2441 4807 2536 4861 has
2564 4823 2752 4864 omnes
2792 4809 3128 4878 extenditur,
3168 4812 3373 4868 idcirco
3419 4816 3714 4870 notandum

2120 4905 2203 4949 est
2254 4897 2400 4966 quod
2439 4916 2543 4954 una
2593 4902 2672 4956 vis
2715 4904 3090 4959 tantummodo
3130 4905 3339 4971 vitalis,
3370 4907 3538 4963 altera
3585 4922 3716 4962 vero

2119 4988 2408 5062 sensualis,
2460 4991 2614 5044 tertia
2662 5007 2793 5047 vero
2842 5008 2952 5062 prae
2986 4997 3194 5050 cmter’is
3231 4997 3392 5051 etiam
3436 4997 3716 5052 rationalis

2120 5079 2340 5134 existat.
2372 5080 2477 5136 Sed
2510 5100 2669 5139 nemo
2699 5101 2798 5155 per
2837 5087 2952 5143 haec
2999 5090 3227 5144 {lelnlel
3274 5099 3383 5148 tres
3413 5093 3621 5148 animas
3661 5095 3713 5148 in

2122 5169 2354 5227 hominis
2378 5173 2810 5231 conformatione
2841 5179 3071 5248 propriis
3111 5181 3547 5251 circumscriptas
3595 5199 3717 5240 esse

2123 5261 2398 5328 limitibus,
2430 5275 2486 5320 et
2507 5266 2656 5321 velut
2679 5284 2746 5322 ex
2769 5269 3010 5337 pluribus
3049 5286 3168 5325 eam
3218 5272 3404 5328 credat
3433 5290 3554 5329 esse
3583 5290 3717 5334 cou‘:
3775 5292 3798 5319 ‘»

2123 5353 2326 5421 flatum,
2359 5373 2479 5412 cum
2509 5375 2636 5416 vera
2670 5368 2726 5415 et
2752 5360 2988 5431 perfecta
3022 5377 3125 5415 una
3149 5363 3217 5417 sit
3247 5364 3424 5418 anima
3455 5367 3714 5420 naturalis

2125 5453 2206 5500 ter
2253 5448 2547 5516 Spiritualis
2587 5458 2750 5521 atque
2793 5454 3156 5522 intelligibilis,
3213 5469 3331 5524 qua:
3383 5471 3479 5529 per
3526 5471 3713 5512 sensus

2123 5539 2379 5594 miscetur
2405 5545 2668 5598 materiali
2697 5545 3028 5601 substantia).
3062 5545 3233 5603 Omne
3271 5563 3400 5604 vero
3440 5551 3716 5606 materiale

2121 5641 2280 5699 atque
2310 5649 2632 5704 corporeum
2656 5639 2799 5705 quod
2830 5640 2881 5693 in
2929 5643 3286 5697 conversione
3333 5652 3495 5713 atque
3535 5656 3712 5698 muta-

2121 5724 2267 5781 tione
2296 5733 2398 5790 est,
2428 5727 2689 5797 siquidem
2707 5719 3047 5801 participium
3070 5733 3215 5803 capit
3242 5735 3494 5790 animatae
3518 5745 3715 5805 poten—

2121 5819 2227 5882 tite,
2258 5825 2463 5872 motum
2493 5833 2590 5890 per
2615 5819 2948 5876 incrementa
2986 5824 3228 5878 sortitur.
3274 5823 3332 5879 Si
3361 5841 3492 5881 vero
3527 5825 3595 5879 ab
3635 5824 3716 5880 ef-

2120 5908 2266 5968 fectu
2321 5908 2469 5967 vitali
2521 5911 2834 5981 recesserit,
2890 5920 3098 5997 motum
3145 5929 3302 5973 suum
3364 5916 3712 5998 corruptione
