4122 6522
433 339 530 395 371

1702 338 2056 394 DIONYSIUS
2095 335 2409 392 EXIGUUS.

3602 338 3707 395 372

433 454 739 513 testabitur.
784 447 954 526 Igitur
1007 465 1107 509 nec
1164 432 1358 509 sensus
1417 460 1640 526 propter
1685 448 2020 506 materialem
2049 449 2095 508 Α
2124 446 2209 501 vel
2237 447 2501 514 ambiens,
2529 445 2626 503 sed
2652 426 2903 504 invisibili
2942 447 3339 518 quodammodo
3365 461 3422 506 et
3467 451 3708 522 inexplo-

435 545 786 603 substantiam
809 585 825 610 ,
893 558 992 600 nec
1047 542 1435 600 intellectualis
1473 543 1526 598 in
1573 543 1730 598 nobis
1785 544 2022 613 potentia

435 643 662 707 pmpter
687 650 875 726 861533
900 641 1174 704 operatur.

1026 745 1254 802 CAPUT
1292 744 1408 799 XVI

441 840 596 904 Quod
619 841 827 911 proprie
851 840 1075 911 nominis
1112 841 1291 892 animo
1335 838 1608 892 rationalis
1628 847 1685 911 et
1712 839 1780 892 sit
1805 847 1855 891 et
1881 839 2025 892 dica-

513 907 688 974 ιτα-,ἐι
715 907 858 979 ’ᾳιιοά
887 912 1062 979 citima
1085 925 1176 978 per
1197 918 1358 962 totum
1400 924 1584 977 corpus
1611 907 1732 977 fusa
1774 924 2024 976 nusquam

511 987 703 1034 certam
721 978 893 1033 sedem
917 978 1120 1034 habeat.

513 1089 669 1159 Quod
696 1091 940 1161 quaedam
984 1091 1052 1148 de
1102 1093 1510 1149 creaturisxhac
1557 1092 1609 1146 vi
1659 1089 2026 1147 tantummodo

445 1182 707 1246 nituntur,
738 1195 845 1250 qua
876 1181 1185 1237 nutriuntur
1213 1190 1270 1236 et
1291 1190 1564 1246 crescunt,
1596 1182 1714 1236 alia:
1749 1196 1878 1236 vero
1906 1196 2029 1236 sea-

442 1285 598 1324 suum
627 1271 866 1340 potentia
911 1271 1223 1341 prmvalent,
1267 1280 1322 1325 et
1357 1286 1459 1327 nec
1498 1271 1586 1325 illa
1614 1271 1897 1336 sensibilis,
1929 1287 2030 1327 nec

442 1359 544 1414 ista
573 1359 852 1415 rationalis
882 1360 1253 1430 participantia
1301 1361 1598 1430 probantur
1624 1376 1745 1416 esse
1781 1360 2029 1419 substan-

444 1452 552 1515 tias,
575 1449 777 1507 idcirco
806 1451 926 1520 quis
953 1451 1250 1505 animarum
1279 1467 1398 1506 esse
1437 1450 1828 1506 multitudinem
1857 1452 2029 1521 suspi-

444 1553 619 1610 cetur,
644 1559 765 1599 cum
797 1543 1151 1598 differentiam
1191 1558 1373 1598 earum
1413 1559 1520 1598 non
1568 1543 1894 1613 competenti
1944 1558 2029 1597 ra-

445 1636 594 1691 tione
635 1634 874 1699 dellniat,
923 1635 1048 1704 quia
1091 1650 1254 1689 omne
1303 1634 1562 1705 quidquid
1608 1635 1662 1689 in
1718 1636 1879 1690 rebus
1925 1645 2029 1700 est,

445 1725 710 1797 siquidem
734 1727 969 1796 perfecte
993 1735 1048 1780 et
1073 1726 1279 1794 integre
1309 1735 1550 1792 vocatur,
1581 1727 1797 1797 proprie
1817 1735 2031 1782 constat
2056 1705 2073 1720 ’

2123 545 2242 592 rata
2290 538 2499 593 ratione
2543 546 2748 594 naturas
2793 539 3082 608 conjuncta
3126 549 3289 610 atque
3340 557 3607 610 connexa,
3652 545 3708 599 in

2123 630 2260 698 ipsa,
2291 637 2347 686 et
2391 629 2535 685 circa
2561 631 2730 700 ipsam
2772 646 2994 700 prorsus
3025 631 3307 701 inspicitur
3347 648 3416 689 eo
3453 636 3535 700 (ut
3576 636 3710 704 dixi)

2129 722 2314 789 modo,
2347 737 2457 792 quo
2486 737 2587 777 nec
2618 722 2839 792 intelligi
2866 732 3045 794 potest
3072 725 3292 779 omnino
3320 741 3419 782 nec
3441 726 3566 794 dici,
3607 729 3712 785 nisi

2125 813 2270 881 quod
2292 813 2446 882 juxta
2473 815 2750 884 proprium
2775 814 3018 869 ordinem
3049 813 3240 870 eadem
3265 815 3482 873 valente
3515 828 3708 874 natura

2128 918 2280 959 mens
2307 918 2524 974 quoque
2562 921 2690 962 suos
2718 903 2940 960 eii'ectus
2971 915 3251 961 exerceat.
3293 908 3351 964 Si
3388 917 3569 966 autem
3613 911 3710 968 de-

2128 995 2255 1049 licto
2282 995 2516 1064 quodam
2541 1004 2734 1052 natura
2762 997 3052 1064 nutaverit,
3092 997 3253 1052 etiam
3295 1008 3474 1056 motus
3515 1003 3713 1058 mentis

2129 1088 2362 1142 titubare
2395 1104 2615 1145 necesse
2640 1098 2741 1145 est.

2698 1177 2928 1234 CAPUT
2968 1178 3123 1234 XVII.

2132 1255 2414 1329 Enurralio
2440 1258 2600 1329 divini
2621 1261 2867 1312 sermonis
2891 1275 2988 1329 quo
3006 1260 3213 1324 dicitur,
3236 1259 3516 1315 Faciamus
3537 1263 3710 1316 homi—

2203 1342 2323 1379 nem
2354 1327 2419 1380 ad
2451 1328 2734 1394 imaginem
2783 1336 2838 1381 et
2888 1327 3290 1382 similitudinem
3346 1340 3603 1396 nostram,
3656 1334 3710 1385 in

2201 1412 2301 1466 quo
2341 1397 2652 1466 perquiritur
2681 1413 2793 1518 Ζῖιίε
2837 1399 2906 1450 sit
2949 1399 3101 1462 ratio,
3128 1409 3176 1451 et
3216 1400 3270 1451 in
3309 1417 3407 1470 quo
3436 1403 3603 1454 simile
3643 1403 3712 1454 sit

2203 1467 2366 1518 beatae
2392 1475 2441 1518 et
2467 1466 2678 1518 imnassi
2722 1467 2772 1518 'li
2793 1477 2994 1518 natura:
3016 1468 3112 1518 hoc
3146 1469 3388 1518 nauibile
3411 1480 3644 1518 nostrum
3663 1479 3712 1518 et

2203 1467 2366 1519 beatae
2392 1475 2441 1518 et
2467 1466 2772 1535 impassibili
2793 1477 2994 1520 natura:
3016 1468 3112 1522 hoc
3144 1466 3388 1535 possibile
3411 1480 3644 1524 nostrum
3663 1479 3714 1524 et

2205 1536 2439 1611 mortale,
2461 1545 2508 1588 et
2536 1535 2962 1611 quemadmodum
2983 1539 3035 1590 in
3061 1539 3288 1611 imagine
3331 1541 3588 1594 masculus
3616 1558 3713 1611 ap-

2205 1604 2443 1673 probetur
2471 1613 2519 1680 et
2543 1604 2751 1673 femina,
2782 1622 2894 1658 cum
2926 1607 2978 1658 in
3008 1604 3252 1676 primane
3292 1611 3461 1680 forma
3509 1604 3715 1665 minime

2204 1683 2409 1727 exstare
2435 1674 2723 1728 videantur.

2204 1751 2311 1807 Sed
2350 1767 2680 1806 assumamus
2719 1754 2908 1807 iterum
2961 1754 3154 1810 divina:
3199 1758 3349 1812 vocis
3392 1759 3714 1814 oraculum:

446 1832 566 1873 esse
589 1816 735 1917 filioli
773 1815 984 1917 (“fiun-
1015 1817 1075 1917 §i
1119 1827 1300 1872 amem
1350 1832 1462 1917 “°"_
1499 1833 1595 1888 Per
1643 1820 1855 1917 θίῖιηίίδν⁸
1883 1823 2030 1888 quo“
2063 1823 2108 1881 Β
2138 1843 2419 1896 Faciamus
2474 1842 2729 1898 hominem
2803 1845 2874 1898 ad
2910 1846 3186 1917 imaginem
3232 1857 3282 1901 et
3333 1849 3718 1914 similitudinem

447 1907 750 1979 appellatur
769 1909 983 1990 existat,
1013 1909 1173 1963 inane
1195 1925 1390 1966 nomen
1416 1911 1466 1964 ei
1489 1919 1704 1980 putatur
1721 1912 2033 1980 ascriptum,

449 2010 511 2054 ut
539 2009 667 2070 puta
692 1999 834 2068 quod
881 2015 1060 2055 rerum
1097 2001 1205 2055 vim
1245 2016 1354 2056 non
1406 2001 1758 2066 demonstret,
1809 2002 2037 2058 dicimus

451 2091 596 2145 enim
623 2089 838 2160 proprie
858 2088 1102 2158 subjecto
1130 2104 1327 2144 nomen
1353 2090 1650 2161 imponere.
1676 2090 1830 2156 Quod
1856 2092 1902 2146 si
1919 2091 2037 2160 quis

451 2197 520 2236 ex
549 2180 725 2251 lapide
747 2178 1094 2235 fabrefactum
1113 2180 1517 2235 similitudinem
1538 2182 1652 2235 veri
1674 2181 1828 2251 panis
1850 2189 2036 2237 osten-

457 2281 550 2338 tet,
579 2273 666 2328 cui
695 2279 751 2327 et
771 2273 940 2326 forma
969 2271 1186 2340 quidem
1228 2273 1342 2342 ipsa
1367 2273 1457 2337 sit,
1507 2283 1562 2328 et
1583 2273 1894 2342 magnitudo
1923 2273 2039 2342 ejus

455 2364 698 2420 videatur
716 2363 953 2434 aequalis,
986 2377 1086 2419 nec
1108 2379 1222 2418 non
1249 2373 1306 2418 et
1341 2363 1586 2419 eamdem
1615 2365 1812 2420 coloris
1848 2365 2036 2420 simili-

455 2453 694 2509 tudinem
720 2453 983 2524 praeferat,
1017 2454 1087 2508 ita
1118 2463 1177 2508 ut
1215 2454 1396 2510 multis
1425 2453 1634 2512 indiciis
1682 2472 1840 2514 verus
1885 2467 2040 2527 pute-

456 2557 568 2613 tur,
593 2546 732 2601 desit
760 2556 938 2601 autem
979 2546 1056 2600 illi
1087 2545 1232 2616 quod
1268 2545 1419 2601 cibus
1446 2546 1617 2616 possit
1655 2549 1908 2614 existere,
1959 2549 2038 2602 id-

453 2639 599 2693 circo
614 2638 726 2707 jam
769 2636 997 2707 lapidem
1027 2640 1242 2707 proprie
1271 2637 1358 2693 vel
1403 2638 1735 2705 naturaliter,
1783 2655 1891 2694 non
1940 2640 2038 2693 nisi

454 2731 674 2790 abusive
700 2742 853 2805 panis
881 2730 1296 2805 appellationem
1323 2729 1545 2788 dicimus
1571 2731 1866 2807 accepisse.
1909 2729 2038 2787 Item

458 2835 648 2882 statera
696 2827 849 2895 juxta
880 2827 1126 2881 eamdem
1169 2830 1434 2883 rationem
1463 2842 1583 2896 qua:
1628 2844 1736 2882 non
1782 2839 1906 2883 sunt
1943 2845 2040 2899 per

455 2919 638 2973 omnia
665 2917 815 2986 quod
838 2917 1112 2985 dicuntur,
1147 2917 1350 2974 habent
1390 2933 1457 2973 ex
1507 2918 1764 2974 abusione
1808 2919 2038 2974 vocabu-

457 3013 588 3066 lum.
619 3008 709 3064 Sic
735 3008 895 3076 igitur
923 3016 978 3062 et
998 3007 1174 3061 anima
1195 3022 1317 3062 cum
1340 3007 1727 3078 perfectionem
1757 3009 1810 3063 in
1831 3010 2040 3064 ratione

2135 1945 2385 2001 nostram,
2414 1949 2572 2004 quam
2595 1950 2757 2004 parva
2779 1945 2939 2006 atque
2965 1938 3180 2007 indigna
3199 1941 3442 1995 nonnulli
3461 1951 3718 1998 externo—

2138 2041 2255 2079 rum
2296 2025 2364 2080 de
2410 2023 2806 2093 magnificentia
2854 2028 3087 2084 hominis
3132 2032 3385 2100 suspicati
3440 2042 3584 2100 sunt,
3629 2035 3720 2103 qui

2137 2131 2261 2170 eum
2308 2115 2598 2170 collatione
2642 2116 2827 2171 mundi
2876 2118 3034 2187 hujus
3067 2120 3330 2175 extollere
3375 2129 3718 2192 putaverunt.

2137 2205 2398 2261 Dixerunt
2425 2206 2567 2261 enim
2595 2221 2820 2276 parvum
2865 2208 3122 2262 mundum
3151 2223 3270 2265 esse
3310 2211 3608 2279 hominem,
3654 2213 3722 2268 de

2141 2298 2268 2366 ipsis
2313 2305 2616 2352 exstantem
2657 2299 3047 2355 universalibus
3086 2301 3384 2357 elementis.
3433 2303 3539 2358 Sed
3578 2306 3721 2360 enim

2139 2390 2230 2457 qui
2315 2397 2462 2442 tanta
2485 2389 2747 2459 jactantia
2787 2391 3021 2446 nominis
3061 2391 3429 2461 hujuscemodi
3475 2395 3722 2450 humana:

2138 2477 2451 2532 substantias
2479 2477 2842 2540 contulerunt,
2868 2480 2949 2533 sui
2978 2495 3201 2550 prorsus
3229 2482 3381 2537 obliti
3409 2493 3554 2553 sunt,
3595 2485 3721 2540 dum

2139 2587 2206 2626 ex
2239 2571 2659 2641 preprietatibus
2685 2573 2850 2627 muris
2878 2581 2934 2628 et
2965 2574 3151 2629 culicis
3177 2577 3444 2646 praeconia
3491 2579 3724 2633 hominis

2141 2664 2319 2732 inepta
2346 2661 2633 2717 ﬁnxerunt.
2684 2661 2814 2716 Nam
2847 2672 2902 2718 et
2931 2665 3032 2719 illis
3073 2681 3140 2720 ex
3179 2676 3410 2736 quatuor
3446 2669 3726 2726 elementis

2145 2760 2331 2807 natura
2363 2758 2646 2820 compacta
2673 2759 2778 2822 est,
2811 2761 2866 2806 et
2894 2754 3037 2808 "circa
3067 2769 3255 2810 omnes
3283 2756 3580 2812 animantes
3623 2758 3724 2814 ho-

2141 2864 2258 2902 rum
2289 2850 2682 2905 elementorum
2706 2843 2825 2919 plus
2853 2844 3094 2899 minusve.
3123 2845 3362 2922 quedam
3392 2848 3568 2924 portio
3603 2871 3726 2910 cere

2142 2943 2306 3007 nitur,
2336 2943 2452 2996 sine
2479 2957 2585 3012 qua
2631 2941 2928 2998 subsistere
2979 2957 3040 2998 ea
3071 2958 3191 3013 qua:
3222 2953 3444 2999 utuntur
3481 2947 3725 3004 sensibus

2143 3033 2362 3087 omnino
2408 3049 2516 3088 non
2553 3042 2828 3104 poterunt.
2883 3033 3022 3100 Quid
3061 3037 3224 3104 igitur
3263 3037 3516 3108 amplum,
3565 3038 3610 3094 si
3656 3037 3724 3093 ad

459 3109 514 3155 et
559 3099 832 3154 intellectu
882 3113 1102 3167 prorsus
1140 3097 1402 3165 obtineat,
1431 3114 1591 3154 omne
1625 3099 1882 3170 quidquid
1928 3099 2039 3153 lucc

2147 3121 2326 3176 mundi
2357 3097 2581 3189 ﬁguram
2609 3123 2695 3178 vel
2721 3097 3122 3178 similitudinem
3151 3097 3368 3195 putetur
3396 3097 3557 3182 homo
3587 3142 3726 3198 pnn-

457 3204 566 3243 ηοη
596 3196 696 3250 θεῖν
729 3187 1004 3284 ωίὶιξξνροθ
1049 3186 1263 3284 ψξῖάθω
1302 3189 1480 3284 {nimii
1524 3197 1704 3284 Ρῦξβει
1747 3204 1884 3284 855?,
1935 3205 2040 3284 θοξι
2069 3190 2113 3250 C
2147 3186 2444 3278 ferri,-c(eli
2481 3209 2626 3280 quod
2670 3211 2881 3276 transit,
2919 3221 3074 3267 terrae
3118 3186 3252 3268 vero
3301 3229 3420 3284 quae
3470 3186 3724 3280 mutatur,

460 3291 638 3334 tamen
669 3294 796 3334 vere
821 3279 1013 3334 dicitur
1034 3281 1230 3346 anima,
1258 3279 1351 3337 sed
1376 3291 1460 3337 est
1485 3281 1661 3337 vitalis
1695 3281 1936 3351 quendam
1965 3281 2042 3337 ef-

462 3371 693 3427 ficientia
753 3385 873 3440 quas
932 3385 1029 3440 per
1079 3372 1391 3428 abusionem
1443 3373 1622 3427 anima
1683 3381 2039 3443 nuncupatur.

463 3462 692 3533 Propter
711 3463 854 3533 quod
880 3472 937 3519 et-
957 3458 1399 3522 irrationabilium
1425 3472 1645 3519 naturas
1666 3473 1917 3533 tanquam
1935 3479 2044 3518 non

464 3551 652 3622 procul
682 3551 974 3608 existentes
1001 3566 1031 3605 a
1059 3551 1318 3607 surculari
1348 3551 1432 3606 vel
1467 3551 1709 3606 seminali
1734 3553 1860 3616 vlta,
1900 3551 2045 3606 dedit

464 3645 532 3698 ad
575 3659 703 3700 usus
742 3644 1019 3700 hominum
1069 3643 1212 3699 Deus
1240 3645 1328 3714 qui
1370 3643 1438 3700 de
1481 3644 1706 3712 singulis
1747 3646 2044 3714 quibusque

461 3734 720 3806 justitiam
750 3734 881 3804 legis
907 3749 1018 3789 suae
1044 3732 1230 3801 amxit,
1253 3743 1313 3788 ut
1341 3734 1392 3789 bi
1422 3735 1513 3803 qui
1541 3749 1728 3790 eorum
1759 3744 2047 3790 vescuntur

463 3827 733 3894 carnibus,
763 3843 862 3898 pro
889 3827 1126 3882 oleribus
1153 3826 1402 3881 habeant.
1446 3825 1646 3882 Omnes
1669 3826 1813 3883 enim
1859 3841 2048 3881 carnes

468 3917 857 3974 manducabitis
882 3917 1022 3972 sicut
1061 3917 1207 3972 olera
1256 3915 1383 3972 feni.
1427 3916 1619 3972 Parum
1663 3931 1892 3986 namque
1931 3915 2049 3985 plus

469 4009 668 4064 habere
715 4006 965 4062 videntur
1012 4022 1107 4075 per
1149 4021 1401 4062 sensuum
1436 4007 1846 4075 vegetationcm,
1888 4022 2046 4077 quam

469 4099 556 4154 illa
582 4099 776 4169 quibus
808 4098 1042 4162 aluntur,
1086 4106 1140 4151 et
1167 4096 1359 4166 quibus
1407 4105 1679 4152 crementa
1729 4096 2049 4166 percipiunt,

380 4245 388 4252 ,
469 4209 588 4263 quae
615 4207 702 4246 res
730 4191 960 4245 instruat
990 4199 1257 4244 amatores
1286 4191 1546 4254 carnium,
1582 4204 1687 4243 non
1719 4189 1898 4245 multis
1927 4205 2050 4246 seu-

471 4283 710 4338 sibilibus
739 4281 974 4335 animum
1012 4294 1168 4333 suum
1197 4288 1434 4342 nectere,
1465 4278 1560 4333 sed
1605 4279 1774 4348 magis
1800 4279 2052 4348 spiritali-

473 4379 568 4429 bus
596 4373 886 4445 privilegiis
899 4373 1176 4443 occupari,
1203 4372 1344 4441 quod
1369 4374 1420 4426 in
1452 4371 1536 4427 his
1561 4388 1686 4427 vere
1706 4373 1897 4428 animm
1917 4388 2048 4428 con-

474 4466 768 4535 spiciantur
795 4463 1036 4519 effectus.
1070 4463 1202 4517 Nam
1233 4464 1283 4518 in
1307 4463 1466 4518 rebus
1495 4462 1796 4519 carnalibus
1837 4464 2050 4519 irratio-

2143 3311 2198 3355 et
2223 3301 2458 3356 omnium
2481 3314 2600 3369 qua:
2619 3303 2674 3354 in
2700 3301 2784 3356 bis
2803 3303 3144 3357 continentur
3165 3306 3548 3360 continentium
3580 3315 3726 3361 tran-

2143 3392 2271 3459 situ,
2305 3391 2418 3462 parl
2439 3390 2750 3446 conditione
2779 3391 3111 3446 labentium?
3138 3392 3244 3448 Sed
3266 3394 3319 3447 in
3347 3409 3454 3464 quo
3479 3396 3549 3450 sit
3571 3395 3725 3464 juxta

2146 3483 2567 3538 ecclesiasticam
2597 3483 2860 3538 rationem
2887 3484 3120 3539 hominis
3147 3486 3475 3555 magnitudo,
3524 3503 3630 3542 non
3672 3489 3725 3542 in

2147 3594 2212 3630 eo
2238 3575 2385 3645 quod
2412 3575 2478 3629 ad
2499 3574 2898 3630 similitudinem
2927 3577 3108 3631 mundi
3133 3586 3214 3631 est
3240 3577 3503 3642 conditus,
3533 3577 3628 3634 sed
3659 3581 3726 3634 ad

2149 3667 2434 3733 imaginem
2463 3664 2635 3720 factus
2671 3671 2758 3719 est
2783 3663 3076 3720 Creatoris.
3123 3663 3390 3722 Fortassis
3423 3669 3566 3722 enim
3607 3683 3728 3738 quas

2146 3757 2218 3809 sit
2246 3754 2490 3821 imaginis
2519 3753 2658 3807 ratio
2687 3768 2917 3821 quaeras,
2960 3755 3234 3823 quomodo
3269 3756 3590 3826 incorporeo
3609 3772 3730 3812 cor-

2149 3847 2334 3918 porale
2359 3847 2428 3901 sit
2464 3847 2656 3908 simile,
2701 3846 2842 3916 quod
2871 3847 3166 3916 temporale
3190 3856 3274 3902 est
3301 3848 3644 3917 sempiterno,
3675 3861 3731 3904 et

2149 3937 2574 3994 incommutabili
2604 3938 2656 3992 id
2681 3938 2824 4007 quod
2846 3940 3115 3994 continuis
3135 3940 3369 3995 motibus
3401 3941 3728 4008 immutatur,

2155 4029 2470 4100 impassibili
2506 4030 2668 4084 etiam
2713 4037 2770 4085 et
2793 4029 3199 4100 'incorruptibili
3231 4032 3375 4099 quod
3405 4033 3641 4101 passioni
3676 4044 3733 4086 et

2119 4193 2131 4196 _
2151 4122 2483 4192 (νοτηινιὶοηί
2513 4121 2816 4190 subjectum
2841 4131 2943 4186 est,
2982 4131 3036 4177 et
3063 4124 3110 4178 ei
3140 4125 3232 4193 qui
3280 4125 3395 4179 sine
3423 4124 3620 4180 malitia
3651 4135 3732 4181 est

2153 4212 2258 4266 ulla
2294 4213 2346 4267 id
2375 4212 2520 4283 quod
2545 4227 2756 4284 semper
2778 4214 2832 4268 in
2879 4215 3080 4269 malitia
3127 4223 3181 4270 et
3225 4216 3530 4272 defectione
3558 4233 3731 4273 versa-

2155 4311 2258 4356 tur.
2291 4301 2514 4356 Multum
2543 4317 2776 4371 namque
2803 4303 2964 4358 distat
2990 4305 3130 4358 inter
3149 4307 3454 4375 primmvam
3485 4307 3729 4370 formam,

2153 4404 2207 4445 et
2234 4406 2354 4446 eam
2383 4408 2500 4463 quas
2527 4392 2596 4447 ad
2629 4393 3028 4449 similitudinem
3077 4395 3192 4464 ejus
3234 4397 3372 4452 facta
3403 4407 3504 4453 est.
3555 4397 3733 4468 imago

2155 4486 2372 4555 quippe,
2394 4487 2631 4541 siservet
2643 4487 2950 4556 principalis
2971 4487 3155 4542 forma:
3176 4489 3734 4557 similitudinem,vere

474 4556 682 4612 nabiles
709 4555 865 4610 nobis
891 4564 1015 4610 sunt
1043 4570 1322 4626 compares
1341 4564 1396 4610 et
1421 4556 1671 4626 aequales.
1699 4555 1806 4610 Sed
1837 4557 1889 4610 in
1909 4556 2045 4612 aliud

2160 4577 2335 4645 imago
2357 4586 2413 4630 et
2429 4555 2655 4647 proprie
2671 4555 2850 4645 imago
2864 4578 3075 4633 dicitur.
3100 4577 3156 4633 Si
3200 4595 3332 4635 vero
3354 4581 3422 4635 ab
3437 4582 3553 4652 ejus
3568 4555 3737 4638 imitao

476 4651 668 4706 nescio.
684 4648 956 4718 quomodo
983 4647 1366 4716 consequentia
1405 4650 1668 4704 sermonis
1697 4647 1890 4702 inflexa
1930 4658 2012 4701 est
2041 4665 2053 4700 :

479 4758 586 4797 non
615 4741 758 4796 enim
800 4740 904 4794 hoc
945 4747 1065 4793 erat
1101 4739 1154 4791 in
1196 4738 1649 4807 contemplatione
1700 4736 2052 4806 propositum,

479 4846 534 4893 ut
563 4836 692 4905 quid
737 4843 885 4890 esset
910 4831 1262 4887 excellentius
1291 4831 1346 4885 in
1376 4831 1611 4893 homine,
1646 4837 1826 4883 utrum
1865 4827 2057 4882 mentis

479 4925 723 4997 operatio
759 4932 853 4978 aut
901 4921 1206 4980 substantia
1246 4920 1556 4984 materialis,
1599 4919 1913 4990 inquireret,
1961 4915 2056 4970 sed

478 5017 622 5088 quod
653 5018 704 5071 in
729 5016 912 5084 aliqua
934 5023 1088 5084 parte
1116 5028 1304 5068 eorum
1332 5026 1450 5080 qua:
1475 5013 1526 5065 in
1553 5010 1707 5065 nobis
1734 5018 1860 5065 sunt
1906 5024 2058 5064 mens

479 5117 622 5165 esset
650 5109 866 5165 innexa.
891 5104 1170 5174 :cqualiter
1187 5113 1364 5157 autem
1395 5103 1446 5155 in
1473 5101 1717 5156 omnibus
1746 5111 1795 5154 et
1815 5115 1914 5170 per
1939 5115 2059 5154 om-

483 5205 568 5256 nia
596 5215 716 5257 sese
741 5195 1018 5262 diti‘undat,
1049 5205 1104 5251 et
1137 5211 1237 5250 nec
1277 5196 1609 5250 extrinsecus
1634 5197 1930 5263 contineat,
1961 5212 2062 5252 inec

480 5293 823 5348 contineatur
846 5290 1185 5344 intrinsecus.
1216 5286 1339 5343 Haec
1361 5289 1500 5343 enim
1525 5287 1693 5343 forma
1721 5291 1775 5343 in
1806 5288 1950 5344 cadis
1970 5299 2062 5345 aut

483 5384 542 5438 in
566 5382 742 5438 situlis
779 5380 1008 5452 aliisque
1048 5379 1310 5437 similibus
1337 5379 1478 5434 vasis
1521 5388 1682 5448 atque
1725 5381 2058 5448 corporibus,

482 5488 606 5544 qua:
629 5487 690 5528 se
715 5487 814 5528 sua
841 5473 1140 5542 capacitate
1162 5470 1442 5526 continent
1467 5470 1682 5541 proprie
1715 5471 2058 5542 pervidetur:

486 5562 798 5621 communio
821 5578 953 5619 vero
973 5563 1168 5618 mentis
1197 5561 1262 5617 ad
1291 5577 1488 5634 corpus
1516 5561 1835 5618 ineffabilem
1870 5576 2060 5632 quam-

489 5656 612 5708 dam
640 5662 695 5708 et
725 5653 1316 5724 incomprehensibiicm
1343 5652 1586 5724 copulam
1615 5655 1816 5710 habere
1864 5666 2067 5721 cogno-

495 5748 677 5809 scitur,
720 5763 819 5801 nec
864 5748 1086 5801 interius
1133 5748 1394 5815 existens,
1442 5750 1565 5817 quia
1613 5766 1698 5802 res
1747 5750 2060 5816 incorporea

495 5839 670 5907 nequit
715 5853 940 5907 corpore
992 5838 1272 5904 Contincri,
1323 5854 1419 5894 nec
1465 5840 1697 5895 exn-rius
1746 5839 2060 5893 circumfusa

2163 4666 2307 4721 tione
2327 4665 2590 4736 discedat,
2617 4667 2760 4722 aliud
2781 4667 3031 4737 quiddam
3059 4685 3180 4725 esse
3210 4679 3556 4727 monstratur.
3589 4671 3735 4740 Quo-

2163 4755 2323 4811 modo
2342 4771 2473 4826 ergo
2489 4759 2732 4813 mortalis
2752 4760 2915 4813 homo
2934 4761 3232 4829 purissima:
3245 4761 3386 4817 illius
3397 4771 3451 4816 et
3468 4762 3736 4818 immorta-

2159 4848 2224 4902 lis
2246 4856 2447 4902 naturzn
2461 4861 2778 4918 semperque
2789 4848 3126 4905 subsistentis
3149 4851 3327 4918 imago
3347 4866 3466 4907 esse
3485 4853 3737 4921 probabi-

2159 4937 2279 4989 tur?
2305 4935 2377 4990 De
2400 4937 2481 4990 his
2509 4937 2688 5005 itaque
2709 4938 2880 4990 solam
2900 4953 3087 4992 veram
3117 4939 3377 4994 rationem
3404 4941 3516 5010 ipsa
3537 4944 3738 4998 veritas

2165 5027 2440 5084 evidenter
2457 5031 2718 5098 agnoscit.
2735 5030 2841 5085 Nos
2856 5031 3058 5097 autem,
3075 5040 3330 5099 (innatum
3347 5047 3542 5102 capere
3559 5049 3740 5104 possu-

2165 5133 2303 5184 mus,
2343 5121 2654 5189 qnibusdam
2685 5121 3006 5189 conjecturis
3057 5133 3219 5191 atque
3257 5123 3740 5192 conjec:ationibus

2164 5208 2442 5261 veritatem
2459 5209 2627 5278 ipsam
2651 5209 2840 5264 sedulo
2860 5211 3258 5279 investigantes,
3286 5211 3389 5268 hoc
3417 5214 3740 5269 arbitramur

2164 5309 2283 5351 esse
2302 5295 2446 5366 quod
2465 5299 2740 5367 quaeritur,
2755 5299 2822 5353 de
2835 5314 2944 5368 quo
2963 5315 3062 5356 nos
3082 5302 3367 5358 necdivina
3386 5303 3522 5358 fallit
3542 5305 3737 5370 oratio,

2163 5400 2284 5454 quas
2294 5387 2363 5441 ad
2377 5387 2659 5457 imaginem
2683 5388 2778 5446 Dei
2799 5389 2994 5445 factum
3009 5393 3276 5447 hominem
3299 5395 3501 5462 tetulit,
3523 5409 3625 5458 nec
3639 5394 3741 5449 hu-

2166 5490 2336 5532 mana
2355 5486 2558 5534 natura:
2576 5479 2823 5536 deﬂenda
2841 5482 3052 5536 miseria
3075 5492 3178 5549 est,
3194 5485 3320 5552 quia
3335 5483 3507 5540 beata:
3525 5486 3665 5540 illius
3685 5496 3740 5541 et

2165 5565 2507 5636 impassibilis
2534 5572 2652 5625 vitae
2673 5571 3076 5628 similitudinem
3097 5575 3251 5642 gerit.
3277 5575 3504 5630 Necesse
3534 5589 3618 5632 est
3644 5592 3740 5631 an-

2169 5666 2276 5710 tcm
2309 5671 2339 5711 e
2378 5658 2585 5715 duobus
2631 5661 2857 5716 alterum
2887 5661 3148 5727 conﬁteri,
3182 5665 3436 5734 utsiQuis
3465 5678 3740 5736 comparet

2167 5748 2272 5804 Deo
2287 5751 2424 5815 quod
2455 5763 2692 5805 nosti-inn
2716 5765 2815 5814 est,
2850 5754 3264 5823 autpassibilcm
3284 5755 3514 5810 divinam
3530 5768 3622 5810 aut
3642 5759 3740 5811 im-

2165 5841 2468 5910 [ιηεεπζέλίἰί-ηι
2504 5843 2786 5900 liumnnzutt
2827 5857 2974 5916 pulei
3017 5864 3130 5901 περιρ
3173 5848 3542 5914 μιίξχιιξάιιιὶειιιι,
3595 5851 3743 5904 velut
