4122 6552
387 384 491 440 575

1184 393 1358 447 LIBRI
1399 392 1486 445 DE
1526 387 1912 446 CREATIONE
1950 385 2229 442 1‘10)“le
2264 383 2829 441 lNTERPBETATiO.
2868 380 2883 391 ’

3561 392 3664 448 ’ὅτι

389 505 732 574 aequitatibus
780 507 894 561 istis
944 507 1253 562 substantiae
1307 505 1600 560 similitudo
1649 502 1877 559 rationis
1931 502 1983 555 in
2014 504 2061 562 Α
2091 499 2195 555 hoc
2216 499 2265 554 id
2291 498 2435 568 quod
2458 515 2616 571 supra
2645 499 2877 553 diximus
2908 500 3221 569 Apostolutu
3246 500 3515 567 definisse,
3545 505 3666 571 quia

392 598 636 666 utrisque
666 606 939 653 cernatur.
969 597 1026 651 Si
1055 613 1185 652 vero
1230 612 1404 664 neque
1452 595 1713 651 Divinitas
1758 595 1813 648 in
1858 608 1984 663 pas-

391 689 546 744 sione
575 697 678 754 est,
710 704 885 759 neque
912 696 1091 744 nostra
1123 688 1458 757 passionibus
1497 686 1794 756 probantur
1832 698 1985 739 exce-

396 787 511 850 pta,
556 789 712 850 putas
755 795 876 849 quae
917 780 1086 834 altera
1134 778 1457 847 relinquitur
1501 776 1642 832 ratio
1689 774 1983 830 secundum

398 883 559 937 quam
605 869 839 924 divinam
883 884 1071 925 vocem
1113 883 1357 923 veracetn
1404 882 1525 922 esse
1559 866 1819 929 dicamus,
1864 878 1984 933 qua:

400 959 685 1029 imaginem
716 960 811 1016 Dei
842 961 1113 1016 hominem
1143 974 1262 1015 esse
1292 967 1483 1013 testata
1509 958 1623 1014 est?
1648 957 1813 1026 igitur
1836 971 1984 1010 eam-

402 1050 525 1105 dem
565 1052 884 1122 scripturam
931 1066 1204 1107 sumamus
1246 1051 1570 1115 universam,
1619 1050 1665 1102 si
1711 1046 1983 1117 quomodo

402 1156 499 1209 per
524 1157 640 1196 eam
672 1143 828 1198 nobis
856 1142 1031 1211 aliqua
1057 1141 1350 1196 declaratio
1374 1139 1440 1194 ad
1468 1140 1522 1195 id
1558 1139 1701 1209 quod
1727 1138 1983 1209 qumritur

402 1231 688 1288 elucescat.
726 1233 1076 1302 Posteaquam
1099 1232 1232 1286 dixit
1269 1248 1282 1284 :
1316 1229 1595 1284 Faciamus
1626 1230 1902 1297 hominem,
1931 1237 1986 1283 et

401 1323 468 1376 ad
498 1339 657 1393 quam
686 1339 799 1379 rem
828 1323 998 1378 factus
1023 1334 1105 1378 est
1126 1323 1396 1387 indicavit,
1424 1322 1660 1376 inferens
1687 1322 1830 1390 quod
1862 1323 1985 1392 fecit

408 1411 546 1467 Deus
592 1415 659 1467 ad
714 1416 1023 1486 imaginem,
1075 1413 1145 1467 ad
1192 1414 1468 1484 imaginem
1522 1411 1619 1466 Dei
1668 1413 1791 1482 fecit
1837 1428 1980 1476 eum,

402 1505 686 1559 masculum
730 1515 781 1559 et
822 1506 1073 1575 feminam
1118 1505 1242 1573 fecit
1278 1520 1384 1557 eos.
1414 1501 1531 1556 Jam
1567 1517 1696 1557 vero
1726 1504 1781 1556 in
1824 1516 1983 1571 supe-

400 1594 630 1649 rioribus
657 1594 858 1650 dictum
888 1603 972 1649 est
996 1596 1139 1663 quod
1163 1593 1229 1649 ad
1252 1593 1672 1648 destructionem
1694 1592 1983 1663 impietatis

400 1686 664 1740 haeretica:
685 1685 950 1741 sententia
980 1683 1080 1740 ista
1102 1684 1456 1756 processerit,
1487 1699 1594 1753 qua
1614 1691 1982 1753 competenter

399 1776 729 1840 instruimur,
779 1776 921 1847 quod
964 1776 1151 1833 fecerit
1198 1777 1471 1831 hominem
1498 1775 1803 1843 unigenitus
1841 1775 1981 1830 Deus

2086 590 2141 642 in
2163 588 2366 644 Christo
2394 588 2517 644 Jesu
2546 607 2706 661 neque
2735 591 2991 645 masculus
3020 608 3180 661 neque
3224 594 3439 662 femina.
3472 593 3673 649 Deinde

2088 683 2268 738 intulit
2294 683 2440 752 quod
2465 684 2712 739 humana:
2755 693 2960 739 natura:
3000 686 3361 754 proprietates
3405 688 3674 756 exprime-

2089 784 2190 842 ret,
2208 775 2492 829 masculum
2514 785 2565 828 et
2593 777 2840 846 feminam
2872 777 2991 844 fecit
3021 793 3127 830 eos.
3163 777 3272 831 Nec
3299 791 3386 830 me
3406 777 3670 845 quispiam

2088 867 2269 936 culpet
2298 867 2442 935 quod
2474 867 2763 936 propositm
2792 865 3019 922 rationis
3056 867 3465 936 intelligentiam
3490 869 3674 923 videar

2088 973 2154 1011 ex
2206 957 2317 1011 alto
2348 956 2645 1022 deducere;
2695 957 2836 1011 Deus
2890 956 3034 1011 enim
3078 958 3396 1011 naturaliter
3435 958 3675 1012 existens

2087 1047 2348 1118 quidquid
2380 1049 2508 1103 boni
2532 1048 2858 1115 cogitatione
2884 1047 3316 1116 complectimur,
3359 1048 3469 1102 imo
3494 1048 3673 1118 potius

2088 1139 2236 1193 omni
2264 1139 2409 1195 bono
2437 1139 2582 1208 quod
2612 1138 2960 1206 autintelligi
2990 1146 3168 1208 potest
3194 1147 3288 1193 aut
3313 1140 3672 1209 comprehen-

2088 1230 2141 1285 di
2184 1230 2554 1300 praestantior,
2588 1246 2696 1285 non
2717 1230 2788 1285 ob
2825 1230 2984 1285 aliam
3012 1244 3228 1285 causam
3259 1232 3468 1285 creavit
3502 1232 3678 1287 homi-

2088 1336 2214 1376 nem
2241 1320 2344 1376 nisi
2369 1322 2492 1389 quia
2518 1321 2692 1375 bonus
2717 1331 2821 1375 est.
2852 1320 2997 1375 Talis
3024 1334 3156 1389 ergo
3178 1337 3300 1376 cum
3329 1323 3419 1390 sit,
3443 1330 3500 1376 et
3540 1338 3671 1393 pro-

2088 1421 2274 1483 pterea
2302 1421 2510 1467 natura:
2537 1412 2870 1467 formatioris
2897 1413 3166 1467 exstiterit
3192 1421 3425 1481 creator,
3469 1429 3673 1483 nequa-

2088 1516 2250 1571 quam
2280 1501 2649 1571 imperfectam
2674 1502 2927 1556 virtutem
2973 1517 3083 1557 sum
3127 1502 3382 1557 bonitatis
3415 1504 3669 1566 ostendit,

2090 1602 2149 1648 ut
2175 1594 2374 1663 aliquid
2393 1608 2460 1648 ex
2481 1594 2564 1648 his
2585 1608 2704 1662 quae
2738 1593 2790 1648 ei
2817 1600 3105 1662 suppetunt
3128 1594 3300 1660 daret,
3324 1594 3522 1663 aliquid
3544 1611 3674 1650 vero

2088 1685 2285 1741 invidia
2315 1693 2544 1753 cogente
2588 1683 2948 1749 subtraheret,
2985 1686 3079 1739 sed
3121 1684 3372 1753 perfecta;
3418 1685 3675 1741 bonitatis

2087 1777 2293 1847 species
2316 1776 2368 1831 in
2396 1790 2465 1832 eo
2493 1784 2594 1840 est,
2625 1783 2683 1830 ut
2706 1776 2981 1831 hominem
3008 1777 3099 1846 qui
3127 1793 3237 1832 non
3271 1786 3389 1832 erat
3428 1779 3481 1832 in
3509 1792 3673 1848 gene-

397 1866 466 1921 ad
489 1867 776 1935 imaginem
806 1867 921 1930 Dei,
949 1876 1007 1922 ut
1036 1868 1178 1921 nulla
1208 1868 1415 1923 ratione
1444 1866 1777 1922 divinitatem
1807 1865 1981 1920 Patris
2016 1877 2062 1936 B
2086 1866 2350 1925 rationem
2381 1864 2721 1935 produceret,
2753 1865 3127 1936 bonorumque
3168 1867 3481 1936 participem
3528 1867 3674 1923 faces

396 1966 452 2012 et
478 1956 598 2012 Filii
636 1958 943 2013 discernere
992 1958 1298 2026 moliamur,
1336 1974 1456 2013 cum
1500 1956 1779 2027 aequaliter
1805 1955 1982 2010 divina

396 2048 675 2118 Scriptura
703 2048 873 2104 Deum
900 2057 1183 2118 utrumque
1212 2050 1457 2115 fateatur,
1490 2057 1543 2105 et
1575 2064 1699 2105 eum
1724 2050 1814 2120 qui
1859 2048 1986 2103 fecit

397 2145 694 2215 hominem,
718 2154 773 2199 et
799 2162 925 2202 eum
951 2145 1019 2200 ad
1044 2146 1195 2214 cujus
1224 2146 1510 2217 imaginem
1535 2146 1707 2200 factus
1734 2151 1835 2202 est.
1878 2142 1984 2199 Sed

396 2235 465 2293 de
490 2236 574 2291 his
604 2253 745 2293 nunc
768 2238 1044 2292 omittatur
1071 2240 1317 2293 assertio.
1370 2238 1655 2294 Vertamur
1690 2246 1870 2293 autem
1918 2236 1986 2292 ad

396 2327 730 2395 propositam
758 2331 1128 2397 qumstionem,
1156 2328 1428 2397 quomodo
1448 2329 1626 2383 divina
1652 2328 1867 2397 quidem
1892 2341 1988 2382 na-

398 2427 518 2471 tura
563 2417 722 2471 beata
748 2418 839 2482 sit,
878 2426 933 2472 et
966 2432 1085 2473 eam
1121 2433 1242 2487 quae
1285 2418 1473 2473 similis
1517 2417 1569 2473 ei
1606 2425 1692 2472 est
1735 2417 1985 2471 miseram

396 2506 673 2575 Scriptura
704 2516 1110 2562 commemoret.
1144 2507 1309 2577 Igitur
1339 2507 1500 2562 verba
1539 2507 1655 2578 ipsa
1681 2505 1987 2575 diligentius

396 2596 763 2667 exploremus,
787 2606 842 2653 et
869 2599 1199 2654 inveniemus
1227 2598 1371 2654 aliud
1406 2599 1656 2668 quiddam
1699 2612 1817 2653 esse
1843 2597 1988 2667 quod

399 2688 468 2742 ad
498 2688 785 2757 imaginem
814 2688 911 2743 Dei
960 2688 1157 2743 factum
1186 2697 1286 2754 est,
1319 2688 1464 2743 aliud
1495 2703 1623 2743 vero
1651 2687 1797 2756 quod
1845 2701 1988 2741 nunc

398 2779 453 2832 in
484 2779 697 2833 miseria
718 2778 1049 2849 pervidetur.
1084 2778 1253 2843 Fecit,
1295 2778 1484 2847 inquit,
1516 2777 1657 2833 Deus
1702 2778 1986 2840 hominem;

399 2868 470 2922 ad
492 2870 773 2941 imaginem
796 2867 891 2922 Dei
905 2871 1026 2940 fecit
1044 2869 1213 2933 illum;
1229 2866 1377 2922 ﬁnita
1397 2878 1480 2922 est
1499 2868 1615 2937 ejus
1626 2867 1896 2939 quifactus
1907 2875 1991 2922 est

399 2959 469 3014 ad
504 2960 791 3026 imaginem
827 2960 920 3013 Dei
952 2958 1212 3014 conditio.
1263 2957 1465 3013 Deinde
1495 2957 1801 3028 adjungitur
1845 2958 1988 3011 velut

400 3051 471 3106 de
501 3053 689 3106 eadem
719 3050 1028 3121 conditione
1052 3066 1254 3119 sermo,
1283 3066 1405 3106 cum
1435 3051 1627 3105 dicitur
1655 3069 1666 3103 :
1703 3050 1989 3105 Masculum

397 3150 447 3195 et
471 3143 721 3213 feminam
750 3143 871 3213 fecit
910 3159 1018 3197 eos.
1052 3142 1272 3197 Cunctis
1299 3149 1481 3197 autem
1510 3158 1635 3198 reor
1662 3158 1782 3198 esse
1821 3144 1990 3198 notis-

2082 1966 2186 2013 ret.
2209 1956 2345 2023 Quia
2366 1971 2494 2011 vero
2522 1957 2786 2010 honorum
2817 1957 3056 2026 ipsorum
3079 1957 3246 2010 multa
3272 1959 3533 2027 probatur
3552 1974 3673 2014 esse

2082 2049 2386 2117 congestio,
2431 2061 2554 2117 quae
2592 2060 2704 2102 non
2741 2048 2912 2116 possit
2955 2063 3181 2103 numero
3229 2047 3384 2103 facile
3420 2065 3671 2120 compre-

2083 2138 2267 2204 hendi,
2300 2138 2499 2194 idcirco
2521 2137 2760 2208 generali
2787 2136 3018 2206 quadam
3052 2151 3185 2191 voce
3219 2136 3469 2193 universa
3514 2139 3674 2194 simul

2083 2228 2360 2300 Scriptura
2403 2227 2771 2297 complectens
2815 2226 3123 2295 signiﬁcare
3163 2228 3397 2298 curavit,
3442 2243 3563 2285 cum
3604 2230 3671 2284 ad

2085 2321 2375 2391 imaginem
2394 2319 2492 2375 Dei
2521 2317 2722 2375 factum
2748 2320 3019 2375 hominem
3034 2321 3235 2375 rewlit.
3269 2318 3499 2391 Equale
3525 2322 3672 2377 enim

2086 2422 2172 2470 est
2197 2412 2327 2482 hoc,
2350 2427 2415 2467 ac
2434 2413 2481 2468 si
2503 2411 2732 2480 diceret,
2765 2412 3057 2467 humanam
3077 2426 3143 2466 ua
3152 2418 3327 2467 turam
3346 2414 3524 2468 omnis
3542 2413 3672 2469 boni

2087 2503 2285 2564 factam
2314 2517 2434 2559 esse
2459 2502 2812 2573 participem:
2839 2503 2886 2557 si
2913 2503 3059 2557 enim
3087 2503 3343 2585 bonitatis
3390 2513 3473 2560 est
3509 2504 3676 2575 pleni-

2088 2596 2217 2651 tudo
2245 2595 2516 2660 divinitas,
2545 2602 2603 2649 et
2630 2595 2791 2664 hujus
2815 2595 2981 2650 homo
3010 2595 3188 2664 imago
3221 2602 3323 2661 est,
3348 2597 3591 2665 profecto
3617 2607 3675 2652 et

2088 2687 2141 2740 in
2172 2686 2501 2756 plenitudine
2530 2686 2601 2740 sit
2622 2686 2794 2740 omnis
2823 2686 2951 2740 boni
3000 2687 3114 2741 haec
3141 2687 3351 2756 imago,
3378 2687 3532 2757 juxta
3564 2690 3674 2758 pri-

2088 2792 2316 2831 mtevam
2340 2774 2567 2833 formam
2592 2775 2994 2833 similitudinem
3023 2777 3280 2847 possidet.
3312 2776 3405 2833 Est
3442 2779 3602 2847 igitur
3621 2781 3675 2835 in

2091 2877 2248 2932 nobis
2274 2877 2440 2931 totius
2459 2875 2587 2930 boni
2615 2875 2875 2941 conditio,
2922 2877 3194 2945 totiusque
3229 2877 3441 2932 virtutis
3484 2886 3541 2933 et
3586 2892 3676 2933 sa-

2091 2966 2327 3035 pientiae,
2354 2973 2409 3021 et
2436 2963 2697 3035 quidquid
2722 2964 2852 3019 illud
2878 2973 2964 3020 est
3017 2966 3163 3035 quod
3202 2967 3464 3036 optimum
3510 2968 3678 3039 possit

2094 3057 2339 3124 intelligi,
2372 3071 2483 3125 pra:
2513 3056 2764 3112 omnibus
2789 3069 2925 3112 vero
2954 3056 3099 3125 quod
3136 3058 3204 3112 ab
3253 3060 3399 3114 onmi
3443 3061 3678 3115 necessi-

2094 3156 2205 3203 tate
2236 3146 2389 3202 liberi
2416 3162 2622 3210 sumus,
2657 3161 2757 3202 nec
2775 3146 3045 3217 subjugati
3067 3147 3298 3215 quadam
3331 3150 3560 3203 naturali
3590 3164 3689 3219 po—

399 3234 618 3297 simum,
650 3233 794 3301 quod
821 3233 1049 3303 idipsum
1078 3232 1143 3286 ab
1170 3232 1259 3286 illa
1288 3233 1540 3302 prima-va
1586 3232 1757 3287 forma
1798 3232 1982 3287 intelli
2021 3238 2067 3301 ο
2099 3239 2288 3305 tentia,
2316 3236 2411 3293 sed
2442 3236 2664 3292 arbitrio
2703 3237 2927 3306 proprio
2950 3236 3018 3291 ad
3047 3237 3331 3317 consilium
3356 3238 3520 3307 -εμιοά
3564 3238 3678 3308 pla.

400 3322 547 3390 gitur
575 3321 828 3376 alienum.
880 3319 949 3375 In
996 3320 1199 3376 Christo
1241 3337 1472 3392 namque
1498 3321 1642 3387 Jesu,
1689 3323 1826 3377 sicut
1863 3323 1993 3378 dicit

399 3413 713 3482 Apostolus,
762 3429 925 3484 neque
972 3415 1251 3480 masculus,
1288 3431 1448 3486 neque
1496 3417 1711 3486 femina,
1740 3416 1833 3470 sed
1868 3417 1992 3484 quia

390 3520 502 3585 per
529 3503 644 3559 haec
669 3504 848 3559 divisit
872 3504 1144 3560 hominem
1174 3522 1354 3563 sermo
1376 3507 1605 3573 divinus,
1637 3509 1832 3578 duplex
1856 3524 1993 3579 quat-

401 3597 525 3651 dam
556 3597 814 3668 probatur
841 3606 1048 3653 natura:
1096 3609 1295 3654 nostrae
1340 3599 1611 3661 formatio,
1668 3610 1723 3655 et
1768 3616 1829 3654 ea
1877 3616 1995 3671 quae

404 3687 644 3743 divinam
673 3687 839 3744 refert
858 3689 1284 3754 similitudinem,
1317 3700 1373 3746 et
1412 3708 1475 3747 ea
1506 3707 1625 3761 quae
1653 3692 1720 3746 ab
1768 3693 1867 3747 ista
1895 3692 1997 3747 dif-

404 3780 548 3836 ferre
579 3789 927 3847 monstratur.
960 3782 1174 3850 Aliquid
1203 3785 1343 3838 enim
1376 3785 1481 3839 tale
1506 3786 1828 3840 contestatio
1858 3785 1999 3841 rela—

403 3873 570 3927 tionis
615 3873 872 3942 insinuat,
919 3874 1148 3944 primum
1184 3876 1401 3944 quidem
1457 3875 1666 3939 dicens,
1701 3862 1827 3944 quia
1880 3878 2000 3947 fecit

401 3961 549 4018 Deus
579 3964 869 4030 hominem;
895 3967 964 4020 ad
1000 3968 1278 4038 imaginem
1310 3967 1409 4021 Dei
1439 3970 1558 4037 fecit
1593 3985 1728 4022 eum.
1756 3968 2000 4039 Itemque

401 4055 715 4122 subjicicns,
738 4058 862 4125 quia
891 4060 1177 4112 masculum
1207 4068 1254 4113 et
1298 4061 1542 4130 feminam
1581 4062 1705 4128 fecit
1745 4077 1851 4116 eos.
1885 4061 2000 4117 Hoc

402 4160 588 4207 autem
619 4153 672 4206 in
703 4151 785 4206 bis
812 4167 931 4220 qua:
958 4154 1026 4208 de
1048 4154 1159 4209 Deo
1194 4154 1785 4224 sentiuntur‘probatur
1814 4164 1998 4210 extra-

402 4259 593 4311 neum,
624 4246 722 4299 sed
769 4244 1000 4299 arbitror
1048 4260 1148 4313 ego
1195 4261 1293 4315 per
1338 4247 1449 4302 haec
1495 4263 1614 4317 quas
1651 4264 1681 4302 a
1726 4248 2000 4319 Scriptura

400 4344 592 4390 saneta
638 4335 885 4395 dicuntur
924 4352 1176 4407 magnum
1215 4346 1376 4407 atque
1415 4340 1644 4395 sublime
1685 4340 1877 4409 dogma
1905 4341 2001 4396 de-

402 4432 634 4494 clarare,
649 4430 792 4498 quod
817 4430 923 4485 tale
946 4445 1064 4485 esse
1088 4432 1372 4501 pervideo:
1389 4432 1596 4487 duabus
1622 4433 1781 4489 rebus
1809 4450 2003 4489 secun-

402 4520 535 4575 dum
561 4520 897 4575 summitates
926 4520 993 4575 ab
1025 4520 1253 4576 invicem
1281 4523 1542 4590 separatis
1564 4522 1794 4577 mediam
1815 4524 2003 4578 huma-

2095 3329 2268 3384 cuerit
2314 3326 2669 3392 inclinamus;
2712 3327 2879 3382 virtus
2901 3326 3045 3382 enim
3092 3336 3391 3398 spontanea
3437 3329 3683 3398 quaedam

2096 3432 2184 3473 res
2226 3425 2327 3481 est,
2369 3426 2426 3472 et
2461 3417 2659 3472 nullius
2701 3417 2943 3487 subjecta
2991 3418 3250 3474 dominio.
3302 3416 3455 3486 Quod
3504 3429 3683 3476 autem

2096 3508 2326 3577 quadam
2355 3507 2681 3563 necessitate
2709 3515 2956 3563 coactum
2979 3513 3083 3573 est,
3116 3510 3284 3563 virtus
3305 3524 3427 3564 esse
3442 3510 3554 3579 jam
3578 3524 3684 3565 non

2096 3604 2294 3665 potest.
2324 3594 2459 3649 Cum
2485 3610 2617 3665 ergo
2644 3610 2784 3666 pene
2811 3599 2866 3651 in
2907 3599 3158 3653 omnibus
3195 3599 3461 3667 primaevae
3502 3598 3686 3655 formae

2095 3686 2551 3757 pulchritudinem
2578 3687 2925 3758 formamque
2976 3690 3153 3757 imago
3182 3690 3541 3756 demonstret,
3588 3694 3686 3746 nisi

2098 3787 2152 3841 in
2198 3786 2380 3857 aliquo
2432 3784 2667 3850 diﬂ‘erat,
2716 3786 2829 3853 jam
2886 3802 2995 3840 non
3046 3787 3151 3840 erit
3199 3787 3522 3853 similitudo,
3590 3791 3687 3845 sed

2099 3878 2272 3946 ipsum
2324 3884 2488 3945 atque
2515 3875 2725 3944 aequale
2750 3875 2825 3929 illi
2854 3890 2951 3946 per
2976 3876 3157 3930 omnia
3204 3876 3683 3943 demonstrabitnr,

2100 3968 2243 4039 quod
2274 3968 2326 4023 in
2351 3967 2603 4022 omnibus
2650 3966 2985 4021 immutabile
3031 3968 3435 4037 comprobatur.
3481 3966 3539 4021 in
3579 3982 3688 4038 quo

2100 4072 2231 4125 ergo
2256 4056 2564 4111 Divinitatis
2591 4064 2648 4111 et
2673 4051 3035 4112 similitudinis
3060 4058 3176 4127 ejus
3211 4058 3517 4113 distantiam
3566 4074 3687 4129 per-

2102 4149 2380 4204 videmus?
2416 4147 2474 4202 ln
2503 4148 2607 4203 hoc
2649 4149 2836 4218 procul
2878 4148 3060 4214 dubio,
3105 4150 3247 4219 quod
3299 4150 3559 4208 Dii-initas
3602 4154 3687 4207 in-

2103 4249 2285 4297 creata
2313 4252 2414 4306 est,
2447 4243 2563 4297 haec
2590 4250 2773 4297 autem
2816 4244 3077 4299 creationi
3113 4245 3375 4312 subsistit,
3404 4259 3526 4314 quae
3565 4260 3689 4316 pro-

2102 4332 2347 4403 prietatis
2397 4331 2699 4387 differentia
2762 4348 2945 4388 rursus
3011 4334 3235 4389 aliarum
3293 4336 3685 4405 proprietatum

2104 4424 2544 4493 consequentiam
2572 4423 2813 4492 protulit.
2846 4421 3091 4480 Occurrit
3125 4424 3270 4480 enim
3299 4427 3506 4481 cunctis
3536 4426 3690 4482 indu-

2106 4514 2272 4569 bitata
2295 4514 2576 4585 professio.
2608 4515 2754 4584 quod
2780 4515 3019 4570 increata
3046 4523 3239 4570 natura
3272 4517 3689 4572 incommutabi-

403 4626 533 4667 nam
554 4626 675 4667 esse
689 4612 1066 4679 substantiam,
1088 4613 1231 4667 inter
1249 4614 1482 4668 divinam
1504 4615 1708 4671 scilicet
1736 4617 1989 4686 incorpo-
2024 4605 2070 4664 D
2096 4606 2159 4661 lis
2187 4606 2258 4661 sit
2282 4611 2338 4660 et
2384 4618 2601 4675 semper
2626 4604 2817 4660 eodem
2859 4605 3020 4660 modo
3068 4614 3399 4675 permaneat,
3442 4617 3692 4664 creatura

401 4718 663 4772 reamque
684 4712 739 4759 et
767 4704 1189 4759 irrationabilem
1221 4706 1542 4777 brutamque
1568 4716 1834 4762 naturam.
1861 4708 1992 4762 Nam

402 4794 689 4863 utriusque
714 4793 793 4846 rei
835 4795 975 4849 ratio
1012 4793 1066 4849 in
1110 4794 1344 4850 hominis
1392 4794 1825 4871 conformatione
1864 4812 1996 4851 con-

403 4883 635 4953 spicitur
661 4900 675 4936 :
704 4882 884 4938 divina
907 4883 1145 4952 quidem,
1175 4884 1279 4940 hoc
1300 4885 1441 4953 quod
1467 4886 1744 4943 rationalis
1763 4892 1818 4941 et
1838 4887 1998 4943 intel-

403 4975 649 5031 lectualis
673 4983 777 5041 est,
807 4974 952 5045 quod
980 4975 1141 5030 etiam
1163 4976 1388 5030 masculi
1416 4991 1479 5031 ac
1502 4977 1711 5031 femime
1738 4976 1994 5033 differen-

404 5071 535 5122 tiam
559 5066 784 5136 refugit;
816 5067 1161 5132 irrationalis,
1190 5068 1293 5124 hoc
1330 5067 1476 5138 quod
1513 5084 1828 5139 corpoream
1860 5084 1995 5125 con-

404 5154 747 5213 stitutionem
777 5158 833 5212 in
859 5158 1158 5214 masculum
1187 5158 1412 5213 divisam
1440 5167 1614 5228 gestat
1662 5168 1717 5215 et
1745 5160 1997 5215 feminam

404 5250 487 5319 (in
536 5248 619 5304 his
664 5249 808 5305 enim
860 5250 1445 5318 utrisquevversantur
1496 5250 1747 5305 universa
1802 5252 1996 5320 quibus

402 5340 712 5394 continetur
758 5339 992 5395 humana
1041 5339 1400 5411 substantia);
1429 5338 1525 5396 sed
1555 5339 1833 5411 prnlatum
1878 5355 1998 5396 esse

400 5430 452 5486 ιιι
476 5432 623 5498 quod
654 5431 707 5485 in
731 5432 886 5486 nobis
914 5431 1284 5493 intellectuale
1306 5438 1391 5486 est
1418 5433 1468 5486 ei
1496 5433 1572 5486 rei
1596 5446 1716 5501 quae
1751 5433 1998 5487 humanae

398 5521 780 5591 propagationi
807 5522 1011 5577 servire
1038 5520 1305 5589 videmus,
1335 5520 1523 5576 ordine
1564 5522 1680 5593 ipso
1728 5522 1998 5578 conditio-

400 5612 488 5667 nis
518 5620 852 5682 exsequente
882 5611 1187 5668 didicimus.
1222 5612 1303 5668 Ad
1332 5611 1579 5668 effectum
1605 5614 1804 5684 quippe
1831 5627 1997 5682 gene-

402 5701 635 5759 rationis
680 5702 925 5772 qutedam
971 5710 1056 5758 est
1100 5704 1334 5759 hominis
1380 5718 1503 5759 cum
1543 5703 1998 5759 irrationabilibus

403 5789 591 5846 innata
617 5790 951 5859 conjunctio.
986 5790 1223 5847 Primum
1256 5792 1419 5861 igitur
1455 5793 1532 5847 ait
1555 5792 1679 5864 quia
1712 5795 1831 5859 fecit
1858 5791 2000 5848 Deus

406 5880 690 5954 hominem,
716 5882 784 5936 ad
831 5883 1112 5956 imaginem
1154 5879 1247 5941 Dei
1277 5884 1401 5955 fecit
1436 5899 1592 5940 cunt:
1639 5883 1876 5941 ostendit
1906 5900 2002 5955 per

2101 4714 2233 4754 vero
2263 4712 2372 4752 non
2402 4698 2573 4767 possit
2600 4697 2716 4752 sine
2741 4697 3043 4752 mutatione
3080 4698 3391 4768 persistere.
3434 4699 3553 4769 Ipse
3598 4701 3693 4756 de-

2100 4791 2263 4861 nique
2283 4806 2354 4845 ex
2381 4790 2550 4844 nihilo
2581 4790 2648 4848 ad
2674 4790 3018 4846 existentiam
3049 4793 3327 4859 transitus,
3367 4802 3546 4849 motus
3573 4795 3696 4863 qui-

2100 4881 2223 4936 dam
2281 4890 2400 4935 erat
2450 4889 2614 4951 atque
2659 4882 2965 4943 conversio.
3017 4897 3138 4936 cum
3187 4897 3294 4938 non
3341 4883 3579 4937 existens
3624 4883 3693 4939 ad

2098 4974 2391 5030 essentiam
2417 4974 2602 5029 divino
2624 4974 2853 5029 consilio
2875 4982 3284 5029 transmutatur.
3315 4973 3386 5029 Et
3427 4975 3565 5030 sicut
3593 4974 3691 5029 im-

2098 5081 2335 5138 pressam
2365 5068 2419 5120 in
2440 5081 2548 5122 tere
2571 5066 2795 5135 figuram
2823 5074 3067 5122 sanctum
3088 5066 3437 5135 Evangelium
3463 5066 3692 5122 Caesaris

2099 5156 2336 5227 appellat
2361 5157 2669 5225 imaginem,
2704 5172 2801 5226 per
2827 5157 2973 5228 quod
3000 5156 3323 5212 addiscimus
3363 5158 3507 5228 quod
3532 5157 3690 5227 juxta

2102 5250 2325 5317 ﬁguram
2355 5249 2573 5318 quidem
2598 5249 2893 5309 similitudo
2925 5248 3172 5314 Caesaris,
3205 5249 3259 5303 in
3303 5250 3547 5319 subjecto
3592 5267 3692 5307 au-

2100 5349 2206 5396 tem
2237 5340 2541 5396 diﬂerentia
2570 5341 2689 5410 ejus
2716 5351 2992 5411 appareat,
3019 5341 3092 5395 ita
3122 5348 3179 5395 et
3208 5340 3266 5396 in
3290 5340 3562 5411 praedictis
3604 5359 3693 5396 ra-

2103 5430 2255 5486 tione
2294 5445 2399 5501 pro
2440 5430 2623 5499 figuris
2667 5438 2795 5488 sunt
2848 5447 2911 5487 ea
2962 5446 3083 5501 quas
3136 5432 3191 5486 in
3237 5432 3694 5502 contemplatione

2104 5522 2297 5576 divinae
2324 5530 2533 5585 natura:
2552 5523 2904 5594 humanisque
2929 5530 3255 5590 cernuntur;
3280 5538 3467 5582 eorum
3497 5524 3693 5594 quibus

2106 5612 2295 5667 eadem
2325 5612 2619 5667 similitudo
2656 5620 2757 5679 est,
2808 5614 2862 5668 in
2904 5613 3149 5685 subjecto
3186 5630 3407 5687 prorsus
3442 5613 3695 5670 ditferen-

2104 5701 2234 5755 tiam
2263 5700 2580 5769 reperimus,
2603 5715 2765 5769 quam
2790 5702 2987 5758 intuitu
3010 5705 3207 5759 mentis
3234 5706 3475 5761 increata
3502 5712 3694 5759 natura

2102 5802 2393 5860 creataque
2441 5791 2823 5861 conspicimus.
2884 5792 3149 5859 Quoniam
3210 5795 3373 5865 igitur
3432 5794 3693 5850 Divinitas

2107 5886 2220 5956 ipsa
2258 5896 2473 5955 semper
2519 5892 2620 5953 est,
2654 5884 2818 5942 homo
2860 5900 2990 5943 vero
3020 5899 3118 5958 per
3143 5888 3472 5946 creationem
3520 5886 3693 5943 iactus
