4122 6520
487 343 588 399 375

1777 346 1927 402 DION
1941 345 2130 402 YSIL'S
2174 347 2328 404 EXIG
2341 349 2491 407 UCS.

3657 354 3772 410 576

486 462 869 515 t-xmutatione
899 465 1061 532 erepit
1083 464 1334 526 existere,
1369 463 1852 533 cognationemque
1876 479 2068 534 qnam-
2102 466 2148 522 Α
2175 465 2369 534 opinor
2424 467 2818 524 absolutionem
2873 469 3185 540 quaestionis
3247 485 3366 541 qua:
3429 469 3497 524 ab
3556 473 3763 530 remuli:

485 551 608 604 dam
661 552 869 606 videtur
911 554 1108 609 habere
1147 571 1270 609 cum
1318 564 1506 609 natura
1554 556 1829 610 vertibili:
1869 555 2070 608 idcirco

487 640 578 706 qui
605 641 752 695 novit
786 644 966 697 omnia
993 653 1280 714 antequam
1309 644 1456 712 flant,
1489 647 1627 700 sicut
1656 645 1915 715 propheta
1941 661 2070 715 pro-

485 733 724 797 miserat,
768 734 1056 803 providens
1098 745 1261 806 atque
1302 739 1638 808 prospiciers
1687 739 1881 792 virtute
1929 751 2068 808 pne»

487 821 721 878 scientiae.
763 841 875 880 suae
921 827 974 881 in
1019 843 1138 897 quae
1193 828 1490 884 declinaret
1521 830 1674 899 juxta
1723 837 2069 899 spontaneam

489 913 815 970 voluntatem
838 918 1058 974 humani
1086 931 1266 976 motus
1294 923 1522 990 arbitrii,
1563 922 1624 991 id
1651 921 1794 992 quod
1834 922 2069 977 futurum

487 1013 606 1057 erat
637 1005 886 1075 inspexit,
919 1009 1160 1066 tribuens
1188 1013 1404 1081 imagini
1433 1011 1789 1067 ditl‘erentiam
1824 1012 1986 1066 maris
2017 1022 2072 1066 et

488 1090 714 1159 feminae,
747 1112 865 1166 quas
887 1099 998 1167 jam
1019 1117 1126 1155 non
1159 1102 1223 1156 ad
1245 1103 1479 1157 divinam
1526 1102 1753 1158 formam
1801 1103 2064 1173 principa-

486 1184 701 1254 lemque
732 1190 1046 1258 respiceret,
1086 1191 1204 1256 sed,
1237 1194 1309 1246 uti
1339 1193 1540 1248 dictum
1579 1202 1681 1256 est,
1719 1193 2072 1248 irrationabili

488 1283 692 1331 uatum
739 1280 1103 1350 propinquare
1149 1282 1438 1337 videretur.
1490 1282 1719 1336 Causam
1767 1297 1897 1336 vero
1937 1283 2072 1335 tanti

488 1362 647 1434 hujus
675 1368 894 1424 artificis
922 1371 1022 1425 soli
1052 1372 1267 1439 quidem
1299 1372 1373 1426 illi
1406 1373 1728 1440 intelligunt,
1756 1372 1848 1441 qui
1876 1373 2074 1426 verita-

490 1461 598 1510 tem
620 1459 853 1527 propriis
879 1460 1049 1515 oculis
1070 1462 1364 1529 intuentur,
1397 1471 1452 1517 et
1481 1464 1629 1518 verbi
1657 1463 1883 1516 ministri
1905 1472 2030 1517 sunt
2057 1481 2070 1529 ;

489 1561 590 1602 nos
618 1558 819 1615 autem,
840 1550 979 1605 sicut
1004 1561 1088 1609 est
1108 1554 1392 1623 possibile,
1407 1554 1731 1624 conjecturis
1753 1555 2072 1624 quibusdam

489 1647 654 1709 atque
682 1641 891 1699 indiciis
932 1645 1173 1702 veritatis
1211 1647 1430 1716 vestigia
1479 1656 1886 1718 prosequentes,
1924 1647 2071 1717 quod

488 1729 671 1786 incidit
699 1735 902 1802 animo,
928 1751 1036 1791 non
1064 1738 1396 1795 enuntiativo
1421 1740 1583 1794 modo
1611 1737 1949 1809 proferimus,
1978 1738 2072 1794 sed

2173 558 2370 612 nostris
2401 558 2670 628 profertur
2698 560 2990 632 inquirere.
3023 561 3215 616 Dicunt
3243 563 3386 616 enim
3415 573 3540 618 ante
3569 577 3762 633 pecca-

2173 657 2284 702 tum
2309 665 2408 704 nec
2434 657 2644 720 partum
2676 649 2858 719 fuisse,
2901 667 3002 706 nec
3024 652 3302 719 gemitum,
3337 667 3437 708 nec
3466 653 3762 723 appetitum

2173 739 2263 808 qui
2292 740 2665 809 propagationi
2707 742 2876 810 prolis
2905 741 3220 811 obsequitur
3253 763 3266 795 :
3295 743 3463 814 pulsis
3490 752 3669 798 autem
3696 743 3764 800 de

2172 832 2422 901 paradiso
2473 842 2596 903 post
2658 832 2940 900 delictum,
2998 845 3053 888 et
3108 835 3331 890 muliere
3395 836 3764 906 parturitionis

2173 922 2424 978 damnata
2471 925 2754 994 supplicio,
2784 934 2909 979 tunc
2937 924 3105 979 Adam
3152 926 3469 981 convenisse
3513 936 3572 982 ut
3611 942 3762 981 suam

2175 1013 2456 1082 coniugem
2482 1015 2603 1084 jure
2627 1025 2998 1083 cognosceret,
3029 1024 3082 1070 et
3111 1017 3187 1071 sic
3215 1014 3462 1072 effectum
3493 1033 3610 1073 esse
3637 1033 3764 1088 pro-

2174 1106 2462 1160 creationis
2491 1106 2798 1163 exordium.
2827 1105 2882 1161 Si
2907 1119 3036 1174 ergo
3060 1109 3258 1176 nuptiae
3284 1109 3336 1161 in
3366 1106 3617 1177 paradiso
3655 1123 3762 1164 non

2175 1202 2350 1262 erant,
2381 1207 2557 1262 neque
2585 1194 2815 1262 gemitus
2841 1195 3057 1258 ibidem,
3091 1211 3268 1264 neque
3298 1204 3503 1266 partus,
3541 1211 3762 1252 necesse

2175 1299 2295 1340 esse
2337 1285 2486 1339 aiunt
2525 1299 2593 1339 ex
2635 1285 3085 1353 consequentibus
3129 1286 3429 1353 aestimare,
3479 1285 3624 1356 quod
3668 1301 3763 1341 ne-

2174 1391 2442 1447 quaquam
2465 1377 2942 1446 multiplicarentur
2965 1376 3229 1446 homines,
3249 1377 3349 1430 nisi
3374 1376 3439 1431 ad
3461 1376 3761 1432 mortalita-

2175 1475 2284 1521 tem
2308 1468 2446 1522 hanc
2475 1467 2852 1521 immortalitas
2881 1466 3178 1532 recidisset,
3205 1477 3259 1521 et
3289 1474 3534 1520 naturam
3565 1467 3764 1538 nuptiis

2175 1573 2269 1612 sua
2312 1558 2673 1612 conventione
2719 1565 3018 1622 servarent,
3070 1572 3168 1626 pro
3215 1556 3481 1612 defunctis
3526 1571 3621 1613 eos
3671 1558 3762 1627 qui

2175 1657 2473 1703 nascuntur
2499 1663 2567 1702 ex
2595 1648 2674 1703 eis
2703 1648 2956 1702 continua
2983 1649 3325 1703 successione
3353 1649 3661 1713 restituens,
3687 1649 3762 1704 ita

2175 1747 2233 1793 ut
2264 1737 2506 1793 videatur
2529 1743 2808 1807 peccatum
2846 1736 3008 1792 modo
3036 1724 3278 1805 quodam,
3300 1737 3576 1792 hominum
3614 1737 3761 1792 utili-

488 1822 735 1878 exercitii
763 1823 884 1880 loco
929 1825 1140 1883 devotis
1185 1829 1516 1885 auditoribus
1557 1831 1883 1885 iutimamus.
1933 1830 2072 1897 Quid
2107 1833 2149 1891 Β
2177 1837 2260 1882 ter
2300 1827 2682 1882 introductum.
2733 1825 3016 1882 Mansisset
3062 1834 3242 1882 autem
3294 1827 3347 1882 in
3405 1827 3508 1883 illis
3554 1827 3763 1884 duobus

490 1919 577 1966 est
603 1927 733 1980 ergo
760 1916 902 1982 quod
941 1916 1010 1972 de
1057 1918 1142 1972 his
1182 1920 1492 1988 excogitare
1535 1921 1840 1988 potuimus?
1886 1919 2078 1976 Dicens

490 1999 766 2070 Scriptura
791 2003 992 2073 divina,
1015 2009 1142 2076 quia
1171 2007 1298 2063 fecit
1320 2008 1462 2064 Deus
1484 2009 1778 2075 hominem,
1803 2008 2077 2064 indefinita

491 2093 847 2160 signiﬁcantia
902 2111 1075 2152 omne.
1108 2099 1388 2154 hominum
1428 2113 1599 2168 genus
1654 2098 1908 2155 ostendit.
1959 2098 2077 2154 Non

493 2183 642 2238 enim
667 2201 808 2244 nunc
833 2185 1006 2241 Adam
1034 2188 1089 2243 in
1117 2189 1426 2244 conditione
1461 2190 1767 2244 nominatus
1789 2198 1890 2252 est,
1940 2191 2080 2244 sicut

494 2283 553 2330 et
581 2277 633 2330 in
664 2281 1118 2348 consequentibus
1145 2281 1386 2337 declarat
1433 2281 1656 2336 historia
1683 2300 1696 2333 :
1747 2281 1842 2336 sed
1881 2295 2077 2336 nomen

493 2366 703 2425 homini
749 2379 955 2436 creato,
1007 2387 1117 2427 non
1161 2373 1384 2428 cuilibet
1427 2373 1633 2430 homini
1681 2373 1934 2443 generale
1971 2381 2073 2429 est.

495 2457 636 2516 Hinc
658 2477 784 2531 ergo
815 2479 883 2518 ex
913 2464 1014 2522 hac
1041 2467 1282 2534 generali
1308 2474 1514 2521 naturae
1543 2466 1925 2537 appellatione,
1971 2465 2078 2521 tale

493 2551 627 2620 quid
677 2558 989 2626 excogitare
1033 2558 1434 2629 compellimur,
1475 2559 1620 2629 quod
1667 2557 1849 2613 divina
1908 2559 2079 2614 virtus

494 2651 659 2714 atque
709 2648 1044 2716 praescientia
1108 2664 1323 2704 omnem
1390 2649 1678 2704 humanam
1723 2658 1971 2704 naturam
2025 2650 2078 2704 in

493 2734 668 2807 prima
716 2739 1024 2795 conditione
1049 2741 1332 2812 complexa
1379 2756 1499 2796 esse
1543 2741 1808 2795 videatur.
1855 2740 2082 2811 Oportet

495 2825 638 2891 enim
673 2825 780 2884 Deo
813 2830 943 2886 nihil
972 2831 1305 2888 indeﬁnitum
1338 2832 1390 2886 in
1419 2832 1502 2888 his
1537 2847 1664 2901 quae
1689 2833 1755 2886 ab
1781 2849 1848 2889 eo
1897 2843 2078 2888 creata

495 2925 622 2974 sunt
654 2920 941 2988 aestimare,
973 2922 1068 2977 sed
1120 2922 1348 2990 singulis
1389 2938 1578 2978 eorum
1625 2936 1748 2991 quae
1787 2930 1916 2978 sunt
1960 2938 2080 2978 esse

497 3007 710 3062 modum
741 3011 1094 3067 certissimum
1126 3012 1401 3068 Creatoris
1427 3013 1690 3084 sapientia
1709 3013 2074 3068 terminatum.

497 3100 648 3156 Sicut
663 3103 806 3160 enim
831 3105 1059 3173 quilibet
1081 3108 1172 3163 hic
1197 3109 1362 3163 homo
1375 3109 1674 3177 quantitate
1695 3109 1938 3180 corporis
1969 3117 2079 3164 ter-

2120 2840 2151 2854 ,ι

2177 1933 2346 1990 genus
2372 1919 2661 1973 humanum
2691 1918 2938 1988 primitus
2965 1917 3226 1984 formatis,
3253 1934 3372 1973 cum
3386 1918 3450 1972 ad
3473 1919 3761 1974 successio-

2180 2025 2301 2064 nem
2319 2010 2469 2064 nullo
2482 2010 2671 2064 mortis
2682 2017 2828 2063 metu
2846 2016 3034 2063 natura
3049 2016 3374 2063 moveretur.
3387 2007 3557 2063 Sedin
3576 2008 3760 2064 hisite-

2179 2115 2296 2156 rum
2308 2115 2433 2156 vera
2444 2100 2659 2169 quidem
2671 2099 2827 2164 ratio,
2841 2113 3171 2169 qutecunque
3183 2099 3271 2152 illa
3284 2106 3385 2163 est,
3400 2098 3528 2152 solis
3541 2106 3760 2154 estnota

2177 2191 2438 2262 quijuxta
2466 2188 2689 2245 Paulum
2718 2187 2892 2244 felicis
2923 2189 3160 2260 paradisi
3193 2189 3372 2244 verbis
3409 2187 3761 2244 ineffabilibus

2179 2282 2966 2355 probanturinstructi;nostra
2994 2296 3125 2336 vero
3142 2281 3262 2336 talis
3285 2296 3405 2336 esse
3434 2289 3760 2336 monstratur

2178 2376 2427 2430 assertio.
2444 2372 2834 2428 Resistentibus
2844 2371 3116 2440 quondam
3129 2371 3436 2426 Sadductcis
3446 2373 3658 2426 veritati
3671 2387 3760 2426 re-

2178 2465 2605 2530 surrectionis,et
2617 2463 2760 2518 illam
2773 2463 3124 2518 multinubam
3137 2464 3415 2519 mulierem
3428 2479 3546 2532 quae.
3555 2473 3760 2534 septem

2178 2555 2374 2610 fratres
2411 2555 2616 2620 habuit,
2649 2554 2702 2607 in
2730 2553 2812 2608 sui
2835 2553 2985 2622 pravi
3006 2553 3270 2621 dogmatis
3297 2551 3762 2610 confirmationem

2179 2643 2591 2716 proferentibus,
2622 2657 2685 2698 ac
2703 2642 2954 2711 deinceps
2984 2643 3134 2710 cujus
3154 2657 3342 2697 eorum
3371 2652 3493 2712 post
3515 2658 3762 2699 resurre-

2186 2738 2414 2793 ctionem
2444 2736 2582 2790 foret
2607 2733 2747 2790 'uxor
2768 2735 3184 2800 sciscitantibus,
3209 2734 3466 2789 Dominus
3489 2736 3764 2807 respondit

2181 2845 2288 2884 non
2303 2830 2477 2884 solum
2500 2825 2824 2881 Sadducteos
2846 2823 3160 2892 informans,
3183 2825 3277 2880 sed
3300 2826 3547 2880 onmibus
3574 2824 3764 2880 futurae

2183 2931 2303 2992 post
2348 2919 2798 2975 resurrectionem
2845 2919 2968 2973 vita:
3008 2927 3343 2973 sacramenta
3391 2917 3762 2988 patefaciens:

2185 3013 2249 3067 In
2280 3013 2674 3079 resurrectione,
2703 3010 2892 3078 inquit,
2935 3026 3095 3082 neque
3128 3010 3337 3078 nubent,
3381 3027 3541 3080 neque
3580 3012 3768 3070 ducent

2181 3122 2400 3172 uxores;
2425 3120 2585 3175 neque
2605 3104 2739 3156 enim
2766 3101 2902 3155 ultra
2930 3103 3061 3156 mori
3089 3109 3344 3173 poterunt,
3374 3103 3593 3169 (equote:
3631 3105 3770 3157 enim

499 3190 752 3257 minatur,
787 3194 1106 3279 modusque
1155 3199 1465 3254 substantiae
1509 3197 1626 3268 ejus
1693 3207 1780 3254 est
1823 3198 2078 3269 qualitas,
2108 3215 2152 3278 ς
2183 3198 2378 3272 angelis
2431 3203 2572 3258 sunt,
2620 3202 2669 3247 et
2715 3201 2834 3246 sunt
2873 3193 2971 3262 ﬁlii
2997 3192 3116 3256 Dei,
3143 3208 3258 3247 cum
3295 3194 3399 3247 sint
3426 3193 3524 3264 ﬁlii
3551 3193 3648 3248 Dei
3686 3211 3769 3248 re-

500 3295 620 3350 quae
653 3283 813 3348 simul
857 3301 980 3341 cum
1019 3289 1301 3358 superﬁcie
1344 3291 1591 3360 corporis
1635 3289 1959 3360 explicatur,
2005 3291 2083 3344 sic

499 3370 733 3428 arbitror
759 3373 908 3428 velut
935 3377 988 3431 in
1020 3392 1127 3432 uno
1161 3378 1396 3448 quodam
1435 3394 1682 3450 corpore,
1714 3388 1882 3434 totam
1911 3379 2081 3450 pleni-

501 3459 742 3518 tudinem
788 3463 1138 3522 humanitatis
1164 3467 1232 3523 ab
1265 3469 1625 3525 universitatis
1673 3478 1896 3526 auctore
1941 3485 2080 3540 prte-

501 3555 742 3613 scientiaa
771 3557 966 3614 virtute
986 3560 1322 3630 complexam
1348 3582 1360 3617 ε
1394 3572 1452 3618 et
1475 3563 1580 3619 hoc
1626 3563 1958 3634 Scripturam
1998 3565 2080 3619 in-

503 3646 738 3715 sinuare,
769 3665 890 3705 cum
917 3650 1085 3707 dicit:
1120 3652 1188 3708 Et
1207 3657 1329 3726 fecit
1348 3654 1491 3711 Deus
1519 3656 1811 3722 hominem;
1841 3657 1910 3710 ad
1947 3658 2080 3711 ima-

503 3739 674 3806 ginem
703 3738 800 3794 Dei
823 3743 944 3811 fecit
966 3743 1130 3798 illum.
1163 3745 1278 3800 Non
1309 3747 1454 3802 enim
1492 3748 1668 3816 imago
1694 3749 1808 3803 luet:
1837 3748 1889 3802 in
1929 3758 2084 3818 parte

502 3836 712 3886 natura:
733 3840 834 3896 est,
876 3847 975 3887 nec
1019 3833 1071 3886 in
1101 3850 1209 3889 uno
1257 3835 1436 3906 aliquo
1476 3839 1568 3907 qui
1615 3839 1668 3892 in
1715 3838 2085 3906 singularitate

503 3919 722 3988 propria
748 3921 986 3976 cernitur
1013 3923 1118 3978 ista
1155 3927 1326 3993 gratia
1349 3929 1686 3996 terminatur,
1715 3929 1809 3983 sed
1839 3931 1892 3982 in
1923 3943 2084 3986 omne

504 4022 674 4077 genus
707 4012 986 4079 mqualiter
1013 4012 1127 4070 haec
1157 4016 1277 4070 talis
1305 4024 1359 4071 ct
1390 4025 1538 4072 tanta
1587 4019 1829 4088 potentia
1871 4020 2085 4074 virtutis

505 4101 760 4156 excurrit.
811 4099 980 4171 Hujus
1018 4115 1198 4160 autem
1234 4107 1311 4160 rei
1359 4108 1569 4176 signum
1609 4117 1712 4176 est,
1756 4109 1903 4180 quod
1933 4125 2084 4166 mens

503 4191 784 4258 aequaliter
807 4193 1054 4249 omnibus
1087 4195 1285 4251 inserta
1325 4206 1408 4252 est
1439 4215 1451 4250 :
1485 4199 1750 4255 universis
1779 4208 1960 4255 autem
1990 4216 2083 4256 co-

503 4285 702 4352 gitandi
734 4294 789 4340 et
816 4287 1145 4356 recogitandi
1187 4299 1400 4345 constat
1437 4291 1612 4347 inesse
1660 4293 1945 4357 rationem,
1979 4307 2076 4348 etv—

505 4385 621 4434 tera
649 4379 828 4434 omnia
848 4380 1040 4447 quibus
1068 4381 1260 4436 divina:
1287 4391 1490 4437 naturae
1519 4384 1814 4442 similitudo
1841 4384 2083 4439 declam-

507 4477 614 4533 tur,
643 4469 694 4521 in
722 4483 788 4522 eo
817 4471 958 4538 quod
989 4473 1056 4527 ad
1087 4475 1373 4542 imaginem
1404 4475 1496 4530 Dei
1535 4476 1707 4532 factus
1749 4478 2076 4544 agnoscitur.

504 4557 630 4611 Sive
659 4559 801 4612 enim
832 4561 922 4615 ille
945 4563 1036 4630 qui
1060 4565 1228 4633 prima
1271 4566 1453 4620 mundi
1491 4579 1574 4622 est
1611 4569 1921 4624 conditione
1967 4568 2079 4622 for-

504 4657 703 4713 matus,
745 4650 858 4705 sive
912 4653 998 4706 hic.
1043 4655 1134 4723 qni
1176 4665 1298 4724 post
1340 4660 1863 4714 consummationem
1918 4661 2083 4714 totius

502 4741 686 4796 numdi
722 4741 931 4801 futurus
956 4753 1056 4812 est,
1085 4747 1366 4815 aequaliter
1391 4750 1441 4803 in
1473 4765 1530 4804 se
1567 4750 1800 4805 divinam
1830 4749 2083 4820 praeferre

501 4833 764 4902 probatur
803 4835 1106 4905 imaginem.
1141 4838 1346 4896 Idcirco
1369 4858 1504 4896 unus
1551 4844 1712 4897 homo
1761 4845 2082 4898 universitas

503 4923 768 4991 appellata
793 4933 898 4993 est,
921 4927 1045 4996 quia
1074 4928 1265 4987 divinae
1309 4933 1560 5000 potentia:
1606 4948 1707 4988 nec
1752 4935 2079 5002 prteteritum

500 5013 705 5084 aliquid
729 5030 830 5071 nec
855 5013 1115 5099 futurum,
1137 5020 1230 5075 sed
1259 5028 1316 5076 et
1341 5023 1486 5090 quod
1521 5033 1882 5092 exspectatur,
1915 5024 2081 5079 veluti

497 5108 770 5176 sipnesto
796 5109 889 5172 sit,
928 5111 1123 5166 virtute
1171 5128 1274 5181 qua
1305 5114 1546 5170 continet
1595 5115 1853 5169 intuetur.
1896 5114 2084 5170 Omnis

503 5199 680 5269 itaque
727 5209 916 5258 natura
959 5217 990 5254 a
1030 5203 1219 5270 primis
1248 5217 1418 5272 usque
1447 5204 1513 5257 ad
1556 5207 1874 5259 novissimos
1917 5215 2084 5262 trans-

501 5303 743 5352 currens,
775 5306 880 5344 una
919 5292 1159 5359 quaedam
1205 5301 1288 5345 est
1329 5293 1504 5359 imago
1544 5296 1892 5349 substantiae:
1940 5296 2084 5350 diffe-

501 5381 672 5432 rentia
701 5396 831 5435 vero
861 5383 915 5435 in
947 5385 1185 5437 mascqu
1225 5391 1279 5443 et
1310 5383 1505 5440 femina
1529 5383 1787 5454 deinceps
1814 5387 1883 5441 ob
1921 5386 2079 5450 hanc,

501 5477 561 5521 ut
588 5470 840 5541 arbitror,
870 5488 1090 5534 causam,
1120 5476 1172 5528 in
1193 5472 1624 5531 conformatione
1660 5465 1893 5545 peracta’
1905 5485 2005 5531 est.

1077 5583 1306 5643 CAPUT
1342 5583 1526 5641 XVIII.

500 5670 641 5739 Quid
667 5683 901 5734 oporteat
931 5679 1236 5742 respondere
1260 5680 1331 5731 eis
1355 5679 1438 5748 qui
1470 5677 1781 5747 ambigentes
1819 5679 2081 5748 inquirunt

772 5761 838 5795 au
869 5757 1128 5811 peccatum
1158 5749 1443 5816 procreatio
1473 5749 1696 5815 ﬁliorum
1727 5753 1810 5800 sit.

573 5831 758 5892 nullus
803 5843 987 5890 autem
1042 5837 1345 5906 priusquam
1398 5839 1690 5910 propositio
1761 5839 2078 5901 \‘Culilctur,

2114 4613 2161 4672 Ι)

2183 3287 2535 3344 surrectionis.
2587 3281 2770 3338 Gratia
2810 3297 2938 3338 vero
2982 3284 3394 3339 resurrectionis
3439 3285 3567 3338 nihil
3614 3286 3768 3341 nobis

2184 3378 2326 3434 aliud
2374 3376 2659 3446 pollicetur
2696 3388 2855 3442 quam
2909 3379 2968 3426 ut
3015 3373 3294 3443 antiquum
3341 3373 3395 3428 in
3454 3381 3652 3429 statum
3699 3391 3768 3430 ex

2183 3470 2381 3527 nostris
2408 3468 2644 3538 lapsibus
2671 3467 3009 3523 innovemur.
3034 3463 3260 3531 Quidam
3302 3480 3532 3534 namque
3562 3480 3768 3534 regres.

2183 3579 2274 3618 sus
2303 3562 2371 3616 ad
2415 3561 2693 3630 pristinam
2739 3558 2922 3622 vitam,
2955 3557 3125 3625 gratia
3167 3571 3326 3625 quam
3377 3559 3772 3627 praestolamur,

2186 3654 2390 3720 existit,
2419 3667 2535 3720 qua:
2563 3650 2772 3720 pulsum
2804 3647 2874 3703 de
2900 3646 3148 3718 paradiso
3177 3648 3449 3702 hominem
3496 3648 3621 3703 illuc
3665 3649 3769 3703 ite-

2185 3759 2303 3799 rum
2335 3743 2562 3797 feliciter
2590 3735 2900 3795 introducit.
2933 3738 2990 3792 Si
3019 3739 3179 3806 igitur
3217 3747 3592 3808 reparatorum
3638 3754 3765 3794 cou-

2185 3834 2420 3889 versatio
2467 3831 2830 3886 familiaritate
2859 3843 2925 3883 ac
2956 3844 3180 3883 numero
3221 3829 3524 3884 soeiabitur
3553 3831 3764 3898 angelo-

2185 3939 2326 3992 rum,
2364 3923 2566 3978 clarum
2606 3930 2690 3978 est
2734 3920 2876 3990 quod
2923 3920 3086 3974 homo
3133 3927 3259 3974 ante
3305 3919 3512 3973 ruinam
3554 3919 3769 3988 quidam

2187 4019 2410 4088 angelus
2457 4017 2772 4071 habebatur.
2824 4012 3029 4069 Idcirco
3057 4021 3114 4067 et
3142 4013 3525 4082 cum'priorem
3571 4020 3770 4070 statum

2188 4110 2293 4162 vita
2317 4115 2500 4162 nostra
2528 4104 2811 4174 receperit,
2837 4104 3040 4172 angelis
3063 4102 3428 4156 indubitanter
3452 4103 3771 4171 mquahitur.

2185 4198 2291 4253 Sed
2350 4197 2627 4268 quamvis,
2683 4203 2741 4248 ut
2789 4194 2988 4249 dictum
3034 4201 3153 4259 est,
3216 4194 3358 4246 inter
3411 4193 3531 4248 illos
3574 4195 3770 4264 nuptias

2185 4289 2345 4344 nulla:
2363 4289 2492 4354 sint,
2525 4295 2702 4340 tamen
2732 4287 2782 4339 in
2811 4285 3030 4338 inﬁnitis
3050 4283 3287 4339 millibus
3315 4285 3584 4340 exercitus
3613 4300 3771 4355 ange-

2186 4378 2358 4433 lorum
2387 4388 2531 4439 sunt,
2571 4377 2643 4430 ita
2675 4375 2894 4430 Daniele
2939 4375 3202 4444 propheta
3245 4375 3295 4428 in
3328 4376 3440 4431 suis
3484 4376 3772 4430 visionibus

2186 4469 2484 4522 intimante.
2528 4466 2670 4534 Ergo
2711 4465 2863 4534 juxta
2912 4464 3158 4518 eumdem
3206 4464 3424 4519 modum
3474 4467 3518 4520 si
3569 4466 3769 4537 peccati

2186 4560 2362 4614 nullus
2385 4573 2637 4614 excessus
2658 4557 2726 4610 ab
2751 4557 2840 4610 illa
2871 4571 2968 4610 nos
3005 4556 3251 4624 angelica
3295 4555 3556 4623 dignitate
3585 4557 3770 4610 distra.

2185 4648 2356 4714 heret,
2390 4663 2492 4703 nec
2519 4646 2674 4702 nobis
2701 4647 2884 4715 utique
2912 4643 2977 4699 ad
3024 4646 3521 4714 multiplicationem
3565 4647 3770 4714 generis

2186 4742 2386 4810 nuptiae
2413 4739 2730 4795 necessariae
2759 4739 3133 4807 probarentur.
3184 4730 3292 4792 Sed
3335 4738 3643 4807 quicunque
3685 4740 3772 4794 ille

2186 4841 2390 4888 natum
2420 4839 2597 4885 motus
2622 4839 2725 4895 est,
2755 4846 2864 4900 quo
2893 4831 3066 4898 angeli
3105 4830 3548 4900 multiplicantur,
3593 4833 3772 4902 perfe-

2185 4924 2456 4978 ctissimus
2484 4922 2719 4990 quidem,
2752 4921 2878 4976 licet
2903 4921 3230 4989 conjecturis
3257 4921 3510 4977 humanis
3554 4922 3773 4991 excogi-

2187 5018 2288 5071 tari
2331 5022 2582 5084 nequeat.
2617 5013 2997 5068 Verumtamen
3023 5013 3116 5082 qui
3155 5011 3399 5082 profecto
3439 5014 3638 5069 existat
3687 5014 3774 5068 hic

2187 5105 2401 5170 modus,
2427 5114 2484 5160 et
2513 5108 2565 5160 in
2590 5104 2673 5159 his
2696 5106 2786 5174 qui
2816 5105 2978 5174 paulo
3007 5105 3182 5159 minus
3209 5119 3369 5173 quam
3401 5106 3574 5173 angeli
3604 5105 3774 5160 hono-

2189 5203 2290 5254 rati
2321 5209 2462 5262 sunt,
2487 5197 2738 5253 effectum
2769 5213 2879 5251 suae
2904 5198 3236 5266 opemt'tonis
3265 5198 3581 5258 ostenderit,
3607 5212 3776 5265 usque

2189 5293 2257 5346 ad
2285 5292 2719 5362 praedestinatum
2750 5303 3029 5344 numerum
3051 5303 3219 5358 genus
3241 5291 3530 5344 humanum
3560 5287 3777 5343 Creato.

2187 5387 2260 5439 ris
2288 5385 2563 5439 voluntate
2591 5381 2967 5452 multiplicans.
2997 5380 3056 5436 Si
3077 5396 3204 5435 vero
3225 5382 3487 5451 quispiam
3513 5396 3609 5435 nos
3639 5381 3778 5436 forte

2191 5482 2458 5538 coarctet,
2510 5473 2786 5540 inquirens
2838 5471 3054 5525 modum
3103 5469 3277 5539 ipsum
3325 5487 3433 5540 quo
3476 5471 3777 5540 potuissent

2190 5565 2384 5618 animae
2411 5562 2544 5623 tieri,
2569 5562 2615 5616 si
2643 5562 2805 5615 homo
2827 5561 3128 5628 nuptiarum
3157 5574 3319 5630 opera
3348 5576 3455 5614 non
3476 5562 3776 5629 quaesisset,

2191 5657 2581 5722 interrogemus
2607 5664 2662 5707 et
2693 5669 2810 5719 nos,
2853 5653 2946 5722 qui
2976 5653 3165 5707 modus
3192 5654 3260 5707 sit
3296 5652 3640 5707 institutionis
3680 5669 3779 5706 an-

2189 5747 2389 5812 gelicae,
2421 5747 2695 5814 quomodo
2723 5745 2776 5799 in
2811 5745 3032 5798 inlinitis
3056 5745 3290 5798 millibus
3328 5753 3381 5797 et
3432 5745 3483 5797 in
3515 5759 3617 5796 una
3649 5747 3776 5796 ειη)-

2189 5839 2378 5892 sistere
2420 5837 2712 5905 probentur
2755 5838 3011 5903 essentia,
3061 5837 3111 5890 in
3156 5837 3324 5893 inulto
3374 5838 3623 5892 n’tnirum
3676 5850 3778 5890 uu-
