  <div class='ocr_page' id='page_1' title='image "/cluster/home/n/w/nwhite01/storage/ocr_20150623/67/umn.31951002477360y/202.png"; bbox 0 0 4122 6552; ppageno 0'>
   <div class='ocr_carea' id='block_1_1' title="bbox 356 391 456 448">
    <p class='ocr_par' dir='ltr' id='par_1_1' title="bbox 356 391 456 448">
     <span class='ocr_line' id='line_1_1' title="bbox 356 391 456 448; baseline -0.01 -1"><span class='ocrx_word' id='word_1_1' title='bbox 356 391 456 448; x_wconf 73' lang='grc' dir='ltr'><strong>5ῗ7</strong></span> 
     </span>
    </p>
   </div>
   <div class='ocr_carea' id='block_1_2' title="bbox 1143 393 2788 452">
    <p class='ocr_par' dir='ltr' id='par_1_2' title="bbox 1143 393 2788 452">
     <span class='ocr_line' id='line_1_2' title="bbox 1143 393 2788 452; baseline 0.001 -5"><span class='ocrx_word' id='word_1_2' title='bbox 1143 395 1319 450; x_wconf 71' lang='lat' dir='ltr'><strong>LlBlil</strong></span> <span class='ocrx_word' id='word_1_3' title='bbox 1351 395 1439 451; x_wconf 82' lang='lat' dir='ltr'><strong>DE</strong></span> <span class='ocrx_word' id='word_1_4' title='bbox 1479 395 1866 452; x_wconf 67' lang='lat' dir='ltr'><strong>CREATIONE</strong></span> <span class='ocrx_word' id='word_1_5' title='bbox 1904 393 2179 451; x_wconf 70' lang='lat' dir='ltr'><strong>110)&quot;le</strong></span> <span class='ocrx_word' id='word_1_6' title='bbox 2216 394 2788 451; x_wconf 69' lang='lat' dir='ltr'><strong>INTERPRETATIO.</strong></span> 
     </span>
    </p>
   </div>
   <div class='ocr_carea' id='block_1_3' title="bbox 3522 390 3626 446">
    <p class='ocr_par' dir='ltr' id='par_1_3' title="bbox 3522 390 3626 446">
     <span class='ocr_line' id='line_1_3' title="bbox 3522 390 3626 446; baseline -0.01 0"><span class='ocrx_word' id='word_1_7' title='bbox 3522 390 3626 446; x_wconf 75' lang='lat'><strong>378</strong></span> 
     </span>
    </p>
   </div>
   <div class='ocr_carea' id='block_1_4' title="bbox 355 506 3629 582">
    <p class='ocr_par' dir='ltr' id='par_1_4' title="bbox 355 506 3629 582">
     <span class='ocr_line' id='line_1_4' title="bbox 355 506 3629 582; baseline -0 -17"><span class='ocrx_word' id='word_1_8' title='bbox 355 524 508 565; x_wconf 89' lang='lat' dir='ltr'><strong>mero</strong></span> <span class='ocrx_word' id='word_1_9' title='bbox 533 507 832 566; x_wconf 71' lang='lat' dir='ltr'><strong>constituti.</strong></span> <span class='ocrx_word' id='word_1_10' title='bbox 866 506 979 563; x_wconf 83' lang='lat' dir='ltr'><strong>Hoc</strong></span> <span class='ocrx_word' id='word_1_11' title='bbox 1007 509 1205 579; x_wconf 82' lang='lat' dir='ltr'><strong>quippe</strong></span> <span class='ocrx_word' id='word_1_12' title='bbox 1231 510 1622 582; x_wconf 75' lang='lat' dir='ltr'><strong>competentius</strong></span> <span class='ocrx_word' id='word_1_13' title='bbox 1645 507 1941 578; x_wconf 82' lang='lat' dir='ltr'><strong>responde-</strong></span> <span class='ocrx_word' id='word_1_14' title='bbox 1971 507 2018 569; x_wconf 81' lang='grc' dir='ltr'><strong>Α</strong></span> <span class='ocrx_word' id='word_1_15' title='bbox 2047 517 2147 568; x_wconf 85' lang='lat' dir='ltr'><strong>est,</strong></span> <span class='ocrx_word' id='word_1_16' title='bbox 2179 509 2246 564; x_wconf 86' lang='lat' dir='ltr'><strong>ad</strong></span> <span class='ocrx_word' id='word_1_17' title='bbox 2267 509 2498 566; x_wconf 85' lang='lat' dir='ltr'><strong>hominis</strong></span> <span class='ocrx_word' id='word_1_18' title='bbox 2525 509 2776 565; x_wconf 88' lang='lat' dir='ltr'><strong>translata</strong></span> <span class='ocrx_word' id='word_1_19' title='bbox 2807 507 3290 575; x_wconf 85' lang='lat' dir='ltr'><strong>conservationem,</strong></span> <span class='ocrx_word' id='word_1_20' title='bbox 3321 519 3629 578; x_wconf 82' lang='lat' dir='ltr'><strong>passwuum</strong></span> 
     </span>
    </p>
   </div>
   <div class='ocr_carea' id='block_1_5' title="bbox 355 597 1943 671">
    <p class='ocr_par' dir='ltr' id='par_1_5' title="bbox 355 597 1943 671">
     <span class='ocr_line' id='line_1_5' title="bbox 355 597 1943 671; baseline -0.003 -14"><span class='ocrx_word' id='word_1_21' title='bbox 355 597 475 657; x_wconf 81' lang='lat' dir='ltr'><strong>mus</strong></span> <span class='ocrx_word' id='word_1_22' title='bbox 502 598 551 654; x_wconf 91' lang='lat' dir='ltr'><strong>ci</strong></span> <span class='ocrx_word' id='word_1_23' title='bbox 592 599 684 668; x_wconf 86' lang='lat' dir='ltr'><strong>qui</strong></span> <span class='ocrx_word' id='word_1_24' title='bbox 733 598 1004 668; x_wconf 80' lang='lat' dir='ltr'><strong>proponit,</strong></span> <span class='ocrx_word' id='word_1_25' title='bbox 1055 599 1325 668; x_wconf 90' lang='lat' dir='ltr'><strong>quomodo</strong></span> <span class='ocrx_word' id='word_1_26' title='bbox 1367 600 1538 670; x_wconf 89' lang='lat' dir='ltr'><strong>possit</strong></span> <span class='ocrx_word' id='word_1_27' title='bbox 1583 602 1700 656; x_wconf 91' lang='lat' dir='ltr'><strong>sine</strong></span> <span class='ocrx_word' id='word_1_28' title='bbox 1744 599 1943 671; x_wconf 84' lang='lat' dir='ltr'><strong>nuptiis</strong></span> 
     </span>
    </p>
   </div>
   <div class='ocr_carea' id='block_1_6' title="bbox 355 690 1943 763">
    <p class='ocr_par' dir='ltr' id='par_1_6' title="bbox 355 690 1943 763">
     <span class='ocr_line' id='line_1_6' title="bbox 355 690 1943 763; baseline -0.001 -18"><span class='ocrx_word' id='word_1_29' title='bbox 355 691 521 746; x_wconf 88' lang='lat' dir='ltr'><strong>homo</strong></span> <span class='ocrx_word' id='word_1_30' title='bbox 549 691 861 762; x_wconf 82' lang='lat' dir='ltr'><strong>persistere,</strong></span> <span class='ocrx_word' id='word_1_31' title='bbox 893 690 1153 753; x_wconf 91' lang='lat' dir='ltr'><strong>dicentes,</strong></span> <span class='ocrx_word' id='word_1_32' title='bbox 1187 707 1253 745; x_wconf 92' lang='lat' dir='ltr'><strong>eo</strong></span> <span class='ocrx_word' id='word_1_33' title='bbox 1283 692 1445 748; x_wconf 90' lang='lat' dir='ltr'><strong>modo</strong></span> <span class='ocrx_word' id='word_1_34' title='bbox 1473 709 1581 763; x_wconf 92' lang='lat' dir='ltr'><strong>quo</strong></span> <span class='ocrx_word' id='word_1_35' title='bbox 1609 693 1786 762; x_wconf 89' lang='lat' dir='ltr'><strong>angeli</strong></span> <span class='ocrx_word' id='word_1_36' title='bbox 1827 693 1943 747; x_wconf 89' lang='lat' dir='ltr'><strong>sine</strong></span> 
     </span>
    </p>
   </div>
   <div class='ocr_carea' id='block_1_7' title="bbox 354 780 1945 851">
    <p class='ocr_par' dir='ltr' id='par_1_7' title="bbox 354 780 1945 851">
     <span class='ocr_line' id='line_1_7' title="bbox 354 780 1945 851; baseline 0.001 -17"><span class='ocrx_word' id='word_1_37' title='bbox 354 781 556 849; x_wconf 85' lang='lat' dir='ltr'><strong>nuptiis</strong></span> <span class='ocrx_word' id='word_1_38' title='bbox 589 795 706 834; x_wconf 84' lang='lat' dir='ltr'><strong>esse</strong></span> <span class='ocrx_word' id='word_1_39' title='bbox 754 788 1071 835; x_wconf 88' lang='lat' dir='ltr'><strong>noscuntur.</strong></span> <span class='ocrx_word' id='word_1_40' title='bbox 1120 780 1254 836; x_wconf 86' lang='lat' dir='ltr'><strong>Nam</strong></span> <span class='ocrx_word' id='word_1_41' title='bbox 1283 783 1427 851; x_wconf 91' lang='lat' dir='ltr'><strong>quod</strong></span> <span class='ocrx_word' id='word_1_42' title='bbox 1473 785 1661 840; x_wconf 89' lang='lat' dir='ltr'><strong>similis</strong></span> <span class='ocrx_word' id='word_1_43' title='bbox 1694 786 1773 840; x_wconf 92' lang='lat' dir='ltr'><strong>cis</strong></span> <span class='ocrx_word' id='word_1_44' title='bbox 1819 793 1945 838; x_wconf 86' lang='lat' dir='ltr'><strong>ante</strong></span> 
     </span>
    </p>
   </div>
   <div class='ocr_carea' id='block_1_8' title="bbox 357 874 1942 945">
    <p class='ocr_par' dir='ltr' id='par_1_8' title="bbox 357 874 1942 945">
     <span class='ocr_line' id='line_1_8' title="bbox 357 874 1942 945; baseline -0.001 -17"><span class='ocrx_word' id='word_1_45' title='bbox 357 876 838 943; x_wconf 78' lang='lat' dir='ltr'><strong>transgressionem</strong></span> <span class='ocrx_word' id='word_1_46' title='bbox 871 875 1030 930; x_wconf 85' lang='lat' dir='ltr'><strong>fuerit</strong></span> <span class='ocrx_word' id='word_1_47' title='bbox 1058 877 1240 942; x_wconf 91' lang='lat' dir='ltr'><strong>homo,</strong></span> <span class='ocrx_word' id='word_1_48' title='bbox 1269 891 1456 932; x_wconf 87' lang='lat' dir='ltr'><strong>rursus</strong></span> <span class='ocrx_word' id='word_1_49' title='bbox 1484 875 1722 945; x_wconf 83' lang='lat' dir='ltr'><strong>ejusdem</strong></span> <span class='ocrx_word' id='word_1_50' title='bbox 1753 874 1942 931; x_wconf 81' lang='lat' dir='ltr'><strong>simili-</strong></span> 
     </span>
    </p>
   </div>
   <div class='ocr_carea' id='block_1_9' title="bbox 355 967 1944 1038">
    <p class='ocr_par' dir='ltr' id='par_1_9' title="bbox 355 967 1944 1038">
     <span class='ocr_line' id='line_1_9' title="bbox 355 967 1944 1038; baseline 0.003 -20"><span class='ocrx_word' id='word_1_51' title='bbox 355 967 594 1021; x_wconf 81' lang='lat' dir='ltr'><strong>tudinem</strong></span> <span class='ocrx_word' id='word_1_52' title='bbox 625 967 936 1023; x_wconf 80' lang='lat' dir='ltr'><strong>reformatio</strong></span> <span class='ocrx_word' id='word_1_53' title='bbox 962 967 1290 1025; x_wconf 72' lang='lat' dir='ltr'><strong>manifestat.</strong></span> <span class='ocrx_word' id='word_1_54' title='bbox 1333 969 1426 1024; x_wconf 85' lang='lat' dir='ltr'><strong>His</strong></span> <span class='ocrx_word' id='word_1_55' title='bbox 1462 969 1622 1038; x_wconf 89' lang='lat' dir='ltr'><strong>igitur</strong></span> <span class='ocrx_word' id='word_1_56' title='bbox 1650 969 1754 1023; x_wconf 89' lang='lat' dir='ltr'><strong>hoc</strong></span> <span class='ocrx_word' id='word_1_57' title='bbox 1783 967 1944 1022; x_wconf 89' lang='lat' dir='ltr'><strong>modo</strong></span> 
     </span>
    </p>
   </div>
   <div class='ocr_carea' id='block_1_10' title="bbox 354 1058 1945 1130">
    <p class='ocr_par' dir='ltr' id='par_1_10' title="bbox 354 1058 1945 1130">
     <span class='ocr_line' id='line_1_10' title="bbox 354 1058 1945 1130; baseline 0.003 -20"><span class='ocrx_word' id='word_1_58' title='bbox 354 1059 658 1128; x_wconf 79' lang='lat' dir='ltr'><strong>patefactis,</strong></span> <span class='ocrx_word' id='word_1_59' title='bbox 692 1058 758 1113; x_wconf 90' lang='lat' dir='ltr'><strong>ad</strong></span> <span class='ocrx_word' id='word_1_60' title='bbox 787 1061 1120 1129; x_wconf 83' lang='lat' dir='ltr'><strong>propositam</strong></span> <span class='ocrx_word' id='word_1_61' title='bbox 1150 1060 1501 1130; x_wconf 66' lang='lat' dir='ltr'><strong>quaestionem</strong></span> <span class='ocrx_word' id='word_1_62' title='bbox 1540 1069 1785 1116; x_wconf 85' lang='lat' dir='ltr'><strong>recurrat</strong></span> <span class='ocrx_word' id='word_1_63' title='bbox 1821 1074 1945 1115; x_wconf 87' lang='lat' dir='ltr'><strong>ora-</strong></span> 
     </span>
    </p>
   </div>
   <div class='ocr_carea' id='block_1_11' title="bbox 355 1143 1944 1218">
    <p class='ocr_par' dir='ltr' id='par_1_11' title="bbox 355 1143 1944 1218">
     <span class='ocr_line' id='line_1_11' title="bbox 355 1143 1944 1218; baseline 0.003 -20"><span class='ocrx_word' id='word_1_64' title='bbox 355 1143 453 1210; x_wconf 89' lang='lat' dir='ltr'><strong>tio,</strong></span> <span class='ocrx_word' id='word_1_65' title='bbox 483 1160 604 1200; x_wconf 90' lang='lat' dir='ltr'><strong>cum</strong></span> <span class='ocrx_word' id='word_1_66' title='bbox 633 1148 676 1202; x_wconf 70' lang='lat' dir='ltr'><strong>si</strong></span> <span class='ocrx_word' id='word_1_67' title='bbox 705 1157 826 1216; x_wconf 93' lang='lat' dir='ltr'><strong>post</strong></span> <span class='ocrx_word' id='word_1_68' title='bbox 867 1149 1230 1204; x_wconf 85' lang='lat' dir='ltr'><strong>conditionem</strong></span> <span class='ocrx_word' id='word_1_69' title='bbox 1275 1150 1540 1218; x_wconf 80' lang='lat' dir='ltr'><strong>imaginis,</strong></span> <span class='ocrx_word' id='word_1_70' title='bbox 1589 1149 1944 1204; x_wconf 75' lang='lat' dir='ltr'><strong>differentiam</strong></span> 
     </span>
    </p>
   </div>
   <div class='ocr_carea' id='block_1_12' title="bbox 356 1225 1946 1308">
    <p class='ocr_par' dir='ltr' id='par_1_12' title="bbox 356 1225 1946 1308">
     <span class='ocr_line' id='line_1_12' title="bbox 356 1225 1946 1308; baseline 0.006 -20"><span class='ocrx_word' id='word_1_71' title='bbox 356 1236 520 1290; x_wconf 82' lang='lat' dir='ltr'><strong>maris</strong></span> <span class='ocrx_word' id='word_1_72' title='bbox 558 1245 616 1291; x_wconf 88' lang='lat' dir='ltr'><strong>et</strong></span> <span class='ocrx_word' id='word_1_73' title='bbox 659 1225 870 1292; x_wconf 73' lang='lat' dir='ltr'><strong>ferninae</strong></span> <span class='ocrx_word' id='word_1_74' title='bbox 915 1238 1056 1293; x_wconf 88' lang='lat' dir='ltr'><strong>Deus</strong></span> <span class='ocrx_word' id='word_1_75' title='bbox 1100 1254 1198 1294; x_wconf 91' lang='lat' dir='ltr'><strong>suo</strong></span> <span class='ocrx_word' id='word_1_76' title='bbox 1227 1239 1474 1307; x_wconf 90' lang='lat' dir='ltr'><strong>dignatus</strong></span> <span class='ocrx_word' id='word_1_77' title='bbox 1525 1241 1597 1295; x_wconf 88' lang='lat' dir='ltr'><strong>sit</strong></span> <span class='ocrx_word' id='word_1_78' title='bbox 1636 1241 1946 1308; x_wconf 88' lang='lat' dir='ltr'><strong>excogitare</strong></span> 
     </span>
    </p>
   </div>
   <div class='ocr_carea' id='block_1_13' title="bbox 356 1321 1947 1399">
    <p class='ocr_par' dir='ltr' id='par_1_13' title="bbox 356 1321 1947 1399">
     <span class='ocr_line' id='line_1_13' title="bbox 356 1321 1947 1399; baseline 0.005 -23"><span class='ocrx_word' id='word_1_79' title='bbox 356 1321 717 1381; x_wconf 89' lang='lat' dir='ltr'><strong>firmamento.</strong></span> <span class='ocrx_word' id='word_1_80' title='bbox 751 1328 829 1382; x_wconf 81' lang='lat' dir='ltr'><strong>Ad</strong></span> <span class='ocrx_word' id='word_1_81' title='bbox 852 1328 955 1382; x_wconf 92' lang='lat' dir='ltr'><strong>hoc</strong></span> <span class='ocrx_word' id='word_1_82' title='bbox 979 1329 1122 1382; x_wconf 91' lang='lat' dir='ltr'><strong>enim</strong></span> <span class='ocrx_word' id='word_1_83' title='bbox 1147 1329 1331 1386; x_wconf 88' lang='lat' dir='ltr'><strong>utilem</strong></span> <span class='ocrx_word' id='word_1_84' title='bbox 1361 1330 1534 1386; x_wconf 89' lang='lat' dir='ltr'><strong>fateor</strong></span> <span class='ocrx_word' id='word_1_85' title='bbox 1551 1345 1671 1386; x_wconf 88' lang='lat' dir='ltr'><strong>esse</strong></span> <span class='ocrx_word' id='word_1_86' title='bbox 1698 1331 1947 1399; x_wconf 59' lang='lat' dir='ltr'><strong>superioa</strong></span> 
     </span>
    </p>
   </div>
   <div class='ocr_carea' id='block_1_14' title="bbox 363 1417 1944 1490">
    <p class='ocr_par' dir='ltr' id='par_1_14' title="bbox 363 1417 1944 1490">
     <span class='ocr_line' id='line_1_14' title="bbox 363 1417 1944 1490; baseline 0.003 -20"><span class='ocrx_word' id='word_1_87' title='bbox 363 1432 478 1470; x_wconf 86' lang='lat' dir='ltr'><strong>rem</strong></span> <span class='ocrx_word' id='word_1_88' title='bbox 511 1417 649 1472; x_wconf 89' lang='lat' dir='ltr'><strong>hanc</strong></span> <span class='ocrx_word' id='word_1_89' title='bbox 681 1419 1070 1488; x_wconf 87' lang='lat' dir='ltr'><strong>inspectionem</strong></span> <span class='ocrx_word' id='word_1_90' title='bbox 1099 1435 1217 1488; x_wconf 61' lang='lat' dir='ltr'><strong>quae</strong></span> <span class='ocrx_word' id='word_1_91' title='bbox 1246 1435 1275 1473; x_wconf 92' lang='lat' dir='ltr'><strong>a</strong></span> <span class='ocrx_word' id='word_1_92' title='bbox 1303 1420 1460 1476; x_wconf 90' lang='lat' dir='ltr'><strong>nobis</strong></span> <span class='ocrx_word' id='word_1_93' title='bbox 1490 1428 1809 1490; x_wconf 78' lang='lat' dir='ltr'><strong>exprompta</strong></span> <span class='ocrx_word' id='word_1_94' title='bbox 1842 1429 1944 1476; x_wconf 92' lang='lat' dir='ltr'><strong>est.</strong></span> 
     </span>
    </p>
   </div>
   <div class='ocr_carea' id='block_1_15' title="bbox 355 1505 1946 1582">
    <p class='ocr_par' dir='ltr' id='par_1_15' title="bbox 355 1505 1946 1582">
     <span class='ocr_line' id='line_1_15' title="bbox 355 1505 1946 1582; baseline 0.004 -23"><span class='ocrx_word' id='word_1_95' title='bbox 355 1505 490 1560; x_wconf 86' lang='lat' dir='ltr'><strong>Nam</strong></span> <span class='ocrx_word' id='word_1_96' title='bbox 521 1509 611 1575; x_wconf 90' lang='lat' dir='ltr'><strong>qui</strong></span> <span class='ocrx_word' id='word_1_97' title='bbox 641 1517 832 1562; x_wconf 92' lang='lat' dir='ltr'><strong>cuncta</strong></span> <span class='ocrx_word' id='word_1_98' title='bbox 866 1517 924 1562; x_wconf 91' lang='lat' dir='ltr'><strong>ut</strong></span> <span class='ocrx_word' id='word_1_99' title='bbox 951 1517 1132 1564; x_wconf 88' lang='lat' dir='ltr'><strong>essent</strong></span> <span class='ocrx_word' id='word_1_100' title='bbox 1161 1509 1430 1578; x_wconf 87' lang='lat' dir='ltr'><strong>produxit,</strong></span> <span class='ocrx_word' id='word_1_101' title='bbox 1453 1517 1734 1582; x_wconf 91' lang='lat' dir='ltr'><strong>totumque</strong></span> <span class='ocrx_word' id='word_1_102' title='bbox 1772 1511 1946 1566; x_wconf 87' lang='lat' dir='ltr'><strong>homi-</strong></span> 
     </span>
    </p>
   </div>
   <div class='ocr_carea' id='block_1_16' title="bbox 355 1597 1942 1673">
    <p class='ocr_par' dir='ltr' id='par_1_16' title="bbox 355 1597 1942 1673">
     <span class='ocr_line' id='line_1_16' title="bbox 355 1597 1942 1673; baseline 0.006 -22"><span class='ocrx_word' id='word_1_103' title='bbox 355 1614 476 1652; x_wconf 89' lang='lat' dir='ltr'><strong>nem</strong></span> <span class='ocrx_word' id='word_1_104' title='bbox 499 1615 591 1652; x_wconf 91' lang='lat' dir='ltr'><strong>sua</strong></span> <span class='ocrx_word' id='word_1_105' title='bbox 623 1597 972 1668; x_wconf 79' lang='lat' dir='ltr'><strong>dispositione</strong></span> <span class='ocrx_word' id='word_1_106' title='bbox 999 1600 1064 1654; x_wconf 89' lang='lat' dir='ltr'><strong>ad</strong></span> <span class='ocrx_word' id='word_1_107' title='bbox 1087 1601 1322 1656; x_wconf 82' lang='lat' dir='ltr'><strong>divinam</strong></span> <span class='ocrx_word' id='word_1_108' title='bbox 1361 1601 1613 1658; x_wconf 81' lang='lat' dir='ltr'><strong>formavit</strong></span> <span class='ocrx_word' id='word_1_109' title='bbox 1636 1604 1942 1673; x_wconf 76' lang='lat' dir='ltr'><strong>imaginem,</strong></span> 
     </span>
    </p>
   </div>
   <div class='ocr_carea' id='block_1_17' title="bbox 355 1689 1950 1764">
    <p class='ocr_par' dir='ltr' id='par_1_17' title="bbox 355 1689 1950 1764">
     <span class='ocr_line' id='line_1_17' title="bbox 355 1689 1950 1764; baseline 0.006 -24"><span class='ocrx_word' id='word_1_110' title='bbox 355 1703 694 1757; x_wconf 87' lang='lat' dir='ltr'><strong>nequaquam</strong></span> <span class='ocrx_word' id='word_1_111' title='bbox 723 1689 902 1759; x_wconf 86' lang='lat' dir='ltr'><strong>parvis</strong></span> <span class='ocrx_word' id='word_1_112' title='bbox 930 1705 994 1745; x_wconf 93' lang='lat' dir='ltr'><strong>ac</strong></span> <span class='ocrx_word' id='word_1_113' title='bbox 1023 1690 1249 1745; x_wconf 90' lang='lat' dir='ltr'><strong>modicis</strong></span> <span class='ocrx_word' id='word_1_114' title='bbox 1293 1690 1688 1760; x_wconf 90' lang='lat' dir='ltr'><strong>adjectionibus</strong></span> <span class='ocrx_word' id='word_1_115' title='bbox 1729 1695 1950 1764; x_wconf 88' lang='lat' dir='ltr'><strong>pertulit</strong></span> 
     </span>
    </p>
   </div>
   <div class='ocr_carea' id='block_1_18' title="bbox 355 1781 1949 1852">
    <p class='ocr_par' dir='ltr' id='par_1_18' title="bbox 355 1781 1949 1852">
     <span class='ocr_line' id='line_1_18' title="bbox 355 1781 1949 1852; baseline 0.004 -20"><span class='ocrx_word' id='word_1_116' title='bbox 355 1781 658 1835; x_wconf 85' lang='lat' dir='ltr'><strong>animarum</strong></span> <span class='ocrx_word' id='word_1_117' title='bbox 691 1796 973 1836; x_wconf 90' lang='lat' dir='ltr'><strong>numerum</strong></span> <span class='ocrx_word' id='word_1_118' title='bbox 1004 1783 1056 1836; x_wconf 92' lang='lat' dir='ltr'><strong>in</strong></span> <span class='ocrx_word' id='word_1_119' title='bbox 1087 1798 1180 1837; x_wconf 90' lang='lat' dir='ltr'><strong>sua</strong></span> <span class='ocrx_word' id='word_1_120' title='bbox 1209 1783 1539 1852; x_wconf 85' lang='lat' dir='ltr'><strong>plenitudine</strong></span> <span class='ocrx_word' id='word_1_121' title='bbox 1577 1786 1752 1840; x_wconf 86' lang='lat' dir='ltr'><strong>minus</strong></span> <span class='ocrx_word' id='word_1_122' title='bbox 1776 1785 1949 1842; x_wconf 87' lang='lat' dir='ltr'><strong>videri</strong></span> 
     </span>
    </p>
   </div>
   <div class='ocr_carea' id='block_1_19' title="bbox 2046 600 3627 670">
    <p class='ocr_par' dir='ltr' id='par_1_19' title="bbox 2046 600 3627 670">
     <span class='ocr_line' id='line_1_19' title="bbox 2046 600 3627 670; baseline 0.002 -16"><span class='ocrx_word' id='word_1_123' title='bbox 2046 601 2196 654; x_wconf 89' lang='lat' dir='ltr'><strong>initia</strong></span> <span class='ocrx_word' id='word_1_124' title='bbox 2215 600 2353 656; x_wconf 81' lang='lat' dir='ltr'><strong>facta</strong></span> <span class='ocrx_word' id='word_1_125' title='bbox 2374 612 2518 658; x_wconf 90' lang='lat' dir='ltr'><strong>sunt.</strong></span> <span class='ocrx_word' id='word_1_126' title='bbox 2543 602 2748 658; x_wconf 87' lang='lat' dir='ltr'><strong>Furore</strong></span> <span class='ocrx_word' id='word_1_127' title='bbox 2769 615 3001 670; x_wconf 88' lang='lat' dir='ltr'><strong>namque</strong></span> <span class='ocrx_word' id='word_1_128' title='bbox 3017 611 3405 658; x_wconf 89' lang='lat' dir='ltr'><strong>conservantur</strong></span> <span class='ocrx_word' id='word_1_129' title='bbox 3421 602 3627 668; x_wconf 65' lang='lat' dir='ltr'><strong>bestias,</strong></span> 
     </span>
    </p>
   </div>
   <div class='ocr_carea' id='block_1_20' title="bbox 2045 693 3630 762">
    <p class='ocr_par' dir='ltr' id='par_1_20' title="bbox 2045 693 3630 762">
     <span class='ocr_line' id='line_1_20' title="bbox 2045 693 3630 762; baseline 0.002 -17"><span class='ocrx_word' id='word_1_130' title='bbox 2045 705 2163 760; x_wconf 74' lang='lat' dir='ltr'><strong>qua:</strong></span> <span class='ocrx_word' id='word_1_131' title='bbox 2192 708 2355 748; x_wconf 88' lang='lat' dir='ltr'><strong>carne</strong></span> <span class='ocrx_word' id='word_1_132' title='bbox 2382 703 2710 759; x_wconf 87' lang='lat' dir='ltr'><strong>vescuntur;</strong></span> <span class='ocrx_word' id='word_1_133' title='bbox 2737 708 3069 762; x_wconf 66' lang='lat' dir='ltr'><strong>quaecunque</strong></span> <span class='ocrx_word' id='word_1_134' title='bbox 3090 708 3218 747; x_wconf 87' lang='lat' dir='ltr'><strong>vero</strong></span> <span class='ocrx_word' id='word_1_135' title='bbox 3247 693 3442 749; x_wconf 88' lang='lat' dir='ltr'><strong>lasciva</strong></span> <span class='ocrx_word' id='word_1_136' title='bbox 3482 701 3630 762; x_wconf 87' lang='lat' dir='ltr'><strong>sunt,</strong></span> 
     </span>
    </p>
   </div>
   <div class='ocr_carea' id='block_1_21' title="bbox 2044 783 3633 855">
    <p class='ocr_par' dir='ltr' id='par_1_21' title="bbox 2044 783 3633 855">
     <span class='ocr_line' id='line_1_21' title="bbox 2044 783 3633 855; baseline 0.003 -19"><span class='ocrx_word' id='word_1_137' title='bbox 2044 796 2212 852; x_wconf 87' lang='lat' dir='ltr'><strong>genus</strong></span> <span class='ocrx_word' id='word_1_138' title='bbox 2233 799 2386 838; x_wconf 87' lang='lat' dir='ltr'><strong>suum</strong></span> <span class='ocrx_word' id='word_1_139' title='bbox 2418 785 2806 854; x_wconf 78' lang='lat' dir='ltr'><strong>propagatione</strong></span> <span class='ocrx_word' id='word_1_140' title='bbox 2835 784 3224 855; x_wconf 78' lang='lat' dir='ltr'><strong>multiplicant:</strong></span> <span class='ocrx_word' id='word_1_141' title='bbox 3245 783 3366 851; x_wconf 86' lang='lat' dir='ltr'><strong>fuga</strong></span> <span class='ocrx_word' id='word_1_142' title='bbox 3397 784 3633 840; x_wconf 83' lang='lat' dir='ltr'><strong>custodit</strong></span> 
     </span>
    </p>
   </div>
   <div class='ocr_carea' id='block_1_22' title="bbox 2045 873 3632 946">
    <p class='ocr_par' dir='ltr' id='par_1_22' title="bbox 2045 873 3632 946">
     <span class='ocr_line' id='line_1_22' title="bbox 2045 873 3632 946; baseline 0.004 -18"><span class='ocrx_word' id='word_1_143' title='bbox 2045 873 2357 942; x_wconf 88' lang='lat' dir='ltr'><strong>invalidum,</strong></span> <span class='ocrx_word' id='word_1_144' title='bbox 2389 883 2444 929; x_wconf 89' lang='lat' dir='ltr'><strong>et</strong></span> <span class='ocrx_word' id='word_1_145' title='bbox 2467 883 2641 930; x_wconf 90' lang='lat' dir='ltr'><strong>metus</strong></span> <span class='ocrx_word' id='word_1_146' title='bbox 2663 891 2785 930; x_wconf 91' lang='lat' dir='ltr'><strong>eum</strong></span> <span class='ocrx_word' id='word_1_147' title='bbox 2823 883 3006 931; x_wconf 87' lang='lat' dir='ltr'><strong>tuetur</strong></span> <span class='ocrx_word' id='word_1_148' title='bbox 3033 876 3124 946; x_wconf 90' lang='lat' dir='ltr'><strong>qui</strong></span> <span class='ocrx_word' id='word_1_149' title='bbox 3152 875 3358 930; x_wconf 81' lang='lat' dir='ltr'><strong>facilius</strong></span> <span class='ocrx_word' id='word_1_150' title='bbox 3383 891 3413 929; x_wconf 89' lang='lat' dir='ltr'><strong>a</strong></span> <span class='ocrx_word' id='word_1_151' title='bbox 3439 877 3632 934; x_wconf 81' lang='lat' dir='ltr'><strong>fortio-</strong></span> 
     </span>
    </p>
   </div>
   <div class='ocr_carea' id='block_1_23' title="bbox 2045 967 3628 1040">
    <p class='ocr_par' dir='ltr' id='par_1_23' title="bbox 2045 967 3628 1040">
     <span class='ocr_line' id='line_1_23' title="bbox 2045 967 3628 1040; baseline 0.004 -19"><span class='ocrx_word' id='word_1_152' title='bbox 2045 967 2192 1023; x_wconf 87' lang='lat' dir='ltr'><strong>ribus</strong></span> <span class='ocrx_word' id='word_1_153' title='bbox 2219 969 2457 1038; x_wconf 87' lang='lat' dir='ltr'><strong>capitur;</strong></span> <span class='ocrx_word' id='word_1_154' title='bbox 2485 970 2859 1039; x_wconf 88' lang='lat' dir='ltr'><strong>corpulentum</strong></span> <span class='ocrx_word' id='word_1_155' title='bbox 2883 985 3097 1040; x_wconf 89' lang='lat' dir='ltr'><strong>quoque</strong></span> <span class='ocrx_word' id='word_1_156' title='bbox 3146 978 3327 1025; x_wconf 79' lang='lat' dir='ltr'><strong>servat</strong></span> <span class='ocrx_word' id='word_1_157' title='bbox 3351 969 3628 1039; x_wconf 83' lang='lat' dir='ltr'><strong>edacitas;</strong></span> 
     </span>
    </p>
   </div>
   <div class='ocr_carea' id='block_1_24' title="bbox 2045 1058 3617 1134">
    <p class='ocr_par' dir='ltr' id='par_1_24' title="bbox 2045 1058 3617 1134">
     <span class='ocr_line' id='line_1_24' title="bbox 2045 1058 3617 1134; baseline 0.001 -22"><span class='ocrx_word' id='word_1_158' title='bbox 2045 1065 2102 1112; x_wconf 91' lang='lat' dir='ltr'><strong>et</strong></span> <span class='ocrx_word' id='word_1_159' title='bbox 2127 1058 2173 1112; x_wconf 87' lang='lat' dir='ltr'><strong>si</strong></span> <span class='ocrx_word' id='word_1_160' title='bbox 2203 1059 2490 1126; x_wconf 79' lang='lat' dir='ltr'><strong>contigerit</strong></span> <span class='ocrx_word' id='word_1_161' title='bbox 2525 1075 2634 1115; x_wconf 89' lang='lat' dir='ltr'><strong>non</strong></span> <span class='ocrx_word' id='word_1_162' title='bbox 2664 1061 2878 1130; x_wconf 88' lang='lat' dir='ltr'><strong>assequi</strong></span> <span class='ocrx_word' id='word_1_163' title='bbox 2917 1061 3059 1130; x_wconf 86' lang='lat' dir='ltr'><strong>quod</strong></span> <span class='ocrx_word' id='word_1_164' title='bbox 3099 1061 3346 1130; x_wconf 83' lang='lat' dir='ltr'><strong>voluptas</strong></span> <span class='ocrx_word' id='word_1_165' title='bbox 3379 1061 3617 1134; x_wconf 74' lang='lat' dir='ltr'><strong>inquirit,</strong></span> 
     </span>
    </p>
   </div>
   <div class='ocr_carea' id='block_1_25' title="bbox 2047 1147 3630 1219">
    <p class='ocr_par' dir='ltr' id='par_1_25' title="bbox 2047 1147 3630 1219">
     <span class='ocr_line' id='line_1_25' title="bbox 2047 1147 3630 1219; baseline 0.003 -19"><span class='ocrx_word' id='word_1_166' title='bbox 2047 1147 2107 1203; x_wconf 87' lang='lat' dir='ltr'><strong>tit</strong></span> <span class='ocrx_word' id='word_1_167' title='bbox 2129 1148 2510 1204; x_wconf 86' lang='lat' dir='ltr'><strong>irrationabilis</strong></span> <span class='ocrx_word' id='word_1_168' title='bbox 2533 1150 2780 1204; x_wconf 75' lang='lat' dir='ltr'><strong>mmroris</strong></span> <span class='ocrx_word' id='word_1_169' title='bbox 2809 1151 3046 1205; x_wconf 83' lang='lat' dir='ltr'><strong>occasio.</strong></span> <span class='ocrx_word' id='word_1_170' title='bbox 3078 1149 3204 1205; x_wconf 70' lang='lat' dir='ltr'><strong>Haec</strong></span> <span class='ocrx_word' id='word_1_171' title='bbox 3219 1161 3397 1204; x_wconf 88' lang='lat' dir='ltr'><strong>autem</strong></span> <span class='ocrx_word' id='word_1_172' title='bbox 3427 1152 3630 1219; x_wconf 84' lang='lat' dir='ltr'><strong>omnia,</strong></span> 
     </span>
    </p>
   </div>
   <div class='ocr_carea' id='block_1_26' title="bbox 2047 1238 3637 1309">
    <p class='ocr_par' dir='ltr' id='par_1_26' title="bbox 2047 1238 3637 1309">
     <span class='ocr_line' id='line_1_26' title="bbox 2047 1238 3637 1309; baseline 0.003 -16"><span class='ocrx_word' id='word_1_173' title='bbox 2047 1245 2102 1293; x_wconf 91' lang='lat' dir='ltr'><strong>et</strong></span> <span class='ocrx_word' id='word_1_174' title='bbox 2130 1238 2176 1292; x_wconf 90' lang='lat' dir='ltr'><strong>si</strong></span> <span class='ocrx_word' id='word_1_175' title='bbox 2201 1253 2306 1307; x_wconf 84' lang='lat' dir='ltr'><strong>qua</strong></span> <span class='ocrx_word' id='word_1_176' title='bbox 2335 1248 2460 1292; x_wconf 91' lang='lat' dir='ltr'><strong>sunt</strong></span> <span class='ocrx_word' id='word_1_177' title='bbox 2483 1239 2630 1304; x_wconf 91' lang='lat' dir='ltr'><strong>talia,</strong></span> <span class='ocrx_word' id='word_1_178' title='bbox 2662 1255 2726 1294; x_wconf 84' lang='lat' dir='ltr'><strong>ex</strong></span> <span class='ocrx_word' id='word_1_179' title='bbox 2752 1241 2970 1306; x_wconf 86' lang='lat' dir='ltr'><strong>animali</strong></span> <span class='ocrx_word' id='word_1_180' title='bbox 3005 1241 3268 1309; x_wconf 89' lang='lat' dir='ltr'><strong>brutaque</strong></span> <span class='ocrx_word' id='word_1_181' title='bbox 3300 1242 3637 1298; x_wconf 81' lang='lat' dir='ltr'><strong>institutione</strong></span> 
     </span>
    </p>
   </div>
   <div class='ocr_carea' id='block_1_27' title="bbox 2047 1329 3635 1398">
    <p class='ocr_par' dir='ltr' id='par_1_27' title="bbox 2047 1329 3635 1398">
     <span class='ocr_line' id='line_1_27' title="bbox 2047 1329 3635 1398; baseline 0.003 -15"><span class='ocrx_word' id='word_1_182' title='bbox 2047 1329 2381 1398; x_wconf 83' lang='lat' dir='ltr'><strong>generationi</strong></span> <span class='ocrx_word' id='word_1_183' title='bbox 2411 1331 2686 1385; x_wconf 91' lang='lat' dir='ltr'><strong>hominum</strong></span> <span class='ocrx_word' id='word_1_184' title='bbox 2711 1332 3001 1386; x_wconf 87' lang='lat' dir='ltr'><strong>accessisse</strong></span> <span class='ocrx_word' id='word_1_185' title='bbox 3027 1346 3135 1386; x_wconf 92' lang='lat' dir='ltr'><strong>non</strong></span> <span class='ocrx_word' id='word_1_186' title='bbox 3159 1331 3377 1386; x_wconf 89' lang='lat' dir='ltr'><strong>dubium</strong></span> <span class='ocrx_word' id='word_1_187' title='bbox 3401 1341 3500 1388; x_wconf 89' lang='lat' dir='ltr'><strong>est.</strong></span> <span class='ocrx_word' id='word_1_188' title='bbox 3529 1332 3635 1388; x_wconf 87' lang='lat' dir='ltr'><strong>Sed</strong></span> 
     </span>
    </p>
   </div>
   <div class='ocr_carea' id='block_1_28' title="bbox 2049 1418 3639 1490">
    <p class='ocr_par' dir='ltr' id='par_1_28' title="bbox 2049 1418 3639 1490">
     <span class='ocr_line' id='line_1_28' title="bbox 2049 1418 3639 1490; baseline 0.004 -19"><span class='ocrx_word' id='word_1_189' title='bbox 2049 1418 2178 1472; x_wconf 88' lang='lat' dir='ltr'><strong>mihi</strong></span> <span class='ocrx_word' id='word_1_190' title='bbox 2203 1419 2532 1474; x_wconf 89' lang='lat' dir='ltr'><strong>concedatur</strong></span> <span class='ocrx_word' id='word_1_191' title='bbox 2555 1427 2612 1473; x_wconf 92' lang='lat' dir='ltr'><strong>ut</strong></span> <span class='ocrx_word' id='word_1_192' title='bbox 2633 1418 2786 1488; x_wconf 90' lang='lat' dir='ltr'><strong>juxta</strong></span> <span class='ocrx_word' id='word_1_193' title='bbox 2812 1420 3096 1490; x_wconf 85' lang='lat' dir='ltr'><strong>quamdam</strong></span> <span class='ocrx_word' id='word_1_194' title='bbox 3128 1419 3398 1476; x_wconf 87' lang='lat' dir='ltr'><strong>fictionem</strong></span> <span class='ocrx_word' id='word_1_195' title='bbox 3427 1423 3505 1476; x_wconf 85' lang='lat' dir='ltr'><strong>rei</strong></span> <span class='ocrx_word' id='word_1_196' title='bbox 3534 1423 3639 1477; x_wconf 90' lang='lat' dir='ltr'><strong>mi-</strong></span> 
     </span>
    </p>
   </div>
   <div class='ocr_carea' id='block_1_29' title="bbox 2048 1507 3639 1568">
    <p class='ocr_par' dir='ltr' id='par_1_29' title="bbox 2048 1507 3639 1568">
     <span class='ocr_line' id='line_1_29' title="bbox 2048 1507 3639 1568; baseline 0.004 -7"><span class='ocrx_word' id='word_1_197' title='bbox 2048 1507 2232 1562; x_wconf 90' lang='lat' dir='ltr'><strong>rabilis</strong></span> <span class='ocrx_word' id='word_1_198' title='bbox 2265 1509 2557 1564; x_wconf 88' lang='lat' dir='ltr'><strong>humanam</strong></span> <span class='ocrx_word' id='word_1_199' title='bbox 2590 1509 2816 1564; x_wconf 89' lang='lat' dir='ltr'><strong>formam</strong></span> <span class='ocrx_word' id='word_1_200' title='bbox 2858 1525 3109 1565; x_wconf 91' lang='lat' dir='ltr'><strong>sermone</strong></span> <span class='ocrx_word' id='word_1_201' title='bbox 3135 1511 3456 1566; x_wconf 88' lang='lat' dir='ltr'><strong>describam.</strong></span> <span class='ocrx_word' id='word_1_202' title='bbox 3487 1511 3639 1568; x_wconf 86' lang='lat' dir='ltr'><strong>Sicut</strong></span> 
     </span>
    </p>
   </div>
   <div class='ocr_carea' id='block_1_30' title="bbox 2049 1596 3638 1670">
    <p class='ocr_par' dir='ltr' id='par_1_30' title="bbox 2049 1596 3638 1670">
     <span class='ocr_line' id='line_1_30' title="bbox 2049 1596 3638 1670; baseline 0.003 -19"><span class='ocrx_word' id='word_1_203' title='bbox 2049 1596 2194 1652; x_wconf 90' lang='lat' dir='ltr'><strong>enim</strong></span> <span class='ocrx_word' id='word_1_204' title='bbox 2223 1597 2467 1654; x_wconf 87' lang='lat' dir='ltr'><strong>videmus</strong></span> <span class='ocrx_word' id='word_1_205' title='bbox 2503 1599 2572 1654; x_wconf 91' lang='lat' dir='ltr'><strong>de</strong></span> <span class='ocrx_word' id='word_1_206' title='bbox 2607 1598 2768 1654; x_wconf 90' lang='lat' dir='ltr'><strong>rebus</strong></span> <span class='ocrx_word' id='word_1_207' title='bbox 2800 1597 2936 1655; x_wconf 89' lang='lat' dir='ltr'><strong>fictis</strong></span> <span class='ocrx_word' id='word_1_208' title='bbox 2965 1601 3234 1670; x_wconf 91' lang='lat' dir='ltr'><strong>sculptilia</strong></span> <span class='ocrx_word' id='word_1_209' title='bbox 3277 1600 3391 1656; x_wconf 88' lang='lat' dir='ltr'><strong>fieri</strong></span> <span class='ocrx_word' id='word_1_210' title='bbox 3419 1603 3638 1656; x_wconf 79' lang='lat' dir='ltr'><strong>simula—</strong></span> 
     </span>
    </p>
   </div>
   <div class='ocr_carea' id='block_1_31' title="bbox 2051 1691 3636 1762">
    <p class='ocr_par' dir='ltr' id='par_1_31' title="bbox 2051 1691 3636 1762">
     <span class='ocr_line' id='line_1_31' title="bbox 2051 1691 3636 1762; baseline 0.001 -17"><span class='ocrx_word' id='word_1_211' title='bbox 2051 1705 2143 1745; x_wconf 84' lang='lat' dir='ltr'><strong>cra</strong></span> <span class='ocrx_word' id='word_1_212' title='bbox 2183 1705 2302 1760; x_wconf 65' lang='lat' dir='ltr'><strong>quae</strong></span> <span class='ocrx_word' id='word_1_213' title='bbox 2356 1691 2678 1746; x_wconf 89' lang='lat' dir='ltr'><strong>intuentium</strong></span> <span class='ocrx_word' id='word_1_214' title='bbox 2707 1691 2915 1746; x_wconf 91' lang='lat' dir='ltr'><strong>animos</strong></span> <span class='ocrx_word' id='word_1_215' title='bbox 2956 1691 3024 1747; x_wconf 92' lang='lat' dir='ltr'><strong>ad</strong></span> <span class='ocrx_word' id='word_1_216' title='bbox 3075 1701 3352 1762; x_wconf 90' lang='lat' dir='ltr'><strong>stuporem</strong></span> <span class='ocrx_word' id='word_1_217' title='bbox 3399 1701 3636 1760; x_wconf 86' lang='lat' dir='ltr'><strong>vertunt,</strong></span> 
     </span>
    </p>
   </div>
   <div class='ocr_carea' id='block_1_32' title="bbox 2052 1779 3636 1852">
    <p class='ocr_par' dir='ltr' id='par_1_32' title="bbox 2052 1779 3636 1852">
     <span class='ocr_line' id='line_1_32' title="bbox 2052 1779 3636 1852; baseline 0.001 -18"><span class='ocrx_word' id='word_1_218' title='bbox 2052 1779 2107 1834; x_wconf 92' lang='lat' dir='ltr'><strong>hi</strong></span> <span class='ocrx_word' id='word_1_219' title='bbox 2155 1780 2246 1850; x_wconf 92' lang='lat' dir='ltr'><strong>qui</strong></span> <span class='ocrx_word' id='word_1_220' title='bbox 2300 1780 2457 1850; x_wconf 88' lang='lat' dir='ltr'><strong>hujus</strong></span> <span class='ocrx_word' id='word_1_221' title='bbox 2506 1795 2626 1836; x_wconf 89' lang='lat' dir='ltr'><strong>esse</strong></span> <span class='ocrx_word' id='word_1_222' title='bbox 2671 1781 2970 1850; x_wconf 88' lang='lat' dir='ltr'><strong>probantur</strong></span> <span class='ocrx_word' id='word_1_223' title='bbox 3020 1782 3154 1836; x_wconf 88' lang='lat' dir='ltr'><strong>artis</strong></span> <span class='ocrx_word' id='word_1_224' title='bbox 3210 1781 3508 1852; x_wconf 86' lang='lat' dir='ltr'><strong>exculpunt</strong></span> <span class='ocrx_word' id='word_1_225' title='bbox 3563 1781 3636 1835; x_wconf 81' lang='lat' dir='ltr'><strong>ita</strong></span> 
     </span>
    </p>
   </div>
   <div class='ocr_carea' id='block_1_33' title="bbox 353 1869 3644 1944">
    <p class='ocr_par' dir='ltr' id='par_1_33' title="bbox 353 1869 3644 1944">
     <span class='ocr_line' id='line_1_33' title="bbox 353 1869 3644 1944; baseline 0.002 -24"><span class='ocrx_word' id='word_1_226' title='bbox 353 1869 674 1939; x_wconf 83' lang='lat' dir='ltr'><strong>perfectum.</strong></span> <span class='ocrx_word' id='word_1_227' title='bbox 719 1869 828 1926; x_wconf 90' lang='lat' dir='ltr'><strong>Sed</strong></span> <span class='ocrx_word' id='word_1_228' title='bbox 867 1871 1026 1926; x_wconf 92' lang='lat' dir='ltr'><strong>simul</strong></span> <span class='ocrx_word' id='word_1_229' title='bbox 1063 1873 1364 1928; x_wconf 84' lang='lat' dir='ltr'><strong>universam</strong></span> <span class='ocrx_word' id='word_1_230' title='bbox 1411 1874 1798 1944; x_wconf 89' lang='lat' dir='ltr'><strong>plenitudinem</strong></span> <span class='ocrx_word' id='word_1_231' title='bbox 1846 1876 1946 1932; x_wconf 91' lang='lat' dir='ltr'><strong>bu-</strong></span> <span class='ocrx_word' id='word_1_232' title='bbox 1981 1878 2020 1936; x_wconf 87' lang='grc' dir='ltr'><strong>Β</strong></span> <span class='ocrx_word' id='word_1_233' title='bbox 2053 1880 2113 1927; x_wconf 88' lang='lat' dir='ltr'><strong>ut</strong></span> <span class='ocrx_word' id='word_1_234' title='bbox 2160 1871 2424 1927; x_wconf 87' lang='lat' dir='ltr'><strong>interdum</strong></span> <span class='ocrx_word' id='word_1_235' title='bbox 2471 1887 2634 1927; x_wconf 92' lang='lat' dir='ltr'><strong>unum</strong></span> <span class='ocrx_word' id='word_1_236' title='bbox 2671 1879 2835 1941; x_wconf 91' lang='lat' dir='ltr'><strong>caput</strong></span> <span class='ocrx_word' id='word_1_237' title='bbox 2869 1871 3096 1926; x_wconf 82' lang='lat' dir='ltr'><strong>biforme</strong></span> <span class='ocrx_word' id='word_1_238' title='bbox 3147 1873 3517 1940; x_wconf 87' lang='lat' dir='ltr'><strong>constituant,</strong></span> <span class='ocrx_word' id='word_1_239' title='bbox 3563 1871 3644 1927; x_wconf 89' lang='lat' dir='ltr'><strong>sic</strong></span> 
     </span>
    </p>
   </div>
   <div class='ocr_carea' id='block_1_34' title="bbox 355 1959 1945 2035">
    <p class='ocr_par' dir='ltr' id='par_1_34' title="bbox 355 1959 1945 2035">
     <span class='ocr_line' id='line_1_34' title="bbox 355 1959 1945 2035; baseline 0.006 -24"><span class='ocrx_word' id='word_1_240' title='bbox 355 1973 529 2013; x_wconf 66' lang='lat' dir='ltr'><strong>mante</strong></span> <span class='ocrx_word' id='word_1_241' title='bbox 577 1970 780 2014; x_wconf 65' lang='lat' dir='ltr'><strong>natura:</strong></span> <span class='ocrx_word' id='word_1_242' title='bbox 819 1959 1011 2015; x_wconf 85' lang='lat' dir='ltr'><strong>etfectu</strong></span> <span class='ocrx_word' id='word_1_243' title='bbox 1059 1961 1408 2031; x_wconf 77' lang='lat' dir='ltr'><strong>praescientiae</strong></span> <span class='ocrx_word' id='word_1_244' title='bbox 1462 1965 1729 2032; x_wconf 89' lang='lat' dir='ltr'><strong>contulit,</strong></span> <span class='ocrx_word' id='word_1_245' title='bbox 1783 1980 1945 2035; x_wconf 88' lang='lat' dir='ltr'><strong>quam</strong></span> 
     </span>
    </p>
   </div>
   <div class='ocr_carea' id='block_1_35' title="bbox 356 2051 1948 2122">
    <p class='ocr_par' dir='ltr' id='par_1_35' title="bbox 356 2051 1948 2122">
     <span class='ocr_line' id='line_1_35' title="bbox 356 2051 1948 2122; baseline 0.005 -18"><span class='ocrx_word' id='word_1_246' title='bbox 356 2054 523 2104; x_wconf 86' lang='lat' dir='ltr'><strong>etiam</strong></span> <span class='ocrx_word' id='word_1_247' title='bbox 565 2051 950 2107; x_wconf 89' lang='lat' dir='ltr'><strong>sublimissimo</strong></span> <span class='ocrx_word' id='word_1_248' title='bbox 990 2060 1152 2121; x_wconf 89' lang='lat' dir='ltr'><strong>atque</strong></span> <span class='ocrx_word' id='word_1_249' title='bbox 1198 2055 1509 2122; x_wconf 80' lang='lat' dir='ltr'><strong>angelorum</strong></span> <span class='ocrx_word' id='word_1_250' title='bbox 1559 2071 1667 2112; x_wconf 89' lang='lat' dir='ltr'><strong>non</strong></span> <span class='ocrx_word' id='word_1_251' title='bbox 1703 2057 1948 2113; x_wconf 85' lang='lat' dir='ltr'><strong>dissimili</strong></span> 
     </span>
    </p>
   </div>
   <div class='ocr_carea' id='block_1_36' title="bbox 355 2135 1948 2220">
    <p class='ocr_par' dir='ltr' id='par_1_36' title="bbox 355 2135 1948 2220">
     <span class='ocr_line' id='line_1_36' title="bbox 355 2135 1948 2220; baseline 0.008 -26"><span class='ocrx_word' id='word_1_252' title='bbox 355 2139 463 2197; x_wconf 81' lang='lat' dir='ltr'><strong>ﬁne</strong></span> <span class='ocrx_word' id='word_1_253' title='bbox 489 2135 872 2211; x_wconf 81' lang='lat' dir='ltr'><strong>condecorans,</strong></span> <span class='ocrx_word' id='word_1_254' title='bbox 901 2145 1025 2213; x_wconf 88' lang='lat' dir='ltr'><strong>quia</strong></span> <span class='ocrx_word' id='word_1_255' title='bbox 1050 2147 1203 2200; x_wconf 80' lang='lat' dir='ltr'><strong>scivit</strong></span> <span class='ocrx_word' id='word_1_256' title='bbox 1223 2150 1592 2218; x_wconf 88' lang='lat' dir='ltr'><strong>omnipotente</strong></span> <span class='ocrx_word' id='word_1_257' title='bbox 1613 2150 1948 2220; x_wconf 88' lang='lat' dir='ltr'><strong>providentia</strong></span> 
     </span>
    </p>
   </div>
   <div class='ocr_carea' id='block_1_37' title="bbox 352 2230 1948 2298">
    <p class='ocr_par' dir='ltr' id='par_1_37' title="bbox 352 2230 1948 2298">
     <span class='ocr_line' id='line_1_37' title="bbox 352 2230 1948 2298; baseline 0.008 -15"><span class='ocrx_word' id='word_1_258' title='bbox 352 2230 499 2298; x_wconf 91' lang='lat' dir='ltr'><strong>quod</strong></span> <span class='ocrx_word' id='word_1_259' title='bbox 530 2248 638 2286; x_wconf 93' lang='lat' dir='ltr'><strong>non</strong></span> <span class='ocrx_word' id='word_1_260' title='bbox 667 2241 815 2287; x_wconf 88' lang='lat' dir='ltr'><strong>recte</strong></span> <span class='ocrx_word' id='word_1_261' title='bbox 856 2243 1164 2290; x_wconf 89' lang='lat' dir='ltr'><strong>moveretur</strong></span> <span class='ocrx_word' id='word_1_262' title='bbox 1190 2237 1439 2292; x_wconf 70' lang='lat' dir='ltr'><strong>humanae</strong></span> <span class='ocrx_word' id='word_1_263' title='bbox 1466 2239 1760 2296; x_wconf 88' lang='lat' dir='ltr'><strong>voluntatis</strong></span> <span class='ocrx_word' id='word_1_264' title='bbox 1801 2241 1948 2296; x_wconf 84' lang='lat' dir='ltr'><strong>arbi-</strong></span> 
     </span>
    </p>
   </div>
   <div class='ocr_carea' id='block_1_38' title="bbox 357 2323 1948 2396">
    <p class='ocr_par' dir='ltr' id='par_1_38' title="bbox 357 2323 1948 2396">
     <span class='ocr_line' id='line_1_38' title="bbox 357 2323 1948 2396; baseline 0.008 -21"><span class='ocrx_word' id='word_1_265' title='bbox 357 2323 542 2386; x_wconf 88' lang='lat' dir='ltr'><strong>trium,</strong></span> <span class='ocrx_word' id='word_1_266' title='bbox 574 2331 628 2377; x_wconf 82' lang='lat' dir='ltr'><strong>et</strong></span> <span class='ocrx_word' id='word_1_267' title='bbox 656 2333 876 2394; x_wconf 87' lang='lat' dir='ltr'><strong>propter</strong></span> <span class='ocrx_word' id='word_1_268' title='bbox 901 2325 1004 2380; x_wconf 89' lang='lat' dir='ltr'><strong>hoc</strong></span> <span class='ocrx_word' id='word_1_269' title='bbox 1035 2327 1103 2382; x_wconf 92' lang='lat' dir='ltr'><strong>ab</strong></span> <span class='ocrx_word' id='word_1_270' title='bbox 1130 2328 1217 2382; x_wconf 90' lang='lat' dir='ltr'><strong>illa</strong></span> <span class='ocrx_word' id='word_1_271' title='bbox 1260 2329 1502 2396; x_wconf 85' lang='lat' dir='ltr'><strong>angelica</strong></span> <span class='ocrx_word' id='word_1_272' title='bbox 1531 2333 1948 2388; x_wconf 88' lang='lat' dir='ltr'><strong>conversatione</strong></span> 
     </span>
    </p>
   </div>
   <div class='ocr_carea' id='block_1_39' title="bbox 358 2411 1949 2484">
    <p class='ocr_par' dir='ltr' id='par_1_39' title="bbox 358 2411 1949 2484">
     <span class='ocr_line' id='line_1_39' title="bbox 358 2411 1949 2484; baseline 0.007 -17"><span class='ocrx_word' id='word_1_273' title='bbox 358 2411 659 2481; x_wconf 86' lang='lat' dir='ltr'><strong>recederet,</strong></span> <span class='ocrx_word' id='word_1_274' title='bbox 691 2429 757 2467; x_wconf 90' lang='lat' dir='ltr'><strong>ne</strong></span> <span class='ocrx_word' id='word_1_275' title='bbox 790 2430 882 2484; x_wconf 92' lang='lat' dir='ltr'><strong>per</strong></span> <span class='ocrx_word' id='word_1_276' title='bbox 912 2417 1018 2471; x_wconf 91' lang='lat' dir='ltr'><strong>hoc</strong></span> <span class='ocrx_word' id='word_1_277' title='bbox 1047 2417 1397 2473; x_wconf 89' lang='lat' dir='ltr'><strong>humanarum</strong></span> <span class='ocrx_word' id='word_1_278' title='bbox 1429 2419 1711 2475; x_wconf 81' lang='lat' dir='ltr'><strong>multitudo</strong></span> <span class='ocrx_word' id='word_1_279' title='bbox 1740 2422 1949 2478; x_wconf 90' lang='lat' dir='ltr'><strong>minue-</strong></span> 
     </span>
    </p>
   </div>
   <div class='ocr_carea' id='block_1_40' title="bbox 286 2505 1948 2581">
    <p class='ocr_par' dir='ltr' id='par_1_40' title="bbox 286 2505 1948 2581">
     <span class='ocr_line' id='line_1_40' title="bbox 286 2505 1948 2581; baseline 0.008 -26"><span class='ocrx_word' id='word_1_280' title='bbox 286 2541 292 2546; x_wconf 78' lang='lat'><strong>.</strong></span> <span class='ocrx_word' id='word_1_281' title='bbox 359 2513 514 2556; x_wconf 85' lang='lat' dir='ltr'><strong>retur</strong></span> <span class='ocrx_word' id='word_1_282' title='bbox 542 2505 868 2572; x_wconf 90' lang='lat' dir='ltr'><strong>animarum,</strong></span> <span class='ocrx_word' id='word_1_283' title='bbox 892 2505 1089 2560; x_wconf 91' lang='lat' dir='ltr'><strong>cadens</strong></span> <span class='ocrx_word' id='word_1_284' title='bbox 1113 2507 1179 2561; x_wconf 92' lang='lat' dir='ltr'><strong>ab</strong></span> <span class='ocrx_word' id='word_1_285' title='bbox 1204 2523 1269 2562; x_wconf 92' lang='lat' dir='ltr'><strong>eo</strong></span> <span class='ocrx_word' id='word_1_286' title='bbox 1295 2509 1453 2563; x_wconf 90' lang='lat' dir='ltr'><strong>modo</strong></span> <span class='ocrx_word' id='word_1_287' title='bbox 1474 2526 1580 2580; x_wconf 89' lang='lat' dir='ltr'><strong>quo</strong></span> <span class='ocrx_word' id='word_1_288' title='bbox 1609 2511 1948 2581; x_wconf 89' lang='lat' dir='ltr'><strong>multiplicati</strong></span> 
     </span>
    </p>
   </div>
   <div class='ocr_carea' id='block_1_41' title="bbox 358 2595 1952 2670">
    <p class='ocr_par' dir='ltr' id='par_1_41' title="bbox 358 2595 1952 2670">
     <span class='ocr_line' id='line_1_41' title="bbox 358 2595 1952 2670; baseline 0.008 -24"><span class='ocrx_word' id='word_1_289' title='bbox 358 2603 484 2646; x_wconf 89' lang='lat' dir='ltr'><strong>sunt</strong></span> <span class='ocrx_word' id='word_1_290' title='bbox 525 2595 719 2659; x_wconf 83' lang='lat' dir='ltr'><strong>angeli,</strong></span> <span class='ocrx_word' id='word_1_291' title='bbox 773 2602 1059 2666; x_wconf 87' lang='lat' dir='ltr'><strong>propterea</strong></span> <span class='ocrx_word' id='word_1_292' title='bbox 1091 2607 1292 2652; x_wconf 72' lang='lat' dir='ltr'><strong>natura:</strong></span> <span class='ocrx_word' id='word_1_293' title='bbox 1336 2608 1534 2654; x_wconf 72' lang='lat' dir='ltr'><strong>nostra:</strong></span> <span class='ocrx_word' id='word_1_294' title='bbox 1563 2615 1856 2670; x_wconf 83' lang='lat' dir='ltr'><strong>congruam</strong></span> <span class='ocrx_word' id='word_1_295' title='bbox 1896 2610 1952 2658; x_wconf 90' lang='lat' dir='ltr'><strong>et</strong></span> 
     </span>
    </p>
   </div>
   <div class='ocr_carea' id='block_1_42' title="bbox 359 2681 1982 2760">
    <p class='ocr_par' dir='ltr' id='par_1_42' title="bbox 359 2681 1982 2760">
     <span class='ocr_line' id='line_1_42' title="bbox 359 2681 1982 2760; baseline 0.007 -24"><span class='ocrx_word' id='word_1_296' title='bbox 359 2681 577 2750; x_wconf 80' lang='lat' dir='ltr'><strong>dignam</strong></span> <span class='ocrx_word' id='word_1_297' title='bbox 613 2684 694 2740; x_wconf 92' lang='lat' dir='ltr'><strong>his</strong></span> <span class='ocrx_word' id='word_1_298' title='bbox 742 2685 831 2753; x_wconf 88' lang='lat' dir='ltr'><strong>qui</strong></span> <span class='ocrx_word' id='word_1_299' title='bbox 865 2687 914 2738; x_wconf 91' lang='lat' dir='ltr'><strong>in</strong></span> <span class='ocrx_word' id='word_1_300' title='bbox 947 2695 1170 2758; x_wconf 91' lang='lat' dir='ltr'><strong>peccato</strong></span> <span class='ocrx_word' id='word_1_301' title='bbox 1200 2688 1508 2742; x_wconf 90' lang='lat' dir='ltr'><strong>laberentur</strong></span> <span class='ocrx_word' id='word_1_302' title='bbox 1543 2691 1982 2760; x_wconf 78' lang='lat' dir='ltr'><strong>multiplicatio-&#39;</strong></span> 
     </span>
    </p>
   </div>
   <div class='ocr_carea' id='block_1_43' title="bbox 357 2772 1948 2850">
    <p class='ocr_par' dir='ltr' id='par_1_43' title="bbox 357 2772 1948 2850">
     <span class='ocr_line' id='line_1_43' title="bbox 357 2772 1948 2850; baseline 0.008 -24"><span class='ocrx_word' id='word_1_303' title='bbox 357 2772 443 2826; x_wconf 91' lang='lat' dir='ltr'><strong>nis</strong></span> <span class='ocrx_word' id='word_1_304' title='bbox 473 2773 865 2842; x_wconf 86' lang='lat' dir='ltr'><strong>providentiam</strong></span> <span class='ocrx_word' id='word_1_305' title='bbox 911 2776 1125 2843; x_wconf 86' lang='lat' dir='ltr'><strong>format,</strong></span> <span class='ocrx_word' id='word_1_306' title='bbox 1169 2794 1266 2847; x_wconf 91' lang='lat' dir='ltr'><strong>pro</strong></span> <span class='ocrx_word' id='word_1_307' title='bbox 1315 2779 1553 2849; x_wconf 83' lang='lat' dir='ltr'><strong>angelica</strong></span> <span class='ocrx_word' id='word_1_308' title='bbox 1601 2783 1948 2850; x_wconf 89' lang='lat' dir='ltr'><strong>sublimitate,</strong></span> 
     </span>
    </p>
   </div>
   <div class='ocr_carea' id='block_1_44' title="bbox 359 2861 1951 2946">
    <p class='ocr_par' dir='ltr' id='par_1_44' title="bbox 359 2861 1951 2946">
     <span class='ocr_line' id='line_1_44' title="bbox 359 2861 1951 2946; baseline 0.009 -28"><span class='ocrx_word' id='word_1_309' title='bbox 359 2861 724 2933; x_wconf 83' lang='lat' dir='ltr'><strong>iumentorum</strong></span> <span class='ocrx_word' id='word_1_310' title='bbox 789 2875 952 2937; x_wconf 92' lang='lat' dir='ltr'><strong>atque</strong></span> <span class='ocrx_word' id='word_1_311' title='bbox 1016 2868 1462 2925; x_wconf 89' lang='lat' dir='ltr'><strong>irrationabilium</strong></span> <span class='ocrx_word' id='word_1_312' title='bbox 1528 2872 1781 2941; x_wconf 89' lang='lat' dir='ltr'><strong>modum,</strong></span> <span class='ocrx_word' id='word_1_313' title='bbox 1845 2891 1951 2946; x_wconf 86' lang='lat' dir='ltr'><strong>quo</strong></span> 
     </span>
    </p>
   </div>
   <div class='ocr_carea' id='block_1_45' title="bbox 358 2956 1949 3024">
    <p class='ocr_par' dir='ltr' id='par_1_45' title="bbox 358 2956 1949 3024">
     <span class='ocr_line' id='line_1_45' title="bbox 358 2956 1949 3024; baseline 0.008 -17"><span class='ocrx_word' id='word_1_314' title='bbox 358 2956 539 3010; x_wconf 90' lang='lat' dir='ltr'><strong>exisse</strong></span> <span class='ocrx_word' id='word_1_315' title='bbox 578 2957 678 3009; x_wconf 88' lang='lat' dir='ltr'><strong>sibi</strong></span> <span class='ocrx_word' id='word_1_316' title='bbox 715 2958 1024 3024; x_wconf 90' lang='lat' dir='ltr'><strong>succedunt,</strong></span> <span class='ocrx_word' id='word_1_317' title='bbox 1053 2960 1293 3016; x_wconf 87' lang='lat' dir='ltr'><strong>inserens</strong></span> <span class='ocrx_word' id='word_1_318' title='bbox 1335 2962 1580 3017; x_wconf 77' lang='lat' dir='ltr'><strong>humanae</strong></span> <span class='ocrx_word' id='word_1_319' title='bbox 1618 2964 1949 3020; x_wconf 53' lang='lat' dir='ltr'><strong>substantiae.</strong></span> 
     </span>
    </p>
   </div>
   <div class='ocr_carea' id='block_1_46' title="bbox 358 3042 1954 3126">
    <p class='ocr_par' dir='ltr' id='par_1_46' title="bbox 358 3042 1954 3126">
     <span class='ocr_line' id='line_1_46' title="bbox 358 3042 1954 3126; baseline 0.009 -29"><span class='ocrx_word' id='word_1_320' title='bbox 358 3042 502 3098; x_wconf 83' lang='lat' dir='ltr'><strong>Hinc</strong></span> <span class='ocrx_word' id='word_1_321' title='bbox 530 3045 658 3100; x_wconf 90' lang='lat' dir='ltr'><strong>mihi</strong></span> <span class='ocrx_word' id='word_1_322' title='bbox 691 3047 903 3102; x_wconf 91' lang='lat' dir='ltr'><strong>videtur</strong></span> <span class='ocrx_word' id='word_1_323' title='bbox 931 3059 986 3104; x_wconf 92' lang='lat' dir='ltr'><strong>et</strong></span> <span class='ocrx_word' id='word_1_324' title='bbox 1023 3065 1246 3119; x_wconf 89' lang='lat' dir='ltr'><strong>magnus</strong></span> <span class='ocrx_word' id='word_1_325' title='bbox 1290 3052 1380 3107; x_wconf 91' lang='lat' dir='ltr'><strong>ille</strong></span> <span class='ocrx_word' id='word_1_326' title='bbox 1409 3051 1576 3107; x_wconf 90' lang='lat' dir='ltr'><strong>David</strong></span> <span class='ocrx_word' id='word_1_327' title='bbox 1617 3058 1954 3126; x_wconf 89' lang='lat' dir='ltr'><strong>compatiens</strong></span> 
     </span>
    </p>
   </div>
   <div class='ocr_carea' id='block_1_47' title="bbox 358 3135 1950 3222">
    <p class='ocr_par' dir='ltr' id='par_1_47' title="bbox 358 3135 1950 3222">
     <span class='ocr_line' id='line_1_47' title="bbox 358 3135 1950 3222; baseline 0.009 -31"><span class='ocrx_word' id='word_1_328' title='bbox 358 3135 612 3192; x_wconf 65' lang='lat' dir='ltr'><strong>humana:</strong></span> <span class='ocrx_word' id='word_1_329' title='bbox 639 3140 866 3195; x_wconf 69' lang='lat' dir='ltr'><strong>miseri-.13</strong></span> <span class='ocrx_word' id='word_1_330' title='bbox 890 3143 1082 3197; x_wconf 89' lang='lat' dir='ltr'><strong>talibus</strong></span> <span class='ocrx_word' id='word_1_331' title='bbox 1111 3146 1289 3200; x_wconf 88' lang='lat' dir='ltr'><strong>verbis</strong></span> <span class='ocrx_word' id='word_1_332' title='bbox 1313 3145 1426 3213; x_wconf 89' lang='lat' dir='ltr'><strong>ejus</strong></span> <span class='ocrx_word' id='word_1_333' title='bbox 1455 3147 1654 3203; x_wconf 84' lang='lat' dir='ltr'><strong>deﬂere</strong></span> <span class='ocrx_word' id='word_1_334' title='bbox 1679 3158 1950 3222; x_wconf 85' lang='lat' dir='ltr'><strong>naturam,</strong></span> 
     </span>
    </p>
   </div>
   <div class='ocr_carea' id='block_1_48' title="bbox 2051 1963 3641 2034">
    <p class='ocr_par' dir='ltr' id='par_1_48' title="bbox 2051 1963 3641 2034">
     <span class='ocr_line' id='line_1_48' title="bbox 2051 1963 3641 2034; baseline 0 -16"><span class='ocrx_word' id='word_1_335' title='bbox 2051 1965 2286 2020; x_wconf 91' lang='lat' dir='ltr'><strong>hominis</strong></span> <span class='ocrx_word' id='word_1_336' title='bbox 2315 1964 2510 2034; x_wconf 85' lang='lat' dir='ltr'><strong>duplex</strong></span> <span class='ocrx_word' id='word_1_337' title='bbox 2538 1979 2600 2020; x_wconf 89' lang='lat' dir='ltr'><strong>ac</strong></span> <span class='ocrx_word' id='word_1_338' title='bbox 2630 1964 2900 2020; x_wconf 89' lang='lat' dir='ltr'><strong>contraria</strong></span> <span class='ocrx_word' id='word_1_339' title='bbox 2941 1963 3231 2019; x_wconf 89' lang='lat' dir='ltr'><strong>similitudo</strong></span> <span class='ocrx_word' id='word_1_340' title='bbox 3268 1964 3512 2033; x_wconf 69' lang='lat' dir='ltr'><strong>quzedam</strong></span> <span class='ocrx_word' id='word_1_341' title='bbox 3559 1964 3641 2018; x_wconf 89' lang='lat' dir='ltr'><strong>vi-</strong></span> 
     </span>
    </p>
   </div>
   <div class='ocr_carea' id='block_1_49' title="bbox 2051 2052 3642 2124">
    <p class='ocr_par' dir='ltr' id='par_1_49' title="bbox 2051 2052 3642 2124">
     <span class='ocr_line' id='line_1_49' title="bbox 2051 2052 3642 2124; baseline -0.002 -15"><span class='ocrx_word' id='word_1_342' title='bbox 2051 2054 2210 2110; x_wconf 91' lang='lat' dir='ltr'><strong>detur</strong></span> <span class='ocrx_word' id='word_1_343' title='bbox 2245 2054 2498 2119; x_wconf 88' lang='lat' dir='ltr'><strong>existere,</strong></span> <span class='ocrx_word' id='word_1_344' title='bbox 2549 2061 2734 2108; x_wconf 90' lang='lat' dir='ltr'><strong>mente</strong></span> <span class='ocrx_word' id='word_1_345' title='bbox 2783 2052 3000 2123; x_wconf 89' lang='lat' dir='ltr'><strong>quidem</strong></span> <span class='ocrx_word' id='word_1_346' title='bbox 3027 2069 3132 2121; x_wconf 91' lang='lat' dir='ltr'><strong>qua</strong></span> <span class='ocrx_word' id='word_1_347' title='bbox 3181 2054 3290 2109; x_wconf 89' lang='lat' dir='ltr'><strong>Deo</strong></span> <span class='ocrx_word' id='word_1_348' title='bbox 3322 2054 3515 2124; x_wconf 85' lang='lat' dir='ltr'><strong>dignus</strong></span> <span class='ocrx_word' id='word_1_349' title='bbox 3558 2063 3642 2108; x_wconf 90' lang='lat' dir='ltr'><strong>est</strong></span> 
     </span>
    </p>
   </div>
   <div class='ocr_carea' id='block_1_50' title="bbox 2051 2143 3641 2215">
    <p class='ocr_par' dir='ltr' id='par_1_50' title="bbox 2051 2143 3641 2215">
     <span class='ocr_line' id='line_1_50' title="bbox 2051 2143 3641 2215; baseline 0.002 -18"><span class='ocrx_word' id='word_1_350' title='bbox 2051 2145 2120 2198; x_wconf 89' lang='lat' dir='ltr'><strong>ad</strong></span> <span class='ocrx_word' id='word_1_351' title='bbox 2164 2143 2401 2198; x_wconf 86' lang='lat' dir='ltr'><strong>divinam</strong></span> <span class='ocrx_word' id='word_1_352' title='bbox 2449 2143 2711 2199; x_wconf 88' lang='lat' dir='ltr'><strong>formatus</strong></span> <span class='ocrx_word' id='word_1_353' title='bbox 2749 2143 3238 2213; x_wconf 89' lang='lat' dir='ltr'><strong>pulchritudinem,</strong></span> <span class='ocrx_word' id='word_1_354' title='bbox 3301 2145 3641 2215; x_wconf 89' lang='lat' dir='ltr'><strong>passionibus</strong></span> 
     </span>
    </p>
   </div>
   <div class='ocr_carea' id='block_1_51' title="bbox 2052 2234 3639 2303">
    <p class='ocr_par' dir='ltr' id='par_1_51' title="bbox 2052 2234 3639 2303">
     <span class='ocr_line' id='line_1_51' title="bbox 2052 2234 3639 2303; baseline 0 -15"><span class='ocrx_word' id='word_1_355' title='bbox 2052 2242 2230 2288; x_wconf 89' lang='lat' dir='ltr'><strong>autem</strong></span> <span class='ocrx_word' id='word_1_356' title='bbox 2275 2248 2500 2303; x_wconf 90' lang='lat' dir='ltr'><strong>quarum</strong></span> <span class='ocrx_word' id='word_1_357' title='bbox 2539 2234 2785 2303; x_wconf 90' lang='lat' dir='ltr'><strong>pulsatur</strong></span> <span class='ocrx_word' id='word_1_358' title='bbox 2829 2235 3032 2303; x_wconf 88' lang='lat' dir='ltr'><strong>impetu</strong></span> <span class='ocrx_word' id='word_1_359' title='bbox 3075 2234 3142 2287; x_wconf 91' lang='lat' dir='ltr'><strong>ad</strong></span> <span class='ocrx_word' id='word_1_360' title='bbox 3190 2234 3346 2288; x_wconf 87' lang='lat' dir='ltr'><strong>bruta</strong></span> <span class='ocrx_word' id='word_1_361' title='bbox 3388 2235 3639 2289; x_wconf 87' lang='lat' dir='ltr'><strong>animalia</strong></span> 
     </span>
    </p>
   </div>
   <div class='ocr_carea' id='block_1_52' title="bbox 2051 2325 3640 2397">
    <p class='ocr_par' dir='ltr' id='par_1_52' title="bbox 2051 2325 3640 2397">
     <span class='ocr_line' id='line_1_52' title="bbox 2051 2325 3640 2397; baseline 0 -17"><span class='ocrx_word' id='word_1_362' title='bbox 2051 2327 2280 2397; x_wconf 89' lang='lat' dir='ltr'><strong>quadam</strong></span> <span class='ocrx_word' id='word_1_363' title='bbox 2330 2327 2658 2396; x_wconf 89' lang='lat' dir='ltr'><strong>proprietate</strong></span> <span class='ocrx_word' id='word_1_364' title='bbox 2704 2325 3060 2394; x_wconf 88' lang='lat' dir='ltr'><strong>conjunctus:</strong></span> <span class='ocrx_word' id='word_1_365' title='bbox 3107 2327 3415 2394; x_wconf 86' lang='lat' dir='ltr'><strong>frequenter</strong></span> <span class='ocrx_word' id='word_1_366' title='bbox 3461 2335 3640 2380; x_wconf 89' lang='lat' dir='ltr'><strong>autem</strong></span> 
     </span>
    </p>
   </div>
   <div class='ocr_carea' id='block_1_53' title="bbox 2051 2416 3640 2487">
    <p class='ocr_par' dir='ltr' id='par_1_53' title="bbox 2051 2416 3640 2487">
     <span class='ocr_line' id='line_1_53' title="bbox 2051 2416 3640 2487; baseline 0 -14"><span class='ocrx_word' id='word_1_367' title='bbox 2051 2427 2231 2474; x_wconf 90' lang='lat' dir='ltr'><strong>motus</strong></span> <span class='ocrx_word' id='word_1_368' title='bbox 2258 2433 2395 2487; x_wconf 92' lang='lat' dir='ltr'><strong>pene</strong></span> <span class='ocrx_word' id='word_1_369' title='bbox 2425 2419 2614 2472; x_wconf 86' lang='lat' dir='ltr'><strong>brutus</strong></span> <span class='ocrx_word' id='word_1_370' title='bbox 2648 2416 2899 2483; x_wconf 82' lang='lat' dir='ltr'><strong>efficitur,</strong></span> <span class='ocrx_word' id='word_1_371' title='bbox 2935 2419 3151 2486; x_wconf 89' lang='lat' dir='ltr'><strong>quoties</strong></span> <span class='ocrx_word' id='word_1_372' title='bbox 3175 2417 3242 2472; x_wconf 89' lang='lat' dir='ltr'><strong>ad</strong></span> <span class='ocrx_word' id='word_1_373' title='bbox 3287 2427 3464 2473; x_wconf 88' lang='lat' dir='ltr'><strong>motus</strong></span> <span class='ocrx_word' id='word_1_374' title='bbox 3502 2419 3640 2473; x_wconf 92' lang='lat' dir='ltr'><strong>irra-</strong></span> 
     </span>
    </p>
   </div>
   <div class='ocr_carea' id='block_1_54' title="bbox 2054 2505 3642 2578">
    <p class='ocr_par' dir='ltr' id='par_1_54' title="bbox 2054 2505 3642 2578">
     <span class='ocr_line' id='line_1_54' title="bbox 2054 2505 3642 2578; baseline 0.004 -20"><span class='ocrx_word' id='word_1_375' title='bbox 2054 2505 2337 2560; x_wconf 90' lang='lat' dir='ltr'><strong>tionabiles</strong></span> <span class='ocrx_word' id='word_1_376' title='bbox 2365 2506 2579 2575; x_wconf 91' lang='lat' dir='ltr'><strong>penitus</strong></span> <span class='ocrx_word' id='word_1_377' title='bbox 2605 2505 2914 2572; x_wconf 90' lang='lat' dir='ltr'><strong>inclinatur,</strong></span> <span class='ocrx_word' id='word_1_378' title='bbox 2947 2506 3242 2561; x_wconf 75' lang='lat' dir='ltr'><strong>obscurans</strong></span> <span class='ocrx_word' id='word_1_379' title='bbox 3287 2507 3340 2561; x_wconf 93' lang='lat' dir='ltr'><strong>id</strong></span> <span class='ocrx_word' id='word_1_380' title='bbox 3370 2507 3513 2578; x_wconf 89' lang='lat' dir='ltr'><strong>quod</strong></span> <span class='ocrx_word' id='word_1_381' title='bbox 3557 2515 3642 2564; x_wconf 85' lang='lat' dir='ltr'><strong>est</strong></span> 
     </span>
    </p>
   </div>
   <div class='ocr_carea' id='block_1_55' title="bbox 2051 2595 3640 2668">
    <p class='ocr_par' dir='ltr' id='par_1_55' title="bbox 2051 2595 3640 2668">
     <span class='ocr_line' id='line_1_55' title="bbox 2051 2595 3640 2668; baseline 0.003 -17"><span class='ocrx_word' id='word_1_382' title='bbox 2051 2597 2107 2651; x_wconf 89' lang='lat' dir='ltr'><strong>in</strong></span> <span class='ocrx_word' id='word_1_383' title='bbox 2137 2612 2196 2652; x_wconf 86' lang='lat' dir='ltr'><strong>se</strong></span> <span class='ocrx_word' id='word_1_384' title='bbox 2217 2597 2427 2662; x_wconf 91' lang='lat' dir='ltr'><strong>melius,</strong></span> <span class='ocrx_word' id='word_1_385' title='bbox 2458 2596 2742 2652; x_wconf 88' lang='lat' dir='ltr'><strong>deterioris</strong></span> <span class='ocrx_word' id='word_1_386' title='bbox 2762 2595 2978 2652; x_wconf 70' lang='lat' dir='ltr'><strong>affectu.</strong></span> <span class='ocrx_word' id='word_1_387' title='bbox 3011 2595 3134 2651; x_wconf 82' lang='lat' dir='ltr'><strong>Mox</strong></span> <span class='ocrx_word' id='word_1_388' title='bbox 3165 2597 3308 2651; x_wconf 90' lang='lat' dir='ltr'><strong>enim</strong></span> <span class='ocrx_word' id='word_1_389' title='bbox 3343 2605 3401 2650; x_wconf 91' lang='lat' dir='ltr'><strong>ut</strong></span> <span class='ocrx_word' id='word_1_390' title='bbox 3425 2599 3545 2668; x_wconf 90' lang='lat' dir='ltr'><strong>quis</strong></span> <span class='ocrx_word' id='word_1_391' title='bbox 3571 2599 3640 2656; x_wconf 89' lang='lat' dir='ltr'><strong>ad</strong></span> 
     </span>
    </p>
   </div>
   <div class='ocr_carea' id='block_1_56' title="bbox 2051 2684 3640 2758">
    <p class='ocr_par' dir='ltr' id='par_1_56' title="bbox 2051 2684 3640 2758">
     <span class='ocr_line' id='line_1_56' title="bbox 2051 2684 3640 2758; baseline 0.003 -18"><span class='ocrx_word' id='word_1_392' title='bbox 2051 2687 2318 2757; x_wconf 89' lang='lat' dir='ltr'><strong>passionis</strong></span> <span class='ocrx_word' id='word_1_393' title='bbox 2344 2688 2520 2741; x_wconf 91' lang='lat' dir='ltr'><strong>tabem</strong></span> <span class='ocrx_word' id='word_1_394' title='bbox 2567 2685 2862 2742; x_wconf 88' lang='lat' dir='ltr'><strong>eflicaciam</strong></span> <span class='ocrx_word' id='word_1_395' title='bbox 2902 2688 3098 2741; x_wconf 91' lang='lat' dir='ltr'><strong>mentis</strong></span> <span class='ocrx_word' id='word_1_396' title='bbox 3143 2684 3432 2753; x_wconf 89' lang='lat' dir='ltr'><strong>inflexerit,</strong></span> <span class='ocrx_word' id='word_1_397' title='bbox 3481 2689 3640 2758; x_wconf 87' lang='lat' dir='ltr'><strong>eique</strong></span> 
     </span>
    </p>
   </div>
   <div class='ocr_carea' id='block_1_57' title="bbox 2052 2777 3642 2847">
    <p class='ocr_par' dir='ltr' id='par_1_57' title="bbox 2052 2777 3642 2847">
     <span class='ocr_line' id='line_1_57' title="bbox 2052 2777 3642 2847; baseline 0.001 -15"><span class='ocrx_word' id='word_1_398' title='bbox 2052 2792 2148 2832; x_wconf 91' lang='lat' dir='ltr'><strong>sua</strong></span> <span class='ocrx_word' id='word_1_399' title='bbox 2179 2777 2401 2832; x_wconf 90' lang='lat' dir='ltr'><strong>consilia</strong></span> <span class='ocrx_word' id='word_1_400' title='bbox 2429 2777 2632 2832; x_wconf 87' lang='lat' dir='ltr'><strong>servire</strong></span> <span class='ocrx_word' id='word_1_401' title='bbox 2659 2777 3000 2846; x_wconf 87' lang='lat' dir='ltr'><strong>compulerit,</strong></span> <span class='ocrx_word' id='word_1_402' title='bbox 3033 2785 3160 2832; x_wconf 93' lang='lat' dir='ltr'><strong>tunc</strong></span> <span class='ocrx_word' id='word_1_403' title='bbox 3182 2779 3424 2845; x_wconf 71' lang='lat' dir='ltr'><strong>qumdam</strong></span> <span class='ocrx_word' id='word_1_404' title='bbox 3454 2777 3642 2847; x_wconf 87' lang='lat' dir='ltr'><strong>depra-</strong></span> 
     </span>
    </p>
   </div>
   <div class='ocr_carea' id='block_1_58' title="bbox 2053 2867 3642 2933">
    <p class='ocr_par' dir='ltr' id='par_1_58' title="bbox 2053 2867 3642 2933">
     <span class='ocr_line' id='line_1_58' title="bbox 2053 2867 3642 2933; baseline 0.002 -11"><span class='ocrx_word' id='word_1_405' title='bbox 2053 2869 2197 2924; x_wconf 88' lang='lat' dir='ltr'><strong>vatio</strong></span> <span class='ocrx_word' id='word_1_406' title='bbox 2224 2868 2380 2924; x_wconf 84' lang='lat' dir='ltr'><strong>bonae</strong></span> <span class='ocrx_word' id='word_1_407' title='bbox 2409 2867 2747 2924; x_wconf 89' lang='lat' dir='ltr'><strong>formationis</strong></span> <span class='ocrx_word' id='word_1_408' title='bbox 2775 2869 3098 2933; x_wconf 87' lang='lat' dir='ltr'><strong>ostenditur,</strong></span> <span class='ocrx_word' id='word_1_409' title='bbox 3127 2876 3182 2924; x_wconf 90' lang='lat' dir='ltr'><strong>et</strong></span> <span class='ocrx_word' id='word_1_410' title='bbox 3212 2869 3286 2923; x_wconf 88' lang='lat' dir='ltr'><strong>ita</strong></span> <span class='ocrx_word' id='word_1_411' title='bbox 3310 2878 3500 2923; x_wconf 87' lang='lat' dir='ltr'><strong>natura</strong></span> <span class='ocrx_word' id='word_1_412' title='bbox 3531 2885 3642 2925; x_wconf 86' lang='lat' dir='ltr'><strong>om-</strong></span> 
     </span>
    </p>
   </div>
   <div class='ocr_carea' id='block_1_59' title="bbox 2053 2960 3644 3032">
    <p class='ocr_par' dir='ltr' id='par_1_59' title="bbox 2053 2960 3644 3032">
     <span class='ocr_line' id='line_1_59' title="bbox 2053 2960 3644 3032; baseline 0.002 -16"><span class='ocrx_word' id='word_1_413' title='bbox 2053 2961 2139 3016; x_wconf 87' lang='lat' dir='ltr'><strong>nis</strong></span> <span class='ocrx_word' id='word_1_414' title='bbox 2168 2963 2218 3015; x_wconf 89' lang='lat' dir='ltr'><strong>in</strong></span> <span class='ocrx_word' id='word_1_415' title='bbox 2265 2962 2524 3016; x_wconf 90' lang='lat' dir='ltr'><strong>malitiam</strong></span> <span class='ocrx_word' id='word_1_416' title='bbox 2551 2970 2934 3024; x_wconf 90' lang='lat' dir='ltr'><strong>commutatur,</strong></span> <span class='ocrx_word' id='word_1_417' title='bbox 2962 2977 3085 3017; x_wconf 90' lang='lat' dir='ltr'><strong>cum</strong></span> <span class='ocrx_word' id='word_1_418' title='bbox 3109 2960 3220 3030; x_wconf 90' lang='lat' dir='ltr'><strong>jam</strong></span> <span class='ocrx_word' id='word_1_419' title='bbox 3264 2963 3402 3016; x_wconf 89' lang='lat' dir='ltr'><strong>ratio</strong></span> <span class='ocrx_word' id='word_1_420' title='bbox 3432 2962 3644 3032; x_wconf 86' lang='lat' dir='ltr'><strong>penitus</strong></span> 
     </span>
    </p>
   </div>
   <div class='ocr_carea' id='block_1_60' title="bbox 2055 3052 3641 3122">
    <p class='ocr_par' dir='ltr' id='par_1_60' title="bbox 2055 3052 3641 3122">
     <span class='ocr_line' id='line_1_60' title="bbox 2055 3052 3641 3122; baseline 0 -16"><span class='ocrx_word' id='word_1_421' title='bbox 2055 3053 2266 3107; x_wconf 90' lang='lat' dir='ltr'><strong>excolat</strong></span> <span class='ocrx_word' id='word_1_422' title='bbox 2295 3053 2555 3122; x_wconf 88' lang='lat' dir='ltr'><strong>principia</strong></span> <span class='ocrx_word' id='word_1_423' title='bbox 2590 3053 2920 3122; x_wconf 85' lang='lat' dir='ltr'><strong>passionum,</strong></span> <span class='ocrx_word' id='word_1_424' title='bbox 2961 3061 3017 3108; x_wconf 92' lang='lat' dir='ltr'><strong>et</strong></span> <span class='ocrx_word' id='word_1_425' title='bbox 3061 3052 3114 3106; x_wconf 92' lang='lat' dir='ltr'><strong>in</strong></span> <span class='ocrx_word' id='word_1_426' title='bbox 3158 3062 3504 3120; x_wconf 88' lang='lat' dir='ltr'><strong>augmentum</strong></span> <span class='ocrx_word' id='word_1_427' title='bbox 3544 3068 3641 3107; x_wconf 81' lang='lat' dir='ltr'><strong>ne-</strong></span> 
     </span>
    </p>
   </div>
   <div class='ocr_carea' id='block_1_61' title="bbox 2055 3145 3642 3218">
    <p class='ocr_par' dir='ltr' id='par_1_61' title="bbox 2055 3145 3642 3218">
     <span class='ocr_line' id='line_1_61' title="bbox 2055 3145 3642 3218; baseline 0 -16"><span class='ocrx_word' id='word_1_428' title='bbox 2055 3148 2237 3217; x_wconf 77' lang='lat' dir='ltr'><strong>quitia:</strong></span> <span class='ocrx_word' id='word_1_429' title='bbox 2265 3148 2514 3202; x_wconf 88' lang='lat' dir='ltr'><strong>vitiorum</strong></span> <span class='ocrx_word' id='word_1_430' title='bbox 2544 3163 2733 3204; x_wconf 90' lang='lat' dir='ltr'><strong>causas</strong></span> <span class='ocrx_word' id='word_1_431' title='bbox 2755 3147 2897 3218; x_wconf 89' lang='lat' dir='ltr'><strong>ipsas</strong></span> <span class='ocrx_word' id='word_1_432' title='bbox 2925 3145 3281 3214; x_wconf 90' lang='lat' dir='ltr'><strong>cogitationes</strong></span> <span class='ocrx_word' id='word_1_433' title='bbox 3305 3145 3642 3215; x_wconf 87' lang='lat' dir='ltr'><strong>multiplicet.</strong></span> 
     </span>
    </p>
   </div>
   <div class='ocr_carea' id='block_1_62' title="bbox 355 3230 3647 3324">
    <p class='ocr_par' dir='ltr' id='par_1_62' title="bbox 355 3230 3647 3324">
     <span class='ocr_line' id='line_1_62' title="bbox 355 3230 3647 3324; baseline 0.002 -41"><span class='ocrx_word' id='word_1_434' title='bbox 355 3230 508 3300; x_wconf 85' lang='lat' dir='ltr'><strong>quod</strong></span> <span class='ocrx_word' id='word_1_435' title='bbox 538 3231 688 3284; x_wconf 80' lang='lat' dir='ltr'><strong>homo</strong></span> <span class='ocrx_word' id='word_1_436' title='bbox 735 3249 851 3285; x_wconf 85' lang='lat' dir='ltr'><strong>cum</strong></span> <span class='ocrx_word' id='word_1_437' title='bbox 898 3235 953 3286; x_wconf 83' lang='lat' dir='ltr'><strong>in</strong></span> <span class='ocrx_word' id='word_1_438' title='bbox 994 3234 1187 3289; x_wconf 84' lang='lat' dir='ltr'><strong>honore</strong></span> <span class='ocrx_word' id='word_1_439' title='bbox 1215 3247 1363 3304; x_wconf 81' lang='lat' dir='ltr'><strong>esset,</strong></span> <span class='ocrx_word' id='word_1_440' title='bbox 1396 3255 1501 3292; x_wconf 84' lang='lat' dir='ltr'><strong>non</strong></span> <span class='ocrx_word' id='word_1_441' title='bbox 1544 3239 1817 3307; x_wconf 73' lang='lat' dir='ltr'><strong>intellexit,</strong></span> <span class='ocrx_word' id='word_1_442' title='bbox 1850 3244 1951 3297; x_wconf 82' lang='lat' dir='ltr'><strong>bo-</strong></span> <span class='ocrx_word' id='word_1_443' title='bbox 1983 3262 2028 3324; x_wconf 71' lang='grc' dir='ltr'><strong>ρ</strong></span> <span class='ocrx_word' id='word_1_444' title='bbox 2061 3240 2513 3308; x_wconf 87' lang='lat' dir='ltr'><strong>Cooperationem</strong></span> <span class='ocrx_word' id='word_1_445' title='bbox 2544 3254 2778 3306; x_wconf 90' lang='lat' dir='ltr'><strong>namque</strong></span> <span class='ocrx_word' id='word_1_446' title='bbox 2805 3253 2956 3293; x_wconf 91' lang='lat' dir='ltr'><strong>suam</strong></span> <span class='ocrx_word' id='word_1_447' title='bbox 2993 3252 3146 3292; x_wconf 89' lang='lat' dir='ltr'><strong>mens</strong></span> <span class='ocrx_word' id='word_1_448' title='bbox 3175 3237 3512 3306; x_wconf 90' lang='lat' dir='ltr'><strong>passionibus</strong></span> <span class='ocrx_word' id='word_1_449' title='bbox 3551 3251 3647 3291; x_wconf 88' lang='lat' dir='ltr'><strong>ex-</strong></span> 
     </span>
    </p>
   </div>
   <div class='ocr_carea' id='block_1_63' title="bbox 358 3321 1954 3405">
    <p class='ocr_par' dir='ltr' id='par_1_63' title="bbox 358 3321 1954 3405">
     <span class='ocr_line' id='line_1_63' title="bbox 358 3321 1954 3405; baseline 0.008 -30"><span class='ocrx_word' id='word_1_450' title='bbox 358 3337 554 3376; x_wconf 86' lang='lat' dir='ltr'><strong>norem</strong></span> <span class='ocrx_word' id='word_1_451' title='bbox 585 3321 768 3380; x_wconf 86' lang='lat' dir='ltr'><strong>dicens</strong></span> <span class='ocrx_word' id='word_1_452' title='bbox 792 3323 935 3393; x_wconf 90' lang='lat' dir='ltr'><strong>quod</strong></span> <span class='ocrx_word' id='word_1_453' title='bbox 963 3328 1160 3382; x_wconf 85' lang='lat' dir='ltr'><strong>sanctis</strong></span> <span class='ocrx_word' id='word_1_454' title='bbox 1189 3329 1392 3398; x_wconf 87' lang='lat' dir='ltr'><strong>angelis</strong></span> <span class='ocrx_word' id='word_1_455' title='bbox 1438 3331 1730 3387; x_wconf 87' lang='lat' dir='ltr'><strong>consimilis</strong></span> <span class='ocrx_word' id='word_1_456' title='bbox 1753 3331 1954 3405; x_wconf 85' lang='lat' dir='ltr'><strong>fuerat;</strong></span> 
     </span>
    </p>
   </div>
   <div class='ocr_carea' id='block_1_64' title="bbox 359 3421 1960 3495">
    <p class='ocr_par' dir='ltr' id='par_1_64' title="bbox 359 3421 1960 3495">
     <span class='ocr_line' id='line_1_64' title="bbox 359 3421 1960 3495; baseline 0.009 -28"><span class='ocrx_word' id='word_1_457' title='bbox 359 3423 653 3486; x_wconf 89' lang='lat' dir='ltr'><strong>propterea</strong></span> <span class='ocrx_word' id='word_1_458' title='bbox 710 3430 1038 3486; x_wconf 83' lang='lat' dir='ltr'><strong>comparatus</strong></span> <span class='ocrx_word' id='word_1_459' title='bbox 1085 3430 1162 3474; x_wconf 83' lang='lat' dir='ltr'><strong>est</strong></span> <span class='ocrx_word' id='word_1_460' title='bbox 1202 3421 1454 3492; x_wconf 81' lang='lat' dir='ltr'><strong>jumenlis</strong></span> <span class='ocrx_word' id='word_1_461' title='bbox 1501 3425 1860 3495; x_wconf 74' lang='lat' dir='ltr'><strong>insipientibus</strong></span> <span class='ocrx_word' id='word_1_462' title='bbox 1909 3437 1960 3482; x_wconf 87' lang='lat' dir='ltr'><strong>et</strong></span> 
     </span>
    </p>
   </div>
   <div class='ocr_carea' id='block_1_65' title="bbox 359 3507 1959 3584">
    <p class='ocr_par' dir='ltr' id='par_1_65' title="bbox 359 3507 1959 3584">
     <span class='ocr_line' id='line_1_65' title="bbox 359 3507 1959 3584; baseline 0.008 -23"><span class='ocrx_word' id='word_1_463' title='bbox 359 3507 552 3562; x_wconf 76' lang='lat' dir='ltr'><strong>similis</strong></span> <span class='ocrx_word' id='word_1_464' title='bbox 587 3510 755 3578; x_wconf 78' lang='lat' dir='ltr'><strong>factus</strong></span> <span class='ocrx_word' id='word_1_465' title='bbox 785 3519 860 3563; x_wconf 88' lang='lat' dir='ltr'><strong>est</strong></span> <span class='ocrx_word' id='word_1_466' title='bbox 887 3511 1013 3566; x_wconf 80' lang='lat' dir='ltr'><strong>illis.</strong></span> <span class='ocrx_word' id='word_1_467' title='bbox 1051 3513 1190 3567; x_wconf 85' lang='lat' dir='ltr'><strong>Vere</strong></span> <span class='ocrx_word' id='word_1_468' title='bbox 1214 3529 1445 3584; x_wconf 90' lang='lat' dir='ltr'><strong>namque</strong></span> <span class='ocrx_word' id='word_1_469' title='bbox 1488 3514 1732 3584; x_wconf 89' lang='lat' dir='ltr'><strong>jumento</strong></span> <span class='ocrx_word' id='word_1_470' title='bbox 1770 3518 1959 3575; x_wconf 88' lang='lat' dir='ltr'><strong>similis</strong></span> 
     </span>
    </p>
   </div>
   <div class='ocr_carea' id='block_1_66' title="bbox 363 3597 1958 3673">
    <p class='ocr_par' dir='ltr' id='par_1_66' title="bbox 363 3597 1958 3673">
     <span class='ocr_line' id='line_1_66' title="bbox 363 3597 1958 3673; baseline 0.008 -21"><span class='ocrx_word' id='word_1_471' title='bbox 363 3597 541 3652; x_wconf 86' lang='lat' dir='ltr'><strong>factus</strong></span> <span class='ocrx_word' id='word_1_472' title='bbox 571 3606 671 3662; x_wconf 92' lang='lat' dir='ltr'><strong>est,</strong></span> <span class='ocrx_word' id='word_1_473' title='bbox 700 3600 790 3669; x_wconf 89' lang='lat' dir='ltr'><strong>qui</strong></span> <span class='ocrx_word' id='word_1_474' title='bbox 828 3600 970 3656; x_wconf 87' lang='lat' dir='ltr'><strong>hanc</strong></span> <span class='ocrx_word' id='word_1_475' title='bbox 992 3603 1278 3658; x_wconf 86' lang='lat' dir='ltr'><strong>animalem</strong></span> <span class='ocrx_word' id='word_1_476' title='bbox 1308 3606 1712 3673; x_wconf 89' lang='lat' dir='ltr'><strong>generationem</strong></span> <span class='ocrx_word' id='word_1_477' title='bbox 1758 3607 1813 3662; x_wconf 91' lang='lat' dir='ltr'><strong>in</strong></span> <span class='ocrx_word' id='word_1_478' title='bbox 1862 3623 1958 3670; x_wconf 87' lang='lat' dir='ltr'><strong>sua</strong></span> 
     </span>
    </p>
   </div>
   <div class='ocr_carea' id='block_1_67' title="bbox 363 3691 1959 3771">
    <p class='ocr_par' dir='ltr' id='par_1_67' title="bbox 363 3691 1959 3771">
     <span class='ocr_line' id='line_1_67' title="bbox 363 3691 1959 3771; baseline 0.009 -29"><span class='ocrx_word' id='word_1_479' title='bbox 363 3697 564 3742; x_wconf 85' lang='lat' dir='ltr'><strong>natura</strong></span> <span class='ocrx_word' id='word_1_480' title='bbox 604 3691 856 3760; x_wconf 87' lang='lat' dir='ltr'><strong>suscepit,</strong></span> <span class='ocrx_word' id='word_1_481' title='bbox 901 3702 1126 3764; x_wconf 88' lang='lat' dir='ltr'><strong>propter</strong></span> <span class='ocrx_word' id='word_1_482' title='bbox 1152 3697 1522 3754; x_wconf 89' lang='lat' dir='ltr'><strong>conversionis</strong></span> <span class='ocrx_word' id='word_1_483' title='bbox 1565 3713 1746 3755; x_wconf 88' lang='lat' dir='ltr'><strong>casum</strong></span> <span class='ocrx_word' id='word_1_484' title='bbox 1771 3700 1865 3771; x_wconf 90' lang='lat' dir='ltr'><strong>qui</strong></span> <span class='ocrx_word' id='word_1_485' title='bbox 1908 3702 1959 3756; x_wconf 87' lang='lat' dir='ltr'><strong>ei</strong></span> 
     </span>
    </p>
   </div>
   <div class='ocr_carea' id='block_1_68' title="bbox 364 3777 1434 3856">
    <p class='ocr_par' dir='ltr' id='par_1_68' title="bbox 364 3777 1434 3856">
     <span class='ocr_line' id='line_1_68' title="bbox 364 3777 1434 3856; baseline 0.008 -23"><span class='ocrx_word' id='word_1_486' title='bbox 364 3793 436 3833; x_wconf 89' lang='lat' dir='ltr'><strong>ex</strong></span> <span class='ocrx_word' id='word_1_487' title='bbox 466 3777 895 3837; x_wconf 87' lang='lat' dir='ltr'><strong>conformatione</strong></span> <span class='ocrx_word' id='word_1_488' title='bbox 921 3785 1160 3838; x_wconf 68' lang='lat' dir='ltr'><strong>materia:</strong></span> <span class='ocrx_word' id='word_1_489' title='bbox 1189 3787 1434 3856; x_wconf 90' lang='lat' dir='ltr'><strong>contigit.</strong></span> 
     </span>
    </p>
   </div>
   <div class='ocr_carea' id='block_1_69' title="bbox 966 3893 1369 3953">
    <p class='ocr_par' dir='ltr' id='par_1_69' title="bbox 966 3893 1369 3953">
     <span class='ocr_line' id='line_1_69' title="bbox 966 3893 1369 3953; baseline 0.012 -5"><span class='ocrx_word' id='word_1_490' title='bbox 966 3893 1194 3951; x_wconf 86' lang='lat' dir='ltr'><strong>CAPUT</strong></span> <span class='ocrx_word' id='word_1_491' title='bbox 1233 3895 1369 3953; x_wconf 77' lang='lat' dir='ltr'><strong>XIX.</strong></span> 
     </span>
    </p>
   </div>
   <div class='ocr_carea' id='block_1_70' title="bbox 371 3980 1963 4062">
    <p class='ocr_par' dir='ltr' id='par_1_70' title="bbox 371 3980 1963 4062">
     <span class='ocr_line' id='line_1_70' title="bbox 371 3980 1963 4062; baseline 0.008 -26"><span class='ocrx_word' id='word_1_492' title='bbox 371 3980 826 4062; x_wconf 80' lang='lat' dir='ltr'><strong>Quod_pa_ssiones</strong></span> <span class='ocrx_word' id='word_1_493' title='bbox 860 3987 916 4039; x_wconf 90' lang='lat' dir='ltr'><strong>in</strong></span> <span class='ocrx_word' id='word_1_494' title='bbox 964 3986 1112 4062; x_wconf 81' lang='lat' dir='ltr'><strong>nobis</strong></span> <span class='ocrx_word' id='word_1_495' title='bbox 1139 3988 1525 4062; x_wconf 74' lang='lat' dir='ltr'><strong>irrationabiles</strong></span> <span class='ocrx_word' id='word_1_496' title='bbox 1555 4006 1620 4044; x_wconf 74' lang='lat' dir='ltr'><strong>ex</strong></span> <span class='ocrx_word' id='word_1_497' title='bbox 1658 3993 1963 4062; x_wconf 76' lang='lat' dir='ltr'><strong>cognatione</strong></span> 
     </span>
    </p>
   </div>
   <div class='ocr_carea' id='block_1_71' title="bbox 528 4055 1797 4126">
    <p class='ocr_par' dir='ltr' id='par_1_71' title="bbox 528 4055 1797 4126">
     <span class='ocr_line' id='line_1_71' title="bbox 528 4055 1797 4126; baseline 0.009 -20"><span class='ocrx_word' id='word_1_498' title='bbox 528 4055 691 4124; x_wconf 82' lang='lat' dir='ltr'><strong>ipsius</strong></span> <span class='ocrx_word' id='word_1_499' title='bbox 720 4064 920 4109; x_wconf 76' lang='lat' dir='ltr'><strong>natura:</strong></span> <span class='ocrx_word' id='word_1_500' title='bbox 945 4056 1226 4126; x_wconf 85' lang='lat' dir='ltr'><strong>probentur</strong></span> <span class='ocrx_word' id='word_1_501' title='bbox 1253 4059 1439 4113; x_wconf 83' lang='lat' dir='ltr'><strong>habere</strong></span> <span class='ocrx_word' id='word_1_502' title='bbox 1480 4055 1797 4122; x_wconf 55' lang='lat' dir='ltr'><strong>occasionés.</strong></span> 
     </span>
    </p>
   </div>
   <div class='ocr_carea' id='block_1_72' title="bbox 448 4144 1964 4213">
    <p class='ocr_par' dir='ltr' id='par_1_72' title="bbox 448 4144 1964 4213">
     <span class='ocr_line' id='line_1_72' title="bbox 448 4144 1964 4213; baseline 0.01 -17"><span class='ocrx_word' id='word_1_503' title='bbox 448 4144 694 4199; x_wconf 83' lang='lat' dir='ltr'><strong>Arbitror</strong></span> <span class='ocrx_word' id='word_1_504' title='bbox 722 4146 862 4200; x_wconf 90' lang='lat' dir='ltr'><strong>enim</strong></span> <span class='ocrx_word' id='word_1_505' title='bbox 885 4163 951 4202; x_wconf 88' lang='lat' dir='ltr'><strong>ex</strong></span> <span class='ocrx_word' id='word_1_506' title='bbox 980 4147 1084 4203; x_wconf 90' lang='lat' dir='ltr'><strong>hoc</strong></span> <span class='ocrx_word' id='word_1_507' title='bbox 1113 4147 1284 4213; x_wconf 91' lang='lat' dir='ltr'><strong>initio,</strong></span> <span class='ocrx_word' id='word_1_508' title='bbox 1332 4151 1496 4205; x_wconf 90' lang='lat' dir='ltr'><strong>etiam</strong></span> <span class='ocrx_word' id='word_1_509' title='bbox 1537 4152 1668 4207; x_wconf 88' lang='lat' dir='ltr'><strong>vitia</strong></span> <span class='ocrx_word' id='word_1_510' title='bbox 1716 4154 1964 4210; x_wconf 86' lang='lat' dir='ltr'><strong>universa</strong></span> 
     </span>
    </p>
   </div>
   <div class='ocr_carea' id='block_1_73' title="bbox 369 4235 1966 4306">
    <p class='ocr_par' dir='ltr' id='par_1_73' title="bbox 369 4235 1966 4306">
     <span class='ocr_line' id='line_1_73' title="bbox 369 4235 1966 4306; baseline 0.006 -18"><span class='ocrx_word' id='word_1_511' title='bbox 369 4235 537 4289; x_wconf 84' lang='lat' dir='ltr'><strong>veluti</strong></span> <span class='ocrx_word' id='word_1_512' title='bbox 568 4249 599 4288; x_wconf 92' lang='lat' dir='ltr'><strong>e</strong></span> <span class='ocrx_word' id='word_1_513' title='bbox 627 4235 776 4291; x_wconf 90' lang='lat' dir='ltr'><strong>fonte</strong></span> <span class='ocrx_word' id='word_1_514' title='bbox 803 4237 1039 4306; x_wconf 90' lang='lat' dir='ltr'><strong>quodam</strong></span> <span class='ocrx_word' id='word_1_515' title='bbox 1068 4239 1344 4293; x_wconf 89' lang='lat' dir='ltr'><strong>manantia</strong></span> <span class='ocrx_word' id='word_1_516' title='bbox 1385 4249 1593 4296; x_wconf 87' lang='lat' dir='ltr'><strong>scatere</strong></span> <span class='ocrx_word' id='word_1_517' title='bbox 1635 4242 1688 4295; x_wconf 92' lang='lat' dir='ltr'><strong>in</strong></span> <span class='ocrx_word' id='word_1_518' title='bbox 1729 4241 1966 4299; x_wconf 86' lang='lat' dir='ltr'><strong>hominis</strong></span> 
     </span>
    </p>
   </div>
   <div class='ocr_carea' id='block_1_74' title="bbox 369 4327 1964 4400">
    <p class='ocr_par' dir='ltr' id='par_1_74' title="bbox 369 4327 1964 4400">
     <span class='ocr_line' id='line_1_74' title="bbox 369 4327 1964 4400; baseline 0.005 -19"><span class='ocrx_word' id='word_1_519' title='bbox 369 4328 786 4382; x_wconf 84' lang='lat' dir='ltr'><strong>conversatione</strong></span> <span class='ocrx_word' id='word_1_520' title='bbox 807 4327 1127 4383; x_wconf 85' lang='lat' dir='ltr'><strong>miseranda.</strong></span> <span class='ocrx_word' id='word_1_521' title='bbox 1152 4327 1262 4385; x_wconf 89' lang='lat' dir='ltr'><strong>llac</strong></span> <span class='ocrx_word' id='word_1_522' title='bbox 1278 4337 1456 4385; x_wconf 90' lang='lat' dir='ltr'><strong>autem</strong></span> <span class='ocrx_word' id='word_1_523' title='bbox 1482 4346 1714 4400; x_wconf 72' lang='lat' dir='ltr'><strong>prmsens</strong></span> <span class='ocrx_word' id='word_1_524' title='bbox 1737 4334 1964 4390; x_wconf 91' lang='lat' dir='ltr'><strong>assertio</strong></span> 
     </span>
    </p>
   </div>
   <div class='ocr_carea' id='block_1_75' title="bbox 372 4417 1964 4492">
    <p class='ocr_par' dir='ltr' id='par_1_75' title="bbox 372 4417 1964 4492">
     <span class='ocr_line' id='line_1_75' title="bbox 372 4417 1964 4492; baseline 0.005 -22"><span class='ocrx_word' id='word_1_525' title='bbox 372 4419 846 4485; x_wconf 79' lang='lat' dir='ltr'><strong>argumentatioae</strong></span> <span class='ocrx_word' id='word_1_526' title='bbox 893 4417 1154 4484; x_wconf 82' lang='lat' dir='ltr'><strong>ﬁrmatur,</strong></span> <span class='ocrx_word' id='word_1_527' title='bbox 1187 4419 1330 4490; x_wconf 89' lang='lat' dir='ltr'><strong>quod</strong></span> <span class='ocrx_word' id='word_1_528' title='bbox 1371 4421 1682 4490; x_wconf 89' lang='lat' dir='ltr'><strong>passionum</strong></span> <span class='ocrx_word' id='word_1_529' title='bbox 1720 4425 1964 4492; x_wconf 65' lang='lat' dir='ltr'><strong>qua-dam</strong></span> 
     </span>
    </p>
   </div>
   <div class='ocr_carea' id='block_1_76' title="bbox 371 4508 1960 4583">
    <p class='ocr_par' dir='ltr' id='par_1_76' title="bbox 371 4508 1960 4583">
     <span class='ocr_line' id='line_1_76' title="bbox 371 4508 1960 4583; baseline 0.006 -24"><span class='ocrx_word' id='word_1_530' title='bbox 371 4508 629 4575; x_wconf 88' lang='lat' dir='ltr'><strong>cognatio</strong></span> <span class='ocrx_word' id='word_1_531' title='bbox 657 4509 812 4564; x_wconf 92' lang='lat' dir='ltr'><strong>nobis</strong></span> <span class='ocrx_word' id='word_1_532' title='bbox 839 4517 897 4564; x_wconf 87' lang='lat' dir='ltr'><strong>et</strong></span> <span class='ocrx_word' id='word_1_533' title='bbox 934 4508 1392 4565; x_wconf 89' lang='lat' dir='ltr'><strong>irrationabilibus</strong></span> <span class='ocrx_word' id='word_1_534' title='bbox 1417 4512 1640 4581; x_wconf 69' lang='lat' dir='ltr'><strong>sequalis</strong></span> <span class='ocrx_word' id='word_1_535' title='bbox 1680 4523 1960 4583; x_wconf 87' lang='lat' dir='ltr'><strong>appareat.</strong></span> 
     </span>
    </p>
   </div>
   <div class='ocr_carea' id='block_1_77' title="bbox 2065 3328 3649 3398">
    <p class='ocr_par' dir='ltr' id='par_1_77' title="bbox 2065 3328 3649 3398">
     <span class='ocr_line' id='line_1_77' title="bbox 2065 3328 3649 3398; baseline -0.001 -14"><span class='ocrx_word' id='word_1_536' title='bbox 2065 3329 2278 3398; x_wconf 85' lang='lat' dir='ltr'><strong>bibens,</strong></span> <span class='ocrx_word' id='word_1_537' title='bbox 2307 3329 2620 3384; x_wconf 88' lang='lat' dir='ltr'><strong>multifidam</strong></span> <span class='ocrx_word' id='word_1_538' title='bbox 2651 3330 2983 3398; x_wconf 87' lang='lat' dir='ltr'><strong>densamque</strong></span> <span class='ocrx_word' id='word_1_539' title='bbox 3008 3328 3274 3382; x_wconf 87' lang='lat' dir='ltr'><strong>malorum</strong></span> <span class='ocrx_word' id='word_1_540' title='bbox 3297 3328 3506 3398; x_wconf 90' lang='lat' dir='ltr'><strong>copiam</strong></span> <span class='ocrx_word' id='word_1_541' title='bbox 3531 3342 3649 3397; x_wconf 84' lang='lat' dir='ltr'><strong>pro-</strong></span> 
     </span>
    </p>
   </div>
   <div class='ocr_carea' id='block_1_78' title="bbox 2063 3414 3648 3488">
    <p class='ocr_par' dir='ltr' id='par_1_78' title="bbox 2063 3414 3648 3488">
     <span class='ocr_line' id='line_1_78' title="bbox 2063 3414 3648 3488; baseline -0.003 -14"><span class='ocrx_word' id='word_1_542' title='bbox 2063 3420 2284 3474; x_wconf 88' lang='lat' dir='ltr'><strong>creavit.</strong></span> <span class='ocrx_word' id='word_1_543' title='bbox 2336 3418 2426 3474; x_wconf 89' lang='lat' dir='ltr'><strong>Sic</strong></span> <span class='ocrx_word' id='word_1_544' title='bbox 2462 3418 2626 3473; x_wconf 88' lang='lat' dir='ltr'><strong>libido</strong></span> <span class='ocrx_word' id='word_1_545' title='bbox 2659 3418 2949 3488; x_wconf 89' lang='lat' dir='ltr'><strong>voluptatis</strong></span> <span class='ocrx_word' id='word_1_546' title='bbox 2992 3416 3276 3472; x_wconf 82' lang='lat' dir='ltr'><strong>exordium</strong></span> <span class='ocrx_word' id='word_1_547' title='bbox 3321 3414 3535 3484; x_wconf 89' lang='lat' dir='ltr'><strong>quidem</strong></span> <span class='ocrx_word' id='word_1_548' title='bbox 3579 3414 3648 3470; x_wconf 88' lang='lat' dir='ltr'><strong>de</strong></span> 
     </span>
    </p>
   </div>
   <div class='ocr_carea' id='block_1_79' title="bbox 2062 3508 3647 3574">
    <p class='ocr_par' dir='ltr' id='par_1_79' title="bbox 2062 3508 3647 3574">
     <span class='ocr_line' id='line_1_79' title="bbox 2062 3508 3647 3574; baseline -0.003 -8"><span class='ocrx_word' id='word_1_549' title='bbox 2062 3513 2411 3567; x_wconf 89' lang='lat' dir='ltr'><strong>similitudine</strong></span> <span class='ocrx_word' id='word_1_550' title='bbox 2441 3520 2644 3566; x_wconf 61' lang='lat' dir='ltr'><strong>natura:</strong></span> <span class='ocrx_word' id='word_1_551' title='bbox 2666 3509 3051 3565; x_wconf 89' lang='lat' dir='ltr'><strong>irrationabilis</strong></span> <span class='ocrx_word' id='word_1_552' title='bbox 3080 3509 3287 3574; x_wconf 88' lang='lat' dir='ltr'><strong>habuit,</strong></span> <span class='ocrx_word' id='word_1_553' title='bbox 3322 3508 3417 3564; x_wconf 89' lang='lat' dir='ltr'><strong>sed</strong></span> <span class='ocrx_word' id='word_1_554' title='bbox 3465 3508 3519 3562; x_wconf 90' lang='lat' dir='ltr'><strong>in</strong></span> <span class='ocrx_word' id='word_1_555' title='bbox 3557 3523 3647 3562; x_wconf 87' lang='lat' dir='ltr'><strong>ex-</strong></span> 
     </span>
    </p>
   </div>
   <div class='ocr_carea' id='block_1_80' title="bbox 2065 3596 3654 3668">
    <p class='ocr_par' dir='ltr' id='par_1_80' title="bbox 2065 3596 3654 3668">
     <span class='ocr_line' id='line_1_80' title="bbox 2065 3596 3654 3668; baseline -0.005 -8"><span class='ocrx_word' id='word_1_556' title='bbox 2065 3603 2305 3660; x_wconf 86' lang='lat' dir='ltr'><strong>cessibus</strong></span> <span class='ocrx_word' id='word_1_557' title='bbox 2330 3604 2610 3658; x_wconf 89' lang='lat' dir='ltr'><strong>hominum</strong></span> <span class='ocrx_word' id='word_1_558' title='bbox 2643 3603 2995 3657; x_wconf 87' lang='lat' dir='ltr'><strong>vehementer</strong></span> <span class='ocrx_word' id='word_1_559' title='bbox 3033 3601 3292 3668; x_wconf 90' lang='lat' dir='ltr'><strong>accrevit,</strong></span> <span class='ocrx_word' id='word_1_560' title='bbox 3333 3607 3513 3654; x_wconf 89' lang='lat' dir='ltr'><strong>tantas</strong></span> <span class='ocrx_word' id='word_1_561' title='bbox 3557 3596 3654 3653; x_wconf 49' lang='lat' dir='ltr'><strong>dif;</strong></span> 
     </span>
    </p>
   </div>
   <div class='ocr_carea' id='block_1_81' title="bbox 2063 3690 3656 3763">
    <p class='ocr_par' dir='ltr' id='par_1_81' title="bbox 2063 3690 3656 3763">
     <span class='ocr_line' id='line_1_81' title="bbox 2063 3690 3656 3763; baseline -0.003 -13"><span class='ocrx_word' id='word_1_562' title='bbox 2063 3693 2318 3750; x_wconf 85' lang='lat' dir='ltr'><strong>ferentias</strong></span> <span class='ocrx_word' id='word_1_563' title='bbox 2345 3702 2749 3763; x_wconf 90' lang='lat' dir='ltr'><strong>procreatorum</strong></span> <span class='ocrx_word' id='word_1_564' title='bbox 2771 3707 2891 3762; x_wconf 73' lang='lat' dir='ltr'><strong>qum</strong></span> <span class='ocrx_word' id='word_1_565' title='bbox 2911 3691 3132 3746; x_wconf 91' lang='lat' dir='ltr'><strong>veniunt</strong></span> <span class='ocrx_word' id='word_1_566' title='bbox 3153 3705 3215 3744; x_wconf 85' lang='lat' dir='ltr'><strong>ex</strong></span> <span class='ocrx_word' id='word_1_567' title='bbox 3241 3690 3353 3759; x_wconf 90' lang='lat' dir='ltr'><strong>ipsa</strong></span> <span class='ocrx_word' id='word_1_568' title='bbox 3377 3690 3656 3745; x_wconf 78' lang='lat' dir='ltr'><strong>voluntate</strong></span> 
     </span>
    </p>
   </div>
   <div class='ocr_carea' id='block_1_82' title="bbox 2064 3780 3657 3856">
    <p class='ocr_par' dir='ltr' id='par_1_82' title="bbox 2064 3780 3657 3856">
     <span class='ocr_line' id='line_1_82' title="bbox 2064 3780 3657 3856; baseline -0.003 -17"><span class='ocrx_word' id='word_1_569' title='bbox 2064 3799 2449 3856; x_wconf 89' lang='lat' dir='ltr'><strong>progenerans,</strong></span> <span class='ocrx_word' id='word_1_570' title='bbox 2472 3791 2702 3852; x_wconf 86' lang='lat' dir='ltr'><strong>quantas</strong></span> <span class='ocrx_word' id='word_1_571' title='bbox 2728 3783 2780 3837; x_wconf 92' lang='lat' dir='ltr'><strong>in</strong></span> <span class='ocrx_word' id='word_1_572' title='bbox 2803 3781 3257 3836; x_wconf 87' lang='lat' dir='ltr'><strong>irrationabilibus</strong></span> <span class='ocrx_word' id='word_1_573' title='bbox 3284 3780 3524 3834; x_wconf 90' lang='lat' dir='ltr'><strong>invenire</strong></span> <span class='ocrx_word' id='word_1_574' title='bbox 3545 3795 3657 3834; x_wconf 88' lang='lat' dir='ltr'><strong>non</strong></span> 
     </span>
    </p>
   </div>
   <div class='ocr_carea' id='block_1_83' title="bbox 2064 3869 3658 3946">
    <p class='ocr_par' dir='ltr' id='par_1_83' title="bbox 2064 3869 3658 3946">
     <span class='ocr_line' id='line_1_83' title="bbox 2064 3869 3658 3946; baseline -0.004 -14"><span class='ocrx_word' id='word_1_575' title='bbox 2064 3875 2258 3946; x_wconf 90' lang='lat' dir='ltr'><strong>possis.</strong></span> <span class='ocrx_word' id='word_1_576' title='bbox 2303 3873 2394 3931; x_wconf 93' lang='lat' dir='ltr'><strong>Sic</strong></span> <span class='ocrx_word' id='word_1_577' title='bbox 2435 3874 2729 3930; x_wconf 89' lang='lat' dir='ltr'><strong>commotio</strong></span> <span class='ocrx_word' id='word_1_578' title='bbox 2773 3873 2973 3928; x_wconf 87' lang='lat' dir='ltr'><strong>furoris</strong></span> <span class='ocrx_word' id='word_1_579' title='bbox 3008 3871 3392 3926; x_wconf 89' lang='lat' dir='ltr'><strong>irrationabilis</strong></span> <span class='ocrx_word' id='word_1_580' title='bbox 3437 3869 3658 3941; x_wconf 87' lang='lat' dir='ltr'><strong>quidem</strong></span> 
     </span>
    </p>
   </div>
   <div class='ocr_carea' id='block_1_84' title="bbox 2065 3962 3654 4035">
    <p class='ocr_par' dir='ltr' id='par_1_84' title="bbox 2065 3962 3654 4035">
     <span class='ocr_line' id='line_1_84' title="bbox 2065 3962 3654 4035; baseline -0.003 -14"><span class='ocrx_word' id='word_1_581' title='bbox 2065 3967 2144 4022; x_wconf 87' lang='lat' dir='ltr'><strong>rei</strong></span> <span class='ocrx_word' id='word_1_582' title='bbox 2183 3974 2413 4035; x_wconf 87' lang='lat' dir='ltr'><strong>cognata</strong></span> <span class='ocrx_word' id='word_1_583' title='bbox 2452 3971 2557 4031; x_wconf 90' lang='lat' dir='ltr'><strong>est,</strong></span> <span class='ocrx_word' id='word_1_584' title='bbox 2607 3965 2802 4020; x_wconf 87' lang='lat' dir='ltr'><strong>crescit</strong></span> <span class='ocrx_word' id='word_1_585' title='bbox 2848 3979 2978 4019; x_wconf 90' lang='lat' dir='ltr'><strong>vero</strong></span> <span class='ocrx_word' id='word_1_586' title='bbox 3021 3962 3365 4032; x_wconf 90' lang='lat' dir='ltr'><strong>cogitationis</strong></span> <span class='ocrx_word' id='word_1_587' title='bbox 3411 3976 3654 4016; x_wconf 85' lang='lat' dir='ltr'><strong>accessu.</strong></span> 
     </span>
    </p>
   </div>
   <div class='ocr_carea' id='block_1_85' title="bbox 2066 4054 3660 4119">
    <p class='ocr_par' dir='ltr' id='par_1_85' title="bbox 2066 4054 3660 4119">
     <span class='ocr_line' id='line_1_85' title="bbox 2066 4054 3660 4119; baseline -0.004 -7"><span class='ocrx_word' id='word_1_588' title='bbox 2066 4057 2203 4113; x_wconf 84' lang='lat' dir='ltr'><strong>Hinc</strong></span> <span class='ocrx_word' id='word_1_589' title='bbox 2224 4059 2367 4113; x_wconf 89' lang='lat' dir='ltr'><strong>enim</strong></span> <span class='ocrx_word' id='word_1_590' title='bbox 2389 4058 2650 4113; x_wconf 91' lang='lat' dir='ltr'><strong>memoria</strong></span> <span class='ocrx_word' id='word_1_591' title='bbox 2675 4056 2912 4119; x_wconf 68' lang='lat' dir='ltr'><strong>malitize,</strong></span> <span class='ocrx_word' id='word_1_592' title='bbox 2937 4055 3065 4110; x_wconf 90' lang='lat' dir='ltr'><strong>hinc</strong></span> <span class='ocrx_word' id='word_1_593' title='bbox 3092 4054 3326 4119; x_wconf 73' lang='lat' dir='ltr'><strong>invidim,</strong></span> <span class='ocrx_word' id='word_1_594' title='bbox 3359 4054 3487 4108; x_wconf 90' lang='lat' dir='ltr'><strong>hinc</strong></span> <span class='ocrx_word' id='word_1_595' title='bbox 3506 4067 3660 4106; x_wconf 87' lang='lat' dir='ltr'><strong>men-</strong></span> 
     </span>
    </p>
   </div>
   <div class='ocr_carea' id='block_1_86' title="bbox 2069 4145 3661 4218">
    <p class='ocr_par' dir='ltr' id='par_1_86' title="bbox 2069 4145 3661 4218">
     <span class='ocr_line' id='line_1_86' title="bbox 2069 4145 3661 4218; baseline -0.004 -14"><span class='ocrx_word' id='word_1_596' title='bbox 2069 4147 2304 4216; x_wconf 88' lang='lat' dir='ltr'><strong>dacium,</strong></span> <span class='ocrx_word' id='word_1_597' title='bbox 2361 4149 2565 4204; x_wconf 70' lang='lat' dir='ltr'><strong>insidire</strong></span> <span class='ocrx_word' id='word_1_598' title='bbox 2594 4163 2812 4218; x_wconf 87' lang='lat' dir='ltr'><strong>quoque</strong></span> <span class='ocrx_word' id='word_1_599' title='bbox 2842 4162 2906 4201; x_wconf 87' lang='lat' dir='ltr'><strong>ac</strong></span> <span class='ocrx_word' id='word_1_600' title='bbox 2952 4146 3322 4201; x_wconf 83' lang='lat' dir='ltr'><strong>simulationes</strong></span> <span class='ocrx_word' id='word_1_601' title='bbox 3368 4145 3494 4200; x_wconf 85' lang='lat' dir='ltr'><strong>hinc</strong></span> <span class='ocrx_word' id='word_1_602' title='bbox 3540 4157 3661 4198; x_wconf 85' lang='lat' dir='ltr'><strong>esse</strong></span> 
     </span>
    </p>
   </div>
   <div class='ocr_carea' id='block_1_87' title="bbox 2067 4231 3662 4303">
    <p class='ocr_par' dir='ltr' id='par_1_87' title="bbox 2067 4231 3662 4303">
     <span class='ocr_line' id='line_1_87' title="bbox 2067 4231 3662 4303; baseline -0.004 -9"><span class='ocrx_word' id='word_1_603' title='bbox 2067 4245 2455 4300; x_wconf 85' lang='lat' dir='ltr'><strong>monstrantur.</strong></span> <span class='ocrx_word' id='word_1_604' title='bbox 2500 4237 2626 4294; x_wconf 80' lang='lat' dir='ltr'><strong>Haec</strong></span> <span class='ocrx_word' id='word_1_605' title='bbox 2667 4247 2845 4296; x_wconf 91' lang='lat' dir='ltr'><strong>autem</strong></span> <span class='ocrx_word' id='word_1_606' title='bbox 2888 4237 3068 4292; x_wconf 86' lang='lat' dir='ltr'><strong>omnia</strong></span> <span class='ocrx_word' id='word_1_607' title='bbox 3110 4250 3177 4289; x_wconf 89' lang='lat' dir='ltr'><strong>ex</strong></span> <span class='ocrx_word' id='word_1_608' title='bbox 3225 4234 3420 4303; x_wconf 70' lang='lat' dir='ltr'><strong>iniqum</strong></span> <span class='ocrx_word' id='word_1_609' title='bbox 3466 4231 3662 4287; x_wconf 86' lang='lat' dir='ltr'><strong>mentis</strong></span> 
     </span>
    </p>
   </div>
   <div class='ocr_carea' id='block_1_88' title="bbox 2070 4319 3664 4400">
    <p class='ocr_par' dir='ltr' id='par_1_88' title="bbox 2070 4319 3664 4400">
     <span class='ocr_line' id='line_1_88' title="bbox 2070 4319 3664 4400; baseline -0.006 -16"><span class='ocrx_word' id='word_1_610' title='bbox 2070 4331 2279 4385; x_wconf 90' lang='lat' dir='ltr'><strong>cultura</strong></span> <span class='ocrx_word' id='word_1_611' title='bbox 2310 4331 2657 4400; x_wconf 86' lang='lat' dir='ltr'><strong>proveniunt.</strong></span> <span class='ocrx_word' id='word_1_612' title='bbox 2687 4329 2820 4382; x_wconf 88' lang='lat' dir='ltr'><strong>Nam</strong></span> <span class='ocrx_word' id='word_1_613' title='bbox 2849 4328 2894 4383; x_wconf 90' lang='lat' dir='ltr'><strong>si</strong></span> <span class='ocrx_word' id='word_1_614' title='bbox 2931 4325 3194 4397; x_wconf 90' lang='lat' dir='ltr'><strong>passionis</strong></span> <span class='ocrx_word' id='word_1_615' title='bbox 3234 4325 3466 4393; x_wconf 88' lang='lat' dir='ltr'><strong>impetus</strong></span> <span class='ocrx_word' id='word_1_616' title='bbox 3511 4319 3664 4376; x_wconf 82' lang='lat' dir='ltr'><strong>nullo</strong></span> 
     </span>
    </p>
   </div>
   <div class='ocr_carea' id='block_1_89' title="bbox 2069 4411 3665 4490">
    <p class='ocr_par' dir='ltr' id='par_1_89' title="bbox 2069 4411 3665 4490">
     <span class='ocr_line' id='line_1_89' title="bbox 2069 4411 3665 4490; baseline -0.006 -14"><span class='ocrx_word' id='word_1_617' title='bbox 2069 4422 2409 4490; x_wconf 88' lang='lat' dir='ltr'><strong>cogitationis</strong></span> <span class='ocrx_word' id='word_1_618' title='bbox 2437 4421 2729 4475; x_wconf 82' lang='lat' dir='ltr'><strong>extollatur</strong></span> <span class='ocrx_word' id='word_1_619' title='bbox 2757 4417 3098 4484; x_wconf 89' lang='lat' dir='ltr'><strong>adminiculo,</strong></span> <span class='ocrx_word' id='word_1_620' title='bbox 3135 4417 3243 4472; x_wconf 92' lang='lat' dir='ltr'><strong>cito</strong></span> <span class='ocrx_word' id='word_1_621' title='bbox 3273 4415 3536 4478; x_wconf 91' lang='lat' dir='ltr'><strong>lassescit,</strong></span> <span class='ocrx_word' id='word_1_622' title='bbox 3587 4411 3665 4467; x_wconf 83' lang='lat' dir='ltr'><strong>fu-</strong></span> 
     </span>
    </p>
   </div>
   <div class='ocr_carea' id='block_1_90' title="bbox 2069 4509 3660 4584">
    <p class='ocr_par' dir='ltr' id='par_1_90' title="bbox 2069 4509 3660 4584">
     <span class='ocr_line' id='line_1_90' title="bbox 2069 4509 3660 4584; baseline -0.007 -14"><span class='ocrx_word' id='word_1_623' title='bbox 2069 4531 2268 4584; x_wconf 89' lang='lat' dir='ltr'><strong>rorque</strong></span> <span class='ocrx_word' id='word_1_624' title='bbox 2311 4515 2604 4569; x_wconf 84' lang='lat' dir='ltr'><strong>vehemens</strong></span> <span class='ocrx_word' id='word_1_625' title='bbox 2633 4511 2897 4566; x_wconf 88' lang='lat' dir='ltr'><strong>invalidus</strong></span> <span class='ocrx_word' id='word_1_626' title='bbox 2943 4509 3296 4580; x_wconf 89' lang='lat' dir='ltr'><strong>approbatur,</strong></span> <span class='ocrx_word' id='word_1_627' title='bbox 3334 4519 3572 4574; x_wconf 90' lang='lat' dir='ltr'><strong>moxque</strong></span> <span class='ocrx_word' id='word_1_628' title='bbox 3600 4512 3660 4560; x_wconf 90' lang='lat' dir='ltr'><strong>ut</strong></span> 
     </span>
    </p>
   </div>
   <div class='ocr_carea' id='block_1_91' title="bbox 371 4596 3665 4690">
    <p class='ocr_par' dir='ltr' id='par_1_91' title="bbox 371 4596 3665 4690">
     <span class='ocr_line' id='line_1_91' title="bbox 371 4596 3665 4690; baseline -0.001 -38"><span class='ocrx_word' id='word_1_629' title='bbox 371 4596 496 4652; x_wconf 83' lang='lat' dir='ltr'><strong>Non</strong></span> <span class='ocrx_word' id='word_1_630' title='bbox 543 4598 688 4652; x_wconf 89' lang='lat' dir='ltr'><strong>enim</strong></span> <span class='ocrx_word' id='word_1_631' title='bbox 729 4599 807 4654; x_wconf 87' lang='lat' dir='ltr'><strong>fas</strong></span> <span class='ocrx_word' id='word_1_632' title='bbox 835 4609 922 4655; x_wconf 92' lang='lat' dir='ltr'><strong>est</strong></span> <span class='ocrx_word' id='word_1_633' title='bbox 966 4600 1214 4656; x_wconf 79' lang='lat' dir='ltr'><strong>humana:</strong></span> <span class='ocrx_word' id='word_1_634' title='bbox 1241 4611 1446 4657; x_wconf 77' lang='lat' dir='ltr'><strong>natura:</strong></span> <span class='ocrx_word' id='word_1_635' title='bbox 1493 4603 1664 4676; x_wconf 87' lang='lat' dir='ltr'><strong>(juxta</strong></span> <span class='ocrx_word' id='word_1_636' title='bbox 1695 4605 1798 4661; x_wconf 93' lang='lat' dir='ltr'><strong>hoc</strong></span> <span class='ocrx_word' id='word_1_637' title='bbox 1823 4606 1966 4674; x_wconf 89' lang='lat' dir='ltr'><strong>quod</strong></span> <span class='ocrx_word' id='word_1_638' title='bbox 1994 4627 2048 4690; x_wconf 71' lang='grc' dir='ltr'><strong>Ι)</strong></span> <span class='ocrx_word' id='word_1_639' title='bbox 2073 4605 2232 4660; x_wconf 89' lang='lat' dir='ltr'><strong>fuerit</strong></span> <span class='ocrx_word' id='word_1_640' title='bbox 2255 4613 2477 4660; x_wconf 87' lang='lat' dir='ltr'><strong>exortus</strong></span> <span class='ocrx_word' id='word_1_641' title='bbox 2505 4603 2882 4673; x_wconf 84' lang='lat' dir='ltr'><strong>exstinguitur.</strong></span> <span class='ocrx_word' id='word_1_642' title='bbox 2916 4600 3006 4657; x_wconf 92' lang='lat' dir='ltr'><strong>Sic</strong></span> <span class='ocrx_word' id='word_1_643' title='bbox 3034 4600 3188 4654; x_wconf 90' lang='lat' dir='ltr'><strong>avida</strong></span> <span class='ocrx_word' id='word_1_644' title='bbox 3217 4596 3665 4690; x_wconf 13' lang='lat' dir='ltr'><strong>porcorumieda—</strong></span> 
     </span>
    </p>
   </div>
   <div class='ocr_carea' id='block_1_92' title="bbox 374 4689 1970 4766">
    <p class='ocr_par' dir='ltr' id='par_1_92' title="bbox 374 4689 1970 4766">
     <span class='ocr_line' id='line_1_92' title="bbox 374 4689 1970 4766; baseline 0.006 -23"><span class='ocrx_word' id='word_1_645' title='bbox 374 4689 449 4744; x_wconf 89' lang='lat' dir='ltr'><strong>ad</strong></span> <span class='ocrx_word' id='word_1_646' title='bbox 477 4691 711 4746; x_wconf 90' lang='lat' dir='ltr'><strong>divinam</strong></span> <span class='ocrx_word' id='word_1_647' title='bbox 739 4694 976 4762; x_wconf 89' lang='lat' dir='ltr'><strong>speciem</strong></span> <span class='ocrx_word' id='word_1_648' title='bbox 1008 4693 1233 4748; x_wconf 86' lang='lat' dir='ltr'><strong>formata</strong></span> <span class='ocrx_word' id='word_1_649' title='bbox 1263 4695 1368 4766; x_wconf 88' lang='lat' dir='ltr'><strong>est)</strong></span> <span class='ocrx_word' id='word_1_650' title='bbox 1401 4697 1552 4750; x_wconf 90' lang='lat' dir='ltr'><strong>initia</strong></span> <span class='ocrx_word' id='word_1_651' title='bbox 1592 4698 1860 4766; x_wconf 89' lang='lat' dir='ltr'><strong>passibilis</strong></span> <span class='ocrx_word' id='word_1_652' title='bbox 1888 4698 1970 4752; x_wconf 91' lang='lat' dir='ltr'><strong>af-</strong></span> 
     </span>
    </p>
   </div>
   <div class='ocr_carea' id='block_1_93' title="bbox 371 4782 1969 4856">
    <p class='ocr_par' dir='ltr' id='par_1_93' title="bbox 371 4782 1969 4856">
     <span class='ocr_line' id='line_1_93' title="bbox 371 4782 1969 4856; baseline 0.004 -18"><span class='ocrx_word' id='word_1_653' title='bbox 371 4782 628 4840; x_wconf 84' lang='lat' dir='ltr'><strong>fectionis</strong></span> <span class='ocrx_word' id='word_1_654' title='bbox 663 4786 854 4841; x_wconf 90' lang='lat' dir='ltr'><strong>ascribi</strong></span> <span class='ocrx_word' id='word_1_655' title='bbox 889 4805 902 4840; x_wconf 93' lang='lat'><strong>:</strong></span> <span class='ocrx_word' id='word_1_656' title='bbox 939 4787 1035 4842; x_wconf 92' lang='lat' dir='ltr'><strong>sed</strong></span> <span class='ocrx_word' id='word_1_657' title='bbox 1069 4788 1194 4856; x_wconf 90' lang='lat' dir='ltr'><strong>quia</strong></span> <span class='ocrx_word' id='word_1_658' title='bbox 1235 4789 1680 4843; x_wconf 89' lang='lat' dir='ltr'><strong>irrationabilium</strong></span> <span class='ocrx_word' id='word_1_659' title='bbox 1726 4791 1969 4845; x_wconf 84' lang='lat' dir='ltr'><strong>animan-</strong></span> 
     </span>
    </p>
   </div>
   <div class='ocr_carea' id='block_1_94' title="bbox 373 4875 1970 4949">
    <p class='ocr_par' dir='ltr' id='par_1_94' title="bbox 373 4875 1970 4949">
     <span class='ocr_line' id='line_1_94' title="bbox 373 4875 1970 4949; baseline 0.004 -21"><span class='ocrx_word' id='word_1_660' title='bbox 373 4875 513 4929; x_wconf 83' lang='lat' dir='ltr'><strong>tium</strong></span> <span class='ocrx_word' id='word_1_661' title='bbox 548 4875 602 4928; x_wconf 91' lang='lat' dir='ltr'><strong>in</strong></span> <span class='ocrx_word' id='word_1_662' title='bbox 629 4875 773 4930; x_wconf 89' lang='lat' dir='ltr'><strong>hunc</strong></span> <span class='ocrx_word' id='word_1_663' title='bbox 808 4877 1063 4931; x_wconf 90' lang='lat' dir='ltr'><strong>mundum</strong></span> <span class='ocrx_word' id='word_1_664' title='bbox 1093 4881 1200 4931; x_wconf 90' lang='lat' dir='ltr'><strong>vita</strong></span> <span class='ocrx_word' id='word_1_665' title='bbox 1231 4879 1522 4948; x_wconf 72' lang='lat' dir='ltr'><strong>prmcessit,</strong></span> <span class='ocrx_word' id='word_1_666' title='bbox 1569 4886 1624 4934; x_wconf 88' lang='lat' dir='ltr'><strong>et</strong></span> <span class='ocrx_word' id='word_1_667' title='bbox 1665 4879 1736 4934; x_wconf 92' lang='lat' dir='ltr'><strong>ob</strong></span> <span class='ocrx_word' id='word_1_668' title='bbox 1776 4881 1970 4949; x_wconf 69' lang='lat' dir='ltr'><strong>prmdi-</strong></span> 
     </span>
    </p>
   </div>
   <div class='ocr_carea' id='block_1_95' title="bbox 372 4967 1970 5038">
    <p class='ocr_par' dir='ltr' id='par_1_95' title="bbox 372 4967 1970 5038">
     <span class='ocr_line' id='line_1_95' title="bbox 372 4967 1970 5038; baseline 0.003 -16"><span class='ocrx_word' id='word_1_669' title='bbox 372 4975 496 5022; x_wconf 86' lang='lat' dir='ltr'><strong>ctas</strong></span> <span class='ocrx_word' id='word_1_670' title='bbox 525 4982 714 5022; x_wconf 87' lang='lat' dir='ltr'><strong>causas</strong></span> <span class='ocrx_word' id='word_1_671' title='bbox 742 4967 904 5022; x_wconf 88' lang='lat' dir='ltr'><strong>homo</strong></span> <span class='ocrx_word' id='word_1_672' title='bbox 934 4985 1148 5038; x_wconf 90' lang='lat' dir='ltr'><strong>quoque</strong></span> <span class='ocrx_word' id='word_1_673' title='bbox 1178 4985 1244 5024; x_wconf 88' lang='lat' dir='ltr'><strong>ex</strong></span> <span class='ocrx_word' id='word_1_674' title='bbox 1274 4970 1460 5025; x_wconf 85' lang='lat' dir='ltr'><strong>eadem</strong></span> <span class='ocrx_word' id='word_1_675' title='bbox 1505 4969 1828 5026; x_wconf 83' lang='lat' dir='ltr'><strong>formatione</strong></span> <span class='ocrx_word' id='word_1_676' title='bbox 1868 4971 1970 5026; x_wconf 92' lang='lat' dir='ltr'><strong>ali-</strong></span> 
     </span>
    </p>
   </div>
   <div class='ocr_carea' id='block_1_96' title="bbox 373 5057 1972 5128">
    <p class='ocr_par' dir='ltr' id='par_1_96' title="bbox 373 5057 1972 5128">
     <span class='ocr_line' id='line_1_96' title="bbox 373 5057 1972 5128; baseline 0.006 -19"><span class='ocrx_word' id='word_1_677' title='bbox 373 5057 506 5126; x_wconf 83' lang='lat' dir='ltr'><strong>quid</strong></span> <span class='ocrx_word' id='word_1_678' title='bbox 548 5057 735 5110; x_wconf 88' lang='lat' dir='ltr'><strong>babuit</strong></span> <span class='ocrx_word' id='word_1_679' title='bbox 777 5057 928 5126; x_wconf 82' lang='lat' dir='ltr'><strong>juxta</strong></span> <span class='ocrx_word' id='word_1_680' title='bbox 966 5058 1255 5127; x_wconf 87' lang='lat' dir='ltr'><strong>generandi</strong></span> <span class='ocrx_word' id='word_1_681' title='bbox 1301 5061 1725 5128; x_wconf 86' lang='lat' dir='ltr'><strong>decorationem,</strong></span> <span class='ocrx_word' id='word_1_682' title='bbox 1771 5062 1972 5118; x_wconf 91' lang='lat' dir='ltr'><strong>idcirco</strong></span> 
     </span>
    </p>
   </div>
   <div class='ocr_carea' id='block_1_97' title="bbox 373 5151 1976 5225">
    <p class='ocr_par' dir='ltr' id='par_1_97' title="bbox 373 5151 1976 5225">
     <span class='ocr_line' id='line_1_97' title="bbox 373 5151 1976 5225; baseline 0.003 -22"><span class='ocrx_word' id='word_1_683' title='bbox 373 5151 652 5221; x_wconf 84' lang='lat' dir='ltr'><strong>particeps</strong></span> <span class='ocrx_word' id='word_1_684' title='bbox 700 5152 864 5206; x_wconf 89' lang='lat' dir='ltr'><strong>etiam</strong></span> <span class='ocrx_word' id='word_1_685' title='bbox 918 5151 1247 5221; x_wconf 88' lang='lat' dir='ltr'><strong>reliquorum</strong></span> <span class='ocrx_word' id='word_1_686' title='bbox 1276 5168 1394 5222; x_wconf 61' lang='lat' dir='ltr'><strong>quae</strong></span> <span class='ocrx_word' id='word_1_687' title='bbox 1436 5155 1490 5208; x_wconf 91' lang='lat' dir='ltr'><strong>in</strong></span> <span class='ocrx_word' id='word_1_688' title='bbox 1529 5163 1720 5208; x_wconf 90' lang='lat' dir='ltr'><strong>natura</strong></span> <span class='ocrx_word' id='word_1_689' title='bbox 1758 5155 1976 5225; x_wconf 89' lang='lat' dir='ltr'><strong>conspi—</strong></span> 
     </span>
    </p>
   </div>
   <div class='ocr_carea' id='block_1_98' title="bbox 375 5240 1978 5314">
    <p class='ocr_par' dir='ltr' id='par_1_98' title="bbox 375 5240 1978 5314">
     <span class='ocr_line' id='line_1_98' title="bbox 375 5240 1978 5314; baseline 0.004 -19"><span class='ocrx_word' id='word_1_690' title='bbox 375 5242 597 5296; x_wconf 83' lang='lat' dir='ltr'><strong>ciuntur</strong></span> <span class='ocrx_word' id='word_1_691' title='bbox 621 5240 844 5296; x_wconf 83' lang='lat' dir='ltr'><strong>effectus</strong></span> <span class='ocrx_word' id='word_1_692' title='bbox 873 5251 974 5297; x_wconf 90' lang='lat' dir='ltr'><strong>est.</strong></span> <span class='ocrx_word' id='word_1_693' title='bbox 1021 5241 1131 5296; x_wconf 83' lang='lat' dir='ltr'><strong>Nec</strong></span> <span class='ocrx_word' id='word_1_694' title='bbox 1156 5243 1296 5297; x_wconf 90' lang='lat' dir='ltr'><strong>enim</strong></span> <span class='ocrx_word' id='word_1_695' title='bbox 1337 5244 1490 5314; x_wconf 85' lang='lat' dir='ltr'><strong>juxta</strong></span> <span class='ocrx_word' id='word_1_696' title='bbox 1539 5244 1774 5301; x_wconf 91' lang='lat' dir='ltr'><strong>furorem</strong></span> <span class='ocrx_word' id='word_1_697' title='bbox 1814 5249 1978 5302; x_wconf 88' lang='lat' dir='ltr'><strong>homo</strong></span> 
     </span>
    </p>
   </div>
   <div class='ocr_carea' id='block_1_99' title="bbox 375 5331 1978 5407">
    <p class='ocr_par' dir='ltr' id='par_1_99' title="bbox 375 5331 1978 5407">
     <span class='ocr_line' id='line_1_99' title="bbox 375 5331 1978 5407; baseline 0.005 -23"><span class='ocrx_word' id='word_1_698' title='bbox 375 5331 495 5384; x_wconf 82' lang='lat' dir='ltr'><strong>Deo</strong></span> <span class='ocrx_word' id='word_1_699' title='bbox 545 5331 733 5386; x_wconf 88' lang='lat' dir='ltr'><strong>similis</strong></span> <span class='ocrx_word' id='word_1_700' title='bbox 770 5340 873 5396; x_wconf 91' lang='lat' dir='ltr'><strong>est,</strong></span> <span class='ocrx_word' id='word_1_701' title='bbox 924 5347 1101 5401; x_wconf 89' lang='lat' dir='ltr'><strong>neque</strong></span> <span class='ocrx_word' id='word_1_702' title='bbox 1148 5347 1247 5402; x_wconf 90' lang='lat' dir='ltr'><strong>per</strong></span> <span class='ocrx_word' id='word_1_703' title='bbox 1291 5335 1598 5404; x_wconf 90' lang='lat' dir='ltr'><strong>passibilem</strong></span> <span class='ocrx_word' id='word_1_704' title='bbox 1646 5338 1978 5407; x_wconf 83' lang='lat' dir='ltr'><strong>voluptatem</strong></span> 
     </span>
    </p>
   </div>
   <div class='ocr_carea' id='block_1_100' title="bbox 373 5419 1982 5497">
    <p class='ocr_par' dir='ltr' id='par_1_100' title="bbox 373 5419 1982 5497">
     <span class='ocr_line' id='line_1_100' title="bbox 373 5419 1982 5497; baseline 0.006 -23"><span class='ocrx_word' id='word_1_705' title='bbox 373 5419 790 5488; x_wconf 88' lang='lat' dir='ltr'><strong>supereminens</strong></span> <span class='ocrx_word' id='word_1_706' title='bbox 815 5421 905 5476; x_wconf 91' lang='lat' dir='ltr'><strong>illa</strong></span> <span class='ocrx_word' id='word_1_707' title='bbox 936 5419 1196 5490; x_wconf 76' lang='lat' dir='ltr'><strong>figuratur</strong></span> <span class='ocrx_word' id='word_1_708' title='bbox 1222 5433 1446 5492; x_wconf 87' lang='lat' dir='ltr'><strong>natura;</strong></span> <span class='ocrx_word' id='word_1_709' title='bbox 1478 5433 1653 5480; x_wconf 91' lang='lat' dir='ltr'><strong>metus</strong></span> <span class='ocrx_word' id='word_1_710' title='bbox 1681 5442 1896 5497; x_wconf 87' lang='lat' dir='ltr'><strong>quoque</strong></span> <span class='ocrx_word' id='word_1_711' title='bbox 1925 5437 1982 5484; x_wconf 92' lang='lat' dir='ltr'><strong>et</strong></span> 
     </span>
    </p>
   </div>
   <div class='ocr_carea' id='block_1_101' title="bbox 376 5505 1979 5586">
    <p class='ocr_par' dir='ltr' id='par_1_101' title="bbox 376 5505 1979 5586">
     <span class='ocr_line' id='line_1_101' title="bbox 376 5505 1979 5586; baseline 0.007 -24"><span class='ocrx_word' id='word_1_712' title='bbox 376 5505 655 5577; x_wconf 85' lang='lat' dir='ltr'><strong>audacia,</strong></span> <span class='ocrx_word' id='word_1_713' title='bbox 722 5514 1028 5582; x_wconf 89' lang='lat' dir='ltr'><strong>appetentia</strong></span> <span class='ocrx_word' id='word_1_714' title='bbox 1096 5513 1328 5584; x_wconf 88' lang='lat' dir='ltr'><strong>plurium</strong></span> <span class='ocrx_word' id='word_1_715' title='bbox 1384 5524 1546 5586; x_wconf 87' lang='lat' dir='ltr'><strong>atque</strong></span> <span class='ocrx_word' id='word_1_716' title='bbox 1608 5517 1979 5575; x_wconf 89' lang='lat' dir='ltr'><strong>diminutionis</strong></span> 
     </span>
    </p>
   </div>
   <div class='ocr_carea' id='block_1_102' title="bbox 375 5601 1978 5677">
    <p class='ocr_par' dir='ltr' id='par_1_102' title="bbox 375 5601 1978 5677">
     <span class='ocr_line' id='line_1_102' title="bbox 375 5601 1978 5677; baseline 0.006 -22"><span class='ocrx_word' id='word_1_717' title='bbox 375 5601 587 5664; x_wconf 83' lang='lat' dir='ltr'><strong>odium,</strong></span> <span class='ocrx_word' id='word_1_718' title='bbox 621 5603 922 5673; x_wconf 88' lang='lat' dir='ltr'><strong>horumque</strong></span> <span class='ocrx_word' id='word_1_719' title='bbox 951 5605 1164 5672; x_wconf 91' lang='lat' dir='ltr'><strong>similia,</strong></span> <span class='ocrx_word' id='word_1_720' title='bbox 1190 5607 1258 5661; x_wconf 90' lang='lat' dir='ltr'><strong>ab</strong></span> <span class='ocrx_word' id='word_1_721' title='bbox 1287 5621 1350 5661; x_wconf 92' lang='lat' dir='ltr'><strong>ea</strong></span> <span class='ocrx_word' id='word_1_722' title='bbox 1377 5607 1542 5676; x_wconf 89' lang='lat' dir='ltr'><strong>figura</strong></span> <span class='ocrx_word' id='word_1_723' title='bbox 1573 5623 1678 5677; x_wconf 92' lang='lat' dir='ltr'><strong>qua</strong></span> <span class='ocrx_word' id='word_1_724' title='bbox 1713 5609 1978 5666; x_wconf 88' lang='lat' dir='ltr'><strong>Divinitas</strong></span> 
     </span>
    </p>
   </div>
   <div class='ocr_carea' id='block_1_103' title="bbox 378 5694 1979 5769">
    <p class='ocr_par' dir='ltr' id='par_1_103' title="bbox 378 5694 1979 5769">
     <span class='ocr_line' id='line_1_103' title="bbox 378 5694 1979 5769; baseline 0.006 -23"><span class='ocrx_word' id='word_1_725' title='bbox 378 5694 706 5763; x_wconf 83' lang='lat' dir='ltr'><strong>exprimitur</strong></span> <span class='ocrx_word' id='word_1_726' title='bbox 735 5697 922 5765; x_wconf 89' lang='lat' dir='ltr'><strong>procul</strong></span> <span class='ocrx_word' id='word_1_727' title='bbox 944 5697 1199 5753; x_wconf 90' lang='lat' dir='ltr'><strong>existunt.</strong></span> <span class='ocrx_word' id='word_1_728' title='bbox 1239 5697 1366 5753; x_wconf 62' lang='lat' dir='ltr'><strong>Haec</strong></span> <span class='ocrx_word' id='word_1_729' title='bbox 1400 5701 1562 5769; x_wconf 85' lang='lat' dir='ltr'><strong>igitur</strong></span> <span class='ocrx_word' id='word_1_730' title='bbox 1592 5701 1823 5756; x_wconf 91' lang='lat' dir='ltr'><strong>humana</strong></span> <span class='ocrx_word' id='word_1_731' title='bbox 1853 5701 1979 5756; x_wconf 86' lang='lat' dir='ltr'><strong>sub-</strong></span> 
     </span>
    </p>
   </div>
   <div class='ocr_carea' id='block_1_104' title="bbox 377 5782 1980 5859">
    <p class='ocr_par' dir='ltr' id='par_1_104' title="bbox 377 5782 1980 5859">
     <span class='ocr_line' id='line_1_104' title="bbox 377 5782 1980 5859; baseline 0.006 -23"><span class='ocrx_word' id='word_1_732' title='bbox 377 5783 586 5836; x_wconf 79' lang='lat' dir='ltr'><strong>stantia</strong></span> <span class='ocrx_word' id='word_1_733' title='bbox 627 5782 696 5837; x_wconf 89' lang='lat' dir='ltr'><strong>de</strong></span> <span class='ocrx_word' id='word_1_734' title='bbox 741 5785 1046 5840; x_wconf 89' lang='lat' dir='ltr'><strong>rationabili</strong></span> <span class='ocrx_word' id='word_1_735' title='bbox 1094 5796 1246 5856; x_wconf 89' lang='lat' dir='ltr'><strong>parte</strong></span> <span class='ocrx_word' id='word_1_736' title='bbox 1293 5791 1582 5844; x_wconf 86' lang='lat' dir='ltr'><strong>contraxit.</strong></span> <span class='ocrx_word' id='word_1_737' title='bbox 1631 5788 1703 5844; x_wconf 90' lang='lat' dir='ltr'><strong>Ea</strong></span> <span class='ocrx_word' id='word_1_738' title='bbox 1747 5805 1980 5859; x_wconf 87' lang='lat' dir='ltr'><strong>namque</strong></span> 
     </span>
    </p>
   </div>
   <div class='ocr_carea' id='block_1_105' title="bbox 382 5873 1982 5942">
    <p class='ocr_par' dir='ltr' id='par_1_105' title="bbox 382 5873 1982 5942">
     <span class='ocr_line' id='line_1_105' title="bbox 382 5873 1982 5942; baseline 0.007 -15"><span class='ocrx_word' id='word_1_739' title='bbox 382 5873 584 5942; x_wconf 79' lang='lat' dir='ltr'><strong>quibus</strong></span> <span class='ocrx_word' id='word_1_740' title='bbox 612 5877 891 5932; x_wconf 84' lang='lat' dir='ltr'><strong>brutorum</strong></span> <span class='ocrx_word' id='word_1_741' title='bbox 922 5877 1028 5932; x_wconf 86' lang='lat' dir='ltr'><strong>vita</strong></span> <span class='ocrx_word' id='word_1_742' title='bbox 1055 5877 1120 5932; x_wconf 88' lang='lat' dir='ltr'><strong>ad</strong></span> <span class='ocrx_word' id='word_1_743' title='bbox 1154 5884 1622 5938; x_wconf 85' lang='lat' dir='ltr'><strong>conservationem</strong></span> <span class='ocrx_word' id='word_1_744' title='bbox 1652 5883 1734 5938; x_wconf 88' lang='lat' dir='ltr'><strong>sui</strong></span> <span class='ocrx_word' id='word_1_745' title='bbox 1778 5884 1982 5938; x_wconf 86' lang='lat' dir='ltr'><strong>munita</strong></span> 
     </span>
    </p>
   </div>
   <div class='ocr_carea' id='block_1_106' title="bbox 2075 4687 3666 4764">
    <p class='ocr_par' dir='ltr' id='par_1_106' title="bbox 2075 4687 3666 4764">
     <span class='ocr_line' id='line_1_106' title="bbox 2075 4687 3666 4764; baseline -0.009 -10"><span class='ocrx_word' id='word_1_746' title='bbox 2075 4701 2208 4755; x_wconf 92' lang='lat' dir='ltr'><strong>citas</strong></span> <span class='ocrx_word' id='word_1_747' title='bbox 2260 4698 2574 4753; x_wconf 89' lang='lat' dir='ltr'><strong>occasiones</strong></span> <span class='ocrx_word' id='word_1_748' title='bbox 2625 4695 2866 4751; x_wconf 73' lang='lat' dir='ltr'><strong>avaritia:</strong></span> <span class='ocrx_word' id='word_1_749' title='bbox 2923 4695 3201 4764; x_wconf 69' lang='lat' dir='ltr'><strong>prrestitit,</strong></span> <span class='ocrx_word' id='word_1_750' title='bbox 3258 4692 3337 4747; x_wconf 91' lang='lat' dir='ltr'><strong>sic</strong></span> <span class='ocrx_word' id='word_1_751' title='bbox 3385 4687 3666 4744; x_wconf 89' lang='lat' dir='ltr'><strong>assultatio</strong></span> 
     </span>
    </p>
   </div>
   <div class='ocr_carea' id='block_1_107' title="bbox 2077 4779 3668 4858">
    <p class='ocr_par' dir='ltr' id='par_1_107' title="bbox 2077 4779 3668 4858">
     <span class='ocr_line' id='line_1_107' title="bbox 2077 4779 3668 4858; baseline -0.008 -14"><span class='ocrx_word' id='word_1_752' title='bbox 2077 4789 2207 4858; x_wconf 89' lang='lat' dir='ltr'><strong>equi.</strong></span> <span class='ocrx_word' id='word_1_753' title='bbox 2248 4789 2529 4843; x_wconf 87' lang='lat' dir='ltr'><strong>exordium</strong></span> <span class='ocrx_word' id='word_1_754' title='bbox 2571 4785 2834 4856; x_wconf 68' lang='lat' dir='ltr'><strong>superbim</strong></span> <span class='ocrx_word' id='word_1_755' title='bbox 2873 4783 3016 4838; x_wconf 88' lang='lat' dir='ltr'><strong>facta</strong></span> <span class='ocrx_word' id='word_1_756' title='bbox 3068 4791 3182 4848; x_wconf 91' lang='lat' dir='ltr'><strong>est,</strong></span> <span class='ocrx_word' id='word_1_757' title='bbox 3228 4790 3282 4836; x_wconf 89' lang='lat' dir='ltr'><strong>et</strong></span> <span class='ocrx_word' id='word_1_758' title='bbox 3327 4779 3504 4835; x_wconf 80' lang='lat' dir='ltr'><strong>omnia</strong></span> <span class='ocrx_word' id='word_1_759' title='bbox 3547 4788 3668 4847; x_wconf 65' lang='lat' dir='ltr'><strong>qua)</strong></span> 
     </span>
    </p>
   </div>
   <div class='ocr_carea' id='block_1_108' title="bbox 2075 4868 3668 4947">
    <p class='ocr_par' dir='ltr' id='par_1_108' title="bbox 2075 4868 3668 4947">
     <span class='ocr_line' id='line_1_108' title="bbox 2075 4868 3668 4947; baseline -0.009 -11"><span class='ocrx_word' id='word_1_760' title='bbox 2075 4889 2199 4936; x_wconf 89' lang='lat' dir='ltr'><strong>sunt</strong></span> <span class='ocrx_word' id='word_1_761' title='bbox 2228 4878 2668 4934; x_wconf 89' lang='lat' dir='ltr'><strong>irrationabilium</strong></span> <span class='ocrx_word' id='word_1_762' title='bbox 2693 4878 3042 4947; x_wconf 89' lang='lat' dir='ltr'><strong>probamenta</strong></span> <span class='ocrx_word' id='word_1_763' title='bbox 3064 4889 3365 4937; x_wconf 89' lang='lat' dir='ltr'><strong>causarum,</strong></span> <span class='ocrx_word' id='word_1_764' title='bbox 3397 4887 3492 4942; x_wconf 88' lang='lat' dir='ltr'><strong>per</strong></span> <span class='ocrx_word' id='word_1_765' title='bbox 3512 4868 3668 4924; x_wconf 76' lang='lat' dir='ltr'><strong>malm</strong></span> 
     </span>
    </p>
   </div>
   <div class='ocr_carea' id='block_1_109' title="bbox 2077 4963 3664 5026">
    <p class='ocr_par' dir='ltr' id='par_1_109' title="bbox 2077 4963 3664 5026">
     <span class='ocr_line' id='line_1_109' title="bbox 2077 4963 3664 5026; baseline -0.007 -1"><span class='ocrx_word' id='word_1_766' title='bbox 2077 4972 2273 5026; x_wconf 87' lang='lat' dir='ltr'><strong>mentis</strong></span> <span class='ocrx_word' id='word_1_767' title='bbox 2301 4985 2452 5024; x_wconf 92' lang='lat' dir='ltr'><strong>usum</strong></span> <span class='ocrx_word' id='word_1_768' title='bbox 2479 4969 2877 5024; x_wconf 89' lang='lat' dir='ltr'><strong>rationabilium</strong></span> <span class='ocrx_word' id='word_1_769' title='bbox 2909 4968 3057 5022; x_wconf 91' lang='lat' dir='ltr'><strong>initia</strong></span> <span class='ocrx_word' id='word_1_770' title='bbox 3087 4973 3211 5020; x_wconf 91' lang='lat' dir='ltr'><strong>sunt</strong></span> <span class='ocrx_word' id='word_1_771' title='bbox 3239 4963 3426 5019; x_wconf 78' lang='lat' dir='ltr'><strong>eﬂ&#39;ecta</strong></span> <span class='ocrx_word' id='word_1_772' title='bbox 3459 4971 3664 5015; x_wconf 81' lang='lat' dir='ltr'><strong>morta-</strong></span> 
     </span>
    </p>
   </div>
   <div class='ocr_carea' id='block_1_110' title="bbox 2077 5055 3666 5128">
    <p class='ocr_par' dir='ltr' id='par_1_110' title="bbox 2077 5055 3666 5128">
     <span class='ocr_line' id='line_1_110' title="bbox 2077 5055 3666 5128; baseline -0.006 -11"><span class='ocrx_word' id='word_1_773' title='bbox 2077 5063 2228 5119; x_wconf 90' lang='lat' dir='ltr'><strong>lium.</strong></span> <span class='ocrx_word' id='word_1_774' title='bbox 2251 5064 2402 5120; x_wconf 90' lang='lat' dir='ltr'><strong>Sieut</strong></span> <span class='ocrx_word' id='word_1_775' title='bbox 2423 5065 2726 5119; x_wconf 91' lang='lat' dir='ltr'><strong>econtrario</strong></span> <span class='ocrx_word' id='word_1_776' title='bbox 2755 5078 2873 5117; x_wconf 93' lang='lat' dir='ltr'><strong>cum</strong></span> <span class='ocrx_word' id='word_1_777' title='bbox 2903 5063 3003 5116; x_wconf 90' lang='lat' dir='ltr'><strong>hos</strong></span> <span class='ocrx_word' id='word_1_778' title='bbox 3038 5061 3265 5128; x_wconf 90' lang='lat' dir='ltr'><strong>impetus</strong></span> <span class='ocrx_word' id='word_1_779' title='bbox 3293 5055 3545 5123; x_wconf 85' lang='lat' dir='ltr'><strong>cogitatio</strong></span> <span class='ocrx_word' id='word_1_780' title='bbox 3575 5067 3666 5108; x_wconf 88' lang='lat' dir='ltr'><strong>re-</strong></span> 
     </span>
    </p>
   </div>
   <div class='ocr_carea' id='block_1_111' title="bbox 2078 5147 3668 5224">
    <p class='ocr_par' dir='ltr' id='par_1_111' title="bbox 2078 5147 3668 5224">
     <span class='ocr_line' id='line_1_111' title="bbox 2078 5147 3668 5224; baseline -0.006 -15"><span class='ocrx_word' id='word_1_781' title='bbox 2078 5154 2252 5209; x_wconf 86' lang='lat' dir='ltr'><strong>frenat</strong></span> <span class='ocrx_word' id='word_1_782' title='bbox 2278 5164 2332 5209; x_wconf 89' lang='lat' dir='ltr'><strong>et</strong></span> <span class='ocrx_word' id='word_1_783' title='bbox 2353 5155 2587 5219; x_wconf 87' lang='lat' dir='ltr'><strong>cohibet,</strong></span> <span class='ocrx_word' id='word_1_784' title='bbox 2616 5156 2668 5208; x_wconf 90' lang='lat' dir='ltr'><strong>in</strong></span> <span class='ocrx_word' id='word_1_785' title='bbox 2699 5154 2930 5224; x_wconf 80' lang='lat' dir='ltr'><strong>speciem</strong></span> <span class='ocrx_word' id='word_1_786' title='bbox 2963 5151 3174 5205; x_wconf 86' lang='lat' dir='ltr'><strong>virtutis</strong></span> <span class='ocrx_word' id='word_1_787' title='bbox 3209 5147 3454 5217; x_wconf 91' lang='lat' dir='ltr'><strong>protinus</strong></span> <span class='ocrx_word' id='word_1_788' title='bbox 3493 5153 3668 5199; x_wconf 85' lang='lat' dir='ltr'><strong>trans-</strong></span> 
     </span>
    </p>
   </div>
   <div class='ocr_carea' id='block_1_112' title="bbox 2079 5233 3664 5312">
    <p class='ocr_par' dir='ltr' id='par_1_112' title="bbox 2079 5233 3664 5312">
     <span class='ocr_line' id='line_1_112' title="bbox 2079 5233 3664 5312; baseline -0.006 -14"><span class='ocrx_word' id='word_1_789' title='bbox 2079 5244 2342 5300; x_wconf 88' lang='lat' dir='ltr'><strong>feruntur.</strong></span> <span class='ocrx_word' id='word_1_790' title='bbox 2375 5244 2507 5298; x_wconf 88' lang='lat' dir='ltr'><strong>Nam</strong></span> <span class='ocrx_word' id='word_1_791' title='bbox 2539 5260 2602 5298; x_wconf 83' lang='lat' dir='ltr'><strong>ex</strong></span> <span class='ocrx_word' id='word_1_792' title='bbox 2627 5244 2804 5298; x_wconf 90' lang='lat' dir='ltr'><strong>furore</strong></span> <span class='ocrx_word' id='word_1_793' title='bbox 2832 5243 3045 5312; x_wconf 87' lang='lat' dir='ltr'><strong>quidem</strong></span> <span class='ocrx_word' id='word_1_794' title='bbox 3078 5237 3333 5292; x_wconf 81' lang='lat' dir='ltr'><strong>fortitudo</strong></span> <span class='ocrx_word' id='word_1_795' title='bbox 3365 5233 3664 5298; x_wconf 87' lang='lat' dir='ltr'><strong>descendit,</strong></span> 
     </span>
    </p>
   </div>
   <div class='ocr_carea' id='block_1_113' title="bbox 2081 5327 3668 5406">
    <p class='ocr_par' dir='ltr' id='par_1_113' title="bbox 2081 5327 3668 5406">
     <span class='ocr_line' id='line_1_113' title="bbox 2081 5327 3668 5406; baseline -0.011 -14"><span class='ocrx_word' id='word_1_796' title='bbox 2081 5353 2146 5392; x_wconf 89' lang='lat' dir='ltr'><strong>ex</strong></span> <span class='ocrx_word' id='word_1_797' title='bbox 2177 5352 2377 5406; x_wconf 91' lang='lat' dir='ltr'><strong>pavore</strong></span> <span class='ocrx_word' id='word_1_798' title='bbox 2406 5337 2651 5400; x_wconf 89' lang='lat' dir='ltr'><strong>cautela;</strong></span> <span class='ocrx_word' id='word_1_799' title='bbox 2684 5343 2856 5389; x_wconf 89' lang='lat' dir='ltr'><strong>metus</strong></span> <span class='ocrx_word' id='word_1_800' title='bbox 2881 5340 3057 5386; x_wconf 88' lang='lat' dir='ltr'><strong>autem</strong></span> <span class='ocrx_word' id='word_1_801' title='bbox 3088 5327 3473 5395; x_wconf 85' lang='lat' dir='ltr'><strong>subjectionem</strong></span> <span class='ocrx_word' id='word_1_802' title='bbox 3499 5337 3668 5391; x_wconf 82' lang='lat' dir='ltr'><strong>gene-</strong></span> 
     </span>
    </p>
   </div>
   <div class='ocr_carea' id='block_1_114' title="bbox 2081 5412 3670 5495">
    <p class='ocr_par' dir='ltr' id='par_1_114' title="bbox 2081 5412 3670 5495">
     <span class='ocr_line' id='line_1_114' title="bbox 2081 5412 3670 5495; baseline -0.013 -10"><span class='ocrx_word' id='word_1_803' title='bbox 2081 5436 2185 5495; x_wconf 89' lang='lat' dir='ltr'><strong>rat,</strong></span> <span class='ocrx_word' id='word_1_804' title='bbox 2219 5438 2272 5484; x_wconf 88' lang='lat' dir='ltr'><strong>ct</strong></span> <span class='ocrx_word' id='word_1_805' title='bbox 2301 5429 2482 5484; x_wconf 88' lang='lat' dir='ltr'><strong>odimn</strong></span> <span class='ocrx_word' id='word_1_806' title='bbox 2511 5428 2843 5484; x_wconf 89' lang='lat' dir='ltr'><strong>aversionem</strong></span> <span class='ocrx_word' id='word_1_807' title='bbox 2875 5423 3218 5491; x_wconf 89' lang='lat' dir='ltr'><strong>malignitatis</strong></span> <span class='ocrx_word' id='word_1_808' title='bbox 3245 5418 3499 5485; x_wconf 90' lang='lat' dir='ltr'><strong>instigat;</strong></span> <span class='ocrx_word' id='word_1_809' title='bbox 3532 5412 3670 5468; x_wconf 90' lang='lat' dir='ltr'><strong>dile-</strong></span> 
     </span>
    </p>
   </div>
   <div class='ocr_carea' id='block_1_115' title="bbox 2081 5504 3748 5576">
    <p class='ocr_par' dir='ltr' id='par_1_115' title="bbox 2081 5504 3748 5576">
     <span class='ocr_line' id='line_1_115' title="bbox 2081 5504 3748 5576; baseline -0.012 0"><span class='ocrx_word' id='word_1_810' title='bbox 2081 5521 2277 5576; x_wconf 88' lang='lat' dir='ltr'><strong>ctionis</strong></span> <span class='ocrx_word' id='word_1_811' title='bbox 2313 5521 2474 5575; x_wconf 89' lang='lat' dir='ltr'><strong>etiam</strong></span> <span class='ocrx_word' id='word_1_812' title='bbox 2517 5520 2687 5573; x_wconf 79' lang='lat' dir='ltr'><strong>virtus</strong></span> <span class='ocrx_word' id='word_1_813' title='bbox 2716 5515 3038 5572; x_wconf 90' lang='lat' dir='ltr'><strong>desiderium</strong></span> <span class='ocrx_word' id='word_1_814' title='bbox 3087 5512 3197 5567; x_wconf 89' lang='lat' dir='ltr'><strong>veri</strong></span> <span class='ocrx_word' id='word_1_815' title='bbox 3236 5509 3359 5564; x_wconf 77' lang='lat' dir='ltr'><strong>boni</strong></span> <span class='ocrx_word' id='word_1_816' title='bbox 3386 5504 3668 5570; x_wconf 80' lang='lat' dir='ltr'><strong>conciliat;</strong></span> <span class='ocrx_word' id='word_1_817' title='bbox 3740 5519 3748 5525; x_wconf 83' lang='lat'>&#39;</span> 
     </span>
    </p>
   </div>
   <div class='ocr_carea' id='block_1_116' title="bbox 2083 5594 3670 5679">
    <p class='ocr_par' dir='ltr' id='par_1_116' title="bbox 2083 5594 3670 5679">
     <span class='ocr_line' id='line_1_116' title="bbox 2083 5594 3670 5679; baseline -0.012 -11"><span class='ocrx_word' id='word_1_818' title='bbox 2083 5612 2339 5668; x_wconf 74' lang='lat' dir='ltr'><strong>exultatio</strong></span> <span class='ocrx_word' id='word_1_819' title='bbox 2369 5625 2584 5679; x_wconf 89' lang='lat' dir='ltr'><strong>quoque</strong></span> <span class='ocrx_word' id='word_1_820' title='bbox 2612 5623 2788 5664; x_wconf 89' lang='lat' dir='ltr'><strong>mores</strong></span> <span class='ocrx_word' id='word_1_821' title='bbox 2818 5623 2847 5660; x_wconf 88' lang='lat' dir='ltr'><strong>a</strong></span> <span class='ocrx_word' id='word_1_822' title='bbox 2877 5604 3216 5676; x_wconf 91' lang='lat' dir='ltr'><strong>passionibus</strong></span> <span class='ocrx_word' id='word_1_823' title='bbox 3245 5617 3384 5655; x_wconf 72' lang='lat' dir='ltr'><strong>erui.</strong></span> <span class='ocrx_word' id='word_1_824' title='bbox 3437 5605 3489 5653; x_wconf 86' lang='lat' dir='ltr'><strong>et</strong></span> <span class='ocrx_word' id='word_1_825' title='bbox 3532 5594 3670 5650; x_wconf 83' lang='lat' dir='ltr'><strong>libe-</strong></span> 
     </span>
    </p>
   </div>
   <div class='ocr_carea' id='block_1_117' title="bbox 2084 5693 3668 5771">
    <p class='ocr_par' dir='ltr' id='par_1_117' title="bbox 2084 5693 3668 5771">
     <span class='ocr_line' id='line_1_117' title="bbox 2084 5693 3668 5771; baseline -0.013 -13"><span class='ocrx_word' id='word_1_826' title='bbox 2084 5719 2197 5758; x_wconf 90' lang='lat' dir='ltr'><strong>ram</strong></span> <span class='ocrx_word' id='word_1_827' title='bbox 2226 5699 2564 5771; x_wconf 79' lang='lat' dir='ltr'><strong>prudcntiam</strong></span> <span class='ocrx_word' id='word_1_828' title='bbox 2605 5715 2634 5752; x_wconf 91' lang='lat' dir='ltr'><strong>a</strong></span> <span class='ocrx_word' id='word_1_829' title='bbox 2674 5696 3018 5766; x_wconf 89' lang='lat' dir='ltr'><strong>turpitudinis</strong></span> <span class='ocrx_word' id='word_1_830' title='bbox 3065 5693 3325 5748; x_wconf 89' lang='lat' dir='ltr'><strong>servitute</strong></span> <span class='ocrx_word' id='word_1_831' title='bbox 3363 5693 3668 5744; x_wconf 85' lang='lat' dir='ltr'><strong>conservat.</strong></span> 
     </span>
    </p>
   </div>
   <div class='ocr_carea' id='block_1_118' title="bbox 2084 5778 3676 5856">
    <p class='ocr_par' dir='ltr' id='par_1_118' title="bbox 2084 5778 3676 5856">
     <span class='ocr_line' id='line_1_118' title="bbox 2084 5778 3676 5856; baseline -0.009 -10"><span class='ocrx_word' id='word_1_832' title='bbox 2084 5791 2369 5846; x_wconf 87' lang='lat' dir='ltr'><strong>Collaudat</strong></span> <span class='ocrx_word' id='word_1_833' title='bbox 2396 5801 2578 5844; x_wconf 84' lang='lat' dir='ltr'><strong>autem</strong></span> <span class='ocrx_word' id='word_1_834' title='bbox 2607 5789 2765 5856; x_wconf 90' lang='lat' dir='ltr'><strong>hujus</strong></span> <span class='ocrx_word' id='word_1_835' title='bbox 2793 5787 3105 5843; x_wconf 87' lang='lat' dir='ltr'><strong>subtilitatis</strong></span> <span class='ocrx_word' id='word_1_836' title='bbox 3132 5783 3367 5855; x_wconf 89' lang='lat' dir='ltr'><strong>speciem</strong></span> <span class='ocrx_word' id='word_1_837' title='bbox 3399 5787 3454 5835; x_wconf 90' lang='lat' dir='ltr'><strong>et</strong></span> <span class='ocrx_word' id='word_1_838' title='bbox 3482 5778 3676 5834; x_wconf 81' lang='lat' dir='ltr'><strong>beatus</strong></span> 
     </span>
    </p>
   </div>
   <div class='ocr_carea' id='block_1_119' title="bbox 2088 5876 3672 5955">
    <p class='ocr_par' dir='ltr' id='par_1_119' title="bbox 2088 5876 3672 5955">
     <span class='ocr_line' id='line_1_119' title="bbox 2088 5876 3672 5955; baseline -0.009 -18"><span class='ocrx_word' id='word_1_839' title='bbox 2088 5883 2402 5955; x_wconf 79' lang='lat' dir='ltr'><strong>Apostolus,</strong></span> <span class='ocrx_word' id='word_1_840' title='bbox 2439 5899 2558 5937; x_wconf 88' lang='lat' dir='ltr'><strong>cum</strong></span> <span class='ocrx_word' id='word_1_841' title='bbox 2611 5893 2978 5954; x_wconf 65' lang='lat' dir='ltr'><strong>saepenumero</strong></span> <span class='ocrx_word' id='word_1_842' title='bbox 3031 5877 3184 5937; x_wconf 85' lang='lat' dir='ltr'><strong>nobis</strong></span> <span class='ocrx_word' id='word_1_843' title='bbox 3236 5876 3462 5946; x_wconf 83' lang='lat' dir='ltr'><strong>imperat</strong></span> <span class='ocrx_word' id='word_1_844' title='bbox 3503 5877 3561 5926; x_wconf 78' lang='lat' dir='ltr'><strong>ut</strong></span> <span class='ocrx_word' id='word_1_845' title='bbox 3608 5884 3672 5923; x_wconf 85' lang='lat' dir='ltr'><strong>ca</strong></span> 
     </span>
    </p>
   </div>
  </div>
