4122 6544
481 384 588 439 5'!)

1773 384 2131 444 DIONISIUS
2170 381 2480 446 EXIGUUS.
2527 364 2530 366 ’

3664 381 3766 438 δεε

480 518 602 572 qua
622 519 832 559 sursum
862 510 987 559 sunt
1014 507 1305 574 sapiamus.
1332 503 1399 558 Et
1425 505 1496 558 ita
1525 505 1764 573 reperies
1790 502 1932 572 quod
1955 514 2073 555 om-
2107 513 2141 558 Α
2177 517 2337 570 neque
2375 501 2489 554 sitis
2538 516 2708 572 aqua,
2739 501 2830 554 sed
2867 503 3110 556 audiendi
3147 503 3351 557 verbum
3379 503 3512 571 Dei;
3557 505 3770 579 planta-

483 596 567 651 uis
597 606 773 651 motus
804 599 923 652 talis
952 599 1041 667 qui
1073 608 1310 653 mentem
1339 598 1392 652 in
1422 600 1528 652 alta
1561 596 1833 663 sustollat,
1866 595 1930 649 ad
1959 593 2071 663 pul-

483 688 842 743 chritudinem
878 689 1069 743 divina:
1100 688 1470 744 conformetur
1506 688 1770 757 imaginis.
1815 684 1920 742 Sed
1950 685 2074 753 quia

483 779 662 847 gravis
691 779 936 856 quaedam
966 789 1049 834 est
1077 788 1132 835 et
1152 779 1405 836 deorsum
1435 795 1665 850 vergens
1705 779 1936 849 qualitas
1977 778 2076 831 dc-

483 873 751 939 liq‘orum,
785 873 1110 943 meliorique
1139 881 1294 944 parte
1322 875 1487 940 valet,
1529 873 1699 941 magis
1733 879 1912 926 autem
1943 886 2079 940 pon-

483 961 610 1016 dere
647 977 852 1041 naura:
909 963 1294 1019 irrationabilis
1333 964 1528 1017 anima:
1568 961 1865 1032 principale
1905 961 2080 1030 depri-

482 1052 666 1118 mitur,
689 1054 944 1122 quoniam
969 1069 1132 1123 grave
1148 1055 1252 1109 hoc
1274 1061 1436 1123 atque
1459 1063 1726 1107 terrenum
1753 1051 2078 1106 sublimitate

480 1142 678 1196 mentis
707 1143 970 1208 elevatur,
999 1143 1199 1199 idcirco
1229 1144 1547 1216 plerumque
1571 1143 1832 1210 contingit
1868 1151 1924 1195 ut
1957 1158 2075 1195 mu-

479 1250 610 1291 nera
659 1237 839 1291 divina
900 1239 1114 1307 ignoret
1161 1245 1344 1291 nostra
1399 1237 1646 1302 miseria,
1698 1234 2078 1305 pulcherrima:

480 1323 702 1394 imagini
733 1325 1080 1381 foedissimam
1115 1326 1304 1381 faciem
1327 1326 1590 1396 passionis
1613 1325 1904 1380 obducens.
1925 1323 2078 1377 Ideo-

478 1426 588 1485 que
610 1417 754 1485 digni
783 1426 908 1472 sunt
934 1418 1024 1487 qui
1051 1417 1152 1472 ista
1178 1428 1481 1482 cernentes,
1508 1430 1616 1470 non
1647 1415 1802 1471 facile
1841 1414 2076 1469 divinam

477 1509 709 1563 formam
744 1509 941 1565 talibus
966 1511 1143 1565 inesse
1182 1511 1547 1577 consentiunt,
1598 1509 1691 1564 sed
1735 1525 1832 1579 per
1860 1523 1955 1564 eos
1986 1509 2076 1577 qui

481 1611 644 1656 recta:
693 1601 816 1657 vitze
867 1603 1278 1657 conversatione
1329 1600 1693 1667 resplendent,
1727 1600 1960 1654 divinam
2023 1600 2076 1653 in

487 1691 807 1754 hominibus,
825 1693 1112 1763 imaginem
1141 1691 1404 1747 contueri.
1433 1691 1567 1746 Nam
1597 1693 1642 1746 si
1680 1691 1905 1745 vitiosus
1930 1690 2080 1760 quis-

481 1798 587 1853 que
625 1784 711 1838 vel
769 1785 920 1838 carni
967 1784 1180 1841 deditus
1228 1799 1335 1838 non
1386 1784 1514 1838 sinit
1558 1783 1626 1838 de
1671 1782 1893 1838 homine
1934 1781 2078 1838 credi

2182 592 2346 645 tionis
2371 605 2501 658 ergo
2539 591 2682 646 illius
2709 606 2829 661 qua:
2868 593 2920 646 in
2951 590 3120 646 Edoni
3153 608 3182 646 a
3214 593 3325 648 Deo
3354 593 3490 650 facta
3522 603 3624 650 est.
3657 594 3769 651 Vo-

2180 684 2359 754 luptas
2415 692 2592 737 autem
2649 686 2844 754 (quam
2895 683 3277 754 interpretatur
3306 684 3515 757 Edoni)
3549 686 3766 754 dignum

2181 777 2465 846 quemdam
2508 772 2737 830 fructum
2770 790 2867 830 nos
2897 775 3207 843 excogitare
3235 776 3530 845 comptullit,
3563 793 3630 832 ex
3660 792 3767 848 quo

2181 865 2546 920 indubitanter
2593 865 2840 918 alebatur
2885 865 3118 918 humana
3148 866 3469 930 substantia,
3501 883 3599 922 nec
3630 868 3766 922 hanc

2182 954 2427 1026 profecto
2453 955 2782 1024 voluptatem
2804 970 2923 1023 qua:
2945 955 3136 1009 transit
3158 971 3223 1010 ac
3250 955 3435 1010 deﬂuit
3461 958 3512 1011 in
3535 958 3766 1028 paradisi

2182 1049 2597 1105 conversatione
2646 1047 2848 1102 sentire
2900 1049 3172 1102 convenit.
3202 1046 3279 1101 Ab
3307 1050 3446 1103 omni
3495 1050 3654 1122 ligno,
3685 1050 3767 1104 in-

2181 1145 2316 1213 quit,
2347 1142 2482 1214 quod
2503 1149 2580 1195 est
2605 1142 2659 1194 in
2689 1140 2935 1210 paradiso
2958 1140 3210 1194 comedes.
3229 1137 3358 1206 Quis
3379 1140 3526 1195 dabit
3551 1142 3598 1195 ei
3620 1141 3766 1211 quod

2182 1235 2472 1291 Salubriter
2501 1233 2669 1288 esurit
2699 1233 2902 1300 lignum
2933 1231 3063 1285 illud
3091 1230 3234 1300 quod
3277 1239 3358 1285 est
3397 1233 3448 1285 in
3495 1234 3762 1301 paradiso,

2181 1325 2326 1396 quod
2359 1339 2519 1401 omne
2549 1325 2748 1379 bonum
2795 1337 3020 1393 prorsus
3050 1322 3419 1392 amplectitur,
3454 1325 3539 1377 cui
3570 1339 3764 1380 nomen

2183 1425 2266 1470 est
2292 1430 2453 1471 omne
2482 1414 2634 1484 cujus
2676 1413 3149 1484 participationem
3179 1413 3263 1467 lex
3294 1413 3496 1468 homini
3543 1414 3766 1470 tribuit?

2181 1507 2432 1563 Generali
2459 1521 2693 1577 namque
2721 1513 2776 1560 et
2795 1505 3216 1572 supereminenti
3241 1507 3405 1561 verbo
3447 1507 3622 1563 omnis
3651 1508 3765 1563 hmc

2181 1601 2446 1656 bonorum
2493 1599 2701 1668 species
2753 1597 2855 1651 sibi
2904 1597 3117 1667 cognita
3165 1604 3282 1660 est,
3341 1605 3618 1668 totumque
3664 1598 3766 1656 hoc

2184 1709 2346 1748 unum
2377 1699 2501 1754 est;
2532 1692 2653 1760 quis
2681 1697 2860 1745 autem
2893 1705 2980 1744 me
3009 1689 3076 1744 ab
3103 1689 3245 1744 illius
3288 1690 3413 1758 ligni
3459 1701 3615 1762 gustu
3646 1706 3768 1762 per-

2183 1783 2355 1848 mixti,
2381 1782 2426 1837 si
2473 1791 2635 1852 atque
2665 1782 2716 1835 in
2749 1790 3032 1852 utramque
3072 1791 3281 1850 partem
3310 1784 3579 1851 vergentis
3609 1799 3764 1839 amo-

479 1875 627 1945 quod
660 1875 729 1930 sit
753 1875 932 1930 divina
959 1874 1358 1942 pulchritudine
1387 1874 1704 1938 decoratus,
1741 1874 1835 1929 sed
1862 1873 1952 1928 ille
1981 1873 2072 1942 qui
2109 1879 2149 1937 Β
2177 1874 2413 1930 veatur?
2442 1873 2558 1927 Non
2590 1873 2733 1926 enim
2788 1887 3008 1942 prorsus
3055 1873 3285 1928 habetur
3335 1874 3597 1928 incertum
3627 1875 3769 1945 apud

481 1966 536 2021 in
568 1965 769 2021 virtute
797 1965 1066 2035 perfectus
1094 1974 1195 2031 est,
1239 1973 1296 2020 et
1331 1965 1398 2020 ab
1427 1964 1573 2020 omni
1614 1965 1938 2032 contagione
1975 1979 2070 2034 pu-

479 2057 748 2124 rissimus,
779 2071 898 2111 eam
953 2055 1130 2111 firmet
1177 2055 1507 2126 opinionem,
1555 2070 1674 2124 quze
1728 2055 1796 2110 de
1847 2054 2078 2108 hominis

481 2155 637 2218 parte
683 2147 908 2202 meliore
954 2147 1231 2212 subsistat,
1271 2155 1330 2202 ut
1380 2148 1594 2218 (melius
1623 2147 1767 2202 enim
1817 2144 2079 2216 probatur

485 2239 736 2309 exemplo
763 2239 906 2308 quod
934 2239 1148 2308 dicitur)
1177 2240 1408 2309 aliquem
1439 2238 1694 2293 decorem
1724 2247 1928 2292 natura:
1949 2253 2078 2292 con-

485 2341 635 2387 tactu
666 2333 1013 2400 malignitatis
1059 2331 1345 2397 imminuit,
1380 2332 1469 2386 ille
1507 2332 1590 2385 vel
1631 2330 1863 2385 maxime
1889 2330 1977 2400 qui
2024 2330 2076 2383 in

483 2423 720 2493 peccatis
748 2423 1009 2492 probatur
1039 2437 1158 2475 esse
1193 2422 1526 2486 notissimus,
1559 2429 1616 2473 ut
1645 2419 1743 2473 fuit
1770 2418 2074 2481 Jechonias,

481 2517 566 2571 vel
597 2517 861 2587 Quispiam
894 2515 1030 2570 alius
1073 2515 1166 2584 qui
1208 2516 1260 2570 in
1309 2515 1548 2583 nequitia
1590 2515 1766 2568 clarus
1806 2526 1926 2567 esse
1966 2527 2080 2564 me-

487 2614 749 2660 moratur.
801 2603 906 2660 Sed
952 2605 1004 2659 in
1057 2605 1206 2661 Mose
1252 2605 1476 2673 ejusque
1524 2603 1786 2658 similibus
1831 2601 2078 2672 imaginis

483 2701 825 2764 Pulchritudo
874 2700 1111 2769 perfecta
1155 2699 1506 2768 conspicitur.
1554 2695 1610 2750 In
1660 2695 1851 2765 quibus
1898 2695 2079 2764 itaque

481 2793 647 2847 decor
667 2791 811 2846 nulla
833 2791 1161 2845 obscuritate
1188 2788 1439 2851 fmdatur,
1468 2789 1519 2841 in
1541 2786 1624 2840 his
1649 2786 1866 2840 evidens
1888 2800 2075 2838 eorum

481 2898 601 2952 qua:
624 2882 875 2936 dicuntur
908 2879 1039 2933 fides
1067 2879 1268 2944 elucet,
1298 2893 1362 2931 eo
1391 2876 1534 2947 quod
1567 2877 1732 2930 homo
1761 2875 1953 2928 divinae
1981 2874 2078 2928 bo-

479 2972 665 3026 nitatis
696 2971 931 3024 imitator
953 2971 1166 3024 existat.
1193 2968 1302 3023 Sed
1333 2969 1552 3022 forsitan
1583 2967 1776 3035 aliquis
1806 2967 2076 3022 erubescit

479 3062 624 3130 quod
655 3072 930 3116 sumentes
959 3060 1137 3115 cibum
1179 3059 1561 3114 irrationabilis
1591 3060 1713 3113 vita:
1747 3073 1847 3113 nos
1885 3059 2074 3112 simili-

482 3152 611 3206 tudo
641 3152 992 3218 constringat,
1009 3159 1060 3205 et
1092 3150 1288 3206 ideirco
1315 3151 1589 3219 indignum
1608 3157 1759 3219 putat
1777 3150 2071 3213 hominem,

478 3240 570 3312 qui
610 3241 675 3294 ad
721 3241 1008 3309 imaginem
1038 3241 1131 3296 Dei
1177 3240 1347 3296 factus
1375 3249 1456 3296 est
1497 3258 1509 3293 :
1549 3241 1646 3295 sed
1674 3240 1834 3310 hujus
1861 3255 2077 3310 quoque
2105 3249 2145 3304 (ζ

483 3330 771 3385 functiouis
799 3338 1048 3400 speretur
1075 3332 1383 3387 immunitas
1412 3341 1620 3387 natura:
1658 3341 1856 3387 nostrae
1886 3331 1938 3385 in
1983 3331 2071 3385 illa

479 3421 588 3474 vita
627 3435 748 3490 quae
779 3420 955 3476 futura
984 3430 1085 3488 est,
1119 3423 1446 3492 quandoque
1474 3423 1776 3478 tribuenda.
1829 3421 1946 3476 Non
1993 3432 2078 3477 est

477 3509 642 3568 enim.
699 3510 839 3564 sicut
875 3511 950 3564 ait
997 3511 1288 3580 Apostolus
1327 3528 1341 3564 :
1375 3510 1610 3582 Regnum
1632 3510 1728 3566 Dei
1757 3527 1876 3566 esca
1905 3521 1955 3565 et
1982 3530 2075 3582 po-

486 3610 589 3663 tus,
623 3615 725 3656 nec
755 3604 808 3656 in
837 3603 946 3656 solo
975 3619 1111 3671 pane
1132 3603 1388 3657 hominem
1419 3604 1582 3658 vivere
1610 3611 1837 3659 testatus
1867 3612 1950 3658 est
1971 3603 2112 3658 [δυ-ι

477 3692 675 3756 minus,
713 3694 806 3747 sed
845 3694 898 3747 in
930 3696 1070 3748 omni
1102 3691 1249 3749 verba
1279 3695 1415 3768 quod
1453 3695 1685 3765 procedit
1723 3696 1788 3750 de
1821 3713 1911 3752 ore
1952 3694 2071 3760 Dei,

477 3797 689 3838 nec:aon
712 3794 766 3836 et
795 3785 1207 3841 resurrectionis
1230 3787 1474 3855 gloriam,
1497 3801 1619 3842 cum
1640 3787 1804 3842 vitam
1831 3795 2072 3844 nostram

477 3874 861 3944 comqttandam
894 3878 1099 3945 angelis
1129 3879 1411 3948 approbet.
1447 3873 1603 3948 Apud
1643 3879 1863 3947 angelos
1893 3886 2072 3934 autem

479 3965 632 4020 cibus
662 3981 767 4019 non
806 3976 906 4020 est.
941 3964 1139 4021 Idonea
1170 3983 1393 4039 prorsus
1425 3967 1554 4022 lides
1584 3976 1666 4022 est
1695 3971 1833 4024 hanc
1870 3969 2073 4022 homini

477 4056 812 4112 fuactionem
842 4057 958 4114 fore
989 4059 1236 4127 liberam,
1260 4059 1352 4130 qui
1372 4058 1440 4114 ad
1471 4057 1874 4114 similitudinem
1903 4058 2074 4114 factus

480 4153 565 4203 est
595 4148 932 4217 angelorum.

1072 4214 1304 4274 CAPUT
1346 4217 1445 4273 XX

480 4288 702 4360 Mystica
732 4291 1089 4358 interpretatio
1115 4291 1227 4361 ejus
1264 4291 1400 4360 quod
1429 4289 1492 4344 de
1521 4290 1660 4344 omni
1691 4289 1832 4361 tigno
1859 4287 2071 4358 quodin

683 4362 928 4430 paradiso
965 4370 1075 4414 erat
1111 4360 1262 4416 homo
1301 4360 1451 4415 edere
1483 4360 1893 4432 permittebatur.

551 4451 658 4507 Sed
687 4454 822 4508 forte
855 4471 961 4508 non
991 4456 1044 4509 in
1075 4456 1320 4511 eamdem
1343 4456 1538 4512 iterum
1569 4455 1688 4510 vitae
1710 4454 1947 4525 speciem
1977 4466 2070 4506 re-

481 4545 630 4613 gredi
660 4547 779 4614 quis
832 4547 1106 4602 hominem
1155 4548 1372 4618 dixerit,
1420 4565 1543 4606 cum
1586 4548 1834 4619 primitus
1862 4545 2072 4601 edendo

485 4635 804 4691 viveremus.
836 4635 1035 4691 Verum
1058 4651 1158 4705 ego
1179 4648 1420 4694 sanctam
1459 4639 1793 4708 Scripturam
1823 4637 2068 4698 audiens,
2102 4619 2186 4693 D.

483 4739 591 4780 non
623 4725 797 4780 cibum
827 4741 1143 4796 corporeum
1167 4729 1312 4795 novi,
1345 4743 1446 4783 nec
1467 4727 1640 4782 solum
1671 4741 1790 4797 quae
1813 4741 1879 4782 ex
1909 4741 2075 4781 carne

484 4823 566 4870 est
587 4815 841 4870 laetitiam.
876 4815 984 4872 Sed
1015 4826 1069 4872 et
1116 4819 1276 4873 aliam
1323 4833 1503 4875 eseam
1548 4834 1770 4889 prorsus
1818 4832 2072 4886 agnosco,

482 4921 601 4978 qua:
630 4907 1029 4964 similitudinem
1049 4910 1336 4980 quamdam
1362 4911 1728 4982 proportionis
1747 4926 1885 4966 escae
1913 4909 2073 4979 hujus

483 4999 722 5068 corporis
750 5008 918 5068 gerat,
951 5001 1105 5070 cujus
1133 5003 1295 5057 etiam
1338 5003 1584 5072 voluptas
1634 5010 1797 5070 atque
1837 5003 2074 5059 suavitas

484 5088 549 5142 ad
578 5089 815 5143 animum
843 5091 1178 5147 solummodo
1220 5100 1479 5148 transeat.
1515 5091 1668 5148 Unde
1697 5100 1752 5148 et
1799 5092 2075 5162 Sapientia

484 5180 784 5235 esurientes
806 5183 1121 5237 cohortatur
1141 5192 1197 5237 et
1223 5183 1382 5238 dicit:
1405 5181 1561 5237 Edite
1589 5183 1652 5236 de
1675 5184 1800 5236 meis
1821 5181 2039 5253 panibus
2056 5199 2074 5236 :

483 5278 539 5322 et
561 5269 750 5327 beatos
775 5271 966 5326 asserit
989 5271 1246 5326 Dominus
1274 5288 1367 5326 eos
1397 5272 1486 5342 qui
1533 5271 1904 5340 hujuscemodi
1927 5271 2077 5326 cibos

485 5362 743 5417 csuriunt.
777 5362 845 5418 Et
876 5367 922 5420 si
967 5368 1103 5437 quis,
1133 5367 1226 5432 ait,
1257 5367 1384 5430 sitit,
1419 5369 1587 5422 veniat
1615 5367 1683 5420 ad
1713 5383 1811 5431 me,
1841 5376 1889 5420 et
1915 5366 2074 5421 bibat.

486 5449 708 5518 Magnus
728 5467 940 5525 quoque
967 5454 1128 5512 Isaias
1162 5475 1174 5509 :
1214 5455 1397 5522 Bibile,
1423 5457 1614 5528 inquit,
1648 5457 1905 5522 lmtitiam,
1936 5471 2076 5525 prm-

489 5541 690 5608 t-ipiens
720 5544 802 5598 his
829 5545 918 5613 qui
949 5545 1063 5616 ejus
1091 5548 1276 5602 audire
1324 5545 1780 5616 magniﬁcentiam
1833 5553 2070 5617 possent.

491 5633 584 5689 list
613 5644 788 5690 autem
816 5647 1058 5706 quantam
1101 5643 1265 5696 etiam
1302 5642 1618 5712 prophetica
1648 5639 1997 5695 comminatio
2021 5638 2075 5693 in

489 5741 583 5778 eos
627 5725 715 5794 qui
747 5727 836 5781 tali
875 5731 1078 5785 ultione
1133 5733 1275 5800 digni
1331 5742 1485 5799 sunt,
1518 5740 1577 5786 ut
1623 5742 1876 5800 tanquam
1933 5729 2074 5784 fame

494 5821 802 5886 puniantur.
832 5821 1020 5878 Fames
1053 5835 1229 5878 autem
1261 5844 1365 5880 non
1483 5826 1773 5895 indigentia
1798 5826 1952 5896 panis
1983 5833 2076 5879 aut

491 5925 661 5980 aquae,
683 5910 776 5964 scd
797 5911 938 5965 verbi
964 5913 1199 5970 delectus
1220 5923 1318 5970 est.
1346 5915 1465 5972 Non
1491 5918 1672 5987 (antes,
1695 5916 1886 5985 inquit,
1903 5915 2078 5986 panis,

2181 1982 2276 2022 eos
2305 1978 2441 2034 quos
2489 1964 2662 2034 gratia
2718 1963 3188 2034 contemplationis
3237 1965 3489 2032 illustrat,
3519 1966 3647 2038 quid
3701 1967 3771 2023 sit

2181 2072 2341 2111 omne
2371 2056 2573 2124 lignum
2605 2054 2758 2124 cujus
2802 2053 3007 2110 fruetus
3054 2057 3164 2110 vita
3194 2062 3306 2124 est,
3336 2064 3391 2112 et
3419 2057 3612 2112 iterum
3643 2058 3770 2128 quid

2180 2147 2250 2206 sit
2278 2149 2385 2204 hoc
2423 2149 2787 2218 promiscuum
2816 2156 2978 2218 atque
3006 2147 3287 2202 confusum
3337 2149 3490 2219 cujus
3518 2158 3770 2206 contactu

2179 2257 2326 2296 mors
2347 2239 2599 2308 gignitur.
2626 2237 2726 2306 Qui
2743 2239 2883 2293 enim
2915 2253 3130 2293 omnem
3145 2238 3533 2308 jncunditatem
3548 2241 3769 2312 copiosa

2179 2333 2426 2400 largitate
2472 2330 2762 2395 concessit,
2793 2327 3039 2399 profecto
3089 2330 3322 2399 quadam
3367 2331 3580 2386 ratione
3607 2339 3771 2402 atque

2179 2420 2514 2492 providentia
2569 2419 2840 2474 hominem
2904 2434 2933 2473 a
2990 2421 3356 2474 communium
3422 2423 3770 2492 perceptione

2178 2513 2471 2586 prohibuit.
2502 2513 2579 2565 Ac
2601 2512 2729 2566 mihi
2754 2511 2966 2567 videtur
2994 2521 3246 2582 oportere
3277 2530 3383 2569 non
3416 2517 3768 2584 magnificen-

2183 2603 2448 2659 tissimum
2483 2603 2650 2657 David
2693 2610 2748 2657 et
2775 2605 3232 2674 sapientissimum
3263 2603 3607 2663 Salomonem
3638 2608 3770 2677 legis

2179 2695 2339 2763 hujus
2364 2695 2670 2750 desertores
2699 2711 2994 2751 assumere.
3031 2694 3256 2767 Utrique
3281 2699 3426 2754 enim
3472 2701 3632 2768 hujus
3664 2702 3768 2756 cibi

2179 2786 2354 2839 vivam
2382 2785 2607 2853 gratiam
2638 2785 3034 2855 professi-sunt.
3068 2787 3123 2841 ld
3149 2789 3313 2854 enim,
3344 2790 3484 2859 quod
3513 2807 3638 2847 vere
3664 2803 3769 2858 est,

2179 2877 2399 2940 bonum,
2423 2891 2583 2930 omne
2610 2876 2791 2944 utique
2816 2877 3014 2931 bonum
3043 2887 3144 2932 est.
3181 2877 3343 2934 David
3367 2879 3582 2948 quidem
3602 2881 3764 2938 dicit:

2181 2965 2450 3020 Delectare
2478 2980 2574 3020 seu
2629 2965 2874 3020 deliciare
2922 2967 2978 3019 in
3028 2965 3273 3022 Domino.
3303 2969 3768 3026 Salomon-autent

2178 3055 2501 3128 sapientiam
2555 3055 2748 3124 ipsam,
2778 3071 2899 3125 qua:
2947 3067 3028 3111 est
3077 3056 3364 3124 Dominus,
3398 3060 3596 3128 lignum
3648 3063 3770 3118 vitae

2179 3146 2546 3218 cognominat.
2596 3144 2739 3215 Ergo
2792 3146 3020 3215 idipsum
3079 3154 3162 3202 est
3215 3147 3416 3216 lignum
3445 3150 3568 3204 vita:
3623 3153 3765 3223 quod

2181 3249 2264 3294 est
2314 3239 2513 3307 lignum
2545 3253 2706 3293 omne
2746 3237 2900 3306 cujus
2922 3239 3099 3292 cibum
3130 3255 3345 3296 omnem
3377 3241 3424 3295 ei
3453 3243 3545 3313 qui
3573 3259 3762 3299 secun-

2175 3329 2304 3385 dum
2333 3328 2499 3384 Deum
2530 3336 2744 3384 creatus
2773 3337 2856 3384 est
2897 3329 2984 3383 lex
3023 3331 3202 3384 divina
3254 3335 3538 3388 concessit.
3583 3332 3758 3390 Econ-

2175 3419 2342 3474 trario
2375 3434 2506 3473 vero
2561 3419 2626 3473 ab
2679 3418 2783 3474 hoc
2823 3418 2968 3487 ligno
3006 3420 3213 3492 lignum
3270 3423 3572 3478 secernitur
3600 3425 3762 3493 aliud,

2176 3511 2330 3578 cujus
2357 3525 2482 3565 esca
2523 3509 2760 3564 scientiae
2803 3509 2930 3564 boni
2962 3519 3018 3564 et
3044 3511 3169 3564 ntali
3210 3505 3312 3578 es't,
3343 3529 3450 3568 non
3479 3521 3768 3584 utrumque

2176 3618 2418 3658 seorsum
2445 3601 2600 3670 juxta
2636 3599 3047 3669 significandam
3097 3603 3498 3660 contrarietatis
3525 3605 3575 3658 in
3608 3618 3765 3674 parte

2175 3691 2526 3756 fruetificans,
2559 3691 2656 3748 sed
2705 3691 2991 3763 quemdam
3021 3691 3302 3748 confusura
3355 3691 3587 3748 fructum
3639 3710 3765 3766 per-

2177 3787 2509 3855 mixtumque
2538 3783 2815 3854 proferens
2845 3783 3068 3838 adversa
3098 3784 3359 3854 qualitate
3402 3785 3503 3840 sibi
3543 3799 3767 3842 concre-

2178 3887 2309 3943 tum,
2342 3893 2372 3931 a
2401 3876 2555 3944 cujus
2613 3874 2964 3946 perceptione
3009 3884 3200 3930 auctor
3251 3874 3467 3945 quidem
3515 3875 3640 3930 vim
3670 3892 3770 3930 nos

2175 3968 2444 4039 prohibet.
2478 3965 2773 4020 Persuadet
2793 3974 2972 4020 autem
3003 3979 3226 4035 serpens
3261 3973 3322 4020 ut
3348 3965 3560 4034 edatur,
3590 3974 3648 4022 ut
3668 3982 3767 4037 per

2176 4063 2280 4117 hoc
2304 4060 2493 4115 mortis
2515 4059 2850 4113 maehinetur
2871 4060 3203 4127 ingressum;
3233 4074 3354 4113 cum
3377 4059 3628 4114 suasione
3653 4061 3770 4129 ipsa

2175 4154 2473 4227 prmvaluit,
2505 4152 2705 4208 lethale
2727 4152 3012 4208 consilium
3042 4153 3305 4219 tribuens,
3333 4161 3389 4208 et
3417 4153 3603 4210 colore
3629 4170 3770 4224 quo-

2176 4246 2298 4302 dam
2321 4244 2496 4300 fallaci
2526 4242 2775 4299 eumdem
2804 4241 3034 4297 fructum
3063 4243 3400 4316 voluptatum
3429 4259 3767 4314 respergens,

2179 4339 2253 4393 ita
2284 4347 2344 4392 ut
2370 4336 2721 4392 suavissimus
2769 4342 3059 4406 appareret
3088 4341 3143 4390 et
3189 4338 3484 4408 appetitum
3527 4349 3772 4409 gustatus

2177 4430 2516 4485 accenderet.

2767 4495 2996 4552 CAPUT
3035 4495 3177 4551 XXI.
3269 4506 3290 4530 ’

2180 4568 2309 4637 Qut:
2339 4572 2492 4642 fuerit
2517 4571 2573 4625 in
2601 4568 2850 4643 paradiso
2879 4570 3018 4643 vita,
3047 4576 3098 4621 et
3119 4569 3270 4636 quale
3321 4571 3388 4623 sit
3415 4570 3546 4624 illud
3573 4572 3770 4643 tignum

2663 4639 2800 4713 quod
2827 4639 3158 4692 interdictum
3183 4649 3280 4693 est.

2249 4729 2386 4798 Quid
2416 4731 2577 4799 igitur
2606 4729 2734 4786 illud
2763 4737 2845 4783 est
2889 4728 3034 4798 quod
3066 4729 3192 4783 boni
3223 4730 3457 4800 malique
3488 4731 3770 4786 scientiam

2177 4821 2441 4885 continet,
2466 4829 2628 4888 atque
2653 4835 2749 4888 per
2773 4819 3107 4887 voluptatem
3136 4834 3387 4873 sensuum
3419 4819 3625 4876 videtur
3648 4837 3773 4877 esse

2174 4911 2571 4980 gratissimum?
2602 4919 2830 4979 putaSne
2858 4909 3187 4977 conjecturis
3214 4909 3392 4964 studio
3421 4927 3529 4966 nou
3579 4911 3776 4980 procul

2175 5017 2205 5056 a
2236 5002 2464 5056 veritate
2509 4999 2776 5064 descisco,
2817 5000 3058 5054 scientia:
3107 5000 3333 5056 abutens
3392 5001 3771 5071 intelligentia,

2178 5071 2276 5161 per
2316 5091 2476 5156 hujus
2527 5090 2998 5159 contemplationis
3043 5091 3348 5146 obtentum.
3397 5089 3599 5162 Opinor
3623 5094 3773 5151 enim

2178 5197 2288 5238 non
2315 5180 2654 5251 disciplinam
2702 5181 2754 5236 in
2802 5182 3052 5250 praesenti
3103 5182 3243 5238 hanc
3287 5184 3564 5239 scientiam
3611 5201 3777 5256 posse

2174 5275 2360 5332 sentiri
2392 5290 2582 5330 eorum
2609 5275 2703 5344 qui
2734 5277 3064 5332 exercitatos
3092 5277 3294 5332 habent
3323 5294 3548 5347 sensus,
3578 5295 3776 5349 quam-

2180 5368 2304 5424 dam
2345 5383 2476 5422 vero
2520 5366 2876 5423 differentiam
2903 5367 3302 5437 Scripturarum
3326 5370 3778 5425 consuetudinem

2183 5459 2484 5514 divinarum
2516 5457 2757 5514 scientia:
2786 5469 2950 5529 atque
2978 5457 3320 5516 discretionis
3351 5462 3586 5516 invenio.
3635 5461 3777 5518 Nam

2177 5550 2328 5619 juxta
2360 5549 2697 5620 disciplinam
2737 5550 2938 5606 bonum
2969 5566 2999 5605 a
3026 5551 3172 5606 malo
3204 5551 3532 5615 discernere,
3588 5555 3782 5623 perfe-

2182 5640 2371 5697 Ctioris
2399 5655 2522 5694 esse
2551 5641 2767 5696 habitus
2790 5640 3241 5710 dicitApostolus,
3270 5658 3459 5697 eorum
3490 5643 3580 5712 qui
3611 5658 3785 5698 exer-

2179 5734 2371 5787 citatos
2400 5732 2600 5785 habent
2627 5747 2838 5787 sensus.
2873 5731 3080 5789 Idcirco
3109 5735 3275 5788 etiam
3319 5743 3380 5788 ut
3417 5735 3596 5790 omnia
3643 5750 3785 5803 pro-

2180 5825 2364 5877 bemus
2395 5822 2631 5885 edocuit,
2658 5831 2713 5877 et
2738 5824 3033 5894 spiritualis
3054 5825 3152 5880 viri
3175 5827 3448 5896 proprium
3472 5840 3591 5882 esse
3613 5825 3781 5894 dixit,

2181 5913 2320 5986 quod
2346 5914 2514 5985 possit
2537 5913 2716 5970 omnia
2737 5914 2979 5984 judicare
3004 5923 3164 5988 atqtte
3189 5917 3514 5977 discernere.
3535 5918 3786 5974 Scientia
