4122 6548
365 384 462 445 581

1185 378 1363 433 LIBRI
1394 378 1480 433 DE
1517 377 1906 435 CIIEATIONE
1948 378 2225 437 lIOIIINlS
2267 380 2846 441 INTIZIII’RLTATIO.

3536 393 3645 448 582

362 521 495 561 vero
526 518 632 558 non
664 500 863 570 ubique
900 498 1237 569 disciplinam
1268 505 1432 566 atque
1474 495 1721 551 notitiam
1761 507 1953 549 secun-
1982 500 2028 556 Α
2059 497 2185 554 boni
2215 509 2271 555 et
2302 500 2429 556 mali
2458 502 2684 557 scientia
2730 503 2935 574 lignum
2967 503 3097 560 iliud
3152 508 3479 576 appellatum
3527 522 3649 564 esse

362 598 489 655 dum
544 593 956 663 signiﬁcantium
1010 605 1164 645 suam
1212 604 1426 658 semper
1475 587 1732 651 insinuat,
1763 585 1856 645 sed
1900 585 1951 638 in

359 691 558 748 bonam
589 694 793 758 partem
835 684 984 753 juxta
1016 683 1263 737 effectum
1307 680 1493 748 gratim
1540 677 1756 741 dicitur,
1786 684 1844 730 ut
1872 685 1955 731 est

362 783 494 839 illud
524 800 535 834 :
573 778 733 835 Novit
755 776 1010 832 Dominus
1038 776 1123 839 qui
1148 783 1268 827 sunt
1298 772 1430 843 ejus.
1463 770 1527 824 Et
1559 770 1624 824 ad
1663 768 1847 823 Mosen
1878 769 1954 823 ait

362 877 506 930 Deus
537 894 547 927 :
578 872 714 927 Novi
743 881 790 924 te
813 886 921 940 pro:
949 866 1203 927 omnibus,
1237 873 1292 920 et
1323 866 1403 919 his
1450 880 1567 934 quae
1593 863 1877 932 culpantur
1900 863 1952 916 in

361 968 535 1030 malis,
570 965 661 1033 qui
694 963 842 1017 novit
871 960 1052 1015 onmia
1104 965 1331 1011 testatur
1374 962 1429 1011 et
1457 955 1587 1010 dicit
1621 972 1633 1007 :
1670 952 1953 1025 Nunquam

360 1061 479 1114 novi
512 1075 626 1121 ros;
681 1069 809 1124 ergo
843 1053 1044 1120 lignum
1076 1049 1205 1103 illud
1236 1048 1377 1119 quod
1409 1048 1687 1101 scientiam
1720 1046 1954 1116 permix-

364 1162 473 1205 tam
509 1148 895 1216 confusamque
925 1141 1215 1198 fructiﬁcat
1264 1157 1331 1195 cx
1361 1140 1442 1194 his
1494 1148 1576 1196 est
1627 1155 1744 1209 quae
1798 1138 1953 1193 nobis

361 1246 755 1303 interdicuntur
782 1260 809 1296 a
842 1241 1090 1294 Domino.
1124 1237 1423 1292 Contrariis
1466 1250 1696 1306 namque
1719 1234 1952 1304 qualita-

362 1342 504 1394 tibus
532 1337 736 1391 fructus
766 1334 853 1388 ille
884 1332 1095 1386 videtur
1135 1345 1256 1384 esse
1284 1327 1622 1397 conjunctus,
1655 1325 1744 1396 qui
1787 1325 1951 1380 etiam

358 1442 685 1487 assertorem
733 1427 994 1497 probatur
1034 1423 1233 1478 habere
1275 1428 1622 1491 serpentem:
1654 1418 1951 1475 secundum

358 1526 499 1580 hanc
531 1523 758 1576 fortasse
788 1519 1056 1573 rationem
1087 1514 1233 1585 quod
1264 1513 1462 1568 malum
1495 1528 1602 1567 non
1632 1512 1954 1582 proponitur

360 1615 560 1669 nudum
593 1620 754 1679 atque
782 1610 1062 1675 intectum,
1094 1615 1152 1660 ut
1202 1607 1373 1675 ipsum
1406 1620 1502 1675 per
1530 1618 1651 1659 sese
1673 1606 1826 1671 juxta
1858 1620 1953 1658 na-

359 1715 533 1760 turam
557 1699 969 1769 suamiconspici
992 1707 1184 1769 queat;
1210 1696 1449 1766 alioquin
1471 1693 1719 1750 inefﬁcax
1749 1695 1950 1748 malitia

354 1799 468 1867 ipsa
500 1794 783 1849 mansisset
806 1790 949 1845 nullo
972 1789 1097 1843 boni
1124 1789 1365 1842 colorata
1394 1786 1668 1855 ﬁgmento,
1688 1801 1783 1855 per
1804 1784 1951 1856 quod

355 1889 401 1943 is
438 1887 529 1956 qui
559 1885 826 1953 decipitur
879 1882 929 1935 in
978 1880 1095 1949 ejus
1136 1878 1335 1933 attrahi
1381 1877 1704 1933 desiderium
1754 1879 1946 1948 possit.
1986 1880 2026 1937 Β

354 1978 507 2032 Nunc
533 1985 712 2030 autem
744 1975 1007 2045 permixta
1039 1970 1439 2042 quodammodo
1465 1969 1591 2023 mali
1622 1977 1812 2023 natura
1844 1977 1946 2035 est,

352 2071 405 2125 in
434 2070 544 2123 alto
573 2068 789 2137 quidem
831 2066 1123 2135 perniciem
1159 2062 1463 2125 continens,
1495 2061 1661 2115 veluti
1690 2059 1947 2129 quasdam

350 2162 539 2218 locans
567 2168 779 2230 apertas
826 2158 1062 2212 insidias.
1098 2156 1154 2209 In
1200 2170 1261 2209 ea
1294 2169 1423 2208 vero
1469 2153 1780 2208 seductione
1828 2167 1949 2221 qum

352 2269 459 2308 non
493 2260 658 2323 patet,
692 2250 815 2304 boni
843 2246 1125 2318 quamdam
1160 2246 1447 2314 imaginem
1470 2259 1582 2314 prae
1611 2258 1669 2297 se
1697 2242 1819 2308 fert,
1851 2243 1950 2297 bo-

351 2363 481 2404 num
510 2360 743 2414 namque
771 2343 986 2397 videtur
1016 2340 1192 2395 avaris
1237 2348 1294 2394 et
1342 2337 1553 2407 cupidis
1583 2337 1821 2390 materize
1845 2375 1861 2399 ,
1896 2336 1944 2389 iJ

349 2448 453 2503 est,
486 2436 604 2491 auri
631 2437 801 2500 color,
834 2434 926 2489 sed
964 2433 1119 2486 radix
1149 2431 1378 2485 omnium
1414 2430 1671 2483 malorum
1713 2439 1787 2482 est
1817 2445 1948 2481 ava~

348 2535 494 2586 ritia.
527 2529 656 2597 Quis
686 2536 864 2583 autem
898 2530 949 2583 in
979 2541 1194 2582 caenum
1234 2525 1523 2579 teterrima:
1544 2538 1608 2578 ac
1638 2522 1945 2578 fcedissiune

348 2624 587 2679 libidinis
634 2630 839 2687 rueret,
892 2620 991 2675 nisi
1036 2618 1371 2688 voluptatem
1428 2618 1629 2671 bonum
1686 2615 1939 2685 quiddam

346 2724 739 2785 acceptumque
795 2719 1092 2782 reputaret,
1124 2709 1192 2764 ad
1221 2708 1486 2778 passionis
1533 2707 1780 2762 morbum
1811 2722 1946 2776 qua-

344 2808 469 2864 dam
514 2807 779 2877 pellectus
808 2804 1101 2859 illecebra?
1159 2802 1249 2856 Sic
1286 2810 1341 2856 et
1368 2810 1565 2855 caetera
1597 2808 1941 2870 peccatorum

341 2901 670 2971 permixtam
709 2913 930 2968 prorsus
976 2896 1175 2951 habent
1216 2893 1602 2953 differentiam.
1636 2910 1759 2965 quas
1787 2909 1945 2949 acce-

341 2991 589 3063 ptissima
621 2989 792 3059 primo
823 2996 1077 3058 putantur
1102 2995 1343 3056 aspectu,
1371 2994 1427 3041 et
1457 2985 1792 3041 seductionis
1820 2984 1942 3040 fuco

340 3098 445 3155 pro
486 3082 644 3137 bonis
670 3081 737 3135 ab
770 3078 1183 3135 iuconsideratis
1226 3084 1281 3131 et
1311 3076 1743 3147 imprudentibus
1771 3091 1940 3146 appe-

339 3183 553 3234 tuntur.
587 3172 723 3239 Quia
752 3185 880 3239 ergo
910 3170 1153 3240 plerique
1182 3169 1235 3223 id
1257 3183 1378 3223 esse
1405 3168 1607 3223 bonum
1638 3168 1785 3237 quod
1814 3184 1941 3225 sen-

2059 590 2326 648 videatur.
2354 593 2502 650 Sicut
2532 611 2803 651 venenum
2850 597 3013 654 melle
3038 597 3424 664 circumlitum,
3454 613 3648 655 secun-

2056 685 2181 741 dum
2209 689 2265 743 id
2294 690 2437 760 quod
2466 706 2657 746 sensus
2685 691 2890 746 mulcet
2914 692 3161 762 insparsa
3187 690 3416 746 dulcedo
3443 690 3645 761 bonum

2056 793 2177 836 esse
2217 782 2474 848 creditur,
2506 783 2802 838 secundum
2846 784 2900 838 id
2940 792 3123 839 autem
3181 783 3328 854 quod
3374 791 3649 840 sumentes

2056 874 2327 944 intercipit
2357 884 2520 945 atque
2551 877 2873 949 corrumpit,
2915 876 3146 932 efllcitur
3191 878 3335 932 omni
3384 877 3528 932 malo
3555 878 3650 933 de-

2057 966 2237 1022 terius.
2273 966 2344 1022 Ut
2370 983 2498 1037 ergo
2521 970 2918 1038 prmvaluerunt
2938 970 3193 1026 adversus
3218 970 3454 1025 hominis
3482 968 3646 1023 vitam

2058 1074 2263 1114 venena
2288 1060 2586 1127 mortifera,
2620 1070 2748 1117 tunc
2777 1062 2964 1128 homo,
2996 1076 3189 1131 magna
3220 1077 3329 1125 res,
3363 1075 3647 1129 magnum-

2055 1166 2160 1217 que
2187 1151 2528 1217 vocabulum,
2547 1153 2849 1221 divinaeque
2879 1152 3127 1223 ﬁguratio
3149 1162 3374 1219 natum,
3396 1152 3645 1218 vanitati,

2055 1240 2195 1294 sicut
2222 1241 2352 1296 dicit
2380 1243 2663 1314 propheta,
2694 1244 2881 1298 similis
2922 1246 3089 1315 factus
3137 1252 3233 1297 est.
3277 1242 3443 1310 Igitur
3470 1241 3647 1309 imago

2056 1330 2150 1384 Dei
2182 1330 2235 1385 in
2264 1331 2346 1386 his
2376 1347 2494 1401 quae
2521 1334 2726 1404 optima
2756 1335 2809 1387 in
2840 1335 2998 1388 nobis
3029 1333 3404 1401 intelliguntur
3430 1332 3649 1401 proprie

2055 1424 2325 1495 cernitur;
2346 1441 2683 1496 qumcunque
2712 1442 2844 1482 vero
2891 1427 2944 1481 in
2974 1428 3084 1483 vita
3124 1435 3311 1482 nostra
3340 1424 3647 1481 miseranda

2054 1514 2306 1569 videntur
2352 1527 2407 1570 et
2441 1519 2633 1586 tristia,
2686 1519 2866 1574 divina
2898 1534 3118 1589 prorsus
3141 1518 3491 1574 similitudine
3516 1530 3648 1586 pro-

2054 1608 2250 1662 bantur
2270 1610 2467 1665 aliena.

2631 1681 2860 1738 CAPUT
2898 1682 3059 1737 XXII.

2058 1745 2209 1811 Quod
2230 1754 2537 1806 resurrectio
2567 1769 2671 1806 non
2713 1763 2912 1806 tantum
2942 1770 3008 1807 ex
3032 1753 3422 1822 Srr‘iptnrnrnm
3453 1751 3650 1822 praedi-

2124 1822 2622 1903 caliottenquantum
2669 1840 2733 1877 ex
2764 1825 2879 1894 ipsa
2925 1840 3099 1877 rerum
3138 1821 3440 1877 necessitate
3469 1821 3651 1875 debeat

2125 1900 2387 1945 sustineri.

2122 1981 2227 2035 Sed
2250 1998 2360 2036 non
2390 1991 2473 2039 est
2504 1983 2575 2038 ita
2597 1985 2821 2039 robusta
2846 1984 3073 2049 malitia,
3107 1992 3168 2037 ut
3197 1984 3488 2054 przevaleat
3513 1982 3649 2038 divi-

2051 2088 2133 2126 nas
2154 2074 2428 2144 potentiae,
2457 2089 2631 2143 neque
2653 2075 2847 2130 melior
2868 2082 2962 2129 aut
2986 2075 3424 2144 perseverantior
3444 2082 3650 2129 natura:

2053 2173 2255 2219 nostrae
2296 2166 2660 2222 inconstantia
2692 2182 2853 2237 quam
2906 2168 3174 2237 sapientia
3205 2168 3322 2223 Dei.
3355 2167 3471 2223 Non
3503 2168 3645 2221 enirn

2049 2256 2309 2328 possibile
2346 2266 2432 2312 est
2475 2265 2535 2312 ut
2577 2259 2836 2317 mutabile
2866 2260 2971 2314 hoc
3001 2268 3057 2315 et
3100 2259 3460 2315 convertibile
3490 2268 3642 2314 tena-

2049 2347 2165 2401 cius
2213 2348 2415 2401 existat
2448 2357 2505 2402 et
2534 2348 2741 2405 firmius
2768 2364 2931 2418 quam
2962 2350 3029 2405 ad
3077 2352 3249 2421 ipsum
3280 2351 3423 2421 quod
3444 2350 3647 2421 jugiter

2048 2446 2349 2513 permanet,
2380 2446 2436 2493 et
2464 2439 2517 2493 in
2548 2439 2694 2495 bono
2724 2440 2840 2495 sine
2870 2440 2977 2494 ulla
3005 2441 3431 2496 commutatione
3451 2441 3648 2510 perdu-

2048 2538 2151 2583 rat.
2178 2529 2425 2584 Divinum
2456 2531 2619 2598 igitur
2647 2532 2928 2586 consilium
2954 2546 3176 2602 prorsus
3205 2531 3647 2587 incommutabile

2046 2637 2261 2691 semper
2282 2631 2387 2690 est,
2414 2624 2745 2678 mutabilitas
2774 2632 2952 2677 autem
2987 2633 3185 2679 nostra:
3207 2624 3518 2679 substantiae
3548 2640 3648 2679 nec

2049 2711 2102 2764 in
2131 2712 2273 2766 malo
2300 2713 2499 2767 retinet
2527 2712 2859 2768 ﬁrmitatem.
2893 2714 3049 2780 Quod
3088 2715 3232 2768 enim
3286 2730 3503 2784 semper
3528 2731 3645 2769 mo-

2046 2810 2222 2870 vetur,
2256 2804 2521 2872 siquidem
2554 2805 2620 2859 ad
2649 2806 2849 2860 bonum
2880 2806 3053 2862 tendit
3083 2805 3200 2875 ejus
3237 2821 3489 2861 accessus
3519 2822 3647 2876 pro-

2047 2894 2623 2965 pterintinitam-rem
2676 2912 2837 2965 quam
2889 2897 3222 2966 proﬁciende
3269 2900 3641 2969 consequitur,

2046 3002 2319 3056 nunquam
2352 2988 2731 3044 terminabitur
2756 2989 2899 3044 illius
2929 2990 2983 3043 in
3006 2990 3281 3044 anteriora
3309 2992 3640 3061 progressio.

2044 3081 2168 3147 quia
2195 3096 2300 3136 non
2324 3082 2527 3151 poterit
2552 3082 2713 3151 hujus
2739 3097 2901 3152 quem
2931 3082 3126 3151 qumrit
3155 3082 3320 3137 ullum
3355 3084 3641 3138 terminum

2045 3174 2305 3242 reperire,
2336 3189 2445 3242 quo
2468 3176 2868 3245 comprehenso
2896 3182 3079 3229 motus
3103 3188 3233 3230 suus
3255 3175 3451 3230 debeat
3471 3190 3644 3245 quan-

336 3283 432 3323 sus
464 3266 699 3321 laetiﬁcat
743 3265 1103 3329 arbitrantur,
1146 3271 1203 3318 et
1253 3262 1498 3332 qmedam
1552 3270 1638 3317 est
1682 3263 1937 3331 cognatio
1965 3258 2010 3319 Ω
2043 3266 2223 3335 doque
2251 3269 2574 3324 consistere.
2606 3268 2665 3323 Si
2714 3284 2847 3324 vero
2901 3267 2970 3323 ad
3019 3270 3349 3325 contrarium
3388 3265 3645 3323 deflectat

336 3358 598 3423 nominis,
631 3373 725 3412 seu
756 3357 1024 3412 veraciter
1049 3355 1329 3409 existentis
1350 3354 1500 3421 boni,
1529 3369 1628 3409 seu
1665 3353 1811 3422 quod
1834 3354 1936 3410 bo-

335 3466 469 3506 num
502 3458 741 3520 putatur,
773 3456 827 3503 et
859 3463 965 3502 non
993 3454 1097 3513 est,
1126 3447 1227 3501 hac
1256 3445 1324 3501 de
1353 3461 1514 3502 causa
1543 3449 1934 3517 concupiscen-

340 3544 476 3599 tiam
519 3541 664 3596 illam
688 3556 807 3610 quaa
830 3539 899 3595 ad
928 3540 1130 3593 malum
1157 3538 1306 3593 velut
1334 3539 1401 3594 ad
1426 3540 1625 3594 bonum
1649 3540 1934 3610 pertrahit,

334 3634 466 3690 mali
508 3639 559 3687 et
590 3633 720 3687 boni
749 3630 1030 3687 scientiam
1066 3629 1345 3701 Scriptura
1385 3639 1570 3685 sancta
1598 3646 1935 3687 commemo-

334 3735 424 3781 rat
456 3743 469 3780 :
497 3726 625 3781 dum
651 3724 876 3779 scientia
904 3723 1003 3778 ista
1029 3722 1316 3793 quemdam
1362 3722 1602 3779 declaret
1658 3722 1931 3787 affectum,

334 3834 443 3873 nec
471 3817 716 3873 absolute
746 3816 967 3877 malum,
999 3814 1124 3885 quia
1168 3814 1295 3869 boni
1322 3812 1607 3884 superﬁcie
1633 3814 1935 3869 coloratum

332 3917 440 3975 est,
473 3924 575 3963 nec
600 3908 961 3963 sincerissime
988 3907 1211 3972 bonum,
1242 3906 1367 3975 quia
1392 3906 1520 3959 mali
1550 3906 1604 3960 in
1635 3920 1702 3965 eo
1735 3904 1923 3962 delite-

330 4004 442 4061 scit
470 4001 715 4067 exitium,
770 3999 870 4055 sed
922 3997 1306 4069 promiscuum,
1360 3997 1415 4052 id
1464 4005 1566 4064 est,
1596 4012 1664 4052 ex
1706 4006 1935 4068 utroque

334 4098 709 4169 perplexum,_
737 4093 1011 4149 interdicti
1066 4091 1196 4160 ligni
1238 4090 1471 4146 fructum
1519 4106 1638 4146 esse
1684 4098 1930 4157 testatur,

334 4164 493 4258 cujus
522 4164 736 4257 gustum
768 4184 908 4239 dixit
934 4183 1001 4238 ad
1048 4190 1278 4240 mortem
1310 4190 1596 4250 tangentes
1634 4181 1931 4237 attrahere.

336 4278 489 4335 Peue
518 4280 621 4333 hoc
650 4277 885 4334 evidenti
912 4283 969 4330 et
1009 4274 1262 4343 dogmate
1312 4282 1368 4329 et
1395 4288 1529 4329 voce
1568 4275 1933 4344 proclamans,
1986 4338 1997 4351 ί

336 4372 469 4443 quia
508 4368 656 4439 quod
704 4384 833 4422 vere
859 4378 943 4423 est
965 4367 1189 4434 bomun,
1220 4366 1448 4436 simplex
1498 4374 1554 4420 et
1583 4367 1800 4423 unicum
1827 4376 1930 4433 est,

337 4480 371 4521 a
403 4470 595 4518 natura
645 4459 885 4516 omnium
921 4457 1183 4523 alienum;
1216 4456 1418 4511 malum
1445 4472 1575 4513 vero
1613 4459 1823 4513 varium
1850 4468 1935 4514 at-

333 4570 445 4625 que
477 4552 714 4608 fucatam
745 4558 847 4613 est,
880 4548 1026 4620 quod
1074 4541 1218 4603 aliud
1266 4548 1481 4619 quidem
1524 4556 1743 4619 putetur
1788 4565 1929 4615 esse,

2043 3356 2159 3425 ejus
2188 3357 2437 3423 intentio,
2473 3358 2563 3413 ubi
2592 3360 2846 3428 nequitiae
2872 3361 3147 3431 peregerit
3196 3375 3437 3426 cursum,
3493 3368 3547 3412 et
3575 3357 3643 3413 ad

2040 3462 2309 3503 summum
2354 3447 2624 3517 fastigium
2679 3450 2807 3505 mali
2858 3452 3192 3521 pervenerit,
3223 3458 3354 3505 tunc
3399 3449 3543 3519 jugis
3584 3462 3648 3503 se

2040 3541 2309 3596 moventis
2339 3541 2574 3612 impetus
2601 3543 2809 3598 nullum
2829 3551 3030 3598 statum
3053 3544 3120 3598 de
3141 3559 3237 3597 sua
3270 3551 3462 3597 natura
3485 3556 3643 3612 repe-

2041 3634 2202 3698 riens,
2232 3634 2323 3688 ubi
2354 3635 2576 3690 malitiae
2600 3636 2780 3705 spatia
2810 3636 3170 3691 determinata
3201 3635 3519 3698 cucurrerit,
3545 3649 3647 3689 ne-

2039 3726 2280 3781 cessario
2336 3734 2544 3781 mottuu
2588 3727 2699 3796 jam
2741 3727 2813 3780 ad
2838 3728 3041 3798 optima
3066 3741 3294 3796 qumque
3335 3734 3639 3782 convertet;

2040 3816 2174 3871 Cum
2203 3818 2347 3872 enim
2380 3818 2583 3872 malitia
2613 3818 2922 3873 nullatenus
2963 3818 3380 3872 indeterminate
3419 3832 3641 3886 promo-

2037 3916 2247 3975 veatur,
2271 3908 2366 3964 sed
2387 3909 2709 3965 necessariis
2730 3907 2926 3964 ﬁnibus
2947 3908 3273 3971 includatur,
3301 3921 3644 3975 consequen-

2038 4006 2123 4053 ter
2151 3999 2278 4054 mali
2309 4000 2570 4055 terminus
2623 4000 2727 4055 erit
2752 4000 2879 4055 boni
2906 3998 3204 4067 successio,
3258 4005 3315 4054 et
3364 3997 3460 4063 ita,
3496 3997 3639 4051 sicut

2038 4089 2239 4145 dictum
2268 4098 2372 4155 est,
2409 4100 2601 4146 natura
2631 4098 2837 4155 nostra,
2880 4106 3000 4160 quae
3027 4104 3243 4162 semper
3281 4090 3504 4144 immota
3531 4095 3640 4150 ρει.

2037 4183 2269 4252 quadam
2300 4184 2645 4252 regressione
2673 4182 2800 4238 boni
2828 4182 3083 4252 deinceps
3110 4182 3212 4237 iter
3233 4181 3488 4244 excurrit,
3522 4194 3643 4233 me-

2039 4275 2210 4329 moria
2237 4275 2501 4331 malorum
2524 4276 2720 4346 quibus
2746 4275 2936 4331 aﬁecta
2959 4282 3158 4341 est,~ne
3187 4291 3371 4331 rursus
3390 4274 3455 4327 ad
3483 4273 3637 4327 simi-

2038 4365 2110 4419 lia
2136 4366 2356 4421 recedat
2404 4367 2633 4421 erudita.
2668 4367 2869 4421 Iterum
2921 4381 3053 4435 ergo
3098 4382 3290 4421 cursus
3318 4374 3506 4420 noster
3532 4365 3643 4421 erit

2037 4456 2091 4511 in
2138 4455 2316 4520 bouis.
2345 4466 2569 4527 propter
2592 4459 2735 4526 quod
2787 4457 3132 4522 necessariis,
3167 4464 3225 4511 ut
3271 4456 3404 4524 dixi,
3438 4454 3643 4511 ﬁnibus

2038 4556 2231 4604 natura
2280 4549 2497 4604 malitia:
2545 4550 2805 4620 probetur
2832 4565 2951 4605 esse
2998 4549 3348 4620 praescripta;
3384 4557 3439 4604 et
3490 4550 3635 4605 sicut

335 4644 487 4701 aliud
544 4656 674 4697 vero
730 4642 846 4711 ipsa
915 4638 1248 4709 experientia
1305 4640 1690 4709 comprobetur
1712 4682 1729 4707 ,
1782 4641 1937 4711 cujus
1965 4640 2016 4700 D
2041 4641 2192 4696 aiunt
2218 4641 2275 4696 bi
2302 4642 2392 4711 qui
2422 4642 2490 4696 de
2518 4642 2681 4696 rebus
2707 4641 3027 4697 sublimibus
3054 4641 3351 4711 disputant,
3390 4640 3639 4710 superio-

334 4735 590 4803 scientia,
633 4732 687 4788 id
730 4740 815 4787 est
841 4730 1172 4802 operationis
1194 4727 1419 4785 effectus
1439 4745 1600 4785 causa
1628 4739 1711 4786 est
1744 4732 1934 4787 mortis

335 4835 398 4884 et
444 4822 808 4894 corruptionis
868 4820 1174 4877 exordium.
1219 4819 1456 4891 Ideoque
1510 4829 1934 4890 praemonstrans

336 4932 565 4988 serpens
592 4913 822 4970 fructum
848 4913 1058 4984 peccati
1082 4911 1491 4983 nequissimum,
1518 4928 1629 4967 non
1645 4913 1786 4968 sicut
1812 4928 1933 4968 sese

336 5011 507 5067 habet
533 5015 741 5063 natura:
767 5006 970 5061 malum
1000 5005 1280 5061 evidenter
1304 5005 1540 5061 ostendit
1568 5005 1937 5075 (nequaquam.

334 5102 541 5174 quippe
554 5101 716 5155 homo
738 5098 1090 5153 seduceretur
1113 5104 1302 5165 aperta
1324 5095 1572 5165 malitia),
1588 5095 1684 5151 sed
1698 5096 1929 5167 quadam

332 5192 523 5263 specie
551 5187 695 5259 quod
722 5186 1017 5258 apparebat
1045 5184 1339 5251 illustrans,
1373 5185 1813 5254 voluptatemque
1834 5201 1933 5256 per

331 5297 535 5340 sensus
563 5282 838 5336 insinuans
867 5288 1031 5350 atque
1056 5276 1294 5333 inferens
1314 5278 1512 5348 gustui,
1547 5279 1933 5345 transgressio-

333 5392 463 5439 nem
504 5373 715 5429 mulieri
759 5374 1057 5444 persuasit,
1111 5371 1253 5426 sicut
1296 5370 1573 5441 Scriptura
1633 5370 1801 5426 dicit:
1863 5370 1933 5425 Et

332 5470 463 5528 vidit
485 5467 670 5522 mulier
714 5466 850 5537 quod
897 5465 1086 5519 bonum
1113 5472 1244 5518 esset
1274 5463 1469 5533 lignum
1495 5463 1563 5515 ad
1607 5463 1929 5529 vescendum,

332 5568 640 5633 gratumque
703 5558 865 5613 oculis
904 5557 974 5609 ad
1002 5555 1307 5620 videndum,
1338 5564 1387 5607 et
1412 5554 1681 5621 pulchrum
1709 5554 1778 5608 ad
1804 5570 1928 5608 cou-

330 5650 660 5707 tractandum
681 5667 699 5715 ;
726 5657 776 5704 et
803 5650 1021 5718 sumpsit
1049 5647 1112 5701 de
1161 5650 1331 5717 fructu
1369 5647 1480 5715 ejus
1507 5654 1659 5717 atque
1687 5649 1926 5702 comedit.

329 5742 465 5797 Esca
494 5751 678 5797 autem
708 5741 798 5796 illa
835 5750 1008 5796 mater
1051 5741 1242 5796 mortis
1280 5739 1590 5795 hominibus
1631 5737 1770 5795 facta
1821 5748 1923 5795 est.

329 5835 443 5889 Nec
467 5834 731 5903 estigitur
769 5832 1031 5903 permixta
1063 5830 1427 5887 fructiﬁcatio.
1463 5829 1743 5886 Manifeste
1772 5846 1928 5885 nam-

328 5942 438 5998 que
466 5942 650 5982 sct‘uto
689 5922 946 5997 patefecit
1002 5921 1438 5994 intelligentiam,
1469 5920 1923 5995 quemadmodum

2041 4733 2191 4789 ribus
2219 4732 2401 4788 mundi
2427 4733 2671 4802 partibus
2700 4733 3012 4789 universum
3059 4733 3317 4787 mundum
3344 4732 3463 4787 luce
3484 4747 3635 4787 com-

2038 4824 2196 4895 pleri,
2230 4825 2483 4879 tenebras
2529 4833 2709 4879 autem
2749 4838 2816 4878 ex
2863 4825 3050 4879 umbra
3084 4823 3283 4877 terreni
3305 4822 3552 4891 corporis
3580 4827 3638 4874 et

2040 4915 2367 4986 oppilatione
2396 4915 2675 4984 generari;
2724 4915 2934 4986 (ethoc
2961 4915 3179 4983 quidem
3222 4913 3373 4983 juxta
3410 4912 3632 4982 ﬁguram

2040 5007 2288 5076 corporis
2313 5006 2367 5061 in
2417 5006 2638 5060 modum
2669 5007 2892 5076 sphame
2922 5006 3158 5069 collecti,
3189 5013 3245 5060 et
3272 5013 3393 5074 post
3424 5010 3633 5071 tergum

2036 5100 2167 5154 solis
2195 5099 2377 5155 radios
2404 5100 2526 5154 coni
2560 5099 2728 5153 instar
2751 5098 3099 5154 excludentes
3117 5096 3432 5166 accedere):
3459 5094 3632 5150 solem

2040 5205 2169 5243 vero
2218 5185 2390 5244 multo
2437 5205 2599 5260 quam
2648 5197 2793 5245 terra
2843 5198 2928 5245 est
2974 5188 3195 5256 majoris
3250 5186 3637 5256 magnitudinis

2038 5280 2380 5345 existentem,
2413 5281 2648 5349 undique
2686 5296 2806 5335 eam
2837 5280 2948 5335 suis
2976 5281 3028 5334 in
3060 5280 3288 5335 circuitu
3319 5279 3482 5335 radiis
3511 5294 3632 5333 am-

2039 5372 2155 5427 bire
2205 5372 2355 5441 juxta
2386 5373 2509 5428 coni
2540 5374 2830 5427 terminum
2866 5372 3186 5429 emissiones
3234 5369 3450 5427 luminis
3478 5386 3633 5425 amo-

2039 5474 2277 5529 ventem,
2312 5465 2382 5519 ita
2407 5474 2461 5518 ut
2484 5465 2529 5519 si
2576 5466 2903 5521 concedatur
2930 5466 3088 5521 alicui
3125 5464 3354 5535 quadau.
3412 5464 3629 5529 virtute,

2033 5573 2339 5613 mensuram
2371 5558 2519 5611 illam
2549 5557 2602 5610 in
2634 5572 2797 5626 quam
2825 5559 3134 5612 extenditur
3157 5558 3346 5611 umbra
3378 5556 3629 5619 transire,

2031 5649 2134 5701 erit
2158 5647 2399 5719 profecto
2429 5662 2646 5716 semper
2674 5649 2725 5700 in
2757 5648 2989 5714 lumine,
3026 5649 3187 5702 nullis
3215 5647 3628 5704 occurrentibus

2034 5741 2303 5805 tenebris;
2336 5742 2414 5794 sic
2443 5741 2680 5795 arbitror
2708 5748 2763 5794 et
2789 5740 2856 5794 de
2885 5743 3044 5796 nobis
3070 5742 3368 5809 excogitari
3399 5741 3624 5802 debere.

2031 5831 2174 5898 quod
2215 5833 2416 5905 egressi
2467 5832 2596 5887 lines
2649 5830 2883 5898 maliti-.e,
2919 5841 2977 5886 ut
3018 5832 3069 5886 in
3113 5832 3338 5888 summis
3369 5832 3627 5886 fuerimus

2038 5948 2374 6005 [euenturum
2427 5930 2661 5986 tenebris
2710 5922 2982 5990 collocati,
3043 5938 3225 5978 rursus
3265 5938 3539 5978 versemur
3571 5924 3622 5975 in
