4122 6522
475 374 580 434 633

1771 363 2131 423 DlONYSlUS
2169 359 2494 419 EXlGUUS.

3681 356 3784 413 384

480 489 688 545 lumine
715 494 838 559 post
859 477 1055 544 saecula
1078 485 1238 541 nullis
1255 483 1650 554 comprehensa
1674 480 1938 544 terminis,
1971 478 2084 534 vel—
2116 480 2163 540 Α
2193 477 2397 532 tionem
2448 484 2646 529 nostrae
2692 473 3056 543 generationis
3107 473 3411 528 instituens.
3456 471 3613 544 (Non
3644 475 3784 528 enim

478 582 558 637 uti
607 593 912 634 mensuram
963 578 1165 632 umbra:
1235 575 1501 630 bonorum
1556 571 2078 642 superexcellentem

479 669 856 726 substantiam.
908 668 1116 722 Rursus
1170 680 1300 734 ergo
1338 663 1639 735 paradisus,
1685 676 1876 717 rursus
1921 675 2084 715 omne

483 765 612 821 illud
646 765 869 832 lignum,
893 761 1036 830 quod
1061 770 1115 814 et
1141 761 1342 815 bonum
1365 759 1472 812 vita
1496 765 1599 824 est,
1625 771 1809 810 rursus
1835 752 2084 821 imaginis

483 855 658 922 gratia
688 861 742 908 et
768 852 1000 921 dignitas
1030 850 1383 921 principatus.
1418 849 1527 902 Nec
1565 848 1696 901 mihi
1737 847 1950 901 videtur
1979 845 2082 899 ho-

486 960 604 998 rum
638 960 756 1014 quae
785 960 928 999 nunc
950 944 1014 997 ad
1046 945 1170 997 vita:
1195 942 1531 996 necessarios
1563 957 1688 995 usus
1709 955 1738 993 a
1762 939 1873 993 Deo
1905 936 2081 992 homi-

493 1036 650 1090 nibus
678 1037 803 1089 data
833 1045 979 1101 sunt,
1011 1033 1107 1089 sed
1131 1033 1363 1102 quodam
1391 1033 1468 1086 rei
1496 1032 1719 1086 alterius
1740 1045 1863 1100 spes
1894 1045 2086 1097 repro-

491 1112 941 1197 mittatuﬂeujus
960 1116 1100 1182 ratio
1123 1123 1408 1180 inell'abi‘lis
1434 1125 1781 1194 approbetur.
1816 1119 1928 1176 Sed
1955 1135 2093 1174 con-

491 1220 774 1288 sequentia
805 1233 994 1273 eorum
1018 1234 1136 1286 qua:
1159 1217 1474 1271 discutimus
1503 1229 1916 1286 prosequamur.

1072 1325 1300 1382 CAPUT
1330 1325 1513 1381 XXIII.

492 1420 750 1474 Adversus
779 1439 864 1475 eos
884 1438 970 1492 qui
993 1423 1168 1475 dicunt
1185 1438 1201 1474 :
1219 1423 1280 1474 Si
1303 1421 1435 1474 bona
1458 1429 1505 1474 et
1530 1422 1722 1490 Optima
1742 1430 1817 1474 est
1835 1437 2093 1492 resurrec-

566 1493 636 1544 tio
665 1490 1008 1555 mortuorum,
1051 1509 1143 1545 cur
1181 1509 1283 1545 non
1317 1494 1438 1545 olint
1481 1493 1621 1562 facta
1649 1502 1744 1555 est,
1772 1491 1861 1544 sed
1887 1490 2101 1560 quibus—

564 1562 689 1615 dam
713 1574 1001 1634 temporum
1030 1563 1419 1616 circuitionibus
1443 1564 1742 1615 sustinetur.

568 1673 836 1727 Fortassis
858 1674 1003 1727 enim
1033 1673 1152 1744 quis
1176 1671 1242 1726 ad
1274 1672 1617 1728 dulcedinem
1658 1680 1822 1726 tantae
1856 1673 1970 1742 spei
2003 1688 2101 1728 co-

501 1765 763 1835 gitatione
791 1749 1104 1830 succensus,
1157 1779 1323 1833 grave
1349 1779 1488 1819 onus
1535 1779 1901 1833 magnumque
1948 1769 2106 1832 putat

2189 571 2405 641 quando
2437 571 2506 625 ad
2529 571 2816 639 imaginem
2848 569 2942 626 Dei
2967 569 3119 636 fecit)
3156 579 3287 626 tunc
3308 585 3554 625 crescere
3575 579 3630 625 et
3651 571 3788 626 mul-

2188 659 2420 729 tiplicari
2450 658 2700 713 homines
2731 659 3050 728 imperavit,
3084 658 3180 713 sed
3216 659 3438 730 quando
3484 659 3613 715 fecit
3641 675 3786 714 mas-

2189 749 2298 806 culi
2333 758 2388 803 et
2408 748 2616 803 feminae
2637 747 3018 814 dilierentiam,
3049 757 3177 804 tunc
3197 751 3273 804 ait
3299 769 3311 802 :
3337 749 3561 806 Crescite
3584 761 3634 805 et
3654 751 3788 806 mul—

2190 843 2521 913 tiplicamini,
2568 852 2617 896 et
2664 843 2870 914 implete
2902 853 3114 912 terram,
3141 845 3288 914 quod
3330 863 3436 901 non
3475 856 3557 902 est
3591 847 3786 903 divini:

2193 944 2434 1002 naturae,
2466 935 2561 989 sed
2589 935 2987 990 irrationabilis.
3016 937 3294 1007 proprium
3316 981 3331 1008 ,
3382 939 3519 994 sicut
3549 939 3788 996 historia

2194 1036 2374 1082 textus
2403 1028 2661 1088 ostendit,
2687 1043 2806 1098 quae
2845 1027 3098 1097 primitus
3131 1029 3218 1084 hic
3239 1029 3305 1083 de
3328 1030 3728 1085 irrationalibus
3752 1047 3786 1085 a

2194 1117 2308 1172 Deo
2337 1118 2547 1188 prolata
2577 1116 2741 1173 fuisse
2789 1117 3074 1186 significat.
3107 1118 3263 1186 Quod
3291 1121 3334 1174 si
3368 1122 3516 1191 prius
3537 1121 3788 1176 differen-

2196 1213 2326 1266 tiam
2357 1212 2581 1266 masculi
2612 1210 2830 1266 fecisset
2851 1212 2902 1266 in
2932 1212 3088 1265 nobis
3117 1221 3170 1266 et
3193 1211 3426 1277 feminae,
3449 1221 3504 1268 et
3527 1229 3623 1283 per
3649 1213 3789 1268 hanc
3857 1245 3862 1249 Α

2196 1315 2389 1355 vocem
2418 1316 2524 1370 qua
2546 1300 2747 1355 dictum
2775 1309 2860 1355 est
2888 1317 2901 1351 ε
2926 1299 3172 1368 Crescite,
3199 1302 3307 1356 vim
3331 1302 3789 1373 multiplicationis

2197 1391 2403 1446 homini
2452 1391 2789 1455 contulisset,
2822 1405 3164 1460 nequaquam
3218 1394 3590 1460 generationis
3632 1393 3791 1463 hujus

2200 1482 2564 1552 indigeremus
2589 1482 2790 1552 specie,
2821 1497 2920 1553 per
2941 1497 3102 1551 quam
3139 1483 3526 1540 irrationabilia
3549 1473 3791 1540 contem-

2201 1573 2438 1644 plantur.
2473 1573 2606 1639 Quia
2663 1573 2824 1641 igitur
2874 1583 3000 1629 ante
3048 1575 3448 1645 contemplatus
3485 1584 3569 1631 est
3595 1575 3794 1632 virtute

2203 1664 2558 1735 pnescientiae
2584 1679 2694 1719 suae
2747 1664 2889 1720 Deus
2938 1664 3327 1735 plenitudinem
3372 1666 3654 1721 hominum
3699 1683 3796 1738 per

2207 1754 2494 1809 animalem
2544 1755 2980 1825 procreationem
3032 1756 3101 1810 ad
3150 1757 3313 1811 vitam
3343 1773 3464 1813 esse
3492 1765 3794 1823 venturam,

500 1873 622 1913 esse
646 1858 1004 1927 dispendium,
1029 1857 1172 1927 quod
1205 1874 1311 1911 non
1342 1858 1493 1912 ocius
1517 1857 1584 1910 ad
1617 1857 1706 1911 illa
1733 1857 1874 1911 bona
1905 1873 2098 1927 perve-

2223 1845 2298 1913 lui
2328 1853 2520 1900 cuncta
2552 1845 2742 1899 ordine
2765 1853 2820 1900 et
2849 1846 3061 1900 ratione
3103 1846 3397 1916 dispensat,
3430 1847 3567 1902 hanc
3595 1848 3796 1902 homini

503 1947 636 2012 niat,
667 1962 788 2016 quin
817 1949 1110 2001 humanum
1139 1962 1357 2002 sensum
1397 1946 1788 2016 scientiamque
1820 1957 2104 2003 transcen-

501 2038 654 2104 dunt,
697 2039 925 2094 moleste
976 2037 1154 2095 ferens
1184 2039 1642 2109 intercapedinem
1674 2039 1952 2109 temporis,
1985 2055 2103 2110 quae

505 2129 766 2184 dilatione
796 2131 876 2183 sui
901 2129 1205 2184 desiderata
1242 2129 1520 2185 distendit.
1564 2130 1765 2185 Verum
1797 2146 1904 2185 non
1935 2145 2106 2199 angu-

507 2231 680 2276 stetur
708 2222 853 2277 sicut
882 2223 1156 2291 parvulus,
1203 2221 1469 2277 modicam
1498 2223 1795 2292 voluptatis
1839 2223 2104 2278 moralem

507 2312 854 2382 impatienter
881 2321 1223 2381 exspez-tans.
1256 2313 1388 2368 Nam
1411 2315 1537 2384 quia
1569 2315 1780 2369 ratione
1811 2322 1866 2369 et
1889 2314 2105 2385 sapien-

509 2403 583 2456 tia
634 2402 1012 2472 dispensantur
1056 2404 1344 2469 universa,
1373 2419 1599 2461 necesse
1647 2412 1730 2460 est
1773 2421 2110 2475 quaecunque

511 2495 646 2549 ﬁunt
693 2511 801 2549 non
831 2495 949 2549 sine
989 2497 1202 2551 ratione
1251 2505 1307 2550 et
1353 2497 1618 2567 sapientia
1647 2498 1932 2553 contineri.
1967 2499 2111 2553 Dicis

511 2585 694 2653 itaque
724 2586 850 2640 mihi
881 2604 894 2640 :
919 2586 1048 2654 Qum
1073 2596 1157 2641 est
1184 2588 1288 2642 ista
1312 2589 1478 2654 ratio,
1503 2604 1600 2658 per
1625 2605 1786 2659 quam
1813 2605 1920 2644 non
1952 2590 2111 2643 datur

512 2678 692 2732 statim
717 2677 766 2732 id
791 2677 856 2731 ad
881 2677 1024 2748 quod
1046 2679 1386 2734 desideratur
1398 2681 1466 2734 ab
1489 2680 1590 2735 hac
1612 2681 1719 2735 vita
1736 2681 2110 2735 molestissima

513 2769 817 2840 pervenire,
843 2770 936 2824 sed
963 2771 1123 2825 certis
1149 2771 1411 2839 praefinita
1437 2772 1768 2841 temporibus
1798 2773 1976 2840 gravis
1995 2770 2114 2825 haec

520 2871 576 2917 et
631 2863 944 2932 temporalis
1010 2865 1354 2918 conversatio
1415 2865 1583 2920 totius
1633 2865 2114 2918 consummationis

517 2955 806 3009 terminum
847 2956 1097 3018 sustinet,
1132 2964 1190 3008 ut
1219 2963 1347 3009 tunc
1374 2954 1609 3014 humana
1641 2956 1772 3023 vita,
1801 2955 1968 3009 veluti
1997 2957 2115 3025 qui-

518 3045 744 3100 busdam
787 3044 1033 3098 absoluta
1063 3045 1352 3113 repagulis,
1403 3045 1586 3112 quieta
1612 3060 1824 3098 rursum
1856 3060 1919 3100 ac
1948 3044 2114 3100 libera

521 3135 585 3189 ad
609 3136 823 3189 beatum
853 3143 904 3187 et
935 3135 1318 3204 impassibilem
1341 3143 1538 3188 statum
1561 3134 1755 3189 futura:
1779 3135 2115 3206 contempla-

2207 1936 2576 2004 generationis
2624 1935 2861 2004 speciem
2893 1936 3254 1990 necessariam
3303 1936 3561 2001 condidit,
3585 1951 3706 2005 qum
3732 1936 3801 1991 ad

2207 2024 2571 2079 humilitatem
2621 2031 2829 2078 natura:
2878 2034 3078 2079 nostrze
3106 2025 3398 2095 proclivior
3444 2025 3603 2092 foret,
3637 2041 3800 2096 quam

2207 2117 2339 2171 vidit
2368 2125 2659 2186 antequam
2692 2115 2864 2179 fieret,
2898 2117 2988 2186 qui
3033 2114 3208 2171 futura
3239 2125 3490 2187 tanquam
3521 2120 3802 2188 praesentia

2209 2218 2521 2266 contuetur.
2553 2207 2756 2264 Idcirco
2801 2209 2866 2262 ad
2887 2209 3241 2263 ~creationcm
3283 2210 3558 2264 hominum
3587 2226 3806 2268 mensu-

2211 2319 2325 2358 ram
2356 2315 2572 2371 quoque
2602 2300 2862 2370 temporis
2912 2309 3038 2355 ante
3063 2301 3348 2370 disposuit,
3381 2309 3441 2356 ut
3476 2303 3628 2371 juxta
3657 2317 3808 2357 com-

2211 2392 2572 2448 morationem
2600 2392 3112 2462 pmdestinatarum
3143 2391 3196 2446 in
3223 2391 3328 2446 hoc
3355 2391 3559 2447 mundo
3601 2394 3800 2447 anima-

2213 2503 2332 2544 rum
2359 2486 2518 2541 simul
2546 2494 2602 2540 et
2639 2499 2791 2539 mora
2823 2485 3085 2554 temporis
3120 2483 3451 2550 tenderetur,
3498 2493 3554 2539 et
3574 2492 3702 2539 tunc
3726 2486 3807 2556 ip-

2213 2583 2323 2637 sius
2355 2569 2612 2650 temporis
2632 2577 2808 2632 fluens
2828 2585 3012 2632 motus
3038 2578 3256 2633 tandem
3289 2578 3582 2648 aliquando
3603 2578 3809 2634 consis—

2214 2681 2376 2738 teret,
2408 2687 2531 2727 cum
2559 2670 2669 2740 jam
2695 2671 2747 2725 in
2779 2686 2844 2725 eo
2859 2671 3152 2724 humanum
3185 2684 3355 2739 genus
3383 2672 3512 2733 oriri
3544 2687 3651 2726 non
3682 2686 3811 2743 pos-

2215 2771 2317 2817 set.
2350 2762 2732 2816 Consummata
2762 2775 2892 2830 ergo
2926 2761 3281 2829 generatione
3321 2762 3623 2828 hominum,
3648 2762 3809 2818 simul

2216 2867 2433 2922 quoque
2463 2859 2675 2920 tempus
2695 2851 2928 2919 deliciet,
2953 2861 3009 2907 et
3028 2853 3106 2907 sic
3128 2853 3399 2909 restitutio
3424 2851 3516 2908 fiet
3545 2855 3808 2925 omnium,

2217 2945 2271 2998 in
2302 2958 2408 3012 qua
2454 2941 2743 2996 universali
2773 2940 3250 2998 transformatione
3271 2944 3690 2999 commutabitur
3715 2957 3809 3013 ge-

2219 3050 2322 3089 nus
2350 3034 2659 3097 humanum,
2684 3048 2715 3086 a
2745 3033 3084 3103 corruptibili
3107 3042 3163 3088 et
3193 3041 3411 3090 terreno
3438 3044 3581 3090 statu
3607 3035 3672 3090 ad
3705 3037 3812 3090 im-

2220 3125 2527 3196 passibilem
2554 3125 2820 3180 transiens
2841 3132 3190 3190 etaeternum,
3214 3126 3360 3194 quod
3380 3127 3509 3180 mihi
3526 3127 3738 3182 videtur
3751 3135 3808 3183 et

522 3225 687 3280 tionis
725 3227 1018 3279 occurrat?
1047 3224 1152 3280 Sed
1181 3223 1246 3279 ad
1288 3225 1423 3289 tunc,
1454 3233 1633 3279 utrum
1661 3226 1873 3280 veritati
1898 3226 2117 3296 propin-
2143 3226 2190 3288 ο
2219 3225 2437 3274 sanctus
2451 3217 2816 3286 Apostolusad
2829 3214 3438 3272 Corinthiosstationem
3451 3220 3677 3274 subitam
3690 3228 3820 3275 tem-

523 3324 656 3384 quet
682 3317 851 3382 ratio,
875 3317 944 3371 de
990 3316 1072 3371 his
1102 3332 1220 3385 qum
1265 3318 1652 3386 perquiruntur
1698 3318 1814 3386 ipsa
1839 3318 2118 3372 evidenter

526 3407 726 3462 veritas
754 3409 994 3477 noverit;
1017 3408 1162 3478 quod
1184 3417 1364 3464 autem
1389 3417 1628 3464 nostram
1650 3409 1794 3464 subit
1814 3409 2120 3478 intelligen-

529 3499 658 3553 tiam
708 3499 814 3554 tale
842 3508 943 3554 est.
979 3500 1108 3555 Dico
1164 3499 1364 3555 etenim
1393 3515 1699 3556 sermonem
1730 3500 1964 3571 primum
1995 3515 2120 3554 rur-

528 3607 646 3646 sum
677 3605 956 3646 assumens
979 3605 1088 3660 quo
1115 3592 1312 3646 dixerit
1334 3591 1473 3647 Deus
1503 3610 1516 3646 :
1549 3591 1830 3647 Faciamus
1853 3593 2117 3648 hominem

530 3681 602 3734 ad
619 3683 898 3752 imaginem
925 3691 975 3737 et
1001 3683 1394 3738 similitudinem
1417 3693 1651 3739 nostram
1675 3701 1693 3738 :
1720 3685 1898 3754 imago
1923 3684 2125 3755 quippe

531 3773 626 3828 Dei
658 3773 895 3845 perfecta
925 3774 978 3829 in
1009 3776 1156 3830 omni
1194 3776 1428 3832 humana
1474 3785 1666 3833 natura
1695 3777 1912 3832 modum
1941 3775 2126 3847 perfe-

532 3865 729 3918 ctionis
758 3873 842 3918 est
880 3875 1194 3922 consecuta.
1239 3867 1409 3922 Adam
1440 3884 1570 3924 vero
1603 3869 1834 3924 necdum
1865 3868 2128 3925 formatus

531 3961 636 4020 est,
656 3962 870 4009 terrena
887 3971 1016 4009 vero
1037 3956 1278 4012 conditio
1295 3957 1446 4026 juxta
1475 3959 1760 4027 quamdam
1779 3959 1862 4014 sui
1899 3960 2130 4014 nominis

533 4048 939 4118 expressionem
966 4049 1163 4104 dicitur
1189 4049 1382 4117 Adam,
1412 4058 1472 4104 ut
1492 4058 1742 4106 asserunt
1771 4051 1864 4119 qui
1889 4049 2130 4105 Hebraeae

533 4139 731 4207 linguae
754 4139 909 4208 periti
938 4148 1084 4194 sunt.
1118 4139 1327 4195 Idcirco
1371 4147 1428 4196 et.
1456 4139 1748 4210 Apostolus
1777 4143 1952 4211 patria
1974 4156 2128 4208 voce,

537 4231 587 4286 id
618 4241 718 4296 est,
748 4231 1114 4287 Israelitarum
1146 4231 1479 4287 sullicienter
1506 4233 1821 4298 instructus,
1857 4234 2132 4289 hominem

535 4322 603 4378 dc
630 4331 772 4377 terra
797 4331 1070 4378 terrenum
1104 4321 1370 4386 nominat,
1398 4323 1545 4378 velut
1571 4321 1622 4375 in
1662 4322 1910 4378 Graecum
1939 4338 2133 4378 sonum

539 4411 669 4466 Adae
699 4411 1018 4465 vocabulum
1070 4412 1419 4468 transferens.
1473 4413 1671 4469 Factus
1725 4421 1809 4469 est
1857 4415 2018 4483 igitur
2064 4413 2135 4468 ad

538 4501 827 4568 imaginem
852 4503 1016 4558 homo
1043 4503 1381 4569 universalis,
1411 4506 1456 4560 si
1479 4514 1672 4560 natura
1697 4507 1808 4562 Deo
1838 4507 2133 4573 simillima,

2223 3309 2392 3381 poris,
2429 3315 2486 3364 et
2533 3309 2837 3363 econtrario
2881 3307 3269 3364 resolutionem
3299 3325 3478 3365 rerum
3508 3311 3819 3380 praedixisse

2223 3399 2578 3464 mobilium,in
2592 3399 2784 3467 quibus
2799 3399 2869 3453 ait
2879 3417 2891 3452 :
2903 3397 3034 3452 Ecce
3043 3401 3342 3470 mysterium
3353 3399 3493 3455 vobis
3504 3400 3822 3457 dicommnes

2223 3493 2429 3565 quidem
2439 3507 2780 3562 resurgemus,
2802 3490 2891 3544 sed
2903 3507 3006 3544 non
3025 3505 3202 3544 omnes
3219 3489 3622 3559 immutabimur,
3634 3495 3688 3546 in
3710 3509 3823 3549 mo-

2226 3594 2420 3652 mento,
2437 3585 2490 3637 in
2514 3584 2616 3636 ictu
2635 3583 2789 3649 oculi,
2803 3585 2856 3637 in
2884 3585 3161 3637 novissima
3184 3585 3324 3638 tuba.
3342 3583 3476 3640 Cum
3491 3586 3633 3640 enim
3649 3575 3824 3657 pleni-

2228 3679 2379 3742 tudo,
2406 3685 2467 3732 ut
2496 3676 2748 3741 arbitror,
2779 3677 3026 3731 humana:
3053 3685 3260 3732 natura:
3282 3677 3434 3746 juxta
3467 3680 3766 3747 pnescitum
3791 3695 3826 3734 a

2231 3771 2345 3825 Deo
2373 3769 2591 3824 modum
2623 3767 2690 3822 ad
2715 3783 2841 3822 suos
2868 3769 3079 3822 venerit
3100 3767 3378 3829 terminos.
3423 3769 3616 3836 quibus
3639 3769 3705 3822 ad
3737 3769 3822 3824 in-

2232 3871 2568 3916 crementum
2598 3858 2810 3913 numeri
2835 3859 3136 3913 animarum
3178 3859 3311 3913 nihil
3335 3859 3560 3916 ulterius
3582 3861 3737 3926 desit,
3771 3862 3827 3916 in

2233 3959 2510 4006 momento
2540 3951 2802 4019 temporis
2825 3964 3013 4005 eorum
3043 3965 3163 4019 quae
3193 3958 3318 4005 sunt
3343 3945 3828 4005 commutationem

2237 4042 2350 4096 ﬁeri
2373 4041 2579 4108 docuit,
2602 4048 2935 4094 momentum
2953 4041 3238 4095 nominans
3260 4049 3314 4095 et
3335 4041 3499 4095 ictum
3525 4041 3664 4095 oculi
3687 4039 3832 4096 illius

2238 4135 2500 4205 temporis
2528 4133 2858 4188 individuum
2876 4141 2930 4187 et
2959 4134 3075 4189 sine
3103 4133 3211 4188 ulla
3236 4133 3488 4187 distantia
3521 4134 3830 4202 terminum,

2239 4227 2313 4281 ita
2343 4235 2402 4280 ut
2430 4240 2770 4296 nequaquam
2799 4225 3057 4294 possibile
3085 4225 3154 4280 sit
3190 4225 3344 4294 juxta
3395 4224 3744 4280 novissimum
3773 4233 3834 4280 et

2239 4335 2549 4390 supremum
2589 4318 2882 4388 quidquam
2913 4319 3034 4389 plus
3062 4317 3352 4373 celeritatis
3399 4317 3679 4383 accedere,
3708 4331 3838 4388 pro-

2239 4419 2364 4482 pter
2390 4411 2535 4481 quod
2565 4411 2732 4465 multa
2759 4425 2886 4480 pars
2923 4410 3258 4482 extremitati
3308 4410 3657 4479 relinquetur,
3715 4423 3848 4479 qua;

2241 4503 2381 4557 hanc
2429 4502 2811 4556 circumactam
2859 4499 3336 4555 commutationem
3365 4499 3418 4554 in
3448 4508 3623 4554 morte
3662 4498 3839 4569 possi-

538 4603 596 4651 et
640 4593 814 4649 factus
841 4603 924 4650 est
971 4595 1040 4650 ab
1070 4597 1430 4667 omnipotenti
1459 4599 1727 4670 sapientia
1759 4614 1867 4654 non
1898 4614 2024 4669 pars
2052 4608 2135 4654 to-
2168 4611 2215 4670 ι)
2243 4593 2390 4665 deat,
2422 4592 2515 4647 sed
2535 4607 2663 4648 mox
2692 4600 2753 4648 ut
2779 4593 3193 4647 resurrectionis
3220 4592 3520 4648 insonuerit
3551 4591 3695 4655 tuba,
3721 4605 3843 4659 qua:

539 4687 668 4752 tius,
701 4686 794 4740 sed
822 4687 1000 4743 omnis
1032 4696 1234 4742 natura:
1254 4689 1412 4744 simul
1441 4690 1742 4760 plenitudo.
1783 4689 1927 4744 Vidit
1957 4699 2140 4746 autem

539 4778 665 4848 quia
689 4792 878 4832 omnes
906 4776 1040 4832 fines
1065 4779 1326 4847 continet,
1347 4779 1486 4834 sicut
1506 4778 1786 4849 Scriptura
1810 4793 2142 4836 commemo-

539 4882 644 4938 rat,
678 4873 800 4944 quia
845 4873 901 4928 iu
945 4888 1105 4926 manu
1133 4871 1246 4941 ejus
1284 4889 1462 4928 omnes
1488 4873 1619 4943 ﬁnes
1651 4884 1835 4937 term;
1867 4872 2001 4927 vidit
2048 4874 2140 4942 qui

541 4964 691 5020 novit
721 4964 902 5019 omnia
946 4973 1236 5033 antequam
1286 4963 1434 5029 ﬁant,
1465 4962 1647 5017 divina
1685 4964 1915 5018 scientia
1944 4973 2141 5020 cuncta

541 5055 927 5124 complectens,
961 5062 1163 5125 quanta
1189 5055 1346 5123 juxta
1377 5069 1662 5108 numerum
1695 5054 1747 5107 in
1777 5053 2017 5121 singulos
2054 5053 2140 5108 fu-

545 5155 664 5200 tura
692 5154 838 5200 esset
867 5145 1196 5200 humanitas.
1243 5143 1308 5198 Et
1338 5144 1465 5213 quia
1512 5146 1717 5214 pariter
1763 5140 1981 5216 quoque
2009 5146 2144 5200 vidit

546 5235 859 5305 figmentum
884 5236 950 5290 ad
978 5235 1176 5289 malum
1201 5237 1351 5289 nisus
1372 5235 1573 5290 habere
1595 5237 1899 5307 proniores,
1924 5247 1980 5292 et
2000 5238 2144 5307 quod

546 5327 614 5380 ab
647 5326 888 5394 angelica
935 5325 1198 5393 dignitate
1224 5333 1419 5396 sponte
1447 5325 1708 5392 deﬂuens,
1743 5329 2018 5384 communi
2047 5343 2146 5382 na--

549 5425 682 5471 tunc
708 5418 1004 5472 humillime
1048 5425 1374 5480 necteretur,
1403 5416 1604 5473 idcirco
1632 5418 1886 5486 quiddam
1916 5419 1986 5475 de
2012 5420 2150 5474 irra-

550 5506 845 5560 tionalibus
872 5507 1091 5576 imagini
1137 5523 1246 5561 sua:
1277 5508 1614 5578 permiscuit.
1649 5508 1767 5563 Non
1815 5510 1959 5565 enim
1988 5512 2150 5565 estin

553 5596 640 5648 illa
667 5597 844 5650 divina
874 5606 930 5651 et
960 5598 1270 5654 beatissima
1303 5607 1494 5654 natura
1543 5600 1847 5655 differentia
1895 5602 2060 5656 maris
2099 5612 2155 5657 et

554 5686 790 5751 feminae,
813 5687 906 5741 sed
951 5689 1240 5757 quamdam
1278 5689 1668 5760 proprietatem
1700 5692 2047 5756 irrationalis,
2097 5703 2155 5747 ut

556 5777 691 5842 dixi,
722 5775 1060 5834 formatiouis
1082 5780 1146 5833 ad
1178 5781 1451 5834 hominem
1484 5782 1776 5845 transtulit,
1812 5797 2154 5850 nequaquam

560 5863 711 5922 iuxta
764 5867 1094 5921 creationem
1147 5869 1292 5922 illaut
1343 5869 1783 5926 sublimissimam
1831 5869 2156 5942 multiplica—

2244 4695 2375 4741 tunc
2430 4685 2733 4740 excitatura
2781 4693 2868 4740 est
2915 4693 3186 4749 mortuos,
3220 4693 3276 4740 et
3301 4684 3388 4740 his
3415 4685 3505 4754 qui
3536 4684 3588 4738 in
3621 4684 3724 4737 vita
3755 4696 3846 4737 re-

2246 4775 2385 4846 perti
2458 4775 2658 4830 fuerint
2708 4774 2863 4844 juxta
2944 4774 3344 4830 similitudinem
3397 4789 3584 4830 eorum
3636 4771 3728 4842 qui
3774 4773 3849 4830 de

2245 4867 2475 4922 mortuis
2495 4867 2899 4921 resurrexerint
2932 4867 3261 4932 immutatis,
3293 4867 3361 4922 ad
3387 4867 3851 4936 incorruptionem

2246 4959 2450 5030 pariter
2476 4957 2716 5026 venient,
2739 4966 2800 5012 ut
2817 4958 2928 5026 jam
2961 4973 3300 5029 nequaquam
3322 4957 3573 5012 deorsum
3597 4971 3852 5028 premam.-

2250 5059 2337 5105 tur
2364 5064 2633 5120 corporeo
2671 5050 2914 5121 pondere
2935 5093 2948 5116 ,
2981 5065 3082 5106 nec
3121 5065 3218 5106 eos
3259 5050 3432 5105 moles
3461 5058 3676 5106 terrena
3708 5047 3853 5104 deti-

2252 5149 2397 5205 neat,
2431 5141 2528 5196 sed
2574 5141 2877 5197 sublimiter
2907 5142 2960 5196 in
2990 5156 3117 5196 aera
3147 5142 3513 5211 perferantur.
3567 5139 3856 5211 Rapieatur

2251 5233 2408 5296 enim,
2465 5233 2640 5303 inquit
2695 5232 3022 5302 Apostolus,
3073 5235 3130 5286 in
3158 5232 3376 5288 nubibus
3404 5232 3604 5288 obviam
3635 5231 3856 5286 Domino

2254 5326 2309 5379 iu
2356 5341 2499 5378 aera.
2532 5324 2603 5378 Et
2651 5325 2728 5378 ita
2771 5341 2974 5396 semper
3014 5341 3131 5380 cum
3180 5325 3406 5380 Domino
3450 5327 3660 5380 erimus.
3693 5323 3862 5392 Igitur

2257 5425 2637 5486 exspectamus
2693 5425 2908 5486 tempus
2963 5418 3116 5480 illud,
3163 5417 3309 5486 quod
3358 5433 3499 5473 nunc
3552 5429 3866 5472 necessario

2257 5509 2505 5563 humanis
2553 5509 2906 5564 incrementis
2935 5509 3270 5565 extenditur.
3301 5508 3432 5563 Nam
3473 5517 3528 5561 et
3565 5507 3863 5576 Abraham,

2259 5608 2316 5655 et
2353 5600 2445 5669 qui
2488 5614 2609 5654 cum
2657 5615 2725 5655 eo
2769 5599 3105 5669 patriarchae
3139 5608 3270 5654 sunt
3316 5597 3617 5653 habuerunt
3645 5595 3866 5664 quidem

2259 5690 2586 5745 desiderium
2637 5691 2824 5746 videre
2853 5693 2996 5745 bona
3025 5690 3276 5756 Domini,
3307 5705 3406 5745 nec
3443 5689 3729 5760 quiverunt
3755 5702 3874 5742 cm-

2259 5781 2451 5835 lestem
2481 5780 2720 5850 patriam
2778 5781 3116 5852 perquirere,
3148 5781 3290 5838 sicut
3313 5780 3453 5837 idem
3484 5779 3616 5836 dicit
3642 5787 3875 5851 aposto-

2261 5873 2344 5930 lus
2381 5873 2658 5940 :scd_tum
2691 5873 2865 5932 adhuc
2907 5875 3080 5945 gratia
3109 5876 3222 5947 spei
3271 5881 3392 5931 sunt
3422 5874 3722 5942 constituti,
3758 5869 3878 5930 Deo

2671 6043 2722 6050 ...
2749 6043 2790 6051 ..-
