4122 6528
365 360 469 418 385

1123 363 1300 419 LIBRI
1343 364 1428 420 DE
1467 365 1858 421 CREATIONE
1895 364 2177 422 HOMIle
2216 367 2795 427 INTERPRETATIO.

3538 374 3642 427 386

364 500 459 554 pro
502 480 648 536 nobis
703 483 885 537 melius
935 483 1233 553 providente
1258 524 1274 548 ,
1322 485 1475 552 juxta
1525 484 1761 552 ejusdem
1808 485 1953 539 beati
1987 490 2024 543 Α
2060 484 2219 537 linem
2238 500 2344 539 non
2364 487 2949 556 recipit,constateum
2981 503 3079 543 nec
3107 487 3318 542 initium
3350 488 3641 565 accepisse.

365 570 514 626 Pauli
568 588 757 627 vocem
787 615 803 641 ,
854 591 919 628 ne
967 576 1081 627 sine
1133 574 1281 628 nobis
1337 587 1847 633 consummarentur.
1897 576 1954 631 Si

366 662 527 729 igitur
570 664 644 717 illi
673 664 991 719 dilationem
1022 664 1161 718 hanc
1187 666 1565 733 a-quanimiter
1594 667 1954 735 pertulerunt,

364 755 455 823 qui
478 756 545 809 de
570 756 728 822 longe
753 771 849 824 spe
877 756 994 810 sola
1042 765 1204 822 atque
1236 755 1337 810 lide
1363 765 1650 811 cernentes
1678 756 1816 810 bona
1845 756 1955 809 Do-

366 847 495 901 mini
525 858 579 900 et
623 847 924 901 salutantes
950 862 1036 911 ea,
1083 848 1221 903 sicut
1246 856 1472 901 testatur
1501 848 1811 917 Apostolus,
1841 863 1956 904 cer-

368 947 477 991 tam
507 938 893 1007 sperandarum
922 954 1105 994 rerum
1129 939 1521 1007 jucunditatem
1547 940 1601 993 in
1630 954 1697 993 eo
1722 948 1958 992 tantum-

367 1028 532 1082 modo
580 1028 934 1091 collocarunt,
968 1029 1113 1098 quod
1142 1030 1354 1083 lidelem
1385 1030 1767 1098 promissorem
1819 1046 1959 1084 con-

368 1116 448 1172 ﬁsi
477 1125 619 1183 sunt,
646 1119 773 1186 quid
808 1135 905 1173 nos
936 1120 1124 1191 plures
1152 1120 1405 1175 convenit
1433 1121 1733 1187 :estimare,
1761 1120 1958 1188 quibus

367 1210 594 1264 forsitan
625 1226 729 1265 nec
755 1214 823 1263 ad
854 1212 1130 1264 meliorem
1168 1225 1294 1280 spes
1322 1226 1388 1267 ex
1422 1211 1546 1264 vitae
1575 1218 1753 1280 potest
1781 1210 1956 1277 quali-

368 1310 481 1355 tate
509 1305 831 1372 suppetere?
880 1301 1087 1357 Defecit
1132 1310 1189 1357 et
1231 1317 1341 1371 prae
1364 1301 1633 1357 desiderio
1681 1302 1957 1371 propheta:

369 1393 571 1460 anima,
599 1395 687 1463 qui
718 1410 817 1463 per
836 1393 1189 1462 psalmodiam
1214 1393 1413 1447 amoris
1434 1392 1515 1445 sui
1536 1391 1955 1461 magnitudinem

367 1484 660 1538 conlitetur
689 1494 745 1537 et
772 1485 903 1537 dicit
928 1502 941 1536 :
966 1483 1295 1553 Concupiscit
1338 1492 1386 1536 et
1415 1482 1591 1552 deﬁcit
1637 1483 1813 1535 anima
1842 1498 1956 1535 mea

364 1576 419 1628 in
484 1578 619 1628 arma
649 1574 881 1636 Domini,
914 1584 969 1629 et
996 1575 1040 1631 si
1089 1590 1210 1629 eum
1244 1577 1296 1629 in
1321 1575 1578 1631 extremis
1608 1573 1793 1643 projici
1825 1588 1958 1627 con-

367 1667 557 1733 tingat,
593 1666 641 1719 id
677 1668 932 1735 postulat,
966 1676 1219 1733 tanquam
1242 1665 1414 1732 majus
1434 1666 1504 1719 sit
1517 1672 1678 1731 atque
1706 1672 1959 1731 prmstan-

367 1758 491 1821 tius,
524 1758 578 1809 in
623 1757 727 1809 illis
776 1772 895 1810 esse
926 1756 1296 1821 novissimum,
1339 1770 1500 1823 quam
1530 1754 1760 1823 primum
1791 1754 1842 1807 in
1876 1762 1955 1805 ta-

2059 572 2167 628 Sed
2196 574 2333 628 sicut
2365 575 2467 629 lile
2508 587 2687 645 aptata
2719 592 2838 631 esse
2866 578 3060 633 siccula
3092 577 3439 648 intelligimus
3469 576 3648 633 Verbo

2062 664 2178 731 Dei,
2209 665 2350 719 sicut
2380 666 2672 737 Apostolus
2699 668 2800 730 ait,
2834 676 2892 721 ut
2922 683 3001 721 ex
3032 668 3387 723 invisibilibus
3415 666 3648 721 visibifia

2060 754 2270 813 ﬁerent.
2298 757 2485 810 eadem
2518 757 2620 811 [ide
2669 770 2877 814 utemur
2898 759 2963 813 de
2984 758 3163 815 Verbo
3196 760 3311 826 Dei,
3336 760 3425 830 qui
3454 775 3646 815 neces-

2058 848 2256 901 sariam
2283 863 2468 901 eorum
2499 835 2624 916 quae
2647 859 2771 903 sunt
2803 851 3206 904 translationem
3237 849 3352 905 fore
3380 850 3642 921 pr.edixit.

2060 936 2180 1002 Quo
2223 946 2401 991 autem
2434 939 2483 993 id
2517 940 2608 992 liat
2652 942 2831 1004 modo,
2862 942 3055 995 curiosi
3088 952 3173 997 cst
3202 958 3461 1013 quaerere.
3513 942 3645 997 Nam

2059 1035 2115 1079 et
2144 1027 2215 1081 ibi
2248 1027 2484 1095 perfecta
2510 1044 2629 1083 esse
2653 1046 2771 1097 qua:
2793 1031 3061 1096 vitientur,
3088 1048 3153 1087 ex
3179 1033 3519 1087 invisibilium
3544 1032 3648 1088 lide

2058 1118 2406 1188 percipimus,
2428 1120 2824 1187 inquisitionem
2844 1122 3456 1191 incomprelzensibilium
3474 1132 3647 1178 trans-

2058 1217 2251 1261 euntes
2285 1225 2295 1259 :
2323 1209 2564 1277 quinimo
2596 1225 2716 1263 cum
2747 1209 2813 1263 de
2841 1212 3023 1263 multis
3055 1212 3304 1278 ignorare
3336 1229 3431 1267 nos
3468 1229 3648 1268 sermo

2059 1309 2436 1372 commoneat,
2490 1317 2597 1355 non
2650 1317 2870 1371 parvam
2920 1303 3343 1358 satisfactionem
3371 1305 3439 1360 de
3469 1322 3648 1361 rerum

2059 1390 2446 1445 credendarum
2499 1391 2849 1459 ambiguitate
2896 1392 3182 1448 concessit.
3244 1393 3458 1450 Liceret
3505 1398 3649 1451 enim

2060 1485 2417 1539 contentiosis
2448 1493 2504 1539 et
2531 1484 2726 1539 ibidem
2757 1486 3073 1555 quibusdam
3098 1491 3651 1556 argumentationibus

2060 1572 2222 1625 ﬁdem
2251 1583 2652 1641 consequenter
2678 1583 2925 1631 evertere
2944 1615 2959 1641 ,
3010 1593 3079 1634 ne
3124 1579 3193 1634 de
3221 1582 3488 1635 materiali
3516 1598 3649 1637 eoa-

2060 1666 2264 1720 ditione
2302 1682 2425 1721 vera
2456 1682 2575 1721 esse
2604 1676 2821 1736 putetur
2861 1670 3037 1722 oratio
3078 1686 3238 1740 quam
3279 1681 3465 1727 sancta
3505 1674 3651 1730 Scri-

2060 1766 2216 1827 ptura
2248 1759 2580 1827 pronuntiat,
2613 1758 2791 1812 omnia
2822 1774 2941 1827 qum
2969 1767 3122 1825 sunt,
3148 1776 3216 1815 ex
3243 1761 3352 1815 Deo
3381 1776 3499 1817 esse
3520 1780 3651 1819 con-

363 1848 666 1903 bernaculis
697 1857 1061 1917 peccatorum.
1094 1848 1479 1903 Verumtamen
1516 1846 1789 1901 dilationis
1837 1855 1954 1898 erat
1985 1860 2032 1919 B
2062 1848 2413 1914 lirmans.Qui
2446 1864 2573 1903 vero
2608 1851 2877 1902 contraria
2907 1851 3116 1905 ratione
3136 1853 3397 1916 nituntur,
3422 1862 3649 1909 coaeter-

365 1941 811 2009 patientissimus,
861 1941 1177 1994 beatillcans
1234 1940 1451 2007 quidem
1492 1937 1638 1991 illam
1668 1950 1954 1990 conversa-

364 2033 568 2086 tionem
628 2031 960 2098 brevemque
1017 2030 1482 2099 participationem
1539 2027 1656 2096 ejus
1720 2026 1955 2079 millibus

362 2124 643 2193 prtcsentis
668 2125 927 2190 temporis
958 2130 1314 2191 anteponens.
1350 2118 1540 2172 Melior
1569 2119 1705 2172 enim
1731 2127 1829 2181 est,
1881 2118 1958 2170 in-

360 2217 498 2283 quit,
529 2215 639 2268 dies
685 2233 787 2267 una
832 2216 884 2268 in
932 2216 1079 2266 atriis
1112 2224 1163 2266 tu
1185 2230 1208 2265 s
1248 2230 1400 2275 super
1427 2210 1605 2264 millia.
1640 2210 1744 2263 Sed
1775 2218 1953 2261 tamen

363 2306 723 2359 necessariam
775 2302 1234 2370 dispensationem
1286 2315 1471 2353 eorum
1522 2312 1641 2365 qua:
1693 2307 1957 2365 geruntur

358 2410 470 2449 non
500 2394 777 2461 aegerrime
808 2392 1032 2446 ferebat.
1074 2391 1267 2446 Idonea
1308 2392 1575 2445 vero'res
1604 2389 1670 2443 ad
1723 2390 1949 2442 beatitu-

358 2484 538 2541 dinem
568 2492 783 2538 constat
838 2472 1161 2547 hominibus,
1215 2482 1356 2550 quod
1408 2481 1546 2534 bona
1597 2496 1813 2549 sperare
1844 2496 1949 2532 non

358 2576 641 2639 desinant;
671 2574 868 2627 idcirco
899 2575 1036 2627 idem
1071 2574 1332 2642 prOpheta
1356 2573 1409 2624 in
1440 2571 1543 2624 line
1572 2572 1737 2639 ipsius
1760 2571 1949 2639 psalmi

357 2666 510 2734 ponit
540 2673 593 2719 et
635 2665 799 2717 dicit:
834 2663 1049 2715 Domine
1083 2660 1222 2714 Deus
1262 2662 1500 2713 virtutum
1523 2699 1536 2723 ,
1571 2658 1744 2711 beatus
1800 2658 1950 2711 homo

356 2756 442 2825 qui
466 2764 643 2824 sperat
673 2756 722 2806 in
758 2764 822 2806 le.
860 2753 973 2806 Non
1007 2754 1185 2821 itaque
1215 2752 1470 2804 convenit
1508 2764 1726 2818 parvam
1760 2764 1946 2803 curam

356 2860 545 2898 eorum
575 2859 693 2912 quin
722 2854 941 2897 ventura
978 2853 1102 2896 sunt
1155 2852 1381 2908 angusto
1431 2850 1650 2911 pectore
1692 2842 1943 2893 retinere.

355 2932 461 2988 Sed
491 2951 559 2987 ne
608 2936 785 3003 potius
815 2950 843 2987 a
886 2934 1162 3002 promissis
1209 2933 1539 2992 excidamus,
1566 2932 1799 2985 studium
1848 2946 1948 2983 nos

355 3037 576 3096 Oportet
601 3029 930 3095 impendere.
960 3025 1420 3092 Quemadmodum
1453 3025 1595 3077 enim
1628 3025 1670 3078 si
1704 3024 1824 3090 quis
1861 3038 1945 3076 me

354 3118 696 3186 ineXpertuoi
729 3118 1025 3184 rudemque
1052 3124 1400 3185 puemoneat,
1426 3114 1567 3182 quod
1582 3114 1784 3168 :estatis
1815 3122 1945 3168 tem-

2061 1955 2195 1992 nam
2216 1939 2325 1993 Deo
2353 1940 2539 1993 dicunt
2569 1954 2690 1993 esse
2722 1941 3000 1994 materiam
3021 1980 3034 2004 ,
3085 1942 3279 1996 talibus
3324 1947 3648 2011 argumentis
3718 1980 3721 1983 »

2057 2046 2213 2084 suum
2240 2029 2433 2099 dogma
2460 2028 2721 2096 tingentes
2754 2048 2765 2081 :
2797 2028 2858 2084 Si
2887 2031 3134 2101 simplicis
3162 2030 3297 2084 Deus
3328 2041 3531 2088 natura:
3553 2047 3655 2099 est,

2056 2121 2169 2172 sine
2199 2120 2415 2172 materia
2446 2121 2618 2191 utique
2647 2128 2694 2173 et
2723 2120 2835 2173 sine
2862 2121 3171 2191 quantitate,
3195 2130 3245 2174 ct
3266 2124 3378 2175 sine
3408 2124 3560 2189 male,
3599 2136 3647 2178 et

2056 2211 2168 2262 sine
2198 2210 2568 2279 compositione
2590 2219 2696 2273 est,
2729 2209 3001 2280 cujuslibet
3028 2211 3212 2281 ﬁgura:
3243 2216 3648 2285 prcescriptionis

2059 2300 2255 2351 alienus
2286 2303 2532 2351 e.ristens.
2584 2300 2766 2354 Omnis
2796 2312 2964 2354 autem
3006 2306 3225 2356 materia
3268 2305 3321 2357 in
3364 2309 3646 2375 spatiorum

2056 2389 2366 2444 distentione
2398 2391 2726 2461 perspicitur,
2760 2394 3264 2463 comprehensionem
3284 2413 3523 2451 sensuum
3554 2416 3642 2452 ne-

2054 2498 2307 2552 quaquam
2353 2498 2566 2549 prorsus
2594 2483 2877 2553 e/fugiens,
2920 2501 3033 2556 qua:
3063 2487 3114 2539 in
3146 2487 3317 2539 colore
3345 2504 3407 2540 ac
3449 2490 3643 2559 ﬁgura,

2054 2572 2186 2623 mole
2232 2589 2427 2643 quoque
2471 2582 2520 2625 et
2566 2576 2816 2645 qualitate
2871 2584 2918 2628 et
2965 2578 3306 2643 impressione
3360 2580 3435 2631 vel
3493 2580 3640 2633 duri-

2054 2665 2144 2726 tia,
2205 2680 2265 2715 oc
2320 2665 2527 2734 reliquis
2576 2666 2829 2718 similibus
2878 2664 3029 2719 rebus
3087 2667 3385 2737 agnoscitur
3434 2684 3453 2721 :
3512 2688 3640 2740 quo-

2052 2771 2165 2805 rum
2212 2753 2344 2807 nihil
2393 2756 2447 2807 in
2501 2766 2691 2808 natura
2734 2757 2910 2809 divina
2959 2766 3125 2824 potest
3167 2760 3370 2826 penitus
3399 2761 3636 2815 inveniri.

2052 2844 2206 2910 Quod
2261 2861 2390 2914 ergo
2442 2846 2932 2901 machinamentum
2982 2858 3100 2913 est,
3155 2858 3211 2902 ut
3258 2865 3322 2904 ex
3381 2867 3446 2906 eo
3495 2857 3638 2921 quod

2051 2937 2193 2989 nulla
2224 2937 2475 2991 distantia
2507 2941 2905 3008 prmsm'ibitur,
2958 2950 3143 3015 natura
3178 2941 3468 3010 procedat,
3521 2959 3637 3011 qua:

2049 3026 2321 3081 distantiis
2351 3031 2694 3083 continetur?
2747 3029 2801 3084 Si
2834 3031 2974 3084 enim
3022 3031 3133 3085 lucc
3173 3032 3365 3087 exinde
3407 3035 3635 3088 credun-

2048 3127 2134 3172 tur
2187 3120 2457 3186 existere,
2516 3130 2717 3175 certum
2777 3131 2859 3176 est
2912 3123 3056 3192 quod
3114 3122 3377 3178 inluerere
3410 3126 3524 3193 illi,
3583 3140 3636 3181 et

353 3225 489 3281 pore
522 3210 784 3263 Irttt'luutn
818 3209 906 3261 liat
930 3209 1181 3276 opulenta
1213 3206 1487 3269 collectio,
1514 3212 1570 3258 et
1594 3205 1943 3273 replebuntur
1970 3218 2013 3279 ρ
2044 3208 2199 3276 juxta
2232 3209 2559 3263 inellabilem
2593 3211 2886 3274 rationem,
2917 3212 2994 3265 sic
3024 3212 3073 3265 in
3105 3213 3463 3279 generationis
3492 3216 3634 3267 ordi-

351 3304 569 3374 quidem
620 3304 809 3356 horrea
859 3301 1117 3368 frugibus,
1172 3315 1355 3353 mensa
1403 3314 1528 3352 vero
1567 3298 1721 3366 copia
1773 3297 1940 3366 ipsius

352 3394 617 3448 ubertatis
667 3395 799 3447 cibis
856 3394 960 3445 erit
1012 3392 1206 3446 referta
1262 3390 1701 3460 quamplurimis,
1771 3405 1939 3445 vanus

350 3488 596 3554 profecto
630 3485 912 3545 videbitur,
947 3484 990 3536 si
1024 3484 1313 3536 adventum
1350 3483 1609 3549 temporis
1639 3482 1938 3552 anticipare

350 3572 590 3635 festinet,
623 3575 711 3641 qui
760 3573 922 3627 debet
954 3575 1135 3642 utique
1163 3575 1393 3641 primum
1425 3576 1628 3627 semina
1659 3585 1933 3641 spargere,

347 3663 661 3732 frucrmque
690 3665 789 3717 sibi
834 3664 1105 3729 diligentia
1133 3664 1244 3733 ipsa
1271 3678 1593 3733 przeparare,
1622 3664 1751 3717 velit
1780 3665 1933 3718 nolit.

349 3754 587 3823 Tempus
613 3756 754 3809 enim
788 3758 926 3808 sicut
957 3755 1232 3824 prmlixuin
1265 3761 1348 3807 est
1404 3754 1606 3818 veniet,
1654 3755 1796 3823 quod
1828 3770 1935 3809 non

345 3851 596 3904 similiter
618 3850 887 3918 excipient
920 3850 969 3902 hi
1002 3850 1090 3916 qui
1124 3848 1222 3901 sibi
1243 3848 1527 3916 provident
1550 3849 1931 3903 abundantiam

345 3939 578 4007 frugum,
614 3950 665 3992 et.
696 3942 785 4006 qui
814 3942 955 3992 omni
990 3948 1249 4009 appiratu
1293 3940 1445 3991 vacui
1479 3940 1611 3992 hora
1664 3940 1774 4008 ipsa
1817 3940 1934 3993 fue-

344 4031 452 4083 rint
474 4031 847 4098 comprehensi
871 4048 883 4081 :
912 4031 989 4083 sic
1006 4040 1059 4082 et
1085 4030 1237 4083 nobis
1257 4029 1490 4082 arbitror
1512 4029 1783 4098 expedire,
1810 4046 1930 4083 cum

343 4122 412 4174 sit
470 4123 719 4175 omnibus
776 4122 1098 4182 patefactum
1154 4122 1534 4190 przcdicatione
1584 4123 1762 4175 divina
1812 4139 1931 4193 quae

344 4227 490 4264 nunc
514 4212 731 4278 geritur,
766 4210 997 4264 futurum
1025 4221 1236 4281 tempus
1267 4224 1463 4281 nostra:
1492 4214 1931 4269 commutationis

338 4302 610 4367 insistere,
646 4320 749 4356 non
786 4314 1024 4372 tempora
1056 4305 1326 4358 discutere
1374 4320 1493 4374 quas
1525 4315 1751 4359 ventura
1780 4313 1925 4368 sunt,

339 4394 468 4462 quia
494 4410 603 4447 non
628 4410 748 4448 esse
780 4402 1023 4449 nostrum
1068 4394 1139 4448 ait
1172 4396 1449 4465 Scriptura
1491 4411 1649 4450 nosse
1689 4404 1929 4466 tempora

337 4482 426 4537 vel
462 4494 757 4553 momenta,
789 4502 963 4554 neque
994 4487 1352 4553 cogitationes
1381 4488 1587 4554 aliquas
1618 4487 1923 4557 exquirere,

2046 3315 2167 3352 nem
2200 3300 2508 3371 pervenisse
2538 3301 2771 3369 putanda
2796 3309 2939 3355 sunt.
2972 3300 3024 3356 Si
3051 3312 3229 3356 autem
3258 3302 3309 3356 in
3342 3319 3408 3357 eo
3439 3319 3523 3358 res
3553 3316 3635 3359 est

2043 3392 2372 3457 materialis,
2405 3393 2677 3461 quomodo
2707 3391 3000 3447 materialis
3031 3393 3145 3462 ipse
3176 3409 3280 3448 non
3312 3402 3423 3459 est,
3456 3397 3545 3464 qui
3580 3397 3630 3449 in

2042 3495 2102 3534 se
2146 3482 2428 3535 materiam
2461 3484 2749 3536 continet?
2796 3482 3055 3537 Similiter
3084 3492 3301 3554 autem,
3352 3494 3407 3540 et
3450 3489 3630 3541 omnia

2041 3570 2235 3641 quibus
2262 3572 2557 3627 materialis
2586 3580 2774 3627 natura
2806 3571 3065 3640 ﬁguratur
3096 3594 3108 3627 :
3132 3575 3178 3629 si
3207 3575 3329 3630 ideo
3356 3591 3485 3647 ergo
3508 3593 3630 3632 cre-

2039 3664 2185 3717 ditur
2224 3678 2345 3718 esse
2384 3664 2653 3731 quantitas
2677 3703 2690 3726 ,
2743 3666 3016 3733 quomodo
3061 3666 3178 3721 sine
3220 3669 3521 3735 quantitate
3549 3680 3633 3724 est

2039 3758 2217 3813 Deus?
2247 3757 2301 3811 Si
2329 3757 2382 3810 in
2411 3770 2476 3810 eo
2504 3755 2646 3826 quod
2691 3757 3049 3826 compositum
3078 3766 3179 3821 est,
3211 3759 3486 3827 quomodo
3516 3762 3631 3830 ip-e

2038 3850 2267 3919 simplex
2313 3855 2369 3902 et
2414 3848 2532 3902 sine
2568 3847 2963 3916 compositione
2990 3850 3116 3902 est?
3172 3846 3325 3903 Unde
3371 3864 3493 3903 eum
3536 3863 3629 3905 aut

2037 3940 2373 3996 materialem
2403 3953 2523 3993 esse
2556 3952 2775 3992 necesse
2804 3946 2917 4003 est,
2950 3938 3076 4008 quia
3105 3954 3171 3994 ex
3201 3939 3317 4010 ipso
3340 3940 3629 3995 subsistere

2037 4032 2318 4085 materiam
2343 4029 2683 4085 ratiocinatio
2702 4030 2816 4099 ipsa
2832 4030 3127 4100 compellit.
3154 4030 3259 4085 Aut
3285 4032 3329 4089 si
3344 4032 3624 4102 quisquam

2034 4122 2140 4177 hoc
2168 4122 2396 4189 refugit,
2429 4121 2765 4176 extrinsecus
2796 4120 3157 4177 introductam
3190 4137 3310 4177 esse
3340 4124 3621 4177 materiam

2034 4212 2099 4266 ad
2128 4212 2571 4267 constitutionem
2610 4212 2981 4266 universorum
3024 4212 3369 4266 nihilominus
3388 4215 3623 4267 aestima-

2034 4304 2134 4358 bit.
2159 4303 2215 4358 Si
2247 4305 2407 4372 igitur
2437 4313 2752 4358 extraneum
2779 4312 2914 4369 erat,
2945 4304 3088 4358 aliud
3115 4316 3312 4375 praeter
3334 4304 3620 4361 Dominum

2033 4395 2193 4449 fuisse
2220 4395 2511 4461 constabit,
2546 4396 2637 4466 qui
2668 4395 2826 4449 simul
2857 4395 3190 4466 intelligatur
3216 4398 3511 4453 secundum
3535 4414 3621 4452 ra-

2033 4489 2235 4544 tionem
2266 4488 2619 4559 perennitatis
2648 4503 2768 4543 cum
2800 4488 3039 4557 ingenito
3081 4490 3405 4555 substitisse,
3438 4492 3515 4545 ita
3563 4501 3622 4546 ut

336 4575 534 4644 quibus
557 4592 586 4629 a
618 4592 713 4645 spe
754 4578 1166 4631 resurrectionis
1205 4578 1385 4631 anima
1417 4577 1694 4632 debilitata
1727 4578 1925 4633 lasses-
1962 4597 2006 4655 ι)
2032 4579 2138 4634 duo
2181 4579 2443 4650 principia
2472 4580 2675 4649 pariter
2702 4580 2939 4651 ingenita
2978 4580 3323 4636 ratiocinatio
3377 4583 3614 4652 colligat,

332 4676 445 4723 eat.
475 4665 583 4723 Sed
633 4669 676 4722 si
708 4686 810 4737 qua
836 4670 1125 4724 credulitas
1156 4685 1343 4724 eorum
1372 4684 1491 4738 qute
1536 4669 1927 4738 promittuntur

334 4755 391 4811 in
424 4757 578 4812 nobis
619 4767 722 4824 est,
754 4759 1030 4825 debemus,
1084 4760 1512 4815 conversationis
1560 4761 1774 4829 optima:
1812 4768 1926 4814 stu-

331 4846 437 4903 diis
468 4849 813 4914 inluereutes,
841 4852 1072 4905 futuram
1098 4852 1285 4921 gratia:
1326 4851 1704 4920 antiquitatem
1754 4852 1922 4924 ipsam

326 4941 697 4996 venerabilem
726 4943 1101 5011 aequanimiter
1131 4943 1388 5011 opperiri.

900 5052 1129 5108 CAPUT
1160 5053 1350 5109 XXIV.

330 5140 483 5205 Quod
507 5149 593 5212 qut
633 5143 906 5197 exordium
938 5145 1101 5195 conati
1128 5145 1317 5197 utionis
1347 5145 1531 5197 mundi
1561 5145 1784 5213 fatetur,
1836 5160 1922 5197 nc-

592 5217 818 5266 cessario
849 5215 960 5283 ejus
989 5214 1145 5266 etiam
1170 5217 1232 5266 de
1254 5215 1360 5284 [me
1387 5220 1653 5266 concedat.

364 5304 456 5358 -Si
479 5306 599 5372 quis
624 5315 804 5360 autem
838 5306 1021 5361 mundi
1049 5322 1261 5360 cursum
1293 5306 1383 5375 qui
1411 5322 1553 5359 nunc
1584 5313 1665 5359 est
1686 5305 1916 5375 quadam

321 5412 445 5451 sese
479 5398 590 5463 lege
620 5411 927 5451 moventem
957 5398 1334 5466 conspiciens,
1365 5412 1461 5466 per
1491 5411 1651 5464 quam
1682 5397 1914 5464 spatium

321 5486 523 5540 Labitur
561 5489 877 5556 temporale,
933 5502 1271 5558 nequaquam
1311 5487 1453 5540 dicat
1482 5484 1758 5539 mobilium
1801 5501 1918 5540 ces-

318 5580 588 5634 sationem
617 5595 739 5649 qum
770 5580 1029 5649 praedicta
1060 5588 1142 5634 est
1172 5594 1332 5650 posse
1359 5579 1690 5646 contingere,
1746 5578 1919 5631 mani-

318 5670 518 5725 festum
557 5680 641 5727 est
690 5673 775 5727 hic
818 5672 964 5743 quod
994 5687 1093 5726 nec
1122 5672 1173 5725 in
1202 5670 1466 5740 principio
1499 5669 1693 5724 factum
1726 5684 1755 5722 a
1802 5669 1914 5725 Deo

316 5762 516 5817 ccelum
536 5770 843 5833 terramque
870 5761 1117 5817 fateatur.
1146 5762 1247 5829 Qui
1274 5762 1415 5816 enim
1441 5761 1761 5832 principium
1797 5778 1912 5816 mo-

317 5860 405 5907 tus
453 5852 663 5918 credit,
721 5853 789 5907 de
837 5853 943 5909 line
973 5854 1194 5909 omnino
1227 5871 1333 5910 non
1365 5852 1583 5922 ambigit
1617 5871 1627 5904 :
1659 5853 1750 5922 qui
1781 5869 1910 5910 vero

2030 4668 2143 4737 ejus
2156 4669 2359 4724 scilicet
2376 4669 2463 4739 qui
2479 4668 2821 4725 artillciosius
2837 4681 3113 4741 operatur,
3129 4680 3183 4726 et
3197 4673 3289 4741 qui
3305 4673 3440 4728 hanc
3452 4674 3618 4728 disci-

2030 4761 2340 4833 plinabilem
2369 4760 2594 4817 formam
2618 4763 2775 4831 hujus
2797 4763 3127 4833 operationis
3148 4764 3399 4834 excipiet.
3418 4762 3475 4819 Si
3491 4765 3615 4835 quis

2028 4860 2206 4905 autem
2230 4852 2394 4906 veluti
2420 4853 2739 4906 necessitate
2768 4854 3100 4922 compulsus,
3121 4862 3390 4923 supponat
3416 4856 3616 4924 sempi-

2028 4952 2233 4995 ternam
2282 4943 2519 4997 omnium
2571 4943 2910 4997 conditorum
2961 4944 3264 5006 materiam,
3297 4958 3457 5013 quam
3487 4952 3613 5000 tunc

2027 5029 2353 5085 Maniclucus
2373 5047 2592 5086 suorum
2616 5032 2924 5101 dogmatum
2949 5032 3186 5088 favorem
3216 5032 3614 5088 defensionem-

2026 5136 2130 5191 que
2162 5123 2429 5191 reperiet,
2474 5123 2565 5191 qui
2589 5124 2922 5178 materialem
2952 5139 3167 5179 causam
3191 5124 3344 5192 juxta
3387 5123 3609 5191 ingeniti

2025 5212 2486 5281 ingenerationem
2535 5215 2690 5269 bonze
2722 5223 2924 5269 naturae
2951 5229 3235 5283 coaequare
3280 5214 3559 5268 contendit
3588 5216 3609 5269 ἲ

2022 5302 2127 5358 Sed
2161 5320 2259 5358 nos
2290 5306 2573 5360 audientes
2597 5321 2663 5359 ex
2694 5305 2805 5360 Deo
2837 5321 2956 5360 esse
2982 5306 3192 5369 omnia,
3213 5305 3491 5375 Scriptura
3519 5308 3608 5361 di-

2023 5402 2179 5447 cente
2211 5394 2525 5459 retinemus,
2556 5404 2613 5449 et
2641 5394 2875 5463 qualiter
2901 5410 2969 5450 ex
3001 5394 3110 5449 Deo
3137 5396 3265 5464 sint,
3294 5397 3419 5466 quia
3445 5412 3608 5468 super

2022 5484 2353 5539 intellectum
2388 5494 2629 5540 nostrum
2655 5494 2756 5551 est,
2789 5502 3127 5556 nequaquam
3155 5489 3365 5544 curiose
3386 5493 3607 5561 perqui-

2019 5578 2186 5631 rimus
2205 5619 2219 5644 ,
2267 5576 2502 5631 divinam
2532 5586 2776 5639 naturam
2821 5579 3139 5636 creatricem
3168 5582 3455 5639 credentes
3481 5598 3607 5640 esse

2017 5675 2353 5733 cunctorum,
2381 5682 2502 5722 cum
2526 5676 2581 5723 et
2608 5668 2750 5737 quod
2772 5670 2911 5723 ratio
2940 5672 3374 5743 eratconstituit,
3396 5682 3451 5730 et
3476 5691 3607 5729 con-

2014 5762 2256 5815 stitutnm
2296 5762 2407 5830 jam
2453 5762 2505 5816 in
2554 5778 2717 5833 quam
2774 5763 3006 5819 voluerit
3056 5766 3414 5835 quantitatem
3470 5770 3604 5823 mira

2013 5857 2435 5911 commutatione
2459 5858 2813 5929 perquireret.
2847 5856 3259 5929 Consequcnter
3284 5875 3413 5931 ergo
3455 5861 3589 5913 arbi-
