  <div class='ocr_page' id='page_1' title='image "/cluster/home/n/w/nwhite01/storage/ocr_20150623/67/umn.31951002477360y/207.png"; bbox 0 0 4122 6558; ppageno 0'>
   <div class='ocr_carea' id='block_1_1' title="bbox 465 405 565 461">
    <p class='ocr_par' dir='ltr' id='par_1_1' title="bbox 465 405 565 461">
     <span class='ocr_line' id='line_1_1' title="bbox 465 405 565 461; baseline -0.05 1"><span class='ocrx_word' id='word_1_1' title='bbox 465 405 565 461; x_wconf 72' lang='lat'><strong>537</strong></span> 
     </span>
    </p>
   </div>
   <div class='ocr_carea' id='block_1_2' title="bbox 1751 397 2470 455">
    <p class='ocr_par' dir='ltr' id='par_1_2' title="bbox 1751 397 2470 455">
     <span class='ocr_line' id='line_1_2' title="bbox 1751 397 2470 455; baseline -0.007 0"><span class='ocrx_word' id='word_1_2' title='bbox 1751 399 2107 455; x_wconf 72' lang='lat' dir='ltr'><strong>DIONYSIUS</strong></span> <span class='ocrx_word' id='word_1_3' title='bbox 2147 397 2470 455; x_wconf 71' lang='lat' dir='ltr'><strong>EXIGUUS.</strong></span> 
     </span>
    </p>
   </div>
   <div class='ocr_carea' id='block_1_3' title="bbox 3646 407 3751 465">
    <p class='ocr_par' dir='ltr' id='par_1_3' title="bbox 3646 407 3751 465">
     <span class='ocr_line' id='line_1_3' title="bbox 3646 407 3751 465; baseline 0.019 -2"><span class='ocrx_word' id='word_1_4' title='bbox 3646 407 3751 465; x_wconf 75' lang='lat'><strong>388</strong></span> 
     </span>
    </p>
   </div>
   <div class='ocr_carea' id='block_1_4' title="bbox 463 512 3763 590">
    <p class='ocr_par' dir='ltr' id='par_1_4' title="bbox 463 512 3763 590">
     <span class='ocr_line' id='line_1_4' title="bbox 463 512 3763 590; baseline -0.002 -15"><span class='ocrx_word' id='word_1_5' title='bbox 463 530 672 578; x_wconf 84' lang='lat' dir='ltr'><strong>tramur</strong></span> <span class='ocrx_word' id='word_1_6' title='bbox 719 533 782 574; x_wconf 75' lang='lat' dir='ltr'><strong>ea</strong></span> <span class='ocrx_word' id='word_1_7' title='bbox 809 533 912 590; x_wconf 82' lang='lat' dir='ltr'><strong>qua</strong></span> <span class='ocrx_word' id='word_1_8' title='bbox 937 525 1058 573; x_wconf 85' lang='lat' dir='ltr'><strong>sunt</strong></span> <span class='ocrx_word' id='word_1_9' title='bbox 1087 517 1152 573; x_wconf 84' lang='lat' dir='ltr'><strong>ad</strong></span> <span class='ocrx_word' id='word_1_10' title='bbox 1184 517 1326 573; x_wconf 82' lang='lat' dir='ltr'><strong>illam</strong></span> <span class='ocrx_word' id='word_1_11' title='bbox 1361 517 1754 574; x_wconf 91' lang='lat' dir='ltr'><strong>institutionem</strong></span> <span class='ocrx_word' id='word_1_12' title='bbox 1783 531 1902 587; x_wconf 73' lang='lat' dir='ltr'><strong>qua:</strong></span> <span class='ocrx_word' id='word_1_13' title='bbox 1931 531 2055 572; x_wconf 88' lang='lat' dir='ltr'><strong>nec-</strong></span> <span class='ocrx_word' id='word_1_14' title='bbox 2082 523 2127 578; x_wconf 73' lang='grc' dir='ltr'><strong>Α</strong></span> <span class='ocrx_word' id='word_1_15' title='bbox 2159 515 2409 571; x_wconf 86' lang='lat' dir='ltr'><strong>confesso</strong></span> <span class='ocrx_word' id='word_1_16' title='bbox 2439 512 2642 569; x_wconf 77' lang='lat' dir='ltr'><strong>inducit</strong></span> <span class='ocrx_word' id='word_1_17' title='bbox 2677 531 2690 566; x_wconf 88' lang='lat'><strong>:</strong></span> <span class='ocrx_word' id='word_1_18' title='bbox 2729 512 2790 568; x_wconf 89' lang='lat' dir='ltr'><strong>Si</strong></span> <span class='ocrx_word' id='word_1_19' title='bbox 2819 522 3002 569; x_wconf 86' lang='lat' dir='ltr'><strong>autem</strong></span> <span class='ocrx_word' id='word_1_20' title='bbox 3029 512 3259 579; x_wconf 81' lang='lat' dir='ltr'><strong>doleret,</strong></span> <span class='ocrx_word' id='word_1_21' title='bbox 3317 515 3588 570; x_wconf 84' lang='lat' dir='ltr'><strong>undenam</strong></span> <span class='ocrx_word' id='word_1_22' title='bbox 3618 532 3763 575; x_wconf 67' lang='lat' dir='ltr'><strong>esset</strong></span> 
     </span>
    </p>
   </div>
   <div class='ocr_carea' id='block_1_5' title="bbox 465 607 2052 681">
    <p class='ocr_par' dir='ltr' id='par_1_5' title="bbox 465 607 2052 681">
     <span class='ocr_line' id='line_1_5' title="bbox 465 607 2052 681; baseline -0.003 -14"><span class='ocrx_word' id='word_1_23' title='bbox 465 611 590 668; x_wconf 87' lang='lat' dir='ltr'><strong>dum</strong></span> <span class='ocrx_word' id='word_1_24' title='bbox 622 618 732 673; x_wconf 91' lang='lat' dir='ltr'><strong>cst,</strong></span> <span class='ocrx_word' id='word_1_25' title='bbox 783 607 974 665; x_wconf 67' lang='lat' dir='ltr'><strong>divina:</strong></span> <span class='ocrx_word' id='word_1_26' title='bbox 1003 610 1212 665; x_wconf 85' lang='lat' dir='ltr'><strong>virtutis</strong></span> <span class='ocrx_word' id='word_1_27' title='bbox 1234 610 1514 666; x_wconf 84' lang='lat' dir='ltr'><strong>voluntate</strong></span> <span class='ocrx_word' id='word_1_28' title='bbox 1544 625 1709 681; x_wconf 86' lang='lat' dir='ltr'><strong>posse</strong></span> <span class='ocrx_word' id='word_1_29' title='bbox 1737 609 2052 676; x_wconf 84' lang='lat' dir='ltr'><strong>subsistere,</strong></span> 
     </span>
    </p>
   </div>
   <div class='ocr_carea' id='block_1_6' title="bbox 463 701 2057 771">
    <p class='ocr_par' dir='ltr' id='par_1_6' title="bbox 463 701 2057 771">
     <span class='ocr_line' id='line_1_6' title="bbox 463 701 2057 771; baseline -0.002 -14"><span class='ocrx_word' id='word_1_30' title='bbox 463 704 506 758; x_wconf 92' lang='lat' dir='ltr'><strong>si</strong></span> <span class='ocrx_word' id='word_1_31' title='bbox 540 711 594 756; x_wconf 91' lang='lat' dir='ltr'><strong>ct</strong></span> <span class='ocrx_word' id='word_1_32' title='bbox 640 701 1160 756; x_wconf 85' lang='lat' dir='ltr'><strong>consummationem</strong></span> <span class='ocrx_word' id='word_1_33' title='bbox 1207 717 1389 756; x_wconf 90' lang='lat' dir='ltr'><strong>rerum</strong></span> <span class='ocrx_word' id='word_1_34' title='bbox 1421 701 1485 756; x_wconf 93' lang='lat' dir='ltr'><strong>ad</strong></span> <span class='ocrx_word' id='word_1_35' title='bbox 1539 702 1707 771; x_wconf 88' lang='lat' dir='ltr'><strong>ipsius</strong></span> <span class='ocrx_word' id='word_1_36' title='bbox 1757 701 2057 771; x_wconf 85' lang='lat' dir='ltr'><strong>potentiam</strong></span> 
     </span>
    </p>
   </div>
   <div class='ocr_carea' id='block_1_7' title="bbox 463 793 2057 864">
    <p class='ocr_par' dir='ltr' id='par_1_7' title="bbox 463 793 2057 864">
     <span class='ocr_line' id='line_1_7' title="bbox 463 793 2057 864; baseline -0.002 -14"><span class='ocrx_word' id='word_1_37' title='bbox 463 797 776 856; x_wconf 81' lang='lat' dir='ltr'><strong>referentes,</strong></span> <span class='ocrx_word' id='word_1_38' title='bbox 814 793 864 847; x_wconf 91' lang='lat' dir='ltr'><strong>in</strong></span> <span class='ocrx_word' id='word_1_39' title='bbox 897 793 1044 848; x_wconf 89' lang='lat' dir='ltr'><strong>nullo</strong></span> <span class='ocrx_word' id='word_1_40' title='bbox 1076 794 1370 863; x_wconf 73' lang='lat' dir='ltr'><strong>disciplina:</strong></span> <span class='ocrx_word' id='word_1_41' title='bbox 1412 804 1612 850; x_wconf 76' lang='lat' dir='ltr'><strong>nostra:</strong></span> <span class='ocrx_word' id='word_1_42' title='bbox 1636 795 1903 848; x_wconf 89' lang='lat' dir='ltr'><strong>rationem</strong></span> <span class='ocrx_word' id='word_1_43' title='bbox 1929 809 2057 864; x_wconf 90' lang='lat' dir='ltr'><strong>pro-</strong></span> 
     </span>
    </p>
   </div>
   <div class='ocr_carea' id='block_1_8' title="bbox 461 883 2056 956">
    <p class='ocr_par' dir='ltr' id='par_1_8' title="bbox 461 883 2056 956">
     <span class='ocr_line' id='line_1_8' title="bbox 461 883 2056 956; baseline 0.001 -18"><span class='ocrx_word' id='word_1_44' title='bbox 461 893 582 956; x_wconf 88' lang='lat' dir='ltr'><strong>pter</strong></span> <span class='ocrx_word' id='word_1_45' title='bbox 605 885 656 939; x_wconf 92' lang='lat' dir='ltr'><strong>id</strong></span> <span class='ocrx_word' id='word_1_46' title='bbox 678 884 819 956; x_wconf 89' lang='lat' dir='ltr'><strong>quod</strong></span> <span class='ocrx_word' id='word_1_47' title='bbox 852 883 1036 939; x_wconf 85' lang='lat' dir='ltr'><strong>dicere</strong></span> <span class='ocrx_word' id='word_1_48' title='bbox 1059 885 1349 954; x_wconf 86' lang='lat' dir='ltr'><strong>credimus,</strong></span> <span class='ocrx_word' id='word_1_49' title='bbox 1371 899 1789 950; x_wconf 89' lang='lat' dir='ltr'><strong>assumeremus,</strong></span> <span class='ocrx_word' id='word_1_50' title='bbox 1809 884 2056 954; x_wconf 85' lang='lat' dir='ltr'><strong>quamvis</strong></span> 
     </span>
    </p>
   </div>
   <div class='ocr_carea' id='block_1_9' title="bbox 462 975 2056 1047">
    <p class='ocr_par' dir='ltr' id='par_1_9' title="bbox 462 975 2056 1047">
     <span class='ocr_line' id='line_1_9' title="bbox 462 975 2056 1047; baseline -0.002 -14"><span class='ocrx_word' id='word_1_51' title='bbox 462 992 740 1047; x_wconf 76' lang='lat' dir='ltr'><strong>possemus</strong></span> <span class='ocrx_word' id='word_1_52' title='bbox 787 984 1020 1043; x_wconf 75' lang='lat' dir='ltr'><strong>quadam</strong></span> <span class='ocrx_word' id='word_1_53' title='bbox 1049 977 1358 1033; x_wconf 80' lang='lat' dir='ltr'><strong>inventione</strong></span> <span class='ocrx_word' id='word_1_54' title='bbox 1385 979 1674 1032; x_wconf 84' lang='lat' dir='ltr'><strong>verborum</strong></span> <span class='ocrx_word' id='word_1_55' title='bbox 1700 976 1929 1031; x_wconf 83' lang='lat' dir='ltr'><strong>suadere</strong></span> <span class='ocrx_word' id='word_1_56' title='bbox 1951 975 2056 1030; x_wconf 84' lang='lat' dir='ltr'><strong>illis</strong></span> 
     </span>
    </p>
   </div>
   <div class='ocr_carea' id='block_1_10' title="bbox 460 1068 2057 1144">
    <p class='ocr_par' dir='ltr' id='par_1_10' title="bbox 460 1068 2057 1144">
     <span class='ocr_line' id='line_1_10' title="bbox 460 1068 2057 1144; baseline -0.004 -18"><span class='ocrx_word' id='word_1_57' title='bbox 460 1073 553 1144; x_wconf 87' lang='lat' dir='ltr'><strong>qui</strong></span> <span class='ocrx_word' id='word_1_58' title='bbox 580 1071 646 1125; x_wconf 90' lang='lat' dir='ltr'><strong>de</strong></span> <span class='ocrx_word' id='word_1_59' title='bbox 673 1071 896 1134; x_wconf 73' lang='lat' dir='ltr'><strong>materia</strong></span> <span class='ocrx_word' id='word_1_60' title='bbox 916 1072 1358 1126; x_wconf 89' lang='lat' dir='ltr'><strong>contentionibus</strong></span> <span class='ocrx_word' id='word_1_61' title='bbox 1377 1069 1675 1140; x_wconf 82' lang='lat' dir='ltr'><strong>disputant,</strong></span> <span class='ocrx_word' id='word_1_62' title='bbox 1693 1084 1763 1122; x_wconf 87' lang='lat' dir='ltr'><strong>ne</strong></span> <span class='ocrx_word' id='word_1_63' title='bbox 1792 1068 2057 1122; x_wconf 89' lang='lat' dir='ltr'><strong>auderent</strong></span> 
     </span>
    </p>
   </div>
   <div class='ocr_carea' id='block_1_11' title="bbox 458 1159 1843 1232">
    <p class='ocr_par' dir='ltr' id='par_1_11' title="bbox 458 1159 1843 1232">
     <span class='ocr_line' id='line_1_11' title="bbox 458 1159 1843 1232; baseline -0.005 -14"><span class='ocrx_word' id='word_1_64' title='bbox 458 1162 621 1220; x_wconf 79' lang='lat' dir='ltr'><strong>facile</strong></span> <span class='ocrx_word' id='word_1_65' title='bbox 649 1161 1005 1232; x_wconf 89' lang='lat' dir='ltr'><strong>disputationi</strong></span> <span class='ocrx_word' id='word_1_66' title='bbox 1035 1170 1237 1217; x_wconf 76' lang='lat' dir='ltr'><strong>nostrae</strong></span> <span class='ocrx_word' id='word_1_67' title='bbox 1267 1161 1524 1230; x_wconf 88' lang='lat' dir='ltr'><strong>deinceps</strong></span> <span class='ocrx_word' id='word_1_68' title='bbox 1555 1159 1796 1214; x_wconf 88' lang='lat' dir='ltr'><strong>obviare.</strong></span> <span class='ocrx_word' id='word_1_69' title='bbox 1839 1190 1843 1194; x_wconf 93' lang='lat'>-</span> 
     </span>
    </p>
   </div>
   <div class='ocr_carea' id='block_1_12' title="bbox 457 1392 2053 1465">
    <p class='ocr_par' dir='ltr' id='par_1_12' title="bbox 457 1392 2053 1465">
     <span class='ocr_line' id='line_1_12' title="bbox 457 1392 2053 1465; baseline -0.006 -11"><span class='ocrx_word' id='word_1_70' title='bbox 457 1396 540 1454; x_wconf 79' lang='lat' dir='ltr'><strong>De</strong></span> <span class='ocrx_word' id='word_1_71' title='bbox 569 1407 760 1452; x_wconf 80' lang='lat' dir='ltr'><strong>natura</strong></span> <span class='ocrx_word' id='word_1_72' title='bbox 789 1397 933 1463; x_wconf 65' lang='lat' dir='ltr'><strong>caeli,</strong></span> <span class='ocrx_word' id='word_1_73' title='bbox 967 1397 1104 1465; x_wconf 79' lang='lat' dir='ltr'><strong>quod</strong></span> <span class='ocrx_word' id='word_1_74' title='bbox 1127 1413 1232 1451; x_wconf 81' lang='lat' dir='ltr'><strong>non</strong></span> <span class='ocrx_word' id='word_1_75' title='bbox 1261 1397 1328 1450; x_wconf 86' lang='lat' dir='ltr'><strong>sit</strong></span> <span class='ocrx_word' id='word_1_76' title='bbox 1347 1410 1413 1448; x_wconf 79' lang='lat' dir='ltr'><strong>ea:</strong></span> <span class='ocrx_word' id='word_1_77' title='bbox 1442 1403 1662 1464; x_wconf 75' lang='lat' dir='ltr'><strong>quatuor</strong></span> <span class='ocrx_word' id='word_1_78' title='bbox 1680 1392 1944 1447; x_wconf 75' lang='lat' dir='ltr'><strong>elementis</strong></span> <span class='ocrx_word' id='word_1_79' title='bbox 1967 1407 2053 1446; x_wconf 78' lang='lat' dir='ltr'><strong>se-</strong></span> 
     </span>
    </p>
   </div>
   <div class='ocr_carea' id='block_1_13' title="bbox 961 1467 1569 1522">
    <p class='ocr_par' dir='ltr' id='par_1_13' title="bbox 961 1467 1569 1522">
     <span class='ocr_line' id='line_1_13' title="bbox 961 1467 1569 1522; baseline -0.005 -2"><span class='ocrx_word' id='word_1_80' title='bbox 961 1467 1185 1521; x_wconf 80' lang='lat' dir='ltr'><strong>cundum</strong></span> <span class='ocrx_word' id='word_1_81' title='bbox 1215 1467 1569 1522; x_wconf 76' lang='lat' dir='ltr'><strong>Aristotelem.</strong></span> 
     </span>
    </p>
   </div>
   <div class='ocr_carea' id='block_1_14' title="bbox 531 1572 2052 1646">
    <p class='ocr_par' dir='ltr' id='par_1_14' title="bbox 531 1572 2052 1646">
     <span class='ocr_line' id='line_1_14' title="bbox 531 1572 2052 1646; baseline -0.005 -14"><span class='ocrx_word' id='word_1_82' title='bbox 531 1576 731 1646; x_wconf 58' lang='lat' dir='ltr'><strong>\Caput</strong></span> <span class='ocrx_word' id='word_1_83' title='bbox 768 1577 1104 1646; x_wconf 81' lang='lat' dir='ltr'><strong>subsequens</strong></span> <span class='ocrx_word' id='word_1_84' title='bbox 1134 1575 1199 1629; x_wconf 77' lang='lat' dir='ltr'><strong>ad</strong></span> <span class='ocrx_word' id='word_1_85' title='bbox 1245 1576 1388 1629; x_wconf 80' lang='lat' dir='ltr'><strong>liunc</strong></span> <span class='ocrx_word' id='word_1_86' title='bbox 1418 1574 1613 1628; x_wconf 86' lang='lat' dir='ltr'><strong>librum</strong></span> <span class='ocrx_word' id='word_1_87' title='bbox 1654 1589 1766 1646; x_wconf 80' lang='lat' dir='ltr'><strong>non</strong></span> <span class='ocrx_word' id='word_1_88' title='bbox 1797 1572 2052 1646; x_wconf 80' lang='lat' dir='ltr'><strong>pertinet,</strong></span> 
     </span>
    </p>
   </div>
   <div class='ocr_carea' id='block_1_15' title="bbox 458 1639 2052 1710">
    <p class='ocr_par' dir='ltr' id='par_1_15' title="bbox 458 1639 2052 1710">
     <span class='ocr_line' id='line_1_15' title="bbox 458 1639 2052 1710; baseline -0.004 -9"><span class='ocrx_word' id='word_1_89' title='bbox 458 1639 555 1701; x_wconf 78' lang='lat' dir='ltr'><strong>sed</strong></span> <span class='ocrx_word' id='word_1_90' title='bbox 585 1663 616 1702; x_wconf 89' lang='lat' dir='ltr'><strong>e</strong></span> <span class='ocrx_word' id='word_1_91' title='bbox 638 1639 784 1701; x_wconf 70' lang='lat' dir='ltr'><strong>tibro</strong></span> <span class='ocrx_word' id='word_1_92' title='bbox 813 1649 880 1700; x_wconf 85' lang='lat' dir='ltr'><strong>de</strong></span> <span class='ocrx_word' id='word_1_93' title='bbox 911 1639 1204 1701; x_wconf 76' lang='lat' dir='ltr'><strong>Eiementis</strong></span> <span class='ocrx_word' id='word_1_94' title='bbox 1235 1645 1340 1699; x_wconf 88' lang='lat' dir='ltr'><strong>huc</strong></span> <span class='ocrx_word' id='word_1_95' title='bbox 1368 1660 1434 1699; x_wconf 83' lang='lat' dir='ltr'><strong>ex</strong></span> <span class='ocrx_word' id='word_1_96' title='bbox 1467 1642 1768 1710; x_wconf 79' lang='lat' dir='ltr'><strong>argumenti</strong></span> <span class='ocrx_word' id='word_1_97' title='bbox 1799 1639 2052 1696; x_wconf 84' lang='lat' dir='ltr'><strong>similitu-</strong></span> 
     </span>
    </p>
   </div>
   <div class='ocr_carea' id='block_1_16' title="bbox 459 1715 2049 1792">
    <p class='ocr_par' dir='ltr' id='par_1_16' title="bbox 459 1715 2049 1792">
     <span class='ocr_line' id='line_1_16' title="bbox 459 1715 2049 1792; baseline -0.004 -21"><span class='ocrx_word' id='word_1_98' title='bbox 459 1719 586 1772; x_wconf 84' lang='lat' dir='ltr'><strong>dine</strong></span> <span class='ocrx_word' id='word_1_99' title='bbox 618 1717 864 1770; x_wconf 70' lang='lat' dir='ltr'><strong>fortassis</strong></span> <span class='ocrx_word' id='word_1_100' title='bbox 896 1718 1138 1786; x_wconf 84' lang='lat' dir='ltr'><strong>irrepsit,</strong></span> <span class='ocrx_word' id='word_1_101' title='bbox 1173 1731 1280 1785; x_wconf 84' lang='lat' dir='ltr'><strong>quo</strong></span> <span class='ocrx_word' id='word_1_102' title='bbox 1310 1715 1429 1792; x_wconf 79' lang='lat' dir='ltr'><strong>loco</strong></span> <span class='ocrx_word' id='word_1_103' title='bbox 1459 1723 1709 1782; x_wconf 87' lang='lat' dir='ltr'><strong>quartum</strong></span> <span class='ocrx_word' id='word_1_104' title='bbox 1735 1719 1896 1782; x_wconf 89' lang='lat' dir='ltr'><strong>caput</strong></span> <span class='ocrx_word' id='word_1_105' title='bbox 1923 1715 2049 1779; x_wconf 77' lang='lat' dir='ltr'><strong>est.)</strong></span> 
     </span>
    </p>
   </div>
   <div class='ocr_carea' id='block_1_17' title="bbox 530 1803 2052 1880">
    <p class='ocr_par' dir='ltr' id='par_1_17' title="bbox 530 1803 2052 1880">
     <span class='ocr_line' id='line_1_17' title="bbox 530 1803 2052 1880; baseline -0.005 -15"><span class='ocrx_word' id='word_1_106' title='bbox 530 1811 855 1866; x_wconf 82' lang='lat' dir='ltr'><strong>Aristoteles</strong></span> <span class='ocrx_word' id='word_1_107' title='bbox 885 1819 1064 1864; x_wconf 89' lang='lat' dir='ltr'><strong>autem</strong></span> <span class='ocrx_word' id='word_1_108' title='bbox 1104 1809 1351 1880; x_wconf 90' lang='lat' dir='ltr'><strong>quintum</strong></span> <span class='ocrx_word' id='word_1_109' title='bbox 1384 1807 1590 1861; x_wconf 88' lang='lat' dir='ltr'><strong>inducit</strong></span> <span class='ocrx_word' id='word_1_110' title='bbox 1615 1821 1840 1876; x_wconf 91' lang='lat' dir='ltr'><strong>corpus,</strong></span> <span class='ocrx_word' id='word_1_111' title='bbox 1881 1803 2052 1859; x_wconf 67' lang='lat' dir='ltr'><strong>(ethe-</strong></span> 
     </span>
    </p>
   </div>
   <div class='ocr_carea' id='block_1_18' title="bbox 2159 605 3756 677">
    <p class='ocr_par' dir='ltr' id='par_1_18' title="bbox 2159 605 3756 677">
     <span class='ocr_line' id='line_1_18' title="bbox 2159 605 3756 677; baseline 0.002 -16"><span class='ocrx_word' id='word_1_112' title='bbox 2159 607 2304 677; x_wconf 89' lang='lat' dir='ltr'><strong>quod</strong></span> <span class='ocrx_word' id='word_1_113' title='bbox 2333 607 2586 662; x_wconf 79' lang='lat' dir='ltr'><strong>sanaret?</strong></span> <span class='ocrx_word' id='word_1_114' title='bbox 2609 605 2762 662; x_wconf 84' lang='lat' dir='ltr'><strong>Nunc</strong></span> <span class='ocrx_word' id='word_1_115' title='bbox 2776 615 2961 661; x_wconf 87' lang='lat' dir='ltr'><strong>autem</strong></span> <span class='ocrx_word' id='word_1_116' title='bbox 2988 621 3095 661; x_wconf 90' lang='lat' dir='ltr'><strong>non</strong></span> <span class='ocrx_word' id='word_1_117' title='bbox 3119 614 3201 662; x_wconf 84' lang='lat' dir='ltr'><strong>est</strong></span> <span class='ocrx_word' id='word_1_118' title='bbox 3220 623 3389 664; x_wconf 87' lang='lat' dir='ltr'><strong>unum</strong></span> <span class='ocrx_word' id='word_1_119' title='bbox 3410 608 3552 676; x_wconf 86' lang='lat' dir='ltr'><strong>quod</strong></span> <span class='ocrx_word' id='word_1_120' title='bbox 3575 619 3756 676; x_wconf 85' lang='lat' dir='ltr'><strong>sanat,</strong></span> 
     </span>
    </p>
   </div>
   <div class='ocr_carea' id='block_1_19' title="bbox 2159 696 3758 766">
    <p class='ocr_par' dir='ltr' id='par_1_19' title="bbox 2159 696 3758 766">
     <span class='ocr_line' id='line_1_19' title="bbox 2159 696 3758 766; baseline 0.001 -14"><span class='ocrx_word' id='word_1_121' title='bbox 2159 696 2256 752; x_wconf 87' lang='lat' dir='ltr'><strong>sed</strong></span> <span class='ocrx_word' id='word_1_122' title='bbox 2278 697 2479 763; x_wconf 88' lang='lat' dir='ltr'><strong>multa;</strong></span> <span class='ocrx_word' id='word_1_123' title='bbox 2505 697 2724 751; x_wconf 89' lang='lat' dir='ltr'><strong>minime</strong></span> <span class='ocrx_word' id='word_1_124' title='bbox 2751 711 2882 766; x_wconf 89' lang='lat' dir='ltr'><strong>ergo</strong></span> <span class='ocrx_word' id='word_1_125' title='bbox 2904 712 2970 751; x_wconf 91' lang='lat' dir='ltr'><strong>ex</strong></span> <span class='ocrx_word' id='word_1_126' title='bbox 2992 712 3101 751; x_wconf 86' lang='lat' dir='ltr'><strong>uno</strong></span> <span class='ocrx_word' id='word_1_127' title='bbox 3125 697 3395 752; x_wconf 83' lang='lat' dir='ltr'><strong>elemento</strong></span> <span class='ocrx_word' id='word_1_128' title='bbox 3414 699 3758 754; x_wconf 84' lang='lat' dir='ltr'><strong>constituitur</strong></span> 
     </span>
    </p>
   </div>
   <div class='ocr_carea' id='block_1_20' title="bbox 2162 788 3754 860">
    <p class='ocr_par' dir='ltr' id='par_1_20' title="bbox 2162 788 3754 860">
     <span class='ocr_line' id='line_1_20' title="bbox 2162 788 3754 860; baseline 0.001 -17"><span class='ocrx_word' id='word_1_129' title='bbox 2162 789 2346 843; x_wconf 90' lang='lat' dir='ltr'><strong>homo.</strong></span> <span class='ocrx_word' id='word_1_130' title='bbox 2396 788 2665 843; x_wconf 63' lang='lat' dir='ltr'><strong>Caeterum</strong></span> <span class='ocrx_word' id='word_1_131' title='bbox 2711 802 2780 842; x_wconf 85' lang='lat' dir='ltr'><strong>ex</strong></span> <span class='ocrx_word' id='word_1_132' title='bbox 2808 788 3005 858; x_wconf 84' lang='lat' dir='ltr'><strong>quibus</strong></span> <span class='ocrx_word' id='word_1_133' title='bbox 3035 788 3136 857; x_wconf 89' lang='lat' dir='ltr'><strong>ipsi</strong></span> <span class='ocrx_word' id='word_1_134' title='bbox 3167 797 3436 842; x_wconf 83' lang='lat' dir='ltr'><strong>conantur</strong></span> <span class='ocrx_word' id='word_1_135' title='bbox 3476 790 3754 860; x_wconf 84' lang='lat' dir='ltr'><strong>proprium</strong></span> 
     </span>
    </p>
   </div>
   <div class='ocr_carea' id='block_1_21' title="bbox 2161 878 3757 951">
    <p class='ocr_par' dir='ltr' id='par_1_21' title="bbox 2161 878 3757 951">
     <span class='ocr_line' id='line_1_21' title="bbox 2161 878 3757 951; baseline 0.001 -18"><span class='ocrx_word' id='word_1_136' title='bbox 2161 881 2390 951; x_wconf 84' lang='lat' dir='ltr'><strong>quisque</strong></span> <span class='ocrx_word' id='word_1_137' title='bbox 2429 881 2765 935; x_wconf 87' lang='lat' dir='ltr'><strong>communire</strong></span> <span class='ocrx_word' id='word_1_138' title='bbox 2793 879 3011 947; x_wconf 86' lang='lat' dir='ltr'><strong>dogma,</strong></span> <span class='ocrx_word' id='word_1_139' title='bbox 3061 880 3145 934; x_wconf 85' lang='lat' dir='ltr'><strong>his</strong></span> <span class='ocrx_word' id='word_1_140' title='bbox 3191 878 3426 933; x_wconf 80' lang='lat' dir='ltr'><strong>maxime</strong></span> <span class='ocrx_word' id='word_1_141' title='bbox 3454 878 3757 934; x_wconf 87' lang='lat' dir='ltr'><strong>ostenditur</strong></span> 
     </span>
    </p>
   </div>
   <div class='ocr_carea' id='block_1_22' title="bbox 2159 971 3752 1040">
    <p class='ocr_par' dir='ltr' id='par_1_22' title="bbox 2159 971 3752 1040">
     <span class='ocr_line' id='line_1_22' title="bbox 2159 971 3752 1040; baseline 0.003 -17"><span class='ocrx_word' id='word_1_142' title='bbox 2159 979 2393 1040; x_wconf 83' lang='lat' dir='ltr'><strong>quatuor</strong></span> <span class='ocrx_word' id='word_1_143' title='bbox 2420 986 2542 1028; x_wconf 84' lang='lat' dir='ltr'><strong>esse</strong></span> <span class='ocrx_word' id='word_1_144' title='bbox 2571 972 2872 1036; x_wconf 86' lang='lat' dir='ltr'><strong>elementa;</strong></span> <span class='ocrx_word' id='word_1_145' title='bbox 2905 972 3106 1026; x_wconf 88' lang='lat' dir='ltr'><strong>etenim</strong></span> <span class='ocrx_word' id='word_1_146' title='bbox 3132 971 3328 1026; x_wconf 86' lang='lat' dir='ltr'><strong>Thales</strong></span> <span class='ocrx_word' id='word_1_147' title='bbox 3353 986 3547 1040; x_wconf 88' lang='lat' dir='ltr'><strong>aquam</strong></span> <span class='ocrx_word' id='word_1_148' title='bbox 3577 973 3752 1028; x_wconf 82' lang='lat' dir='ltr'><strong>solam</strong></span> 
     </span>
    </p>
   </div>
   <div class='ocr_carea' id='block_1_23' title="bbox 2161 1061 3754 1133">
    <p class='ocr_par' dir='ltr' id='par_1_23' title="bbox 2161 1061 3754 1133">
     <span class='ocr_line' id='line_1_23' title="bbox 2161 1061 3754 1133; baseline 0.002 -19"><span class='ocrx_word' id='word_1_149' title='bbox 2161 1061 2348 1133; x_wconf 79' lang='lat' dir='ltr'><strong>dicens</strong></span> <span class='ocrx_word' id='word_1_150' title='bbox 2393 1061 2744 1126; x_wconf 83' lang='lat' dir='ltr'><strong>elementum,</strong></span> <span class='ocrx_word' id='word_1_151' title='bbox 2774 1062 3149 1116; x_wconf 86' lang='lat' dir='ltr'><strong>demonstrare</strong></span> <span class='ocrx_word' id='word_1_152' title='bbox 3196 1062 3386 1116; x_wconf 90' lang='lat' dir='ltr'><strong>nititur</strong></span> <span class='ocrx_word' id='word_1_153' title='bbox 3413 1063 3618 1132; x_wconf 86' lang='lat' dir='ltr'><strong>reliqua</strong></span> <span class='ocrx_word' id='word_1_154' title='bbox 3653 1065 3754 1117; x_wconf 84' lang='lat' dir='ltr'><strong>tria</strong></span> 
     </span>
    </p>
   </div>
   <div class='ocr_carea' id='block_1_24' title="bbox 2161 1150 3753 1222">
    <p class='ocr_par' dir='ltr' id='par_1_24' title="bbox 2161 1150 3753 1222">
     <span class='ocr_line' id='line_1_24' title="bbox 2161 1150 3753 1222; baseline 0.003 -19"><span class='ocrx_word' id='word_1_155' title='bbox 2161 1150 2229 1204; x_wconf 88' lang='lat' dir='ltr'><strong>ab</strong></span> <span class='ocrx_word' id='word_1_156' title='bbox 2273 1151 2376 1206; x_wconf 88' lang='lat' dir='ltr'><strong>hac</strong></span> <span class='ocrx_word' id='word_1_157' title='bbox 2421 1151 2688 1219; x_wconf 87' lang='lat' dir='ltr'><strong>generari,</strong></span> <span class='ocrx_word' id='word_1_158' title='bbox 2741 1165 2864 1206; x_wconf 85' lang='lat' dir='ltr'><strong>nam</strong></span> <span class='ocrx_word' id='word_1_159' title='bbox 2896 1151 3228 1222; x_wconf 86' lang='lat' dir='ltr'><strong>bypostasim</strong></span> <span class='ocrx_word' id='word_1_160' title='bbox 3258 1151 3375 1220; x_wconf 86' lang='lat' dir='ltr'><strong>ejus</strong></span> <span class='ocrx_word' id='word_1_161' title='bbox 3405 1161 3605 1208; x_wconf 89' lang='lat' dir='ltr'><strong>terram</strong></span> <span class='ocrx_word' id='word_1_162' title='bbox 3637 1152 3753 1208; x_wconf 79' lang='lat' dir='ltr'><strong>ﬁeri</strong></span> 
     </span>
    </p>
   </div>
   <div class='ocr_carea' id='block_1_25' title="bbox 2159 1243 3746 1318">
    <p class='ocr_par' dir='ltr' id='par_1_25' title="bbox 2159 1243 3746 1318">
     <span class='ocr_line' id='line_1_25' title="bbox 2159 1243 3746 1318; baseline 0.002 -23"><span class='ocrx_word' id='word_1_163' title='bbox 2159 1243 2304 1309; x_wconf 89' lang='lat' dir='ltr'><strong>quod</strong></span> <span class='ocrx_word' id='word_1_164' title='bbox 2316 1243 2779 1318; x_wconf 71' lang='grc' dir='ltr'><strong>λεπτομερέστερον</strong></span> <span class='ocrx_word' id='word_1_165' title='bbox 2791 1250 2894 1305; x_wconf 83' lang='lat' dir='ltr'><strong>est,</strong></span> <span class='ocrx_word' id='word_1_166' title='bbox 2913 1257 3116 1306; x_wconf 89' lang='lat' dir='ltr'><strong>acrem,</strong></span> <span class='ocrx_word' id='word_1_167' title='bbox 3145 1243 3290 1312; x_wconf 91' lang='lat' dir='ltr'><strong>quod</strong></span> <span class='ocrx_word' id='word_1_168' title='bbox 3323 1243 3536 1298; x_wconf 84' lang='lat' dir='ltr'><strong>tenuius</strong></span> <span class='ocrx_word' id='word_1_169' title='bbox 3561 1253 3746 1298; x_wconf 84' lang='lat' dir='ltr'><strong>autem</strong></span> 
     </span>
    </p>
   </div>
   <div class='ocr_carea' id='block_1_26' title="bbox 2164 1335 3751 1405">
    <p class='ocr_par' dir='ltr' id='par_1_26' title="bbox 2164 1335 3751 1405">
     <span class='ocr_line' id='line_1_26' title="bbox 2164 1335 3751 1405; baseline 0.001 -18"><span class='ocrx_word' id='word_1_170' title='bbox 2164 1348 2313 1400; x_wconf 81' lang='lat' dir='ltr'><strong>aere,</strong></span> <span class='ocrx_word' id='word_1_171' title='bbox 2343 1335 2542 1402; x_wconf 80' lang='lat' dir='ltr'><strong>ignem.</strong></span> <span class='ocrx_word' id='word_1_172' title='bbox 2577 1335 2935 1389; x_wconf 77' lang='lat' dir='ltr'><strong>Anaximenes</strong></span> <span class='ocrx_word' id='word_1_173' title='bbox 2965 1349 3094 1389; x_wconf 82' lang='lat' dir='ltr'><strong>vero</strong></span> <span class='ocrx_word' id='word_1_174' title='bbox 3115 1350 3296 1389; x_wconf 88' lang='lat' dir='ltr'><strong>aerem</strong></span> <span class='ocrx_word' id='word_1_175' title='bbox 3318 1335 3492 1390; x_wconf 87' lang='lat' dir='ltr'><strong>solum</strong></span> <span class='ocrx_word' id='word_1_176' title='bbox 3522 1351 3751 1405; x_wconf 86' lang='lat' dir='ltr'><strong>ponens,</strong></span> 
     </span>
    </p>
   </div>
   <div class='ocr_carea' id='block_1_27' title="bbox 2160 1426 3744 1500">
    <p class='ocr_par' dir='ltr' id='par_1_27' title="bbox 2160 1426 3744 1500">
     <span class='ocr_line' id='line_1_27' title="bbox 2160 1426 3744 1500; baseline 0.004 -21"><span class='ocrx_word' id='word_1_177' title='bbox 2160 1426 2446 1481; x_wconf 72' lang='lat' dir='ltr'><strong>ostendere</strong></span> <span class='ocrx_word' id='word_1_178' title='bbox 2473 1441 2690 1496; x_wconf 90' lang='lat' dir='ltr'><strong>quoque</strong></span> <span class='ocrx_word' id='word_1_179' title='bbox 2721 1436 2895 1482; x_wconf 89' lang='lat' dir='ltr'><strong>tentat</strong></span> <span class='ocrx_word' id='word_1_180' title='bbox 2924 1428 3027 1482; x_wconf 90' lang='lat' dir='ltr'><strong>alia</strong></span> <span class='ocrx_word' id='word_1_181' title='bbox 3057 1430 3324 1483; x_wconf 88' lang='lat' dir='ltr'><strong>elementa</strong></span> <span class='ocrx_word' id='word_1_182' title='bbox 3355 1445 3422 1484; x_wconf 88' lang='lat' dir='ltr'><strong>ex</strong></span> <span class='ocrx_word' id='word_1_183' title='bbox 3451 1445 3580 1485; x_wconf 87' lang='lat' dir='ltr'><strong>aere</strong></span> <span class='ocrx_word' id='word_1_184' title='bbox 3619 1448 3744 1500; x_wconf 86' lang='lat' dir='ltr'><strong>pro-</strong></span> 
     </span>
    </p>
   </div>
   <div class='ocr_carea' id='block_1_28' title="bbox 2159 1516 3749 1589">
    <p class='ocr_par' dir='ltr' id='par_1_28' title="bbox 2159 1516 3749 1589">
     <span class='ocr_line' id='line_1_28' title="bbox 2159 1516 3749 1589; baseline 0.003 -19"><span class='ocrx_word' id='word_1_185' title='bbox 2159 1516 2304 1571; x_wconf 86' lang='lat' dir='ltr'><strong>duci.</strong></span> <span class='ocrx_word' id='word_1_186' title='bbox 2335 1518 2648 1572; x_wconf 79' lang='lat' dir='ltr'><strong>Iieraclitus</strong></span> <span class='ocrx_word' id='word_1_187' title='bbox 2677 1518 2804 1573; x_wconf 90' lang='lat' dir='ltr'><strong>item</strong></span> <span class='ocrx_word' id='word_1_188' title='bbox 2835 1527 2892 1572; x_wconf 78' lang='lat' dir='ltr'><strong>et</strong></span> <span class='ocrx_word' id='word_1_189' title='bbox 2920 1518 3259 1588; x_wconf 84' lang='lat' dir='ltr'><strong>Hipparchus</strong></span> <span class='ocrx_word' id='word_1_190' title='bbox 3289 1519 3545 1576; x_wconf 84' lang='lat' dir='ltr'><strong>Ponticus</strong></span> <span class='ocrx_word' id='word_1_191' title='bbox 3575 1521 3749 1589; x_wconf 79' lang='lat' dir='ltr'><strong>ignem</strong></span> 
     </span>
    </p>
   </div>
   <div class='ocr_carea' id='block_1_29' title="bbox 2161 1607 3747 1674">
    <p class='ocr_par' dir='ltr' id='par_1_29' title="bbox 2161 1607 3747 1674">
     <span class='ocr_line' id='line_1_29' title="bbox 2161 1607 3747 1674; baseline 0.004 -14"><span class='ocrx_word' id='word_1_192' title='bbox 2161 1607 2452 1662; x_wconf 80' lang='lat' dir='ltr'><strong>aﬁ&#39;erentes</strong></span> <span class='ocrx_word' id='word_1_193' title='bbox 2476 1648 2492 1674; x_wconf 94' lang='lat'><strong>,</strong></span> <span class='ocrx_word' id='word_1_194' title='bbox 2545 1608 2734 1664; x_wconf 87' lang='lat' dir='ltr'><strong>iisdem</strong></span> <span class='ocrx_word' id='word_1_195' title='bbox 2762 1609 3310 1664; x_wconf 88' lang='lat' dir='ltr'><strong>demonstrationibus</strong></span> <span class='ocrx_word' id='word_1_196' title='bbox 3339 1620 3582 1666; x_wconf 77' lang='lat' dir='ltr'><strong>utuntur.</strong></span> <span class='ocrx_word' id='word_1_197' title='bbox 3615 1612 3747 1666; x_wconf 88' lang='lat' dir='ltr'><strong>Cum</strong></span> 
     </span>
    </p>
   </div>
   <div class='ocr_carea' id='block_1_30' title="bbox 2163 1700 3751 1769">
    <p class='ocr_par' dir='ltr' id='par_1_30' title="bbox 2163 1700 3751 1769">
     <span class='ocr_line' id='line_1_30' title="bbox 2163 1700 3751 1769; baseline 0.004 -17"><span class='ocrx_word' id='word_1_198' title='bbox 2163 1700 2345 1768; x_wconf 83' lang='lat' dir='ltr'><strong>itaque</strong></span> <span class='ocrx_word' id='word_1_199' title='bbox 2374 1709 2431 1755; x_wconf 90' lang='lat' dir='ltr'><strong>et</strong></span> <span class='ocrx_word' id='word_1_200' title='bbox 2459 1701 2511 1754; x_wconf 89' lang='lat' dir='ltr'><strong>hi</strong></span> <span class='ocrx_word' id='word_1_201' title='bbox 2539 1701 2723 1756; x_wconf 88' lang='lat' dir='ltr'><strong>dicant</strong></span> <span class='ocrx_word' id='word_1_202' title='bbox 2753 1702 2928 1769; x_wconf 84' lang='lat' dir='ltr'><strong>ignem</strong></span> <span class='ocrx_word' id='word_1_203' title='bbox 2957 1702 3184 1757; x_wconf 88' lang='lat' dir='ltr'><strong>aliorum</strong></span> <span class='ocrx_word' id='word_1_204' title='bbox 3211 1701 3601 1759; x_wconf 86' lang='lat' dir='ltr'><strong>elementorum</strong></span> <span class='ocrx_word' id='word_1_205' title='bbox 3630 1719 3751 1760; x_wconf 85' lang='lat' dir='ltr'><strong>esse</strong></span> 
     </span>
    </p>
   </div>
   <div class='ocr_carea' id='block_1_31' title="bbox 2159 1793 3742 1866">
    <p class='ocr_par' dir='ltr' id='par_1_31' title="bbox 2159 1793 3742 1866">
     <span class='ocr_line' id='line_1_31' title="bbox 2159 1793 3742 1866; baseline 0.003 -21"><span class='ocrx_word' id='word_1_206' title='bbox 2159 1793 2549 1859; x_wconf 81' lang='lat' dir='ltr'><strong>generativum,</strong></span> <span class='ocrx_word' id='word_1_207' title='bbox 2572 1801 2630 1848; x_wconf 92' lang='lat' dir='ltr'><strong>et</strong></span> <span class='ocrx_word' id='word_1_208' title='bbox 2653 1795 2753 1848; x_wconf 91' lang='lat' dir='ltr'><strong>iste</strong></span> <span class='ocrx_word' id='word_1_209' title='bbox 2775 1795 3023 1849; x_wconf 85' lang='lat' dir='ltr'><strong>similiter</strong></span> <span class='ocrx_word' id='word_1_210' title='bbox 3046 1811 3248 1862; x_wconf 86' lang='lat' dir='ltr'><strong>aerem,</strong></span> <span class='ocrx_word' id='word_1_211' title='bbox 3269 1797 3358 1851; x_wconf 89' lang='lat' dir='ltr'><strong>ille</strong></span> <span class='ocrx_word' id='word_1_212' title='bbox 3379 1813 3511 1852; x_wconf 85' lang='lat' dir='ltr'><strong>vero</strong></span> <span class='ocrx_word' id='word_1_213' title='bbox 3528 1813 3742 1866; x_wconf 84' lang='lat' dir='ltr'><strong>aquam,</strong></span> 
     </span>
    </p>
   </div>
   <div class='ocr_carea' id='block_1_32' title="bbox 462 1880 2055 1974">
    <p class='ocr_par' dir='ltr' id='par_1_32' title="bbox 462 1897 2055 1974">
     <span class='ocr_line' id='line_1_32' title="bbox 462 1897 2055 1974; baseline -0.004 -18"><span class='ocrx_word' id='word_1_214' title='bbox 462 1921 634 1967; x_wconf 86' lang='lat' dir='ltr'><strong>reum,</strong></span> <span class='ocrx_word' id='word_1_215' title='bbox 663 1901 1062 1974; x_wconf 72' lang='lat' dir='ltr'><strong>inquani,quod</strong></span> <span class='ocrx_word' id='word_1_216' title='bbox 1095 1903 1146 1957; x_wconf 92' lang='lat' dir='ltr'><strong>in</strong></span> <span class='ocrx_word' id='word_1_217' title='bbox 1175 1901 1402 1956; x_wconf 90' lang='lat' dir='ltr'><strong>circuitu</strong></span> <span class='ocrx_word' id='word_1_218' title='bbox 1436 1900 1622 1956; x_wconf 85' lang='lat' dir='ltr'><strong>fertur.</strong></span> <span class='ocrx_word' id='word_1_219' title='bbox 1649 1899 1839 1953; x_wconf 90' lang='lat' dir='ltr'><strong>nolens</strong></span> <span class='ocrx_word' id='word_1_220' title='bbox 1862 1897 2055 1952; x_wconf 71' lang='lat' dir='ltr'><strong>caalum</strong></span> 
     </span>
    </p>
   </div>
   <div class='ocr_carea' id='block_1_33' title="bbox 2161 1880 3748 1974">
    <p class='ocr_par' dir='ltr' id='par_1_33' title="bbox 2165 1880 3748 1954">
     <span class='ocr_line' id='line_1_33' title="bbox 2165 1880 3748 1954; baseline 0.006 -19"><span class='ocrx_word' id='word_1_221' title='bbox 2165 1880 2444 1938; x_wconf 80' lang='lat' dir='ltr'><strong>manifeste</strong></span> <span class='ocrx_word' id='word_1_222' title='bbox 2475 1884 2641 1954; x_wconf 88' lang='lat' dir='ltr'><strong>liquet</strong></span> <span class='ocrx_word' id='word_1_223' title='bbox 2667 1886 2922 1954; x_wconf 88' lang='lat' dir='ltr'><strong>quoniam</strong></span> <span class='ocrx_word' id='word_1_224' title='bbox 2949 1887 3128 1941; x_wconf 88' lang='lat' dir='ltr'><strong>omnia</strong></span> <span class='ocrx_word' id='word_1_225' title='bbox 3164 1888 3429 1943; x_wconf 83' lang='lat' dir='ltr'><strong>elementa</strong></span> <span class='ocrx_word' id='word_1_226' title='bbox 3461 1889 3748 1945; x_wconf 86' lang='lat' dir='ltr'><strong>vicissatim</strong></span> 
     </span>
    </p>
   </div>
   <div class='ocr_carea' id='block_1_34' title="bbox 461 1980 2059 2064">
    <p class='ocr_par' dir='ltr' id='par_1_34' title="bbox 461 1980 2059 2064">
     <span class='ocr_line' id='line_1_34' title="bbox 461 1980 2059 2064; baseline -0.006 -14"><span class='ocrx_word' id='word_1_227' title='bbox 461 2013 529 2050; x_wconf 83' lang='lat' dir='ltr'><strong>ex</strong></span> <span class='ocrx_word' id='word_1_228' title='bbox 559 2005 792 2064; x_wconf 76' lang='lat' dir='ltr'><strong>quatuor</strong></span> <span class='ocrx_word' id='word_1_229' title='bbox 820 1996 1102 2050; x_wconf 88' lang='lat' dir='ltr'><strong>elementis</strong></span> <span class='ocrx_word' id='word_1_230' title='bbox 1141 2003 1458 2062; x_wconf 85' lang='lat' dir='ltr'><strong>generatum</strong></span> <span class='ocrx_word' id='word_1_231' title='bbox 1512 2007 1675 2057; x_wconf 87' lang='lat' dir='ltr'><strong>esse;</strong></span> <span class='ocrx_word' id='word_1_232' title='bbox 1727 1991 1779 2044; x_wconf 86' lang='lat' dir='ltr'><strong>in</strong></span> <span class='ocrx_word' id='word_1_233' title='bbox 1828 1980 2059 2046; x_wconf 66' lang='lat' dir='ltr'><strong>circuitu</strong></span> 
     </span>
    </p>
   </div>
   <div class='ocr_carea' id='block_1_35' title="bbox 461 2080 2058 2152">
    <p class='ocr_par' dir='ltr' id='par_1_35' title="bbox 461 2080 2058 2152">
     <span class='ocr_line' id='line_1_35' title="bbox 461 2080 2058 2152; baseline -0.004 -12"><span class='ocrx_word' id='word_1_234' title='bbox 461 2095 640 2140; x_wconf 87' lang='lat' dir='ltr'><strong>autem</strong></span> <span class='ocrx_word' id='word_1_235' title='bbox 666 2085 788 2138; x_wconf 90' lang='lat' dir='ltr'><strong>ferri</strong></span> <span class='ocrx_word' id='word_1_236' title='bbox 820 2086 950 2140; x_wconf 84' lang='lat' dir='ltr'><strong>dicit</strong></span> <span class='ocrx_word' id='word_1_237' title='bbox 974 2086 1078 2139; x_wconf 86' lang='lat' dir='ltr'><strong>hoc</strong></span> <span class='ocrx_word' id='word_1_238' title='bbox 1107 2086 1352 2152; x_wconf 90' lang='lat' dir='ltr'><strong>quintum</strong></span> <span class='ocrx_word' id='word_1_239' title='bbox 1383 2099 1604 2152; x_wconf 86' lang='lat' dir='ltr'><strong>corpus,</strong></span> <span class='ocrx_word' id='word_1_240' title='bbox 1630 2080 1777 2150; x_wconf 88' lang='lat' dir='ltr'><strong>quod</strong></span> <span class='ocrx_word' id='word_1_241' title='bbox 1808 2080 2058 2134; x_wconf 78' lang='lat' dir='ltr'><strong>circulari</strong></span> 
     </span>
    </p>
   </div>
   <div class='ocr_carea' id='block_1_36' title="bbox 458 2172 2060 2248">
    <p class='ocr_par' dir='ltr' id='par_1_36' title="bbox 458 2172 2060 2248">
     <span class='ocr_line' id='line_1_36' title="bbox 458 2172 2060 2248; baseline -0.005 -16"><span class='ocrx_word' id='word_1_242' title='bbox 458 2175 946 2248; x_wconf 75' lang='lat' dir='ltr'><strong>circumgyratione</strong></span> <span class='ocrx_word' id='word_1_243' title='bbox 993 2185 1314 2238; x_wconf 88' lang='lat' dir='ltr'><strong>moveatur,</strong></span> <span class='ocrx_word' id='word_1_244' title='bbox 1362 2173 1508 2243; x_wconf 89' lang='lat' dir='ltr'><strong>quod</strong></span> <span class='ocrx_word' id='word_1_245' title='bbox 1558 2172 1714 2226; x_wconf 88' lang='lat' dir='ltr'><strong>Plato</strong></span> <span class='ocrx_word' id='word_1_246' title='bbox 1758 2187 1824 2226; x_wconf 70' lang='lat' dir='ltr'><strong>es</strong></span> <span class='ocrx_word' id='word_1_247' title='bbox 1855 2172 1975 2240; x_wconf 83' lang='lat' dir='ltr'><strong>igne</strong></span> <span class='ocrx_word' id='word_1_248' title='bbox 2004 2179 2060 2226; x_wconf 89' lang='lat' dir='ltr'><strong>et</strong></span> 
     </span>
    </p>
   </div>
   <div class='ocr_carea' id='block_1_37' title="bbox 464 2260 2063 2334">
    <p class='ocr_par' dir='ltr' id='par_1_37' title="bbox 464 2260 2063 2334">
     <span class='ocr_line' id='line_1_37' title="bbox 464 2260 2063 2334; baseline -0.006 -10"><span class='ocrx_word' id='word_1_249' title='bbox 464 2276 612 2324; x_wconf 84' lang='lat' dir='ltr'><strong>terra</strong></span> <span class='ocrx_word' id='word_1_250' title='bbox 641 2279 892 2324; x_wconf 79' lang='lat' dir='ltr'><strong>coastare</strong></span> <span class='ocrx_word' id='word_1_251' title='bbox 918 2266 1201 2322; x_wconf 83' lang='lat' dir='ltr'><strong>manifeste</strong></span> <span class='ocrx_word' id='word_1_252' title='bbox 1232 2265 1464 2330; x_wconf 89' lang='lat' dir='ltr'><strong>disserit,</strong></span> <span class='ocrx_word' id='word_1_253' title='bbox 1500 2265 1572 2319; x_wconf 90' lang='lat' dir='ltr'><strong>ita</strong></span> <span class='ocrx_word' id='word_1_254' title='bbox 1608 2263 1856 2334; x_wconf 89' lang='lat' dir='ltr'><strong>inquiens</strong></span> <span class='ocrx_word' id='word_1_255' title='bbox 1890 2281 1902 2315; x_wconf 90' lang='lat'>:</span> <span class='ocrx_word' id='word_1_256' title='bbox 1933 2260 2063 2316; x_wconf 89' lang='lat' dir='ltr'><strong>Cor-</strong></span> 
     </span>
    </p>
   </div>
   <div class='ocr_carea' id='block_1_38' title="bbox 463 2355 2062 2432">
    <p class='ocr_par' dir='ltr' id='par_1_38' title="bbox 463 2355 2062 2432">
     <span class='ocr_line' id='line_1_38' title="bbox 463 2355 2062 2432; baseline -0.005 -15"><span class='ocrx_word' id='word_1_257' title='bbox 463 2379 637 2432; x_wconf 73' lang='lat' dir='ltr'><strong>poreae</strong></span> <span class='ocrx_word' id='word_1_258' title='bbox 678 2362 886 2432; x_wconf 75' lang='lat' dir='ltr'><strong>speciei,</strong></span> <span class='ocrx_word' id='word_1_259' title='bbox 939 2369 990 2414; x_wconf 91' lang='lat' dir='ltr'><strong>et</strong></span> <span class='ocrx_word' id='word_1_260' title='bbox 1030 2360 1227 2416; x_wconf 72' lang='lat' dir='ltr'><strong>uisibile</strong></span> <span class='ocrx_word' id='word_1_261' title='bbox 1255 2368 1304 2413; x_wconf 88' lang='lat' dir='ltr'><strong>et</strong></span> <span class='ocrx_word' id='word_1_262' title='bbox 1335 2357 1610 2430; x_wconf 79' lang='lat' dir='ltr'><strong>tangibile,</strong></span> <span class='ocrx_word' id='word_1_263' title='bbox 1665 2355 1802 2428; x_wconf 83' lang='lat' dir='ltr'><strong>quod</strong></span> <span class='ocrx_word' id='word_1_264' title='bbox 1829 2357 1916 2421; x_wconf 84' lang='lat' dir='ltr'><strong>sit,</strong></span> <span class='ocrx_word' id='word_1_265' title='bbox 1949 2371 2062 2409; x_wconf 80' lang='lat' dir='ltr'><strong>esse</strong></span> 
     </span>
    </p>
   </div>
   <div class='ocr_carea' id='block_1_39' title="bbox 462 2444 2058 2523">
    <p class='ocr_par' dir='ltr' id='par_1_39' title="bbox 462 2444 2058 2523">
     <span class='ocr_line' id='line_1_39' title="bbox 462 2444 2058 2523; baseline -0.006 -14"><span class='ocrx_word' id='word_1_266' title='bbox 462 2462 700 2523; x_wconf 84' lang='lat' dir='ltr'><strong>oportet,</strong></span> <span class='ocrx_word' id='word_1_267' title='bbox 748 2453 863 2507; x_wconf 74' lang='lat' dir='ltr'><strong>sine</strong></span> <span class='ocrx_word' id='word_1_268' title='bbox 897 2453 1018 2520; x_wconf 84' lang='lat' dir='ltr'><strong>igne</strong></span> <span class='ocrx_word' id='word_1_269' title='bbox 1049 2461 1228 2506; x_wconf 89' lang='lat' dir='ltr'><strong>autem</strong></span> <span class='ocrx_word' id='word_1_270' title='bbox 1263 2451 1394 2506; x_wconf 86' lang='lat' dir='ltr'><strong>nihil</strong></span> <span class='ocrx_word' id='word_1_271' title='bbox 1429 2465 1665 2518; x_wconf 90' lang='lat' dir='ltr'><strong>unquam</strong></span> <span class='ocrx_word' id='word_1_272' title='bbox 1695 2447 1903 2503; x_wconf 88' lang='lat' dir='ltr'><strong>visibile</strong></span> <span class='ocrx_word' id='word_1_273' title='bbox 1946 2444 2058 2511; x_wconf 87' lang='lat' dir='ltr'><strong>ﬁet,</strong></span> 
     </span>
    </p>
   </div>
   <div class='ocr_carea' id='block_1_40' title="bbox 469 2541 2057 2614">
    <p class='ocr_par' dir='ltr' id='par_1_40' title="bbox 469 2541 2057 2614">
     <span class='ocr_line' id='line_1_40' title="bbox 469 2541 2057 2614; baseline -0.004 -16"><span class='ocrx_word' id='word_1_274' title='bbox 469 2559 645 2614; x_wconf 83' lang='lat' dir='ltr'><strong>neque</strong></span> <span class='ocrx_word' id='word_1_275' title='bbox 674 2543 793 2599; x_wconf 89' lang='lat' dir='ltr'><strong>sine</strong></span> <span class='ocrx_word' id='word_1_276' title='bbox 821 2544 994 2599; x_wconf 86' lang='lat' dir='ltr'><strong>solido</strong></span> <span class='ocrx_word' id='word_1_277' title='bbox 1026 2544 1311 2611; x_wconf 83' lang='lat' dir='ltr'><strong>tangihile,</strong></span> <span class='ocrx_word' id='word_1_278' title='bbox 1362 2551 1417 2595; x_wconf 92' lang='lat' dir='ltr'><strong>at</strong></span> <span class='ocrx_word' id='word_1_279' title='bbox 1444 2541 1674 2596; x_wconf 86' lang='lat' dir='ltr'><strong>solidum</strong></span> <span class='ocrx_word' id='word_1_280' title='bbox 1720 2554 2057 2611; x_wconf 86' lang='lat' dir='ltr'><strong>nequaquam</strong></span> 
     </span>
    </p>
   </div>
   <div class='ocr_carea' id='block_1_41' title="bbox 468 2632 2060 2703">
    <p class='ocr_par' dir='ltr' id='par_1_41' title="bbox 468 2632 2060 2703">
     <span class='ocr_line' id='line_1_41' title="bbox 468 2632 2060 2703; baseline -0.001 -14"><span class='ocrx_word' id='word_1_281' title='bbox 468 2636 673 2702; x_wconf 75' lang='lat' dir='ltr'><strong>absque</strong></span> <span class='ocrx_word' id='word_1_282' title='bbox 705 2644 845 2688; x_wconf 90' lang='lat' dir='ltr'><strong>terra</strong></span> <span class='ocrx_word' id='word_1_283' title='bbox 889 2636 1092 2690; x_wconf 82' lang='lat' dir='ltr'><strong>existit.</strong></span> <span class='ocrx_word' id='word_1_284' title='bbox 1128 2634 1361 2688; x_wconf 89' lang='lat' dir='ltr'><strong>Proinde</strong></span> <span class='ocrx_word' id='word_1_285' title='bbox 1392 2649 1460 2689; x_wconf 87' lang='lat' dir='ltr'><strong>ex</strong></span> <span class='ocrx_word' id='word_1_286' title='bbox 1490 2633 1612 2703; x_wconf 90' lang='lat' dir='ltr'><strong>igne</strong></span> <span class='ocrx_word' id='word_1_287' title='bbox 1641 2641 1696 2688; x_wconf 91' lang='lat' dir='ltr'><strong>et</strong></span> <span class='ocrx_word' id='word_1_288' title='bbox 1727 2639 1868 2688; x_wconf 87' lang='lat' dir='ltr'><strong>terra</strong></span> <span class='ocrx_word' id='word_1_289' title='bbox 1901 2632 2060 2701; x_wconf 86' lang='lat' dir='ltr'><strong>hujus</strong></span> 
     </span>
    </p>
   </div>
   <div class='ocr_carea' id='block_1_42' title="bbox 468 2721 2060 2794">
    <p class='ocr_par' dir='ltr' id='par_1_42' title="bbox 468 2721 2060 2794">
     <span class='ocr_line' id='line_1_42' title="bbox 468 2721 2060 2794; baseline -0.002 -16"><span class='ocrx_word' id='word_1_290' title='bbox 468 2723 715 2778; x_wconf 84' lang='lat' dir='ltr'><strong>Universi</strong></span> <span class='ocrx_word' id='word_1_291' title='bbox 746 2739 944 2794; x_wconf 91' lang='lat' dir='ltr'><strong>corpus</strong></span> <span class='ocrx_word' id='word_1_292' title='bbox 974 2723 1233 2778; x_wconf 82' lang='lat' dir='ltr'><strong>inchoans</strong></span> <span class='ocrx_word' id='word_1_293' title='bbox 1260 2723 1398 2776; x_wconf 91' lang='lat' dir='ltr'><strong>Deus</strong></span> <span class='ocrx_word' id='word_1_294' title='bbox 1430 2722 1575 2787; x_wconf 89' lang='lat' dir='ltr'><strong>fecit,</strong></span> <span class='ocrx_word' id='word_1_295' title='bbox 1603 2721 1710 2777; x_wconf 90' lang='lat' dir='ltr'><strong>duo</strong></span> <span class='ocrx_word' id='word_1_296' title='bbox 1731 2730 1911 2776; x_wconf 90' lang='lat' dir='ltr'><strong>autem</strong></span> <span class='ocrx_word' id='word_1_297' title='bbox 1941 2721 2060 2775; x_wconf 89' lang='lat' dir='ltr'><strong>sine</strong></span> 
     </span>
    </p>
   </div>
   <div class='ocr_carea' id='block_1_43' title="bbox 468 2813 2061 2883">
    <p class='ocr_par' dir='ltr' id='par_1_43' title="bbox 468 2813 2061 2883">
     <span class='ocr_line' id='line_1_43' title="bbox 468 2813 2061 2883; baseline -0.003 -15"><span class='ocrx_word' id='word_1_298' title='bbox 468 2816 628 2870; x_wconf 82' lang='lat' dir='ltr'><strong>tertio</strong></span> <span class='ocrx_word' id='word_1_299' title='bbox 651 2817 786 2870; x_wconf 88' lang='lat' dir='ltr'><strong>bene</strong></span> <span class='ocrx_word' id='word_1_300' title='bbox 809 2815 1109 2869; x_wconf 85' lang='lat' dir='ltr'><strong>consistere</strong></span> <span class='ocrx_word' id='word_1_301' title='bbox 1134 2822 1428 2883; x_wconf 78' lang='lat' dir='ltr'><strong>nequeunt,</strong></span> <span class='ocrx_word' id='word_1_302' title='bbox 1451 2813 1664 2867; x_wconf 88' lang='lat' dir='ltr'><strong>vinculo</strong></span> <span class='ocrx_word' id='word_1_303' title='bbox 1686 2813 1828 2866; x_wconf 91' lang='lat' dir='ltr'><strong>enim</strong></span> <span class='ocrx_word' id='word_1_304' title='bbox 1852 2819 2061 2866; x_wconf 90' lang='lat' dir='ltr'><strong>utrum-</strong></span> 
     </span>
    </p>
   </div>
   <div class='ocr_carea' id='block_1_44' title="bbox 457 2903 2057 2976">
    <p class='ocr_par' dir='ltr' id='par_1_44' title="bbox 457 2903 2057 2976">
     <span class='ocr_line' id='line_1_44' title="bbox 457 2903 2057 2976; baseline -0.001 -18"><span class='ocrx_word' id='word_1_305' title='bbox 457 2921 560 2976; x_wconf 86' lang='lat' dir='ltr'><strong>que</strong></span> <span class='ocrx_word' id='word_1_306' title='bbox 575 2907 974 2974; x_wconf 79' lang='lat' dir='ltr'><strong>coagmentanti</strong></span> <span class='ocrx_word' id='word_1_307' title='bbox 989 2922 1126 2975; x_wconf 92' lang='lat' dir='ltr'><strong>opus</strong></span> <span class='ocrx_word' id='word_1_308' title='bbox 1137 2914 1240 2970; x_wconf 84' lang='lat' dir='ltr'><strong>est;</strong></span> <span class='ocrx_word' id='word_1_309' title='bbox 1255 2904 1526 2959; x_wconf 88' lang='lat' dir='ltr'><strong>vinculum</strong></span> <span class='ocrx_word' id='word_1_310' title='bbox 1539 2919 1668 2958; x_wconf 91' lang='lat' dir='ltr'><strong>vero</strong></span> <span class='ocrx_word' id='word_1_311' title='bbox 1682 2903 1944 2973; x_wconf 90' lang='lat' dir='ltr'><strong>optimum</strong></span> <span class='ocrx_word' id='word_1_312' title='bbox 1957 2911 2057 2970; x_wconf 88' lang='lat' dir='ltr'><strong>est,</strong></span> 
     </span>
    </p>
   </div>
   <div class='ocr_carea' id='block_1_45' title="bbox 469 2995 2056 3068">
    <p class='ocr_par' dir='ltr' id='par_1_45' title="bbox 469 2995 2056 3068">
     <span class='ocr_line' id='line_1_45' title="bbox 469 2995 2056 3068; baseline -0.001 -16"><span class='ocrx_word' id='word_1_313' title='bbox 469 2998 614 3066; x_wconf 86' lang='lat' dir='ltr'><strong>quod</strong></span> <span class='ocrx_word' id='word_1_314' title='bbox 646 3006 699 3051; x_wconf 89' lang='lat' dir='ltr'><strong>et</strong></span> <span class='ocrx_word' id='word_1_315' title='bbox 729 3013 787 3052; x_wconf 91' lang='lat' dir='ltr'><strong>se</strong></span> <span class='ocrx_word' id='word_1_316' title='bbox 819 2998 992 3068; x_wconf 63' lang='lat' dir='ltr'><strong>ipalﬂli</strong></span> <span class='ocrx_word' id='word_1_317' title='bbox 1025 3007 1078 3050; x_wconf 91' lang='lat' dir='ltr'><strong>et</strong></span> <span class='ocrx_word' id='word_1_318' title='bbox 1106 3011 1226 3066; x_wconf 75' lang='lat' dir='ltr'><strong>qua:</strong></span> <span class='ocrx_word' id='word_1_319' title='bbox 1253 2995 1574 3063; x_wconf 85' lang='lat' dir='ltr'><strong>colligantur</strong></span> <span class='ocrx_word' id='word_1_320' title='bbox 1628 3011 1789 3063; x_wconf 89' lang='lat' dir='ltr'><strong>quam</strong></span> <span class='ocrx_word' id='word_1_321' title='bbox 1820 2996 2056 3050; x_wconf 80' lang='lat' dir='ltr'><strong>maxime</strong></span> 
     </span>
    </p>
   </div>
   <div class='ocr_carea' id='block_1_46' title="bbox 462 3083 2058 3156">
    <p class='ocr_par' dir='ltr' id='par_1_46' title="bbox 462 3083 2058 3156">
     <span class='ocr_line' id='line_1_46' title="bbox 462 3083 2058 3156; baseline -0.001 -16"><span class='ocrx_word' id='word_1_322' title='bbox 462 3102 628 3140; x_wconf 90' lang='lat' dir='ltr'><strong>unum</strong></span> <span class='ocrx_word' id='word_1_323' title='bbox 653 3083 850 3149; x_wconf 84' lang='lat' dir='ltr'><strong>efﬁcit;</strong></span> <span class='ocrx_word' id='word_1_324' title='bbox 884 3087 986 3140; x_wconf 90' lang='lat' dir='ltr'><strong>hoc</strong></span> <span class='ocrx_word' id='word_1_325' title='bbox 1009 3094 1188 3139; x_wconf 89' lang='lat' dir='ltr'><strong>autem</strong></span> <span class='ocrx_word' id='word_1_326' title='bbox 1217 3084 1725 3139; x_wconf 90' lang='lat' dir='ltr'><strong>convenientissime</strong></span> <span class='ocrx_word' id='word_1_327' title='bbox 1749 3086 2058 3156; x_wconf 81' lang='lat' dir='ltr'><strong>proportio-</strong></span> 
     </span>
    </p>
   </div>
   <div class='ocr_carea' id='block_1_47' title="bbox 469 3171 2056 3246">
    <p class='ocr_par' dir='ltr' id='par_1_47' title="bbox 469 3171 2056 3246">
     <span class='ocr_line' id='line_1_47' title="bbox 469 3171 2056 3246; baseline 0.001 -16"><span class='ocrx_word' id='word_1_328' title='bbox 469 3188 597 3230; x_wconf 89' lang='lat' dir='ltr'><strong>nata</strong></span> <span class='ocrx_word' id='word_1_329' title='bbox 631 3186 714 3231; x_wconf 90' lang='lat' dir='ltr'><strong>cst</strong></span> <span class='ocrx_word' id='word_1_330' title='bbox 753 3176 1043 3246; x_wconf 81' lang='lat' dir='ltr'><strong>perlicere,</strong></span> <span class='ocrx_word' id='word_1_331' title='bbox 1088 3177 1361 3230; x_wconf 88' lang='lat' dir='ltr'><strong>vinculum</strong></span> <span class='ocrx_word' id='word_1_332' title='bbox 1389 3177 1574 3231; x_wconf 86' lang='lat' dir='ltr'><strong>dicens</strong></span> <span class='ocrx_word' id='word_1_333' title='bbox 1603 3171 1777 3230; x_wconf 88' lang='lat' dir='ltr'><strong>media</strong></span> <span class='ocrx_word' id='word_1_334' title='bbox 1809 3177 1914 3231; x_wconf 91' lang='lat' dir='ltr'><strong>duo</strong></span> <span class='ocrx_word' id='word_1_335' title='bbox 1942 3177 2056 3231; x_wconf 88' lang='lat' dir='ltr'><strong>ele-</strong></span> 
     </span>
    </p>
   </div>
   <div class='ocr_carea' id='block_1_48' title="bbox 2162 1975 3748 2050">
    <p class='ocr_par' dir='ltr' id='par_1_48' title="bbox 2162 1975 3748 2050">
     <span class='ocr_line' id='line_1_48' title="bbox 2162 1975 3748 2050; baseline 0.006 -24"><span class='ocrx_word' id='word_1_336' title='bbox 2162 1989 2222 2026; x_wconf 88' lang='lat' dir='ltr'><strong>se</strong></span> <span class='ocrx_word' id='word_1_337' title='bbox 2253 1982 2644 2037; x_wconf 86' lang='lat' dir='ltr'><strong>transmutant,</strong></span> <span class='ocrx_word' id='word_1_338' title='bbox 2696 1975 2856 2044; x_wconf 90' lang='lat' dir='ltr'><strong>inque</strong></span> <span class='ocrx_word' id='word_1_339' title='bbox 2885 1991 2945 2031; x_wconf 88' lang='lat' dir='ltr'><strong>se</strong></span> <span class='ocrx_word' id='word_1_340' title='bbox 2977 1977 3205 2032; x_wconf 87' lang='lat' dir='ltr'><strong>invicem</strong></span> <span class='ocrx_word' id='word_1_341' title='bbox 3235 1986 3540 2047; x_wconf 86' lang='lat' dir='ltr'><strong>vertuntur,</strong></span> <span class='ocrx_word' id='word_1_342' title='bbox 3573 1981 3748 2050; x_wconf 82' lang='lat' dir='ltr'><strong>quod-</strong></span> 
     </span>
    </p>
   </div>
   <div class='ocr_carea' id='block_1_49' title="bbox 2160 2061 3746 2142">
    <p class='ocr_par' dir='ltr' id='par_1_49' title="bbox 2160 2061 3746 2142">
     <span class='ocr_line' id='line_1_49' title="bbox 2160 2061 3746 2142; baseline 0.008 -26"><span class='ocrx_word' id='word_1_343' title='bbox 2160 2061 2294 2119; x_wconf 90' lang='lat' dir='ltr'><strong>libet</strong></span> <span class='ocrx_word' id='word_1_344' title='bbox 2317 2065 2506 2119; x_wconf 88' lang='lat' dir='ltr'><strong>horum</strong></span> <span class='ocrx_word' id='word_1_345' title='bbox 2529 2066 2855 2121; x_wconf 89' lang='lat' dir='ltr'><strong>elementum</strong></span> <span class='ocrx_word' id='word_1_346' title='bbox 2886 2083 3008 2124; x_wconf 86' lang='lat' dir='ltr'><strong>esse</strong></span> <span class='ocrx_word' id='word_1_347' title='bbox 3038 2072 3347 2125; x_wconf 59' lang='lat' dir='ltr'><strong>necessario</strong></span> <span class='ocrx_word' id='word_1_348' title='bbox 3378 2074 3746 2142; x_wconf 87' lang='lat' dir='ltr'><strong>consequitur.</strong></span> 
     </span>
    </p>
   </div>
   <div class='ocr_carea' id='block_1_50' title="bbox 2161 2152 3751 2232">
    <p class='ocr_par' dir='ltr' id='par_1_50' title="bbox 2161 2152 3751 2232">
     <span class='ocr_line' id='line_1_50' title="bbox 2161 2152 3751 2232; baseline 0.009 -28"><span class='ocrx_word' id='word_1_349' title='bbox 2161 2152 2533 2224; x_wconf 87' lang='lat' dir='ltr'><strong>Quodcunque</strong></span> <span class='ocrx_word' id='word_1_350' title='bbox 2548 2155 2689 2210; x_wconf 89' lang='lat' dir='ltr'><strong>enim</strong></span> <span class='ocrx_word' id='word_1_351' title='bbox 2704 2165 2935 2225; x_wconf 87' lang='lat' dir='ltr'><strong>quatuor</strong></span> <span class='ocrx_word' id='word_1_352' title='bbox 2959 2160 3352 2215; x_wconf 87' lang='lat' dir='ltr'><strong>elementorum</strong></span> <span class='ocrx_word' id='word_1_353' title='bbox 3365 2162 3751 2232; x_wconf 83' lang='lat' dir='ltr'><strong>absunipseris,</strong></span> 
     </span>
    </p>
   </div>
   <div class='ocr_carea' id='block_1_51' title="bbox 2160 2245 3133 2317">
    <p class='ocr_par' dir='ltr' id='par_1_51' title="bbox 2160 2245 3133 2317">
     <span class='ocr_line' id='line_1_51' title="bbox 2160 2245 3133 2317; baseline 0.007 -18"><span class='ocrx_word' id='word_1_354' title='bbox 2160 2253 2213 2299; x_wconf 90' lang='lat' dir='ltr'><strong>et</strong></span> <span class='ocrx_word' id='word_1_355' title='bbox 2243 2245 2345 2300; x_wconf 85' lang='lat' dir='ltr'><strong>hoc</strong></span> <span class='ocrx_word' id='word_1_356' title='bbox 2369 2247 2437 2300; x_wconf 90' lang='lat' dir='ltr'><strong>ab</strong></span> <span class='ocrx_word' id='word_1_357' title='bbox 2464 2248 2572 2302; x_wconf 92' lang='lat' dir='ltr'><strong>alio</strong></span> <span class='ocrx_word' id='word_1_358' title='bbox 2605 2247 2718 2302; x_wconf 83' lang='lat' dir='ltr'><strong>tieri</strong></span> <span class='ocrx_word' id='word_1_359' title='bbox 2747 2247 3133 2317; x_wconf 88' lang='lat' dir='ltr'><strong>comperietur.</strong></span> 
     </span>
    </p>
   </div>
   <div class='ocr_carea' id='block_1_52' title="bbox 2745 2338 3172 2396">
    <p class='ocr_par' dir='ltr' id='par_1_52' title="bbox 2745 2338 3172 2396">
     <span class='ocr_line' id='line_1_52' title="bbox 2745 2338 3172 2396; baseline 0.005 -2"><span class='ocrx_word' id='word_1_360' title='bbox 2745 2338 2975 2395; x_wconf 80' lang='lat' dir='ltr'><strong>CAPUT</strong></span> <span class='ocrx_word' id='word_1_361' title='bbox 3007 2341 3172 2396; x_wconf 72' lang='lat' dir='ltr'><strong>XXV.</strong></span> 
     </span>
    </p>
   </div>
   <div class='ocr_carea' id='block_1_53' title="bbox 2163 2408 3753 2481">
    <p class='ocr_par' dir='ltr' id='par_1_53' title="bbox 2163 2408 3753 2481">
     <span class='ocr_line' id='line_1_53' title="bbox 2163 2408 3753 2481; baseline 0.006 -23"><span class='ocrx_word' id='word_1_362' title='bbox 2163 2408 2415 2462; x_wconf 78' lang='lat' dir='ltr'><strong>Adversus</strong></span> <span class='ocrx_word' id='word_1_363' title='bbox 2445 2426 2530 2464; x_wconf 88' lang='lat' dir='ltr'><strong>eos</strong></span> <span class='ocrx_word' id='word_1_364' title='bbox 2560 2410 2645 2481; x_wconf 73' lang='lat' dir='ltr'><strong>qui</strong></span> <span class='ocrx_word' id='word_1_365' title='bbox 2685 2412 2880 2465; x_wconf 79' lang='lat' dir='ltr'><strong>audent</strong></span> <span class='ocrx_word' id='word_1_366' title='bbox 2908 2429 3139 2468; x_wconf 72' lang='lat' dir='ltr'><strong>asserere</strong></span> <span class='ocrx_word' id='word_1_367' title='bbox 3163 2424 3476 2470; x_wconf 74' lang='lat' dir='ltr'><strong>cotztemam</strong></span> <span class='ocrx_word' id='word_1_368' title='bbox 3509 2415 3614 2470; x_wconf 84' lang='lat' dir='ltr'><strong>Deo</strong></span> <span class='ocrx_word' id='word_1_369' title='bbox 3642 2432 3753 2470; x_wconf 85' lang='lat' dir='ltr'><strong>csse</strong></span> 
     </span>
    </p>
   </div>
   <div class='ocr_carea' id='block_1_54' title="bbox 2809 2485 3102 2537">
    <p class='ocr_par' dir='ltr' id='par_1_54' title="bbox 2809 2485 3102 2537">
     <span class='ocr_line' id='line_1_54' title="bbox 2809 2485 3102 2537; baseline 0.007 -2"><span class='ocrx_word' id='word_1_370' title='bbox 2809 2485 3102 2537; x_wconf 82' lang='lat' dir='ltr'><strong>materiam.</strong></span> 
     </span>
    </p>
   </div>
   <div class='ocr_carea' id='block_1_55' title="bbox 2234 2545 3751 2628">
    <p class='ocr_par' dir='ltr' id='par_1_55' title="bbox 2234 2545 3751 2628">
     <span class='ocr_line' id='line_1_55' title="bbox 2234 2545 3751 2628; baseline 0.007 -28"><span class='ocrx_word' id='word_1_371' title='bbox 2234 2545 2349 2601; x_wconf 85' lang='lat' dir='ltr'><strong>Non</strong></span> <span class='ocrx_word' id='word_1_372' title='bbox 2398 2549 2541 2604; x_wconf 90' lang='lat' dir='ltr'><strong>enim</strong></span> <span class='ocrx_word' id='word_1_373' title='bbox 2582 2547 2738 2619; x_wconf 85' lang='lat' dir='ltr'><strong>juxta</strong></span> <span class='ocrx_word' id='word_1_374' title='bbox 2785 2566 2973 2606; x_wconf 88' lang='lat' dir='ltr'><strong>eorum</strong></span> <span class='ocrx_word' id='word_1_375' title='bbox 3022 2568 3142 2622; x_wconf 71' lang='lat' dir='ltr'><strong>qua:</strong></span> <span class='ocrx_word' id='word_1_376' title='bbox 3179 2570 3278 2624; x_wconf 92' lang='lat' dir='ltr'><strong>per</strong></span> <span class='ocrx_word' id='word_1_377' title='bbox 3306 2556 3751 2628; x_wconf 85' lang='lat' dir='ltr'><strong>consequentiam</strong></span> 
     </span>
    </p>
   </div>
   <div class='ocr_carea' id='block_1_56' title="bbox 2163 2638 3754 2716">
    <p class='ocr_par' dir='ltr' id='par_1_56' title="bbox 2163 2638 3754 2716">
     <span class='ocr_line' id='line_1_56' title="bbox 2163 2638 3754 2716; baseline 0.006 -24"><span class='ocrx_word' id='word_1_378' title='bbox 2163 2638 2510 2707; x_wconf 88' lang='lat' dir='ltr'><strong>reperiuntur</strong></span> <span class='ocrx_word' id='word_1_379' title='bbox 2537 2641 2778 2696; x_wconf 65' lang='lat' dir='ltr'><strong>materias</strong></span> <span class='ocrx_word' id='word_1_380' title='bbox 2821 2640 2993 2697; x_wconf 89' lang='lat' dir='ltr'><strong>fertur</strong></span> <span class='ocrx_word' id='word_1_381' title='bbox 3034 2645 3217 2714; x_wconf 92' lang='lat' dir='ltr'><strong>opinio</strong></span> <span class='ocrx_word' id='word_1_382' title='bbox 3263 2661 3383 2716; x_wconf 73' lang='lat' dir='ltr'><strong>qum</strong></span> <span class='ocrx_word' id='word_1_383' title='bbox 3430 2663 3494 2703; x_wconf 86' lang='lat' dir='ltr'><strong>ex</strong></span> <span class='ocrx_word' id='word_1_384' title='bbox 3537 2647 3754 2702; x_wconf 79' lang='lat' dir='ltr'><strong>intelle-</strong></span> 
     </span>
    </p>
   </div>
   <div class='ocr_carea' id='block_1_57' title="bbox 2163 2730 3750 2808">
    <p class='ocr_par' dir='ltr' id='par_1_57' title="bbox 2163 2730 3750 2808">
     <span class='ocr_line' id='line_1_57' title="bbox 2163 2730 3750 2808; baseline 0.007 -25"><span class='ocrx_word' id='word_1_385' title='bbox 2163 2730 2327 2784; x_wconf 82' lang='lat' dir='ltr'><strong>ctuali</strong></span> <span class='ocrx_word' id='word_1_386' title='bbox 2352 2731 2492 2786; x_wconf 85' lang='lat' dir='ltr'><strong>hanc</strong></span> <span class='ocrx_word' id='word_1_387' title='bbox 2515 2746 2731 2803; x_wconf 88' lang='lat' dir='ltr'><strong>quoque</strong></span> <span class='ocrx_word' id='word_1_388' title='bbox 2757 2733 2876 2788; x_wconf 90' lang='lat' dir='ltr'><strong>sine</strong></span> <span class='ocrx_word' id='word_1_389' title='bbox 2903 2736 3128 2789; x_wconf 89' lang='lat' dir='ltr'><strong>materia</strong></span> <span class='ocrx_word' id='word_1_390' title='bbox 3154 2739 3387 2793; x_wconf 80' lang='lat' dir='ltr'><strong>existere</strong></span> <span class='ocrx_word' id='word_1_391' title='bbox 3416 2740 3750 2808; x_wconf 82' lang='lat' dir='ltr'><strong>pronuntiat.</strong></span> 
     </span>
    </p>
   </div>
   <div class='ocr_carea' id='block_1_58' title="bbox 2163 2818 3751 2896">
    <p class='ocr_par' dir='ltr' id='par_1_58' title="bbox 2163 2818 3751 2896">
     <span class='ocr_line' id='line_1_58' title="bbox 2163 2818 3751 2896; baseline 0.007 -22"><span class='ocrx_word' id='word_1_392' title='bbox 2163 2818 2390 2876; x_wconf 92' lang='lat' dir='ltr'><strong>Omnem</strong></span> <span class='ocrx_word' id='word_1_393' title='bbox 2449 2837 2683 2892; x_wconf 89' lang='lat' dir='ltr'><strong>namque</strong></span> <span class='ocrx_word' id='word_1_394' title='bbox 2734 2825 3019 2880; x_wconf 89' lang='lat' dir='ltr'><strong>materiam</strong></span> <span class='ocrx_word' id='word_1_395' title='bbox 3080 2828 3401 2896; x_wconf 89' lang='lat' dir='ltr'><strong>quibusdam</strong></span> <span class='ocrx_word' id='word_1_396' title='bbox 3456 2831 3751 2886; x_wconf 85' lang='lat' dir='ltr'><strong>subsistere</strong></span> 
     </span>
    </p>
   </div>
   <div class='ocr_carea' id='block_1_59' title="bbox 2165 2913 3754 2991">
    <p class='ocr_par' dir='ltr' id='par_1_59' title="bbox 2165 2913 3754 2991">
     <span class='ocr_line' id='line_1_59' title="bbox 2165 2913 3754 2991; baseline 0.007 -26"><span class='ocrx_word' id='word_1_397' title='bbox 2165 2913 2513 2982; x_wconf 89' lang='lat' dir='ltr'><strong>qualitatibus</strong></span> <span class='ocrx_word' id='word_1_398' title='bbox 2542 2914 2864 2985; x_wconf 88' lang='lat' dir='ltr'><strong>invenimus,</strong></span> <span class='ocrx_word' id='word_1_399' title='bbox 2891 2919 3083 2988; x_wconf 91' lang='lat' dir='ltr'><strong>quibus</strong></span> <span class='ocrx_word' id='word_1_400' title='bbox 3124 2920 3168 2974; x_wconf 89' lang='lat' dir='ltr'><strong>si</strong></span> <span class='ocrx_word' id='word_1_401' title='bbox 3202 2923 3468 2991; x_wconf 86' lang='lat' dir='ltr'><strong>privetur,</strong></span> <span class='ocrx_word' id='word_1_402' title='bbox 3493 2923 3638 2977; x_wconf 81' lang='lat' dir='ltr'><strong>nuli&#39;a</strong></span> <span class='ocrx_word' id='word_1_403' title='bbox 3666 2937 3754 2976; x_wconf 80' lang='lat' dir='ltr'><strong>ia-</strong></span> 
     </span>
    </p>
   </div>
   <div class='ocr_carea' id='block_1_60' title="bbox 2168 3006 3750 3086">
    <p class='ocr_par' dir='ltr' id='par_1_60' title="bbox 2168 3006 3750 3086">
     <span class='ocr_line' id='line_1_60' title="bbox 2168 3006 3750 3086; baseline 0.008 -28"><span class='ocrx_word' id='word_1_404' title='bbox 2168 3006 2313 3060; x_wconf 91' lang='lat' dir='ltr'><strong>tione</strong></span> <span class='ocrx_word' id='word_1_405' title='bbox 2360 3008 2564 3076; x_wconf 88' lang='lat' dir='ltr'><strong>poterit</strong></span> <span class='ocrx_word' id='word_1_406' title='bbox 2611 3010 3016 3079; x_wconf 87' lang='lat' dir='ltr'><strong>comprehendi.</strong></span> <span class='ocrx_word' id='word_1_407' title='bbox 3070 3012 3177 3068; x_wconf 85' lang='lat' dir='ltr'><strong>Sed</strong></span> <span class='ocrx_word' id='word_1_408' title='bbox 3227 3016 3368 3070; x_wconf 91' lang='lat' dir='ltr'><strong>enim</strong></span> <span class='ocrx_word' id='word_1_409' title='bbox 3418 3032 3750 3086; x_wconf 69' lang='lat' dir='ltr'><strong>unaquaeque</strong></span> 
     </span>
    </p>
   </div>
   <div class='ocr_carea' id='block_1_61' title="bbox 2148 3095 3749 3169">
    <p class='ocr_par' dir='ltr' id='par_1_61' title="bbox 2148 3095 3749 3169">
     <span class='ocr_line' id='line_1_61' title="bbox 2148 3095 3749 3169; baseline 0.007 -23"><span class='ocrx_word' id='word_1_410' title='bbox 2148 3095 2436 3166; x_wconf 86' lang='lat' dir='ltr'><strong>qualitatis</strong></span> <span class='ocrx_word' id='word_1_411' title='bbox 2482 3097 2690 3166; x_wconf 91' lang='lat' dir='ltr'><strong>species</strong></span> <span class='ocrx_word' id='word_1_412' title='bbox 2733 3099 2977 3169; x_wconf 90' lang='lat' dir='ltr'><strong>subjecta</strong></span> <span class='ocrx_word' id='word_1_413' title='bbox 3025 3103 3237 3157; x_wconf 90' lang='lat' dir='ltr'><strong>ratione</strong></span> <span class='ocrx_word' id='word_1_414' title='bbox 3282 3104 3556 3159; x_wconf 79' lang='lat' dir='ltr'><strong>dividitur.</strong></span> <span class='ocrx_word' id='word_1_415' title='bbox 3589 3104 3749 3158; x_wconf 62' lang='lat' dir='ltr'><strong>Rati.)</strong></span> 
     </span>
    </p>
   </div>
   <div class='ocr_carea' id='block_1_62' title="bbox 2165 3190 3751 3268">
    <p class='ocr_par' dir='ltr' id='par_1_62' title="bbox 2165 3190 3751 3268">
     <span class='ocr_line' id='line_1_62' title="bbox 2165 3190 3751 3268; baseline 0.006 -26"><span class='ocrx_word' id='word_1_416' title='bbox 2165 3199 2345 3244; x_wconf 85' lang='lat' dir='ltr'><strong>autem</strong></span> <span class='ocrx_word' id='word_1_417' title='bbox 2387 3190 2766 3247; x_wconf 88' lang='lat' dir='ltr'><strong>intellectualis</strong></span> <span class='ocrx_word' id='word_1_418' title='bbox 2795 3201 2904 3258; x_wconf 89' lang='lat' dir='ltr'><strong>est,</strong></span> <span class='ocrx_word' id='word_1_419' title='bbox 2955 3209 3056 3248; x_wconf 89' lang='lat' dir='ltr'><strong>nec</strong></span> <span class='ocrx_word' id='word_1_420' title='bbox 3084 3203 3166 3249; x_wconf 91' lang='lat' dir='ltr'><strong>est</strong></span> <span class='ocrx_word' id='word_1_421' title='bbox 3195 3195 3310 3262; x_wconf 89' lang='lat' dir='ltr'><strong>ejus</strong></span> <span class='ocrx_word' id='word_1_422' title='bbox 3339 3197 3636 3268; x_wconf 67' lang='lat' dir='ltr'><strong>corporalis</strong></span> <span class='ocrx_word' id='word_1_423' title='bbox 3666 3199 3751 3251; x_wconf 92' lang='lat' dir='ltr'><strong>in-</strong></span> 
     </span>
    </p>
   </div>
   <div class='ocr_carea' id='block_1_63' title="bbox 459 3267 3751 3359">
    <p class='ocr_par' dir='ltr' id='par_1_63' title="bbox 459 3267 3751 3359">
     <span class='ocr_line' id='line_1_63' title="bbox 459 3267 3751 3359; baseline 0.002 -35"><span class='ocrx_word' id='word_1_424' title='bbox 459 3278 640 3324; x_wconf 89' lang='lat' dir='ltr'><strong>menta</strong></span> <span class='ocrx_word' id='word_1_425' title='bbox 691 3284 759 3323; x_wconf 88' lang='lat' dir='ltr'><strong>ex</strong></span> <span class='ocrx_word' id='word_1_426' title='bbox 807 3267 1111 3337; x_wconf 88' lang='lat' dir='ltr'><strong>hujusmodi</strong></span> <span class='ocrx_word' id='word_1_427' title='bbox 1155 3269 1510 3337; x_wconf 88' lang='lat' dir='ltr'><strong>proportione</strong></span> <span class='ocrx_word' id='word_1_428' title='bbox 1541 3277 1836 3339; x_wconf 87' lang='lat' dir='ltr'><strong>assumpta.</strong></span> <span class='ocrx_word' id='word_1_429' title='bbox 1871 3269 1940 3322; x_wconf 91' lang='lat' dir='ltr'><strong>At</strong></span> <span class='ocrx_word' id='word_1_430' title='bbox 1968 3271 2058 3338; x_wconf 92' lang='lat' dir='ltr'><strong>qui</strong></span> <span class='ocrx_word' id='word_1_431' title='bbox 2089 3268 2132 3329; x_wconf 90' lang='lat' dir='ltr'>C</span> <span class='ocrx_word' id='word_1_432' title='bbox 2164 3281 2372 3349; x_wconf 69' lang='lat' dir='ltr'><strong>spectio</strong></span> <span class='ocrx_word' id='word_1_433' title='bbox 2394 3297 2408 3334; x_wconf 86' lang='grc'>;</span> <span class='ocrx_word' id='word_1_434' title='bbox 2430 3289 2487 3334; x_wconf 81' lang='grc' dir='ltr'><strong>ιιι</strong></span> <span class='ocrx_word' id='word_1_435' title='bbox 2516 3289 2643 3351; x_wconf 64' lang='lat' dir='ltr'><strong>puta</strong></span> <span class='ocrx_word' id='word_1_436' title='bbox 2675 3283 2746 3336; x_wconf 62' lang='lat' dir='ltr'><strong>si;</strong></span> <span class='ocrx_word' id='word_1_437' title='bbox 2772 3283 2824 3337; x_wconf 80' lang='lat' dir='ltr'><strong>in</strong></span> <span class='ocrx_word' id='word_1_438' title='bbox 2856 3277 3313 3357; x_wconf 60' lang='lat' dir='ltr'><strong>comemplaiione</strong></span> <span class='ocrx_word' id='word_1_439' title='bbox 3341 3297 3523 3341; x_wconf 66' lang='lat' dir='ltr'><strong>&quot;051m</strong></span> <span class='ocrx_word' id='word_1_440' title='bbox 3549 3305 3751 3359; x_wconf 75' lang='grc' dir='ltr'><strong>ριιορο-</strong></span> 
     </span>
    </p>
   </div>
   <div class='ocr_carea' id='block_1_64' title="bbox 459 3359 2049 3424">
    <p class='ocr_par' dir='ltr' id='par_1_64' title="bbox 459 3359 2049 3424">
     <span class='ocr_line' id='line_1_64' title="bbox 459 3359 2049 3424; baseline -0.003 -8"><span class='ocrx_word' id='word_1_441' title='bbox 459 3361 810 3416; x_wconf 56' lang='lat' dir='ltr'><strong>Hebraeorum</strong></span> <span class='ocrx_word' id='word_1_442' title='bbox 833 3361 1134 3415; x_wconf 76' lang='lat' dir='ltr'><strong>doctrinam</strong></span> <span class='ocrx_word' id='word_1_443' title='bbox 1163 3359 1366 3424; x_wconf 88' lang='lat' dir='ltr'><strong>colunt,</strong></span> <span class='ocrx_word' id='word_1_444' title='bbox 1400 3359 1466 3415; x_wconf 87' lang='lat' dir='ltr'><strong>de</strong></span> <span class='ocrx_word' id='word_1_445' title='bbox 1498 3359 1639 3413; x_wconf 64' lang='lat' dir='ltr'><strong>casio</strong></span> <span class='ocrx_word' id='word_1_446' title='bbox 1668 3369 1723 3413; x_wconf 88' lang='lat' dir='ltr'><strong>et</strong></span> <span class='ocrx_word' id='word_1_447' title='bbox 1748 3367 1889 3413; x_wconf 90' lang='lat' dir='ltr'><strong>terra</strong></span> <span class='ocrx_word' id='word_1_448' title='bbox 1922 3375 2049 3414; x_wconf 87' lang='lat' dir='ltr'><strong>eva-</strong></span> 
     </span>
    </p>
   </div>
   <div class='ocr_carea' id='block_1_65' title="bbox 459 3450 2052 3522">
    <p class='ocr_par' dir='ltr' id='par_1_65' title="bbox 459 3450 2052 3522">
     <span class='ocr_line' id='line_1_65' title="bbox 459 3450 2052 3522; baseline -0.001 -13"><span class='ocrx_word' id='word_1_449' title='bbox 459 3454 618 3519; x_wconf 83' lang='lat' dir='ltr'><strong>riant,</strong></span> <span class='ocrx_word' id='word_1_450' title='bbox 640 3468 758 3506; x_wconf 89' lang='lat' dir='ltr'><strong>nam</strong></span> <span class='ocrx_word' id='word_1_451' title='bbox 782 3453 836 3507; x_wconf 91' lang='lat' dir='ltr'><strong>hi</strong></span> <span class='ocrx_word' id='word_1_452' title='bbox 859 3453 1077 3520; x_wconf 89' lang='lat' dir='ltr'><strong>quidem</strong></span> <span class='ocrx_word' id='word_1_453' title='bbox 1099 3452 1211 3506; x_wconf 88' lang='lat' dir='ltr'><strong>fere</strong></span> <span class='ocrx_word' id='word_1_454' title='bbox 1234 3467 1422 3506; x_wconf 90' lang='lat' dir='ltr'><strong>omnes</strong></span> <span class='ocrx_word' id='word_1_455' title='bbox 1443 3467 1511 3507; x_wconf 86' lang='lat' dir='ltr'><strong>ex</strong></span> <span class='ocrx_word' id='word_1_456' title='bbox 1534 3453 1676 3506; x_wconf 89' lang='lat' dir='ltr'><strong>nulla</strong></span> <span class='ocrx_word' id='word_1_457' title='bbox 1708 3450 2052 3522; x_wconf 72' lang='lat' dir='ltr'><strong>przecedentc</strong></span> 
     </span>
    </p>
   </div>
   <div class='ocr_carea' id='block_1_66' title="bbox 459 3544 2058 3613">
    <p class='ocr_par' dir='ltr' id='par_1_66' title="bbox 459 3544 2058 3613">
     <span class='ocr_line' id='line_1_66' title="bbox 459 3544 2058 3613; baseline -0.001 -13"><span class='ocrx_word' id='word_1_458' title='bbox 459 3546 689 3600; x_wconf 83' lang='lat' dir='ltr'><strong>materia</strong></span> <span class='ocrx_word' id='word_1_459' title='bbox 719 3546 957 3612; x_wconf 82' lang='lat' dir='ltr'><strong>genitum</strong></span> <span class='ocrx_word' id='word_1_460' title='bbox 989 3559 1110 3599; x_wconf 89' lang='lat' dir='ltr'><strong>esse</strong></span> <span class='ocrx_word' id='word_1_461' title='bbox 1152 3544 1348 3598; x_wconf 70' lang='lat' dir='ltr'><strong>cmlum</strong></span> <span class='ocrx_word' id='word_1_462' title='bbox 1375 3552 1427 3598; x_wconf 91' lang='lat' dir='ltr'><strong>et</strong></span> <span class='ocrx_word' id='word_1_463' title='bbox 1461 3553 1659 3598; x_wconf 89' lang='lat' dir='ltr'><strong>terram</strong></span> <span class='ocrx_word' id='word_1_464' title='bbox 1688 3544 1900 3609; x_wconf 86' lang='lat' dir='ltr'><strong>dicunt,</strong></span> <span class='ocrx_word' id='word_1_465' title='bbox 1932 3545 2058 3613; x_wconf 90' lang='lat' dir='ltr'><strong>quia</strong></span> 
     </span>
    </p>
   </div>
   <div class='ocr_carea' id='block_1_67' title="bbox 459 3633 2047 3707">
    <p class='ocr_par' dir='ltr' id='par_1_67' title="bbox 459 3633 2047 3707">
     <span class='ocr_line' id='line_1_67' title="bbox 459 3633 2047 3707; baseline -0.004 -15"><span class='ocrx_word' id='word_1_466' title='bbox 459 3638 638 3692; x_wconf 77' lang='lat' dir='ltr'><strong>Moses</strong></span> <span class='ocrx_word' id='word_1_467' title='bbox 668 3638 741 3692; x_wconf 85' lang='lat' dir='ltr'><strong>ait</strong></span> <span class='ocrx_word' id='word_1_468' title='bbox 785 3655 798 3690; x_wconf 91' lang='lat'>:</span> <span class='ocrx_word' id='word_1_469' title='bbox 843 3636 909 3690; x_wconf 82' lang='lat' dir='ltr'><strong>In</strong></span> <span class='ocrx_word' id='word_1_470' title='bbox 940 3637 1194 3707; x_wconf 83' lang='lat' dir='ltr'><strong>principio</strong></span> <span class='ocrx_word' id='word_1_471' title='bbox 1226 3635 1346 3706; x_wconf 80' lang='lat' dir='ltr'><strong>fecit</strong></span> <span class='ocrx_word' id='word_1_472' title='bbox 1380 3633 1519 3688; x_wconf 81' lang='lat' dir='ltr'><strong>Deus</strong></span> <span class='ocrx_word' id='word_1_473' title='bbox 1547 3635 1727 3688; x_wconf 73' lang='lat' dir='ltr'><strong>cazlum</strong></span> <span class='ocrx_word' id='word_1_474' title='bbox 1757 3645 1805 3687; x_wconf 91' lang='lat' dir='ltr'><strong>et</strong></span> <span class='ocrx_word' id='word_1_475' title='bbox 1835 3643 2047 3688; x_wconf 85' lang='lat' dir='ltr'><strong>terram.</strong></span> 
     </span>
    </p>
   </div>
   <div class='ocr_carea' id='block_1_68' title="bbox 461 3727 2052 3799">
    <p class='ocr_par' dir='ltr' id='par_1_68' title="bbox 461 3727 2052 3799">
     <span class='ocr_line' id='line_1_68' title="bbox 461 3727 2052 3799; baseline -0.003 -15"><span class='ocrx_word' id='word_1_476' title='bbox 461 3729 826 3799; x_wconf 82' lang='lat' dir='ltr'><strong>Apollinarius</strong></span> <span class='ocrx_word' id='word_1_477' title='bbox 854 3739 1036 3782; x_wconf 87' lang='lat' dir='ltr'><strong>autem</strong></span> <span class='ocrx_word' id='word_1_478' title='bbox 1061 3727 1175 3782; x_wconf 88' lang='lat' dir='ltr'><strong>vult</strong></span> <span class='ocrx_word' id='word_1_479' title='bbox 1202 3743 1270 3781; x_wconf 81' lang='lat' dir='ltr'><strong>ex</strong></span> <span class='ocrx_word' id='word_1_480' title='bbox 1299 3728 1492 3798; x_wconf 82' lang='lat' dir='ltr'><strong>abysso</strong></span> <span class='ocrx_word' id='word_1_481' title='bbox 1525 3727 1716 3781; x_wconf 88' lang='lat' dir='ltr'><strong>fecisse</strong></span> <span class='ocrx_word' id='word_1_482' title='bbox 1745 3727 1909 3781; x_wconf 89' lang='lat' dir='ltr'><strong>Deum</strong></span> <span class='ocrx_word' id='word_1_483' title='bbox 1941 3743 2052 3781; x_wconf 52' lang='lat' dir='ltr'><strong>cus-</strong></span> 
     </span>
    </p>
   </div>
   <div class='ocr_carea' id='block_1_69' title="bbox 459 3821 2060 3891">
    <p class='ocr_par' dir='ltr' id='par_1_69' title="bbox 459 3821 2060 3891">
     <span class='ocr_line' id='line_1_69' title="bbox 459 3821 2060 3891; baseline -0.002 -14"><span class='ocrx_word' id='word_1_484' title='bbox 459 3823 571 3878; x_wconf 83' lang='lat' dir='ltr'><strong>lum</strong></span> <span class='ocrx_word' id='word_1_485' title='bbox 603 3832 658 3877; x_wconf 90' lang='lat' dir='ltr'><strong>et</strong></span> <span class='ocrx_word' id='word_1_486' title='bbox 688 3832 916 3887; x_wconf 89' lang='lat' dir='ltr'><strong>terram;</strong></span> <span class='ocrx_word' id='word_1_487' title='bbox 941 3837 1127 3876; x_wconf 88' lang='lat' dir='ltr'><strong>verum</strong></span> <span class='ocrx_word' id='word_1_488' title='bbox 1155 3821 1331 3891; x_wconf 74' lang='lat' dir='ltr'><strong>abyssi</strong></span> <span class='ocrx_word' id='word_1_489' title='bbox 1357 3821 1648 3889; x_wconf 69' lang='lat' dir='ltr'><strong>utgcnitm,</strong></span> <span class='ocrx_word' id='word_1_490' title='bbox 1676 3821 1850 3876; x_wconf 82' lang='lat' dir='ltr'><strong>Moses</strong></span> <span class='ocrx_word' id='word_1_491' title='bbox 1874 3821 1940 3875; x_wconf 89' lang='lat' dir='ltr'><strong>de</strong></span> <span class='ocrx_word' id='word_1_492' title='bbox 1968 3837 2060 3890; x_wconf 85' lang='lat' dir='ltr'><strong>ge-</strong></span> 
     </span>
    </p>
   </div>
   <div class='ocr_carea' id='block_1_70' title="bbox 460 3905 2058 3971">
    <p class='ocr_par' dir='ltr' id='par_1_70' title="bbox 460 3905 2058 3971">
     <span class='ocr_line' id='line_1_70' title="bbox 460 3905 2058 3971; baseline -0.003 0"><span class='ocrx_word' id='word_1_493' title='bbox 460 3917 745 3971; x_wconf 58' lang='lat' dir='ltr'><strong>neratione</strong></span> <span class='ocrx_word' id='word_1_494' title='bbox 794 3916 919 3970; x_wconf 68' lang='lat' dir='ltr'><strong>cudi</strong></span> <span class='ocrx_word' id='word_1_495' title='bbox 951 3930 1058 3970; x_wconf 91' lang='lat' dir='ltr'><strong>non</strong></span> <span class='ocrx_word' id='word_1_496' title='bbox 1089 3914 1358 3970; x_wconf 86' lang='lat' dir='ltr'><strong>meminit.</strong></span> <span class='ocrx_word' id='word_1_497' title='bbox 1409 3913 1468 3967; x_wconf 88' lang='lat' dir='ltr'><strong>lu</strong></span> <span class='ocrx_word' id='word_1_498' title='bbox 1513 3912 1615 3967; x_wconf 84' lang='lat' dir='ltr'><strong>Job</strong></span> <span class='ocrx_word' id='word_1_499' title='bbox 1646 3905 1825 3967; x_wconf 86' lang='lat' dir='ltr'><strong>autem</strong></span> <span class='ocrx_word' id='word_1_500' title='bbox 1858 3913 2058 3968; x_wconf 89' lang='lat' dir='ltr'><strong>dictum</strong></span> 
     </span>
    </p>
   </div>
   <div class='ocr_carea' id='block_1_71' title="bbox 465 4003 2059 4079">
    <p class='ocr_par' dir='ltr' id='par_1_71' title="bbox 465 4003 2059 4079">
     <span class='ocr_line' id='line_1_71' title="bbox 465 4003 2059 4079; baseline -0.003 -18"><span class='ocrx_word' id='word_1_501' title='bbox 465 4015 550 4062; x_wconf 81' lang='lat' dir='ltr'><strong>est</strong></span> <span class='ocrx_word' id='word_1_502' title='bbox 591 4006 736 4075; x_wconf 79' lang='lat' dir='ltr'><strong>quod</strong></span> <span class='ocrx_word' id='word_1_503' title='bbox 765 4006 890 4060; x_wconf 88' lang='lat' dir='ltr'><strong>fecit</strong></span> <span class='ocrx_word' id='word_1_504' title='bbox 921 4007 1171 4077; x_wconf 84' lang='lat' dir='ltr'><strong>abyssum</strong></span> <span class='ocrx_word' id='word_1_505' title='bbox 1198 4020 1214 4070; x_wconf 87' lang='lat'><strong>;</strong></span> <span class='ocrx_word' id='word_1_506' title='bbox 1265 4018 1332 4058; x_wconf 82' lang='lat' dir='ltr'><strong>ex</strong></span> <span class='ocrx_word' id='word_1_507' title='bbox 1356 4003 1459 4059; x_wconf 91' lang='lat' dir='ltr'><strong>hoc</strong></span> <span class='ocrx_word' id='word_1_508' title='bbox 1481 4003 1642 4079; x_wconf 86' lang='lat' dir='ltr'><strong>igitur</strong></span> <span class='ocrx_word' id='word_1_509' title='bbox 1672 4013 1857 4058; x_wconf 89' lang='lat' dir='ltr'><strong>censet</strong></span> <span class='ocrx_word' id='word_1_510' title='bbox 1880 4004 2059 4058; x_wconf 88' lang='lat' dir='ltr'><strong>omnia</strong></span> 
     </span>
    </p>
   </div>
   <div class='ocr_carea' id='block_1_72' title="bbox 461 4094 2057 4165">
    <p class='ocr_par' dir='ltr' id='par_1_72' title="bbox 461 4094 2057 4165">
     <span class='ocr_line' id='line_1_72' title="bbox 461 4094 2057 4165; baseline -0.003 -12"><span class='ocrx_word' id='word_1_511' title='bbox 461 4099 565 4154; x_wconf 87' lang='lat' dir='ltr'><strong>alia</strong></span> <span class='ocrx_word' id='word_1_512' title='bbox 599 4108 855 4165; x_wconf 84' lang='lat' dir='ltr'><strong>generata</strong></span> <span class='ocrx_word' id='word_1_513' title='bbox 903 4110 1052 4159; x_wconf 85' lang='lat' dir='ltr'><strong>esse;</strong></span> <span class='ocrx_word' id='word_1_514' title='bbox 1092 4110 1200 4149; x_wconf 93' lang='lat' dir='ltr'><strong>non</strong></span> <span class='ocrx_word' id='word_1_515' title='bbox 1232 4102 1410 4148; x_wconf 88' lang='lat' dir='ltr'><strong>tamen</strong></span> <span class='ocrx_word' id='word_1_516' title='bbox 1441 4094 1733 4162; x_wconf 84' lang='lat' dir='ltr'><strong>ingenitam</strong></span> <span class='ocrx_word' id='word_1_517' title='bbox 1765 4095 1909 4158; x_wconf 87' lang='lat' dir='ltr'><strong>vult,</strong></span> <span class='ocrx_word' id='word_1_518' title='bbox 1960 4094 2057 4148; x_wconf 89' lang='lat' dir='ltr'><strong>sed</strong></span> 
     </span>
    </p>
   </div>
   <div class='ocr_carea' id='block_1_73' title="bbox 459 4187 2062 4258">
    <p class='ocr_par' dir='ltr' id='par_1_73' title="bbox 459 4187 2062 4258">
     <span class='ocr_line' id='line_1_73' title="bbox 459 4187 2062 4258; baseline -0.003 -15"><span class='ocrx_word' id='word_1_519' title='bbox 459 4199 588 4244; x_wconf 86' lang='lat' dir='ltr'><strong>ante</strong></span> <span class='ocrx_word' id='word_1_520' title='bbox 616 4199 810 4245; x_wconf 75' lang='lat' dir='ltr'><strong>cuncta</strong></span> <span class='ocrx_word' id='word_1_521' title='bbox 834 4202 1064 4256; x_wconf 90' lang='lat' dir='ltr'><strong>corpora</strong></span> <span class='ocrx_word' id='word_1_522' title='bbox 1087 4187 1403 4258; x_wconf 88' lang='lat' dir='ltr'><strong>productam</strong></span> <span class='ocrx_word' id='word_1_523' title='bbox 1423 4201 1542 4239; x_wconf 87' lang='lat' dir='ltr'><strong>eam</strong></span> <span class='ocrx_word' id='word_1_524' title='bbox 1562 4200 1702 4250; x_wconf 89' lang='lat' dir='ltr'><strong>esse,</strong></span> <span class='ocrx_word' id='word_1_525' title='bbox 1730 4194 1784 4241; x_wconf 92' lang='lat' dir='ltr'><strong>et</strong></span> <span class='ocrx_word' id='word_1_526' title='bbox 1805 4201 2062 4254; x_wconf 64' lang='lat' dir='ltr'><strong>pressum-</strong></span> 
     </span>
    </p>
   </div>
   <div class='ocr_carea' id='block_1_74' title="bbox 461 4277 2054 4351">
    <p class='ocr_par' dir='ltr' id='par_1_74' title="bbox 461 4277 2054 4351">
     <span class='ocr_line' id='line_1_74' title="bbox 461 4277 2054 4351; baseline -0.003 -15"><span class='ocrx_word' id='word_1_527' title='bbox 461 4283 635 4351; x_wconf 68' lang='lat' dir='ltr'><strong>psisse</strong></span> <span class='ocrx_word' id='word_1_528' title='bbox 673 4297 703 4336; x_wconf 89' lang='lat' dir='ltr'><strong>a</strong></span> <span class='ocrx_word' id='word_1_529' title='bbox 734 4281 1019 4335; x_wconf 71' lang='lat' dir='ltr'><strong>conditore</strong></span> <span class='ocrx_word' id='word_1_530' title='bbox 1065 4280 1131 4332; x_wconf 89' lang='lat' dir='ltr'><strong>ad</strong></span> <span class='ocrx_word' id='word_1_531' title='bbox 1180 4278 1407 4332; x_wconf 88' lang='lat' dir='ltr'><strong>aliorum</strong></span> <span class='ocrx_word' id='word_1_532' title='bbox 1439 4277 1843 4332; x_wconf 89' lang='lat' dir='ltr'><strong>subsistentiam</strong></span> <span class='ocrx_word' id='word_1_533' title='bbox 1879 4277 2054 4332; x_wconf 86' lang='lat' dir='ltr'><strong>mani-</strong></span> 
     </span>
    </p>
   </div>
   <div class='ocr_carea' id='block_1_75' title="bbox 460 4362 2062 4440">
    <p class='ocr_par' dir='ltr' id='par_1_75' title="bbox 460 4362 2062 4440">
     <span class='ocr_line' id='line_1_75' title="bbox 460 4362 2062 4440; baseline -0.002 -16"><span class='ocrx_word' id='word_1_534' title='bbox 460 4373 822 4426; x_wconf 72' lang='lat' dir='ltr'><strong>festationem.</strong></span> <span class='ocrx_word' id='word_1_535' title='bbox 859 4367 1013 4423; x_wconf 88' lang='lat' dir='ltr'><strong>Unde</strong></span> <span class='ocrx_word' id='word_1_536' title='bbox 1038 4369 1217 4440; x_wconf 87' lang='lat' dir='ltr'><strong>abyssi</strong></span> <span class='ocrx_word' id='word_1_537' title='bbox 1249 4369 1394 4434; x_wconf 73' lang='grc' dir='ltr'><strong>ὕλης,</strong></span> <span class='ocrx_word' id='word_1_538' title='bbox 1445 4368 1536 4422; x_wconf 89' lang='lat' dir='ltr'><strong>sed</strong></span> <span class='ocrx_word' id='word_1_539' title='bbox 1570 4362 2062 4437; x_wconf 86' lang='lat' dir='ltr'><strong>quomodocunque</strong></span> 
     </span>
    </p>
   </div>
   <div class='ocr_carea' id='block_1_76' title="bbox 461 4457 2051 4522">
    <p class='ocr_par' dir='ltr' id='par_1_76' title="bbox 461 4457 2051 4522">
     <span class='ocr_line' id='line_1_76' title="bbox 461 4457 2051 4522; baseline -0.005 -4"><span class='ocrx_word' id='word_1_540' title='bbox 461 4464 568 4519; x_wconf 89' lang='lat' dir='ltr'><strong>hoc</strong></span> <span class='ocrx_word' id='word_1_541' title='bbox 588 4479 648 4516; x_wconf 87' lang='lat' dir='ltr'><strong>se</strong></span> <span class='ocrx_word' id='word_1_542' title='bbox 671 4463 888 4522; x_wconf 89' lang='lat' dir='ltr'><strong>habeat,</strong></span> <span class='ocrx_word' id='word_1_543' title='bbox 921 4460 1055 4514; x_wconf 87' lang='lat' dir='ltr'><strong>nihil</strong></span> <span class='ocrx_word' id='word_1_544' title='bbox 1085 4458 1268 4515; x_wconf 88' lang='lat' dir='ltr'><strong>refert.</strong></span> <span class='ocrx_word' id='word_1_545' title='bbox 1295 4458 1426 4514; x_wconf 69' lang='lat' dir='ltr'><strong>Nam</strong></span> <span class='ocrx_word' id='word_1_546' title='bbox 1455 4465 1511 4512; x_wconf 89' lang='lat' dir='ltr'><strong>et</strong></span> <span class='ocrx_word' id='word_1_547' title='bbox 1541 4458 1612 4512; x_wconf 90' lang='lat' dir='ltr'><strong>ita</strong></span> <span class='ocrx_word' id='word_1_548' title='bbox 1639 4458 1879 4512; x_wconf 88' lang='lat' dir='ltr'><strong>omnium</strong></span> <span class='ocrx_word' id='word_1_549' title='bbox 1910 4457 2051 4511; x_wconf 89' lang='lat' dir='ltr'><strong>Deus</strong></span> 
     </span>
    </p>
   </div>
   <div class='ocr_carea' id='block_1_77' title="bbox 463 4549 2046 4610">
    <p class='ocr_par' dir='ltr' id='par_1_77' title="bbox 463 4549 2046 4610">
     <span class='ocr_line' id='line_1_77' title="bbox 463 4549 2046 4610; baseline -0.004 0"><span class='ocrx_word' id='word_1_550' title='bbox 463 4554 719 4610; x_wconf 88' lang='lat' dir='ltr'><strong>conditor</strong></span> <span class='ocrx_word' id='word_1_551' title='bbox 747 4553 1052 4608; x_wconf 87' lang='lat' dir='ltr'><strong>ostenditur</strong></span> <span class='ocrx_word' id='word_1_552' title='bbox 1099 4568 1165 4605; x_wconf 85' lang='lat' dir='ltr'><strong>ex</strong></span> <span class='ocrx_word' id='word_1_553' title='bbox 1212 4567 1320 4606; x_wconf 89' lang='lat' dir='ltr'><strong>non</strong></span> <span class='ocrx_word' id='word_1_554' title='bbox 1363 4552 1576 4607; x_wconf 87' lang='lat' dir='ltr'><strong>cutibus</strong></span> <span class='ocrx_word' id='word_1_555' title='bbox 1606 4549 1796 4608; x_wconf 88' lang='lat' dir='ltr'><strong>fecisse</strong></span> <span class='ocrx_word' id='word_1_556' title='bbox 1843 4550 2046 4606; x_wconf 90' lang='lat' dir='ltr'><strong>omnia.</strong></span> 
     </span>
    </p>
   </div>
   <div class='ocr_carea' id='block_1_78' title="bbox 2163 3369 3753 3447">
    <p class='ocr_par' dir='ltr' id='par_1_78' title="bbox 2163 3369 3753 3447">
     <span class='ocr_line' id='line_1_78' title="bbox 2163 3369 3753 3447; baseline 0.005 -21"><span class='ocrx_word' id='word_1_557' title='bbox 2163 3371 2323 3426; x_wconf 90' lang='lat' dir='ltr'><strong>situm</strong></span> <span class='ocrx_word' id='word_1_558' title='bbox 2353 3369 2551 3425; x_wconf 89' lang='lat' dir='ltr'><strong>animal</strong></span> <span class='ocrx_word' id='word_1_559' title='bbox 2569 3372 2803 3442; x_wconf 89' lang='lat' dir='ltr'><strong>aliquod,</strong></span> <span class='ocrx_word' id='word_1_560' title='bbox 2821 3374 2910 3428; x_wconf 91' lang='lat' dir='ltr'><strong>vel</strong></span> <span class='ocrx_word' id='word_1_561' title='bbox 2933 3374 3155 3443; x_wconf 86' lang='lat' dir='ltr'><strong>lignum,</strong></span> <span class='ocrx_word' id='word_1_562' title='bbox 3172 3376 3258 3431; x_wconf 90' lang='lat' dir='ltr'><strong>vel</strong></span> <span class='ocrx_word' id='word_1_563' title='bbox 3279 3377 3405 3446; x_wconf 90' lang='lat' dir='ltr'><strong>quid</strong></span> <span class='ocrx_word' id='word_1_564' title='bbox 3423 3378 3586 3445; x_wconf 85' lang='lat' dir='ltr'><strong>aliud,</strong></span> <span class='ocrx_word' id='word_1_565' title='bbox 3608 3380 3753 3447; x_wconf 85' lang='lat' dir='ltr'><strong>quod</strong></span> 
     </span>
    </p>
   </div>
   <div class='ocr_carea' id='block_1_79' title="bbox 2168 3463 3754 3530">
    <p class='ocr_par' dir='ltr' id='par_1_79' title="bbox 2168 3463 3754 3530">
     <span class='ocr_line' id='line_1_79' title="bbox 2168 3463 3754 3530; baseline 0.007 -16"><span class='ocrx_word' id='word_1_566' title='bbox 2168 3463 2431 3517; x_wconf 89' lang='lat' dir='ltr'><strong>materiali</strong></span> <span class='ocrx_word' id='word_1_567' title='bbox 2456 3465 2842 3520; x_wconf 89' lang='lat' dir='ltr'><strong>constitutione</strong></span> <span class='ocrx_word' id='word_1_568' title='bbox 2863 3466 3125 3530; x_wconf 87' lang='lat' dir='ltr'><strong>subsistit,</strong></span> <span class='ocrx_word' id='word_1_569' title='bbox 3143 3468 3305 3522; x_wconf 89' lang='lat' dir='ltr'><strong>multa</strong></span> <span class='ocrx_word' id='word_1_570' title='bbox 3329 3467 3394 3523; x_wconf 92' lang='lat' dir='ltr'><strong>de</strong></span> <span class='ocrx_word' id='word_1_571' title='bbox 3415 3468 3601 3524; x_wconf 91' lang='lat' dir='ltr'><strong>eodem</strong></span> <span class='ocrx_word' id='word_1_572' title='bbox 3625 3473 3754 3524; x_wconf 87' lang='lat' dir='ltr'><strong>sub-</strong></span> 
     </span>
    </p>
   </div>
   <div class='ocr_carea' id='block_1_80' title="bbox 2158 3552 3749 3631">
    <p class='ocr_par' dir='ltr' id='par_1_80' title="bbox 2158 3552 3749 3631">
     <span class='ocr_line' id='line_1_80' title="bbox 2158 3552 3749 3631; baseline 0.006 -24"><span class='ocrx_word' id='word_1_573' title='bbox 2158 3552 2308 3621; x_wconf 91' lang='lat' dir='ltr'><strong>jecto</strong></span> <span class='ocrx_word' id='word_1_574' title='bbox 2338 3555 2684 3624; x_wconf 82' lang='lat' dir='ltr'><strong>cogitationis</strong></span> <span class='ocrx_word' id='word_1_575' title='bbox 2713 3557 3040 3612; x_wconf 85' lang='lat' dir='ltr'><strong>discretione</strong></span> <span class='ocrx_word' id='word_1_576' title='bbox 3079 3560 3488 3630; x_wconf 80' lang='lat' dir='ltr'><strong>perpendimus,</strong></span> <span class='ocrx_word' id='word_1_577' title='bbox 3521 3577 3749 3631; x_wconf 89' lang='lat' dir='ltr'><strong>quorum</strong></span> 
     </span>
    </p>
   </div>
   <div class='ocr_carea' id='block_1_81' title="bbox 2163 3647 3753 3724">
    <p class='ocr_par' dir='ltr' id='par_1_81' title="bbox 2163 3647 3753 3724">
     <span class='ocr_line' id='line_1_81' title="bbox 2163 3647 3753 3724; baseline 0.003 -20"><span class='ocrx_word' id='word_1_578' title='bbox 2163 3647 2373 3718; x_wconf 84' lang='lat' dir='ltr'><strong>singula</strong></span> <span class='ocrx_word' id='word_1_579' title='bbox 2405 3663 2525 3718; x_wconf 78' lang='lat' dir='ltr'><strong>quae</strong></span> <span class='ocrx_word' id='word_1_580' title='bbox 2553 3650 2711 3705; x_wconf 92' lang='lat' dir='ltr'><strong>simul</strong></span> <span class='ocrx_word' id='word_1_581' title='bbox 2743 3651 2982 3722; x_wconf 87' lang='lat' dir='ltr'><strong>inspecta</strong></span> <span class='ocrx_word' id='word_1_582' title='bbox 3027 3662 3190 3716; x_wconf 90' lang='lat' dir='ltr'><strong>sunt,</strong></span> <span class='ocrx_word' id='word_1_583' title='bbox 3239 3653 3356 3708; x_wconf 91' lang='lat' dir='ltr'><strong>sine</strong></span> <span class='ocrx_word' id='word_1_584' title='bbox 3395 3655 3753 3724; x_wconf 83' lang='lat' dir='ltr'><strong>permixtione</strong></span> 
     </span>
    </p>
   </div>
   <div class='ocr_carea' id='block_1_82' title="bbox 2163 3737 3753 3812">
    <p class='ocr_par' dir='ltr' id='par_1_82' title="bbox 2163 3737 3753 3812">
     <span class='ocr_line' id='line_1_82' title="bbox 2163 3737 3753 3812; baseline 0.006 -23"><span class='ocrx_word' id='word_1_585' title='bbox 2163 3737 2344 3807; x_wconf 89' lang='lat' dir='ltr'><strong>aliqua</strong></span> <span class='ocrx_word' id='word_1_586' title='bbox 2375 3739 2586 3794; x_wconf 88' lang='lat' dir='ltr'><strong>ratione</strong></span> <span class='ocrx_word' id='word_1_587' title='bbox 2632 3750 2685 3794; x_wconf 89' lang='lat' dir='ltr'><strong>et</strong></span> <span class='ocrx_word' id='word_1_588' title='bbox 2715 3741 2904 3796; x_wconf 90' lang='lat' dir='ltr'><strong>ordine</strong></span> <span class='ocrx_word' id='word_1_589' title='bbox 2943 3743 3306 3798; x_wconf 89' lang='lat' dir='ltr'><strong>continentur.</strong></span> <span class='ocrx_word' id='word_1_590' title='bbox 3357 3743 3474 3797; x_wconf 85' lang='lat' dir='ltr'><strong>Alia</strong></span> <span class='ocrx_word' id='word_1_591' title='bbox 3522 3759 3753 3812; x_wconf 88' lang='lat' dir='ltr'><strong>namque</strong></span> 
     </span>
    </p>
   </div>
   <div class='ocr_carea' id='block_1_83' title="bbox 2161 3830 3750 3904">
    <p class='ocr_par' dir='ltr' id='par_1_83' title="bbox 2161 3830 3750 3904">
     <span class='ocr_line' id='line_1_83' title="bbox 2161 3830 3750 3904; baseline 0.003 -21"><span class='ocrx_word' id='word_1_592' title='bbox 2161 3830 2359 3884; x_wconf 90' lang='lat' dir='ltr'><strong>coloris</strong></span> <span class='ocrx_word' id='word_1_593' title='bbox 2388 3839 2472 3885; x_wconf 92' lang='lat' dir='ltr'><strong>cst</strong></span> <span class='ocrx_word' id='word_1_594' title='bbox 2513 3832 2670 3898; x_wconf 88' lang='lat' dir='ltr'><strong>ratio,</strong></span> <span class='ocrx_word' id='word_1_595' title='bbox 2717 3842 2772 3887; x_wconf 88' lang='lat' dir='ltr'><strong>et</strong></span> <span class='ocrx_word' id='word_1_596' title='bbox 2817 3835 2919 3887; x_wconf 91' lang='lat' dir='ltr'><strong>alia</strong></span> <span class='ocrx_word' id='word_1_597' title='bbox 2951 3835 3229 3902; x_wconf 91' lang='lat' dir='ltr'><strong>ponderis,</strong></span> <span class='ocrx_word' id='word_1_598' title='bbox 3259 3835 3593 3904; x_wconf 87' lang='lat' dir='ltr'><strong>quantitatis.</strong></span> <span class='ocrx_word' id='word_1_599' title='bbox 3617 3834 3750 3888; x_wconf 65' lang='lat' dir='ltr'><strong>hem</strong></span> 
     </span>
    </p>
   </div>
   <div class='ocr_carea' id='block_1_84' title="bbox 2163 3920 3751 3990">
    <p class='ocr_par' dir='ltr' id='par_1_84' title="bbox 2163 3920 3751 3990">
     <span class='ocr_line' id='line_1_84' title="bbox 2163 3920 3751 3990; baseline 0.002 -15"><span class='ocrx_word' id='word_1_600' title='bbox 2163 3929 2216 3975; x_wconf 92' lang='lat' dir='ltr'><strong>et</strong></span> <span class='ocrx_word' id='word_1_601' title='bbox 2236 3920 2511 3988; x_wconf 89' lang='lat' dir='ltr'><strong>qualitatis</strong></span> <span class='ocrx_word' id='word_1_602' title='bbox 2533 3923 2654 3987; x_wconf 89' lang='lat' dir='ltr'><strong>alia,</strong></span> <span class='ocrx_word' id='word_1_603' title='bbox 2673 3931 2727 3977; x_wconf 93' lang='lat' dir='ltr'><strong>et</strong></span> <span class='ocrx_word' id='word_1_604' title='bbox 2751 3923 2852 3977; x_wconf 89' lang='lat' dir='ltr'><strong>alia</strong></span> <span class='ocrx_word' id='word_1_605' title='bbox 2878 3924 3224 3978; x_wconf 91' lang='lat' dir='ltr'><strong>nihilominus</strong></span> <span class='ocrx_word' id='word_1_606' title='bbox 3247 3935 3451 3990; x_wconf 85' lang='lat' dir='ltr'><strong>tactus;</strong></span> <span class='ocrx_word' id='word_1_607' title='bbox 3477 3939 3596 3977; x_wconf 90' lang='lat' dir='ltr'><strong>nam</strong></span> <span class='ocrx_word' id='word_1_608' title='bbox 3613 3924 3751 3978; x_wconf 88' lang='lat' dir='ltr'><strong>mol-</strong></span> 
     </span>
    </p>
   </div>
   <div class='ocr_carea' id='block_1_85' title="bbox 2162 4008 3747 4086">
    <p class='ocr_par' dir='ltr' id='par_1_85' title="bbox 2162 4008 3747 4086">
     <span class='ocr_line' id='line_1_85' title="bbox 2162 4008 3747 4086; baseline 0.004 -24"><span class='ocrx_word' id='word_1_609' title='bbox 2162 4008 2304 4063; x_wconf 89' lang='lat' dir='ltr'><strong>lities</strong></span> <span class='ocrx_word' id='word_1_610' title='bbox 2335 4018 2390 4065; x_wconf 92' lang='lat' dir='ltr'><strong>et</strong></span> <span class='ocrx_word' id='word_1_611' title='bbox 2435 4011 2682 4081; x_wconf 85' lang='lat' dir='ltr'><strong>bipedale</strong></span> <span class='ocrx_word' id='word_1_612' title='bbox 2712 4022 2766 4066; x_wconf 93' lang='lat' dir='ltr'><strong>et</strong></span> <span class='ocrx_word' id='word_1_613' title='bbox 2791 4014 2996 4082; x_wconf 89' lang='lat' dir='ltr'><strong>reliqua</strong></span> <span class='ocrx_word' id='word_1_614' title='bbox 3036 4029 3156 4086; x_wconf 73' lang='lat' dir='ltr'><strong>qua:</strong></span> <span class='ocrx_word' id='word_1_615' title='bbox 3194 4014 3335 4069; x_wconf 91' lang='lat' dir='ltr'><strong>dicta</strong></span> <span class='ocrx_word' id='word_1_616' title='bbox 3369 4021 3520 4077; x_wconf 89' lang='lat' dir='ltr'><strong>sunt,</strong></span> <span class='ocrx_word' id='word_1_617' title='bbox 3570 4027 3747 4084; x_wconf 82' lang='lat' dir='ltr'><strong>neque</strong></span> 
     </span>
    </p>
   </div>
   <div class='ocr_carea' id='block_1_86' title="bbox 2162 4102 3750 4176">
    <p class='ocr_par' dir='ltr' id='par_1_86' title="bbox 2162 4102 3750 4176">
     <span class='ocr_line' id='line_1_86' title="bbox 2162 4102 3750 4176; baseline 0.001 -19"><span class='ocrx_word' id='word_1_618' title='bbox 2162 4102 2261 4157; x_wconf 89' lang='lat' dir='ltr'><strong>sibi</strong></span> <span class='ocrx_word' id='word_1_619' title='bbox 2294 4103 2542 4168; x_wconf 88' lang='lat' dir='ltr'><strong>invicem,</strong></span> <span class='ocrx_word' id='word_1_620' title='bbox 2567 4119 2741 4174; x_wconf 90' lang='lat' dir='ltr'><strong>neque</strong></span> <span class='ocrx_word' id='word_1_621' title='bbox 2769 4107 2983 4176; x_wconf 90' lang='lat' dir='ltr'><strong>corpori</strong></span> <span class='ocrx_word' id='word_1_622' title='bbox 3015 4107 3121 4160; x_wconf 90' lang='lat' dir='ltr'><strong>ulla</strong></span> <span class='ocrx_word' id='word_1_623' title='bbox 3151 4105 3517 4161; x_wconf 84' lang='lat' dir='ltr'><strong>similitudinis</strong></span> <span class='ocrx_word' id='word_1_624' title='bbox 3540 4107 3750 4160; x_wconf 87' lang='lat' dir='ltr'><strong>ratione</strong></span> 
     </span>
    </p>
   </div>
   <div class='ocr_carea' id='block_1_87' title="bbox 2163 4193 3750 4265">
    <p class='ocr_par' dir='ltr' id='par_1_87' title="bbox 2163 4193 3750 4265">
     <span class='ocr_line' id='line_1_87' title="bbox 2163 4193 3750 4265; baseline 0.001 -18"><span class='ocrx_word' id='word_1_625' title='bbox 2163 4193 2528 4247; x_wconf 88' lang='lat' dir='ltr'><strong>consentiunt.</strong></span> <span class='ocrx_word' id='word_1_626' title='bbox 2561 4193 2796 4262; x_wconf 81' lang='lat' dir='ltr'><strong>Singulis</strong></span> <span class='ocrx_word' id='word_1_627' title='bbox 2817 4195 2958 4248; x_wconf 92' lang='lat' dir='ltr'><strong>enim</strong></span> <span class='ocrx_word' id='word_1_628' title='bbox 2988 4197 3204 4265; x_wconf 85' lang='lat' dir='ltr'><strong>propria</strong></span> <span class='ocrx_word' id='word_1_629' title='bbox 3225 4194 3464 4264; x_wconf 69' lang='lat' dir='ltr'><strong>quaedam</strong></span> <span class='ocrx_word' id='word_1_630' title='bbox 3499 4195 3637 4248; x_wconf 87' lang='lat' dir='ltr'><strong>ratio</strong></span> <span class='ocrx_word' id='word_1_631' title='bbox 3669 4195 3750 4248; x_wconf 90' lang='lat' dir='ltr'><strong>in-</strong></span> 
     </span>
    </p>
   </div>
   <div class='ocr_carea' id='block_1_88' title="bbox 2165 4281 3750 4352">
    <p class='ocr_par' dir='ltr' id='par_1_88' title="bbox 2165 4281 3750 4352">
     <span class='ocr_line' id='line_1_88' title="bbox 2165 4281 3750 4352; baseline 0.003 -18"><span class='ocrx_word' id='word_1_632' title='bbox 2165 4289 2376 4352; x_wconf 87' lang='lat' dir='ltr'><strong>terpres</strong></span> <span class='ocrx_word' id='word_1_633' title='bbox 2405 4281 2656 4349; x_wconf 88' lang='lat' dir='ltr'><strong>adjuncta</strong></span> <span class='ocrx_word' id='word_1_634' title='bbox 2689 4292 2801 4344; x_wconf 89' lang='lat' dir='ltr'><strong>est,</strong></span> <span class='ocrx_word' id='word_1_635' title='bbox 2854 4284 2984 4337; x_wconf 92' lang='lat' dir='ltr'><strong>nulli</strong></span> <span class='ocrx_word' id='word_1_636' title='bbox 3027 4299 3212 4338; x_wconf 88' lang='lat' dir='ltr'><strong>carum</strong></span> <span class='ocrx_word' id='word_1_637' title='bbox 3243 4297 3364 4352; x_wconf 76' lang='lat' dir='ltr'><strong>qua:</strong></span> <span class='ocrx_word' id='word_1_638' title='bbox 3409 4284 3460 4337; x_wconf 92' lang='lat' dir='ltr'><strong>in</strong></span> <span class='ocrx_word' id='word_1_639' title='bbox 3507 4283 3750 4352; x_wconf 87' lang='lat' dir='ltr'><strong>subjecto</strong></span> 
     </span>
    </p>
   </div>
   <div class='ocr_carea' id='block_1_89' title="bbox 2163 4370 3746 4441">
    <p class='ocr_par' dir='ltr' id='par_1_89' title="bbox 2163 4370 3746 4441">
     <span class='ocr_line' id='line_1_89' title="bbox 2163 4370 3746 4441; baseline 0.001 -18"><span class='ocrx_word' id='word_1_640' title='bbox 2163 4385 2261 4423; x_wconf 90' lang='lat' dir='ltr'><strong>suo</strong></span> <span class='ocrx_word' id='word_1_641' title='bbox 2288 4380 2585 4424; x_wconf 90' lang='lat' dir='ltr'><strong>cernuntur</strong></span> <span class='ocrx_word' id='word_1_642' title='bbox 2613 4372 2858 4441; x_wconf 87' lang='lat' dir='ltr'><strong>qualitati</strong></span> <span class='ocrx_word' id='word_1_643' title='bbox 2887 4373 3309 4426; x_wconf 88' lang='lat' dir='ltr'><strong>communicans.</strong></span> <span class='ocrx_word' id='word_1_644' title='bbox 3355 4370 3412 4426; x_wconf 90' lang='lat' dir='ltr'><strong>Si</strong></span> <span class='ocrx_word' id='word_1_645' title='bbox 3460 4372 3622 4439; x_wconf 81' lang='lat' dir='ltr'><strong>igitur</strong></span> <span class='ocrx_word' id='word_1_646' title='bbox 3663 4371 3746 4425; x_wconf 53' lang='lat' dir='ltr'><strong>in-</strong></span> 
     </span>
    </p>
   </div>
   <div class='ocr_carea' id='block_1_90' title="bbox 2166 4458 3743 4530">
    <p class='ocr_par' dir='ltr' id='par_1_90' title="bbox 2166 4458 3743 4530">
     <span class='ocr_line' id='line_1_90' title="bbox 2166 4458 3743 4530; baseline 0.003 -19"><span class='ocrx_word' id='word_1_647' title='bbox 2166 4458 2454 4527; x_wconf 85' lang='lat' dir='ltr'><strong>telligibilis</strong></span> <span class='ocrx_word' id='word_1_648' title='bbox 2487 4460 2706 4530; x_wconf 90' lang='lat' dir='ltr'><strong>quidem</strong></span> <span class='ocrx_word' id='word_1_649' title='bbox 2739 4461 2919 4524; x_wconf 91' lang='lat' dir='ltr'><strong>color,</strong></span> <span class='ocrx_word' id='word_1_650' title='bbox 2974 4461 3322 4529; x_wconf 85' lang='lat' dir='ltr'><strong>intelligibilis</strong></span> <span class='ocrx_word' id='word_1_651' title='bbox 3367 4462 3528 4515; x_wconf 90' lang='lat' dir='ltr'><strong>etiam</strong></span> <span class='ocrx_word' id='word_1_652' title='bbox 3561 4461 3743 4529; x_wconf 83' lang='lat' dir='ltr'><strong>figura,</strong></span> 
     </span>
    </p>
   </div>
   <div class='ocr_carea' id='block_1_91' title="bbox 2163 4553 3745 4624">
    <p class='ocr_par' dir='ltr' id='par_1_91' title="bbox 2163 4553 3745 4624">
     <span class='ocr_line' id='line_1_91' title="bbox 2163 4553 3745 4624; baseline 0.003 -21"><span class='ocrx_word' id='word_1_653' title='bbox 2163 4565 2263 4604; x_wconf 90' lang='lat' dir='ltr'><strong>nec</strong></span> <span class='ocrx_word' id='word_1_654' title='bbox 2295 4567 2402 4605; x_wconf 91' lang='lat' dir='ltr'><strong>non</strong></span> <span class='ocrx_word' id='word_1_655' title='bbox 2432 4560 2489 4606; x_wconf 88' lang='lat' dir='ltr'><strong>et</strong></span> <span class='ocrx_word' id='word_1_656' title='bbox 2516 4554 2788 4621; x_wconf 84' lang='lat' dir='ltr'><strong>quantitas</strong></span> <span class='ocrx_word' id='word_1_657' title='bbox 2830 4561 3130 4624; x_wconf 72' lang='lat' dir='ltr'><strong>cmtemque</strong></span> <span class='ocrx_word' id='word_1_658' title='bbox 3169 4553 3475 4621; x_wconf 78' lang='lat' dir='ltr'><strong>bujUsmodi</strong></span> <span class='ocrx_word' id='word_1_659' title='bbox 3506 4554 3745 4624; x_wconf 88' lang='lat' dir='ltr'><strong>proprie-</strong></span> 
     </span>
    </p>
   </div>
   <div class='ocr_carea' id='block_1_92' title="bbox 449 4636 3733 4715">
    <p class='ocr_par' dir='ltr' id='par_1_92' title="bbox 449 4636 3733 4715">
     <span class='ocr_line' id='line_1_92' title="bbox 449 4636 3733 4715; baseline 0 -18"><span class='ocrx_word' id='word_1_660' title='bbox 449 4647 735 4701; x_wconf 76' lang='lat' dir='ltr'><strong>.Adversus</strong></span> <span class='ocrx_word' id='word_1_661' title='bbox 777 4661 873 4700; x_wconf 86' lang='lat' dir='ltr'><strong>eos</strong></span> <span class='ocrx_word' id='word_1_662' title='bbox 895 4660 1026 4698; x_wconf 89' lang='lat' dir='ltr'><strong>vero</strong></span> <span class='ocrx_word' id='word_1_663' title='bbox 1068 4645 1159 4714; x_wconf 91' lang='lat' dir='ltr'><strong>qui</strong></span> <span class='ocrx_word' id='word_1_664' title='bbox 1184 4659 1347 4699; x_wconf 88' lang='lat' dir='ltr'><strong>unum</strong></span> <span class='ocrx_word' id='word_1_665' title='bbox 1373 4645 1549 4700; x_wconf 89' lang='lat' dir='ltr'><strong>solum</strong></span> <span class='ocrx_word' id='word_1_666' title='bbox 1579 4645 1904 4700; x_wconf 89' lang='lat' dir='ltr'><strong>elementum</strong></span> <span class='ocrx_word' id='word_1_667' title='bbox 1935 4660 2054 4699; x_wconf 87' lang='lat' dir='ltr'><strong>esse</strong></span> <span class='ocrx_word' id='word_1_668' title='bbox 2087 4641 2130 4699; x_wconf 88' lang='lat' dir='ltr'><strong>D</strong></span> <span class='ocrx_word' id='word_1_669' title='bbox 2159 4650 2362 4708; x_wconf 78' lang='lat' dir='ltr'><strong>latum;</strong></span> <span class='ocrx_word' id='word_1_670' title='bbox 2418 4645 2611 4698; x_wconf 90' lang='lat' dir='ltr'><strong>horum</strong></span> <span class='ocrx_word' id='word_1_671' title='bbox 2663 4659 2791 4700; x_wconf 86' lang='lat' dir='ltr'><strong>vero</strong></span> <span class='ocrx_word' id='word_1_672' title='bbox 2821 4645 3028 4713; x_wconf 82' lang='lat' dir='ltr'><strong>singula</strong></span> <span class='ocrx_word' id='word_1_673' title='bbox 3068 4645 3112 4699; x_wconf 88' lang='lat' dir='ltr'><strong>si</strong></span> <span class='ocrx_word' id='word_1_674' title='bbox 3160 4644 3372 4700; x_wconf 87' lang='lat' dir='ltr'><strong>auferas</strong></span> <span class='ocrx_word' id='word_1_675' title='bbox 3410 4659 3440 4700; x_wconf 89' lang='lat' dir='ltr'><strong>a</strong></span> <span class='ocrx_word' id='word_1_676' title='bbox 3470 4636 3733 4715; x_wconf 81' lang='lat' dir='ltr'><strong>subjecto,</strong></span> 
     </span>
    </p>
   </div>
   <div class='ocr_carea' id='block_1_93' title="bbox 460 4735 2053 4806">
    <p class='ocr_par' dir='ltr' id='par_1_93' title="bbox 460 4735 2053 4806">
     <span class='ocr_line' id='line_1_93' title="bbox 460 4735 2053 4806; baseline -0.003 -14"><span class='ocrx_word' id='word_1_677' title='bbox 460 4745 734 4803; x_wconf 88' lang='lat' dir='ltr'><strong>astruuut,</strong></span> <span class='ocrx_word' id='word_1_678' title='bbox 761 4745 981 4800; x_wconf 84' lang='lat' dir='ltr'><strong>terram,</strong></span> <span class='ocrx_word' id='word_1_679' title='bbox 1007 4737 1206 4804; x_wconf 83' lang='lat' dir='ltr'><strong>ignem,</strong></span> <span class='ocrx_word' id='word_1_680' title='bbox 1235 4736 1320 4790; x_wconf 91' lang='lat' dir='ltr'><strong>vel</strong></span> <span class='ocrx_word' id='word_1_681' title='bbox 1351 4751 1552 4802; x_wconf 88' lang='lat' dir='ltr'><strong>aerem,</strong></span> <span class='ocrx_word' id='word_1_682' title='bbox 1581 4735 1664 4790; x_wconf 93' lang='lat' dir='ltr'><strong>vel</strong></span> <span class='ocrx_word' id='word_1_683' title='bbox 1694 4751 1906 4806; x_wconf 84' lang='lat' dir='ltr'><strong>aquam,</strong></span> <span class='ocrx_word' id='word_1_684' title='bbox 1932 4749 2053 4803; x_wconf 72' lang='lat' dir='ltr'><strong>quas</strong></span> 
     </span>
    </p>
   </div>
   <div class='ocr_carea' id='block_1_94' title="bbox 459 4824 2052 4898">
    <p class='ocr_par' dir='ltr' id='par_1_94' title="bbox 459 4824 2052 4898">
     <span class='ocr_line' id='line_1_94' title="bbox 459 4824 2052 4898; baseline -0.005 -12"><span class='ocrx_word' id='word_1_685' title='bbox 459 4830 531 4886; x_wconf 85' lang='lat' dir='ltr'><strong>ab</strong></span> <span class='ocrx_word' id='word_1_686' title='bbox 559 4828 887 4898; x_wconf 79' lang='lat' dir='ltr'><strong>Hippocrate</strong></span> <span class='ocrx_word' id='word_1_687' title='bbox 933 4828 1079 4884; x_wconf 88' lang='lat' dir='ltr'><strong>dicta</strong></span> <span class='ocrx_word' id='word_1_688' title='bbox 1128 4837 1253 4882; x_wconf 89' lang='lat' dir='ltr'><strong>sunt</strong></span> <span class='ocrx_word' id='word_1_689' title='bbox 1297 4827 1586 4882; x_wconf 89' lang='lat' dir='ltr'><strong>suflicient.</strong></span> <span class='ocrx_word' id='word_1_690' title='bbox 1637 4825 1694 4881; x_wconf 92' lang='lat' dir='ltr'><strong>Si</strong></span> <span class='ocrx_word' id='word_1_691' title='bbox 1719 4826 1862 4879; x_wconf 90' lang='lat' dir='ltr'><strong>enim</strong></span> <span class='ocrx_word' id='word_1_692' title='bbox 1913 4824 2052 4878; x_wconf 84' lang='lat' dir='ltr'><strong>dun-</strong></span> 
     </span>
    </p>
   </div>
   <div class='ocr_carea' id='block_1_95' title="bbox 462 4915 2053 4986">
    <p class='ocr_par' dir='ltr' id='par_1_95' title="bbox 462 4915 2053 4986">
     <span class='ocr_line' id='line_1_95' title="bbox 462 4915 2053 4986; baseline -0.003 -12"><span class='ocrx_word' id='word_1_693' title='bbox 462 4928 612 4974; x_wconf 84' lang='lat' dir='ltr'><strong>taxat</strong></span> <span class='ocrx_word' id='word_1_694' title='bbox 642 4934 804 4973; x_wconf 85' lang='lat' dir='ltr'><strong>unum</strong></span> <span class='ocrx_word' id='word_1_695' title='bbox 835 4927 1017 4982; x_wconf 89' lang='lat' dir='ltr'><strong>esset,</strong></span> <span class='ocrx_word' id='word_1_696' title='bbox 1067 4933 1341 4986; x_wconf 88' lang='lat' dir='ltr'><strong>nunquam</strong></span> <span class='ocrx_word' id='word_1_697' title='bbox 1381 4917 1590 4971; x_wconf 90' lang='lat' dir='ltr'><strong>doleret</strong></span> <span class='ocrx_word' id='word_1_698' title='bbox 1629 4915 1827 4980; x_wconf 90' lang='lat' dir='ltr'><strong>homo,</strong></span> <span class='ocrx_word' id='word_1_699' title='bbox 1879 4931 2053 4984; x_wconf 89' lang='lat' dir='ltr'><strong>neque</strong></span> 
     </span>
    </p>
   </div>
   <div class='ocr_carea' id='block_1_96' title="bbox 461 5007 2053 5080">
    <p class='ocr_par' dir='ltr' id='par_1_96' title="bbox 461 5007 2053 5080">
     <span class='ocr_line' id='line_1_96' title="bbox 461 5007 2053 5080; baseline -0.004 -14"><span class='ocrx_word' id='word_1_700' title='bbox 461 5013 604 5066; x_wconf 77' lang='lat' dir='ltr'><strong>etiint</strong></span> <span class='ocrx_word' id='word_1_701' title='bbox 633 5020 780 5067; x_wconf 86' lang='lat' dir='ltr'><strong>esset</strong></span> <span class='ocrx_word' id='word_1_702' title='bbox 819 5027 848 5065; x_wconf 90' lang='lat' dir='ltr'><strong>a</strong></span> <span class='ocrx_word' id='word_1_703' title='bbox 873 5027 980 5080; x_wconf 90' lang='lat' dir='ltr'><strong>quo</strong></span> <span class='ocrx_word' id='word_1_704' title='bbox 1011 5009 1222 5064; x_wconf 89' lang='lat' dir='ltr'><strong>doleret</strong></span> <span class='ocrx_word' id='word_1_705' title='bbox 1252 5011 1294 5064; x_wconf 91' lang='lat' dir='ltr'><strong>si</strong></span> <span class='ocrx_word' id='word_1_706' title='bbox 1319 5025 1481 5064; x_wconf 89' lang='lat' dir='ltr'><strong>unum</strong></span> <span class='ocrx_word' id='word_1_707' title='bbox 1512 5008 1799 5068; x_wconf 81' lang='lat' dir='ltr'><strong>existeret;</strong></span> <span class='ocrx_word' id='word_1_708' title='bbox 1832 5007 1975 5076; x_wconf 89' lang='lat' dir='ltr'><strong>quod</strong></span> <span class='ocrx_word' id='word_1_709' title='bbox 2006 5008 2053 5062; x_wconf 90' lang='lat' dir='ltr'><strong>si</strong></span> 
     </span>
    </p>
   </div>
   <div class='ocr_carea' id='block_1_97' title="bbox 461 5095 2053 5168">
    <p class='ocr_par' dir='ltr' id='par_1_97' title="bbox 461 5095 2053 5168">
     <span class='ocr_line' id='line_1_97' title="bbox 461 5095 2053 5168; baseline -0.006 -9"><span class='ocrx_word' id='word_1_710' title='bbox 461 5103 693 5166; x_wconf 86' lang='lat' dir='ltr'><strong>doieret,</strong></span> <span class='ocrx_word' id='word_1_711' title='bbox 715 5102 983 5158; x_wconf 88' lang='lat' dir='ltr'><strong>undenam</strong></span> <span class='ocrx_word' id='word_1_712' title='bbox 1013 5099 1314 5168; x_wconf 89' lang='lat' dir='ltr'><strong>essetquod</strong></span> <span class='ocrx_word' id='word_1_713' title='bbox 1335 5099 1593 5153; x_wconf 87' lang='lat' dir='ltr'><strong>sanaret?</strong></span> <span class='ocrx_word' id='word_1_714' title='bbox 1620 5095 1846 5166; x_wconf 88' lang='lat' dir='ltr'><strong>Oportet</strong></span> <span class='ocrx_word' id='word_1_715' title='bbox 1875 5105 2053 5151; x_wconf 89' lang='lat' dir='ltr'><strong>autem</strong></span> 
     </span>
    </p>
   </div>
   <div class='ocr_carea' id='block_1_98' title="bbox 460 5187 2052 5261">
    <p class='ocr_par' dir='ltr' id='par_1_98' title="bbox 460 5187 2052 5261">
     <span class='ocr_line' id='line_1_98' title="bbox 460 5187 2052 5261; baseline -0.005 -13"><span class='ocrx_word' id='word_1_716' title='bbox 460 5208 662 5261; x_wconf 78' lang='lat' dir='ltr'><strong>:egrum</strong></span> <span class='ocrx_word' id='word_1_717' title='bbox 694 5211 815 5250; x_wconf 89' lang='lat' dir='ltr'><strong>cum</strong></span> <span class='ocrx_word' id='word_1_718' title='bbox 845 5209 1006 5248; x_wconf 86' lang='lat' dir='ltr'><strong>sensu</strong></span> <span class='ocrx_word' id='word_1_719' title='bbox 1033 5191 1401 5246; x_wconf 88' lang='lat' dir='ltr'><strong>transmutari.</strong></span> <span class='ocrx_word' id='word_1_720' title='bbox 1434 5189 1491 5243; x_wconf 94' lang='lat' dir='ltr'><strong>Si</strong></span> <span class='ocrx_word' id='word_1_721' title='bbox 1519 5202 1651 5243; x_wconf 91' lang='lat' dir='ltr'><strong>vero</strong></span> <span class='ocrx_word' id='word_1_722' title='bbox 1684 5203 1846 5240; x_wconf 90' lang='lat' dir='ltr'><strong>unum</strong></span> <span class='ocrx_word' id='word_1_723' title='bbox 1878 5187 2052 5241; x_wconf 89' lang='lat' dir='ltr'><strong>solum</strong></span> 
     </span>
    </p>
   </div>
   <div class='ocr_carea' id='block_1_99' title="bbox 461 5279 2058 5352">
    <p class='ocr_par' dir='ltr' id='par_1_99' title="bbox 461 5279 2058 5352">
     <span class='ocr_line' id='line_1_99' title="bbox 461 5279 2058 5352; baseline -0.004 -10"><span class='ocrx_word' id='word_1_724' title='bbox 461 5296 605 5342; x_wconf 78' lang='lat' dir='ltr'><strong>esset</strong></span> <span class='ocrx_word' id='word_1_725' title='bbox 621 5286 974 5352; x_wconf 88' lang='lat' dir='ltr'><strong>elementum,</strong></span> <span class='ocrx_word' id='word_1_726' title='bbox 1008 5301 1115 5339; x_wconf 91' lang='lat' dir='ltr'><strong>non</strong></span> <span class='ocrx_word' id='word_1_727' title='bbox 1137 5285 1397 5338; x_wconf 80' lang='lat' dir='ltr'><strong>existeret</strong></span> <span class='ocrx_word' id='word_1_728' title='bbox 1423 5281 1607 5350; x_wconf 90' lang='lat' dir='ltr'><strong>utique</strong></span> <span class='ocrx_word' id='word_1_729' title='bbox 1637 5280 1687 5333; x_wconf 92' lang='lat' dir='ltr'><strong>in</strong></span> <span class='ocrx_word' id='word_1_730' title='bbox 1707 5279 1850 5348; x_wconf 93' lang='lat' dir='ltr'><strong>quod</strong></span> <span class='ocrx_word' id='word_1_731' title='bbox 1881 5289 2058 5336; x_wconf 85' lang='lat' dir='ltr'><strong>trans-</strong></span> 
     </span>
    </p>
   </div>
   <div class='ocr_carea' id='block_1_100' title="bbox 463 5372 2054 5443">
    <p class='ocr_par' dir='ltr' id='par_1_100' title="bbox 463 5372 2054 5443">
     <span class='ocr_line' id='line_1_100' title="bbox 463 5372 2054 5443; baseline -0.003 -13"><span class='ocrx_word' id='word_1_732' title='bbox 463 5388 791 5443; x_wconf 84' lang='lat' dir='ltr'><strong>mutaretur;</strong></span> <span class='ocrx_word' id='word_1_733' title='bbox 821 5393 926 5432; x_wconf 91' lang='lat' dir='ltr'><strong>non</strong></span> <span class='ocrx_word' id='word_1_734' title='bbox 951 5384 1364 5431; x_wconf 88' lang='lat' dir='ltr'><strong>transmutatum</strong></span> <span class='ocrx_word' id='word_1_735' title='bbox 1393 5382 1595 5436; x_wconf 88' lang='lat' dir='ltr'><strong>autem,</strong></span> <span class='ocrx_word' id='word_1_736' title='bbox 1626 5372 1718 5427; x_wconf 90' lang='lat' dir='ltr'><strong>sed</strong></span> <span class='ocrx_word' id='word_1_737' title='bbox 1747 5388 1970 5427; x_wconf 89' lang='lat' dir='ltr'><strong>manens</strong></span> <span class='ocrx_word' id='word_1_738' title='bbox 2001 5373 2054 5426; x_wconf 90' lang='lat' dir='ltr'><strong>in</strong></span> 
     </span>
    </p>
   </div>
   <div class='ocr_carea' id='block_1_101' title="bbox 469 5464 2051 5536">
    <p class='ocr_par' dir='ltr' id='par_1_101' title="bbox 469 5464 2051 5536">
     <span class='ocr_line' id='line_1_101' title="bbox 469 5464 2051 5536; baseline -0.001 -18"><span class='ocrx_word' id='word_1_739' title='bbox 469 5481 529 5519; x_wconf 87' lang='lat' dir='ltr'><strong>se</strong></span> <span class='ocrx_word' id='word_1_740' title='bbox 552 5468 692 5536; x_wconf 85' lang='lat' dir='ltr'><strong>ipso,</strong></span> <span class='ocrx_word' id='word_1_741' title='bbox 724 5469 1063 5536; x_wconf 85' lang='lat' dir='ltr'><strong>nequaquam</strong></span> <span class='ocrx_word' id='word_1_742' title='bbox 1090 5466 1327 5532; x_wconf 90' lang='lat' dir='ltr'><strong>doleret,</strong></span> <span class='ocrx_word' id='word_1_743' title='bbox 1355 5465 1568 5520; x_wconf 88' lang='lat' dir='ltr'><strong>etiamsi</strong></span> <span class='ocrx_word' id='word_1_744' title='bbox 1597 5465 1849 5520; x_wconf 85' lang='lat' dir='ltr'><strong>sensibile</strong></span> <span class='ocrx_word' id='word_1_745' title='bbox 1873 5464 2012 5517; x_wconf 89' lang='lat' dir='ltr'><strong>foret</strong></span> <span class='ocrx_word' id='word_1_746' title='bbox 2036 5481 2051 5528; x_wconf 92' lang='lat'><strong>;</strong></span> 
     </span>
    </p>
   </div>
   <div class='ocr_carea' id='block_1_102' title="bbox 467 5556 2052 5629">
    <p class='ocr_par' dir='ltr' id='par_1_102' title="bbox 467 5556 2052 5629">
     <span class='ocr_line' id='line_1_102' title="bbox 467 5556 2052 5629; baseline -0.001 -17"><span class='ocrx_word' id='word_1_747' title='bbox 467 5565 524 5612; x_wconf 84' lang='lat' dir='ltr'><strong>at</strong></span> <span class='ocrx_word' id='word_1_748' title='bbox 543 5558 688 5627; x_wconf 89' lang='lat' dir='ltr'><strong>quod</strong></span> <span class='ocrx_word' id='word_1_749' title='bbox 716 5560 918 5626; x_wconf 87' lang='lat' dir='ltr'><strong>patitur</strong></span> <span class='ocrx_word' id='word_1_750' title='bbox 945 5560 1012 5613; x_wconf 91' lang='lat' dir='ltr'><strong>ab</strong></span> <span class='ocrx_word' id='word_1_751' title='bbox 1052 5559 1234 5629; x_wconf 81' lang='lat' dir='ltr'><strong>aliquo</strong></span> <span class='ocrx_word' id='word_1_752' title='bbox 1272 5557 1384 5628; x_wconf 91' lang='lat' dir='ltr'><strong>pati</strong></span> <span class='ocrx_word' id='word_1_753' title='bbox 1416 5573 1636 5614; x_wconf 86' lang='lat' dir='ltr'><strong>necesse</strong></span> <span class='ocrx_word' id='word_1_754' title='bbox 1658 5566 1760 5613; x_wconf 89' lang='lat' dir='ltr'><strong>est.</strong></span> <span class='ocrx_word' id='word_1_755' title='bbox 1793 5556 1848 5611; x_wconf 88' lang='lat' dir='ltr'><strong>Si</strong></span> <span class='ocrx_word' id='word_1_756' title='bbox 1873 5559 2052 5626; x_wconf 92' lang='lat' dir='ltr'><strong>itaque</strong></span> 
     </span>
    </p>
   </div>
   <div class='ocr_carea' id='block_1_103' title="bbox 467 5639 2051 5720">
    <p class='ocr_par' dir='ltr' id='par_1_103' title="bbox 467 5639 2051 5720">
     <span class='ocr_line' id='line_1_103' title="bbox 467 5639 2051 5720; baseline 0 -16"><span class='ocrx_word' id='word_1_757' title='bbox 467 5665 630 5705; x_wconf 87' lang='lat' dir='ltr'><strong>unum</strong></span> <span class='ocrx_word' id='word_1_758' title='bbox 655 5650 816 5704; x_wconf 84' lang='lat' dir='ltr'><strong>modo</strong></span> <span class='ocrx_word' id='word_1_759' title='bbox 837 5661 980 5706; x_wconf 86' lang='lat' dir='ltr'><strong>esset</strong></span> <span class='ocrx_word' id='word_1_760' title='bbox 995 5651 1347 5717; x_wconf 85' lang='lat' dir='ltr'><strong>elementum,</strong></span> <span class='ocrx_word' id='word_1_761' title='bbox 1363 5658 1559 5720; x_wconf 74' lang='lat' dir='ltr'><strong>praeter</strong></span> <span class='ocrx_word' id='word_1_762' title='bbox 1575 5650 1715 5706; x_wconf 88' lang='lat' dir='ltr'><strong>illius</strong></span> <span class='ocrx_word' id='word_1_763' title='bbox 1737 5639 2051 5720; x_wconf 87' lang='lat' dir='ltr'><strong>qualitatem</strong></span> 
     </span>
    </p>
   </div>
   <div class='ocr_carea' id='block_1_104' title="bbox 468 5741 2055 5812">
    <p class='ocr_par' dir='ltr' id='par_1_104' title="bbox 468 5741 2055 5812">
     <span class='ocr_line' id='line_1_104' title="bbox 468 5741 2055 5812; baseline 0 -15"><span class='ocrx_word' id='word_1_764' title='bbox 468 5743 610 5797; x_wconf 88' lang='lat' dir='ltr'><strong>nulla</strong></span> <span class='ocrx_word' id='word_1_765' title='bbox 635 5741 736 5797; x_wconf 80' lang='lat' dir='ltr'><strong>alia</strong></span> <span class='ocrx_word' id='word_1_766' title='bbox 766 5744 904 5798; x_wconf 81' lang='lat' dir='ltr'><strong>foret</strong></span> <span class='ocrx_word' id='word_1_767' title='bbox 935 5762 964 5796; x_wconf 69' lang='grc' dir='ltr'><strong>κ</strong></span> <span class='ocrx_word' id='word_1_768' title='bbox 993 5759 1098 5812; x_wconf 85' lang='lat' dir='ltr'><strong>qua</strong></span> <span class='ocrx_word' id='word_1_769' title='bbox 1128 5752 1408 5812; x_wconf 88' lang='lat' dir='ltr'><strong>pateretur</strong></span> <span class='ocrx_word' id='word_1_770' title='bbox 1436 5743 1664 5808; x_wconf 89' lang='lat' dir='ltr'><strong>animal;</strong></span> <span class='ocrx_word' id='word_1_771' title='bbox 1710 5743 1853 5810; x_wconf 90' lang='lat' dir='ltr'><strong>quod</strong></span> <span class='ocrx_word' id='word_1_772' title='bbox 1883 5743 1926 5797; x_wconf 89' lang='lat' dir='ltr'><strong>si</strong></span> <span class='ocrx_word' id='word_1_773' title='bbox 1961 5757 2055 5797; x_wconf 84' lang='lat' dir='ltr'><strong>ne—</strong></span> 
     </span>
    </p>
   </div>
   <div class='ocr_carea' id='block_1_105' title="bbox 466 5831 2056 5902">
    <p class='ocr_par' dir='ltr' id='par_1_105' title="bbox 466 5831 2056 5902">
     <span class='ocr_line' id='line_1_105' title="bbox 466 5831 2056 5902; baseline 0 -16"><span class='ocrx_word' id='word_1_774' title='bbox 466 5848 572 5902; x_wconf 86' lang='lat' dir='ltr'><strong>que</strong></span> <span class='ocrx_word' id='word_1_775' title='bbox 617 5833 982 5893; x_wconf 85' lang='lat' dir='ltr'><strong>transmutari,</strong></span> <span class='ocrx_word' id='word_1_776' title='bbox 1031 5847 1206 5900; x_wconf 85' lang='lat' dir='ltr'><strong>neque</strong></span> <span class='ocrx_word' id='word_1_777' title='bbox 1235 5832 1347 5901; x_wconf 84' lang='lat' dir='ltr'><strong>pati</strong></span> <span class='ocrx_word' id='word_1_778' title='bbox 1377 5831 1584 5901; x_wconf 89' lang='lat' dir='ltr'><strong>quiret,</strong></span> <span class='ocrx_word' id='word_1_779' title='bbox 1635 5848 1867 5900; x_wconf 89' lang='lat' dir='ltr'><strong>quonam</strong></span> <span class='ocrx_word' id='word_1_780' title='bbox 1896 5841 2056 5901; x_wconf 88' lang='lat' dir='ltr'><strong>pacto</strong></span> 
     </span>
    </p>
   </div>
   <div class='ocr_carea' id='block_1_106' title="bbox 467 5921 2056 5991">
    <p class='ocr_par' dir='ltr' id='par_1_106' title="bbox 467 5921 2056 5991">
     <span class='ocr_line' id='line_1_106' title="bbox 467 5921 2056 5991; baseline 0 -16"><span class='ocrx_word' id='word_1_781' title='bbox 467 5923 723 5978; x_wconf 81' lang='lat' dir='ltr'><strong>doleret?</strong></span> <span class='ocrx_word' id='word_1_782' title='bbox 773 5922 1074 5976; x_wconf 71' lang='lat' dir='ltr'><strong>ostendens</strong></span> <span class='ocrx_word' id='word_1_783' title='bbox 1112 5922 1270 5990; x_wconf 79' lang='lat' dir='ltr'><strong>igitur</strong></span> <span class='ocrx_word' id='word_1_784' title='bbox 1301 5922 1402 5975; x_wconf 91' lang='lat' dir='ltr'><strong>hoc</strong></span> <span class='ocrx_word' id='word_1_785' title='bbox 1434 5921 1764 5991; x_wconf 79' lang='lat' dir='ltr'><strong>impossibile</strong></span> <span class='ocrx_word' id='word_1_786' title='bbox 1796 5937 1936 5986; x_wconf 73' lang='lat' dir='ltr'><strong>esse,</strong></span> <span class='ocrx_word' id='word_1_787' title='bbox 1990 5937 2056 5975; x_wconf 84' lang='lat' dir='ltr'><strong>ex</strong></span> 
     </span>
    </p>
   </div>
   <div class='ocr_carea' id='block_1_107' title="bbox 2160 4733 3742 4806">
    <p class='ocr_par' dir='ltr' id='par_1_107' title="bbox 2160 4733 3742 4806">
     <span class='ocr_line' id='line_1_107' title="bbox 2160 4733 3742 4806; baseline 0.003 -19"><span class='ocrx_word' id='word_1_788' title='bbox 2160 4733 2320 4787; x_wconf 86' lang='lat' dir='ltr'><strong>etiam</strong></span> <span class='ocrx_word' id='word_1_789' title='bbox 2346 4736 2486 4790; x_wconf 90' lang='lat' dir='ltr'><strong>ratio</strong></span> <span class='ocrx_word' id='word_1_790' title='bbox 2513 4736 2758 4805; x_wconf 91' lang='lat' dir='ltr'><strong>corporis</strong></span> <span class='ocrx_word' id='word_1_791' title='bbox 2790 4745 2900 4790; x_wconf 90' lang='lat' dir='ltr'><strong>tota</strong></span> <span class='ocrx_word' id='word_1_792' title='bbox 2931 4737 3243 4792; x_wconf 87' lang='lat' dir='ltr'><strong>dissolvitur</strong></span> <span class='ocrx_word' id='word_1_793' title='bbox 3266 4755 3277 4789; x_wconf 92' lang='lat'>:</span> <span class='ocrx_word' id='word_1_794' title='bbox 3297 4751 3633 4806; x_wconf 84' lang='lat' dir='ltr'><strong>consequens</strong></span> <span class='ocrx_word' id='word_1_795' title='bbox 3658 4747 3742 4793; x_wconf 88' lang='lat' dir='ltr'><strong>est</strong></span> 
     </span>
    </p>
   </div>
   <div class='ocr_carea' id='block_1_108' title="bbox 2160 4826 3740 4900">
    <p class='ocr_par' dir='ltr' id='par_1_108' title="bbox 2160 4826 3740 4900">
     <span class='ocr_line' id='line_1_108' title="bbox 2160 4826 3740 4900; baseline 0.004 -23"><span class='ocrx_word' id='word_1_796' title='bbox 2160 4834 2219 4878; x_wconf 90' lang='lat' dir='ltr'><strong>ut</strong></span> <span class='ocrx_word' id='word_1_797' title='bbox 2263 4840 2494 4894; x_wconf 89' lang='lat' dir='ltr'><strong>quorum</strong></span> <span class='ocrx_word' id='word_1_798' title='bbox 2523 4826 2819 4882; x_wconf 85' lang='lat' dir='ltr'><strong>absentiam</strong></span> <span class='ocrx_word' id='word_1_799' title='bbox 2864 4828 3206 4883; x_wconf 90' lang='lat' dir='ltr'><strong>resolutionis</strong></span> <span class='ocrx_word' id='word_1_800' title='bbox 3245 4830 3488 4900; x_wconf 87' lang='lat' dir='ltr'><strong>corporis</strong></span> <span class='ocrx_word' id='word_1_801' title='bbox 3522 4843 3740 4884; x_wconf 87' lang='lat' dir='ltr'><strong>causam</strong></span> 
     </span>
    </p>
   </div>
   <div class='ocr_carea' id='block_1_109' title="bbox 2162 4915 3748 4986">
    <p class='ocr_par' dir='ltr' id='par_1_109' title="bbox 2162 4915 3748 4986">
     <span class='ocr_line' id='line_1_109' title="bbox 2162 4915 3748 4986; baseline 0.003 -20"><span class='ocrx_word' id='word_1_802' title='bbox 2162 4927 2282 4967; x_wconf 87' lang='lat' dir='ltr'><strong>esse</strong></span> <span class='ocrx_word' id='word_1_803' title='bbox 2309 4916 2716 4982; x_wconf 85' lang='lat' dir='ltr'><strong>cognoscimus,</strong></span> <span class='ocrx_word' id='word_1_804' title='bbox 2750 4915 2941 4970; x_wconf 91' lang='lat' dir='ltr'><strong>horum</strong></span> <span class='ocrx_word' id='word_1_805' title='bbox 2971 4923 3295 4972; x_wconf 88' lang='lat' dir='ltr'><strong>conventum</strong></span> <span class='ocrx_word' id='word_1_806' title='bbox 3327 4927 3488 4986; x_wconf 90' lang='lat' dir='ltr'><strong>atque</strong></span> <span class='ocrx_word' id='word_1_807' title='bbox 3516 4933 3748 4972; x_wconf 87' lang='lat' dir='ltr'><strong>concur-</strong></span> 
     </span>
    </p>
   </div>
   <div class='ocr_carea' id='block_1_110' title="bbox 2160 5004 3745 5072">
    <p class='ocr_par' dir='ltr' id='par_1_110' title="bbox 2160 5004 3745 5072">
     <span class='ocr_line' id='line_1_110' title="bbox 2160 5004 3745 5072; baseline 0.004 -15"><span class='ocrx_word' id='word_1_808' title='bbox 2160 5019 2278 5057; x_wconf 91' lang='lat' dir='ltr'><strong>sum</strong></span> <span class='ocrx_word' id='word_1_809' title='bbox 2307 5004 2566 5072; x_wconf 85' lang='lat' dir='ltr'><strong>perllcere</strong></span> <span class='ocrx_word' id='word_1_810' title='bbox 2589 5007 2924 5062; x_wconf 86' lang='lat' dir='ltr'><strong>materialem</strong></span> <span class='ocrx_word' id='word_1_811' title='bbox 2957 5017 3204 5062; x_wconf 88' lang='lat' dir='ltr'><strong>naturam</strong></span> <span class='ocrx_word' id='word_1_812' title='bbox 3232 5009 3504 5063; x_wconf 76' lang='lat' dir='ltr'><strong>mstimare</strong></span> <span class='ocrx_word' id='word_1_813' title='bbox 3543 5007 3745 5063; x_wconf 63' lang='lat' dir='ltr'><strong>dcbcao</strong></span> 
     </span>
    </p>
   </div>
   <div class='ocr_carea' id='block_1_111' title="bbox 2162 5093 3747 5166">
    <p class='ocr_par' dir='ltr' id='par_1_111' title="bbox 2162 5093 3747 5166">
     <span class='ocr_line' id='line_1_111' title="bbox 2162 5093 3747 5166; baseline 0.004 -20"><span class='ocrx_word' id='word_1_814' title='bbox 2162 5107 2301 5148; x_wconf 90' lang='lat' dir='ltr'><strong>mus.</strong></span> <span class='ocrx_word' id='word_1_815' title='bbox 2329 5093 2480 5149; x_wconf 91' lang='lat' dir='ltr'><strong>Sicut</strong></span> <span class='ocrx_word' id='word_1_816' title='bbox 2506 5096 2649 5149; x_wconf 90' lang='lat' dir='ltr'><strong>enim</strong></span> <span class='ocrx_word' id='word_1_817' title='bbox 2678 5111 2878 5166; x_wconf 87' lang='lat' dir='ltr'><strong>corpus</strong></span> <span class='ocrx_word' id='word_1_818' title='bbox 2900 5113 3006 5151; x_wconf 89' lang='lat' dir='ltr'><strong>non</strong></span> <span class='ocrx_word' id='word_1_819' title='bbox 3035 5108 3117 5152; x_wconf 86' lang='lat' dir='ltr'><strong>est</strong></span> <span class='ocrx_word' id='word_1_820' title='bbox 3143 5098 3296 5152; x_wconf 91' lang='lat' dir='ltr'><strong>color</strong></span> <span class='ocrx_word' id='word_1_821' title='bbox 3317 5108 3410 5151; x_wconf 90' lang='lat' dir='ltr'><strong>aut</strong></span> <span class='ocrx_word' id='word_1_822' title='bbox 3437 5097 3623 5166; x_wconf 84' lang='lat' dir='ltr'><strong>ﬁgura,</strong></span> <span class='ocrx_word' id='word_1_823' title='bbox 3656 5108 3747 5153; x_wconf 88' lang='lat' dir='ltr'><strong>aut</strong></span> 
     </span>
    </p>
   </div>
   <div class='ocr_carea' id='block_1_112' title="bbox 2159 5185 3746 5260">
    <p class='ocr_par' dir='ltr' id='par_1_112' title="bbox 2159 5185 3746 5260">
     <span class='ocr_line' id='line_1_112' title="bbox 2159 5185 3746 5260; baseline 0.003 -21"><span class='ocrx_word' id='word_1_824' title='bbox 2159 5185 2414 5240; x_wconf 85' lang='lat' dir='ltr'><strong>distantia</strong></span> <span class='ocrx_word' id='word_1_825' title='bbox 2448 5194 2539 5241; x_wconf 89' lang='lat' dir='ltr'><strong>aut</strong></span> <span class='ocrx_word' id='word_1_826' title='bbox 2567 5188 2799 5257; x_wconf 91' lang='lat' dir='ltr'><strong>pondus,</strong></span> <span class='ocrx_word' id='word_1_827' title='bbox 2831 5197 2925 5242; x_wconf 90' lang='lat' dir='ltr'><strong>aut</strong></span> <span class='ocrx_word' id='word_1_828' title='bbox 2954 5191 3158 5258; x_wconf 88' lang='lat' dir='ltr'><strong>reliqua</strong></span> <span class='ocrx_word' id='word_1_829' title='bbox 3187 5189 3597 5260; x_wconf 82' lang='lat' dir='ltr'><strong>proprietatum,</strong></span> <span class='ocrx_word' id='word_1_830' title='bbox 3627 5191 3746 5244; x_wconf 86' lang='lat' dir='ltr'><strong>cui-</strong></span> 
     </span>
    </p>
   </div>
   <div class='ocr_carea' id='block_1_113' title="bbox 2159 5277 3742 5346">
    <p class='ocr_par' dir='ltr' id='par_1_113' title="bbox 2159 5277 3742 5346">
     <span class='ocr_line' id='line_1_113' title="bbox 2159 5277 3742 5346; baseline 0.002 -16"><span class='ocrx_word' id='word_1_831' title='bbox 2159 5290 2370 5346; x_wconf 89' lang='lat' dir='ltr'><strong>cunque</strong></span> <span class='ocrx_word' id='word_1_832' title='bbox 2396 5277 2690 5344; x_wconf 90' lang='lat' dir='ltr'><strong>adsunt,ad</strong></span> <span class='ocrx_word' id='word_1_833' title='bbox 2709 5278 2900 5332; x_wconf 90' lang='lat' dir='ltr'><strong>horum</strong></span> <span class='ocrx_word' id='word_1_834' title='bbox 2929 5279 3157 5346; x_wconf 80' lang='lat' dir='ltr'><strong>singula,</strong></span> <span class='ocrx_word' id='word_1_835' title='bbox 3189 5279 3328 5333; x_wconf 78' lang='lat' dir='ltr'><strong>sicut</strong></span> <span class='ocrx_word' id='word_1_836' title='bbox 3355 5277 3604 5342; x_wconf 89' lang='lat' dir='ltr'><strong>diximus,</strong></span> <span class='ocrx_word' id='word_1_837' title='bbox 3623 5293 3742 5333; x_wconf 87' lang='lat' dir='ltr'><strong>cor-</strong></span> 
     </span>
    </p>
   </div>
   <div class='ocr_carea' id='block_1_114' title="bbox 2160 5353 3748 5442">
    <p class='ocr_par' dir='ltr' id='par_1_114' title="bbox 2160 5353 3748 5442">
     <span class='ocr_line' id='line_1_114' title="bbox 2160 5353 3748 5442; baseline 0 -18"><span class='ocrx_word' id='word_1_838' title='bbox 2160 5388 2259 5442; x_wconf 89' lang='lat' dir='ltr'><strong>pus</strong></span> <span class='ocrx_word' id='word_1_839' title='bbox 2298 5385 2418 5426; x_wconf 89' lang='lat' dir='ltr'><strong>esse</strong></span> <span class='ocrx_word' id='word_1_840' title='bbox 2445 5385 2550 5425; x_wconf 91' lang='lat' dir='ltr'><strong>non</strong></span> <span class='ocrx_word' id='word_1_841' title='bbox 2591 5377 2850 5439; x_wconf 83' lang='lat' dir='ltr'><strong>possunt,</strong></span> <span class='ocrx_word' id='word_1_842' title='bbox 2880 5369 2976 5424; x_wconf 90' lang='lat' dir='ltr'><strong>scd</strong></span> <span class='ocrx_word' id='word_1_843' title='bbox 3006 5353 3148 5423; x_wconf 78' lang='lat' dir='ltr'><strong>aiiud</strong></span> <span class='ocrx_word' id='word_1_844' title='bbox 3176 5369 3303 5437; x_wconf 91' lang='lat' dir='ltr'><strong>quid</strong></span> <span class='ocrx_word' id='word_1_845' title='bbox 3334 5377 3528 5438; x_wconf 61' lang='lat' dir='ltr'><strong>praeter</strong></span> <span class='ocrx_word' id='word_1_846' title='bbox 3549 5384 3748 5439; x_wconf 89' lang='lat' dir='ltr'><strong>corpus</strong></span> 
     </span>
    </p>
   </div>
   <div class='ocr_carea' id='block_1_115' title="bbox 2156 5463 3746 5532">
    <p class='ocr_par' dir='ltr' id='par_1_115' title="bbox 2156 5463 3746 5532">
     <span class='ocr_line' id='line_1_115' title="bbox 2156 5463 3746 5532; baseline -0.001 -15"><span class='ocrx_word' id='word_1_847' title='bbox 2156 5463 2308 5532; x_wconf 80' lang='lat' dir='ltr'><strong>juxta</strong></span> <span class='ocrx_word' id='word_1_848' title='bbox 2337 5479 2487 5516; x_wconf 86' lang='lat' dir='ltr'><strong>suam</strong></span> <span class='ocrx_word' id='word_1_849' title='bbox 2514 5463 2902 5532; x_wconf 87' lang='lat' dir='ltr'><strong>proprietatem</strong></span> <span class='ocrx_word' id='word_1_850' title='bbox 2932 5477 3052 5517; x_wconf 89' lang='lat' dir='ltr'><strong>esse</strong></span> <span class='ocrx_word' id='word_1_851' title='bbox 3077 5469 3409 5516; x_wconf 88' lang='lat' dir='ltr'><strong>monstratur</strong></span> <span class='ocrx_word' id='word_1_852' title='bbox 3435 5480 3447 5513; x_wconf 92' lang='lat'><strong><em>:</em></strong></span> <span class='ocrx_word' id='word_1_853' title='bbox 3481 5463 3552 5515; x_wconf 88' lang='lat' dir='ltr'><strong>ita</strong></span> <span class='ocrx_word' id='word_1_854' title='bbox 3575 5477 3746 5516; x_wconf 78' lang='lat' dir='ltr'><strong>econ-</strong></span> 
     </span>
    </p>
   </div>
   <div class='ocr_carea' id='block_1_116' title="bbox 2157 5553 3741 5624">
    <p class='ocr_par' dir='ltr' id='par_1_116' title="bbox 2157 5553 3741 5624">
     <span class='ocr_line' id='line_1_116' title="bbox 2157 5553 3741 5624; baseline -0.002 -15"><span class='ocrx_word' id='word_1_855' title='bbox 2157 5557 2323 5609; x_wconf 82' lang='lat' dir='ltr'><strong>trario</strong></span> <span class='ocrx_word' id='word_1_856' title='bbox 2345 5554 2649 5624; x_wconf 89' lang='lat' dir='ltr'><strong>ubicunque</strong></span> <span class='ocrx_word' id='word_1_857' title='bbox 2675 5562 2972 5608; x_wconf 89' lang='lat' dir='ltr'><strong>memorata</strong></span> <span class='ocrx_word' id='word_1_858' title='bbox 3003 5560 3348 5618; x_wconf 86' lang='lat' dir='ltr'><strong>concurrunt,</strong></span> <span class='ocrx_word' id='word_1_859' title='bbox 3381 5553 3741 5606; x_wconf 87' lang='lat' dir='ltr'><strong>substantiam</strong></span> 
     </span>
    </p>
   </div>
   <div class='ocr_carea' id='block_1_117' title="bbox 2157 5643 3745 5719">
    <p class='ocr_par' dir='ltr' id='par_1_117' title="bbox 2157 5643 3745 5719">
     <span class='ocr_line' id='line_1_117' title="bbox 2157 5643 3745 5719; baseline -0.002 -17"><span class='ocrx_word' id='word_1_860' title='bbox 2157 5646 2442 5719; x_wconf 84' lang='lat' dir='ltr'><strong>perﬁciunt</strong></span> <span class='ocrx_word' id='word_1_861' title='bbox 2463 5647 2821 5715; x_wconf 80' lang='lat' dir='ltr'><strong>corporalem.</strong></span> <span class='ocrx_word' id='word_1_862' title='bbox 2842 5644 3052 5699; x_wconf 84' lang='lat' dir='ltr'><strong>Etenim</strong></span> <span class='ocrx_word' id='word_1_863' title='bbox 3079 5645 3124 5700; x_wconf 92' lang='lat' dir='ltr'><strong>si</strong></span> <span class='ocrx_word' id='word_1_864' title='bbox 3153 5645 3532 5700; x_wconf 81' lang='lat' dir='ltr'><strong>intellectualis</strong></span> <span class='ocrx_word' id='word_1_865' title='bbox 3550 5643 3745 5700; x_wconf 87' lang='lat' dir='ltr'><strong>horum</strong></span> 
     </span>
    </p>
   </div>
   <div class='ocr_carea' id='block_1_118' title="bbox 2160 5737 3747 5810">
    <p class='ocr_par' dir='ltr' id='par_1_118' title="bbox 2160 5737 3747 5810">
     <span class='ocr_line' id='line_1_118' title="bbox 2160 5737 3747 5810; baseline -0.002 -17"><span class='ocrx_word' id='word_1_866' title='bbox 2160 5741 2417 5810; x_wconf 87' lang='lat' dir='ltr'><strong>probatur</strong></span> <span class='ocrx_word' id='word_1_867' title='bbox 2447 5739 2730 5810; x_wconf 88' lang='lat' dir='ltr'><strong>inspectio,</strong></span> <span class='ocrx_word' id='word_1_868' title='bbox 2750 5737 3130 5793; x_wconf 89' lang='lat' dir='ltr'><strong>intellectualis</strong></span> <span class='ocrx_word' id='word_1_869' title='bbox 3149 5745 3329 5792; x_wconf 85' lang='lat' dir='ltr'><strong>autem</strong></span> <span class='ocrx_word' id='word_1_870' title='bbox 3351 5737 3528 5792; x_wconf 90' lang='lat' dir='ltr'><strong>divina</strong></span> <span class='ocrx_word' id='word_1_871' title='bbox 3551 5744 3747 5791; x_wconf 77' lang='lat' dir='ltr'><strong>natura</strong></span> 
     </span>
    </p>
   </div>
   <div class='ocr_carea' id='block_1_119' title="bbox 2158 5826 3747 5898">
    <p class='ocr_par' dir='ltr' id='par_1_119' title="bbox 2158 5826 3747 5898">
     <span class='ocr_line' id='line_1_119' title="bbox 2158 5826 3747 5898; baseline -0.005 -11"><span class='ocrx_word' id='word_1_872' title='bbox 2158 5840 2258 5896; x_wconf 89' lang='lat' dir='ltr'><strong>est,</strong></span> <span class='ocrx_word' id='word_1_873' title='bbox 2307 5831 2435 5885; x_wconf 89' lang='lat' dir='ltr'><strong>nihil</strong></span> <span class='ocrx_word' id='word_1_874' title='bbox 2466 5833 2829 5898; x_wconf 84' lang='lat' dir='ltr'><strong>incongruens</strong></span> <span class='ocrx_word' id='word_1_875' title='bbox 2859 5843 2926 5883; x_wconf 91' lang='lat' dir='ltr'><strong>cx</strong></span> <span class='ocrx_word' id='word_1_876' title='bbox 2970 5828 3287 5898; x_wconf 86' lang='lat' dir='ltr'><strong>incorporea</strong></span> <span class='ocrx_word' id='word_1_877' title='bbox 3323 5836 3512 5882; x_wconf 87' lang='lat' dir='ltr'><strong>natura</strong></span> <span class='ocrx_word' id='word_1_878' title='bbox 3554 5826 3747 5880; x_wconf 84' lang='lat' dir='ltr'><strong>intelli-</strong></span> 
     </span>
    </p>
   </div>
   <div class='ocr_carea' id='block_1_120' title="bbox 2159 5916 3746 5990">
    <p class='ocr_par' dir='ltr' id='par_1_120' title="bbox 2159 5916 3746 5990">
     <span class='ocr_line' id='line_1_120' title="bbox 2159 5916 3746 5990; baseline -0.004 -16"><span class='ocrx_word' id='word_1_879' title='bbox 2159 5921 2305 5990; x_wconf 79' lang='lat' dir='ltr'><strong>gibili</strong></span> <span class='ocrx_word' id='word_1_880' title='bbox 2345 5920 2440 5974; x_wconf 88' lang='lat' dir='ltr'><strong>has</strong></span> <span class='ocrx_word' id='word_1_881' title='bbox 2484 5919 2796 5974; x_wconf 84' lang='lat' dir='ltr'><strong>occasiones</strong></span> <span class='ocrx_word' id='word_1_882' title='bbox 2842 5917 2908 5971; x_wconf 89' lang='lat' dir='ltr'><strong>ad</strong></span> <span class='ocrx_word' id='word_1_883' title='bbox 2952 5917 3293 5989; x_wconf 86' lang='lat' dir='ltr'><strong>corporalem</strong></span> <span class='ocrx_word' id='word_1_884' title='bbox 3338 5916 3746 5989; x_wconf 76' lang='lat' dir='ltr'><strong>generationem</strong></span> 
     </span>
    </p>
   </div>
  </div>
