4122 6544
407 407 509 462 58Ί

1221 403 1399 459 LIBRI
1444 404 1528 459 DE
1560 402 1950 461 CREATIONE
1990 403 2267 460 IIOMINIS
2310 402 2866 460 INTERI’RETATIO

3594 388 3697 462 390

404 536 565 592 posse
606 520 936 585 subsistere,
976 536 1099 577 cum
1130 521 1509 578 intellectualis
1543 522 1761 593 quidem
1805 531 1996 578 natura
2027 528 2074 584 Α
2102 531 2223 578 esse
2270 521 2503 578 felicem.
2539 518 2642 579 Ubi
2673 535 2835 594 igitur
2860 525 2988 580 illud
3013 540 3256 593 regnum,
3295 527 3383 582 ubi
3416 529 3699 598 templum,

403 614 768 684 intelligibiles
794 614 1070 685 potentias
1098 613 1281 681 faciat,
1307 629 1493 670 earum
1526 631 1656 671 vero
1703 623 1998 670 conventus

404 707 459 762 in
506 706 736 762 invicem
785 706 1419 777 materialem_naturam
1476 722 1541 762 ac
1588 707 1996 776 generationem

398 805 804 864 consequenter
823 797 1036 852 educat.
1062 797 1168 853 Sed
1198 797 1315 853 lucc
1342 799 1394 852 in
1422 807 1731 854 transcursu
1755 800 1996 856 discussa

399 897 548 941 sunt.
579 885 744 942 Nobis
766 896 949 953 autem
976 905 1162 942 rursus
1183 889 1249 942 ad
1263 888 1418 943 ﬁdem
1435 890 1573 944 ratio
1591 898 1701 944 tota
1715 890 1996 947 referenda

398 986 506 1043 est,
524 994 621 1047 per
633 993 794 1048 quam
812 992 878 1031 ex
898 993 1004 1031 non
1019 979 1356 1033 exstantibus
1378 980 1555 1033 omnia
1574 980 1857 1035 substituta
1876 997 1997 1038 esse

397 1075 705 1139 didicimus,
724 1084 779 1131 et
799 1090 986 1130 rursus
1008 1075 1060 1128 in
1087 1075 1250 1129 alium
1273 1077 1559 1146 quemdam
1584 1076 1995 1132 transmutanda

398 1172 599 1219 statum
616 1164 911 1235 Scripturis
938 1164 1338 1219 venerabilibus
1366 1165 1563 1227 edocti,
1596 1167 1817 1222 minime
1839 1167 1996 1222 dubi-

399 1264 598 1311 tamus.

983 1326 1215 1385 CAPUT
1230 1326 1422 1385 XXVI.

401 1395 849 1482 Quemadmodum
896 1401 1010 1482 quis
1052 1403 1211 1482 etiam
1248 1400 1316 1482 ab
1342 1402 1423 1482 [iis
1451 1401 1539 1470 qui
1568 1403 1699 1482 foris
1745 1401 1994 1482 aunt-adg-

468 1468 709 1592 ducgctur,
734 1479 788 1523 ut
803 1468 1091 1541 Scriptum
1114 1471 1316 1526 docenti
1334 1472 1398 1525 de
1413 1468 1791 1527 resurrectione
1810 1472 1992 1527 debeat

471 1555 558 1593 ore
625 1556 700 1593 re.

471 1630 578 1687 Sed
597 1631 736 1688 forte
764 1633 1032 1703 quispiam
1056 1650 1285 1705 corpora
1303 1634 1416 1703 jam
1438 1636 1613 1691 soluta
1630 1635 1993 1706 conspiciens,

398 1730 455 1777 et
484 1738 584 1793 pro
613 1723 777 1780 modo
802 1740 1022 1780 suarum
1050 1725 1242 1781 virium
1272 1727 1508 1782 divinam
1540 1726 1879 1797 perpendens
1906 1742 1995 1781 ra-

399 1814 628 1877 tionem,
658 1816 1047 1871 resolutionem
1091 1819 1477 1888 impossibilem
1509 1835 1629 1875 esse
1662 1819 1897 1875 fateatur
1940 1828 1995 1874 et

2104 611 2195 666 ubi
2228 629 2502 672 murorum
2532 624 2588 670 et
2619 617 2845 671 turrium
2874 617 3159 684 celsitudo,
3208 620 3297 673 ubi
3329 618 3698 675 Israelitarum

2102 704 2191 758 illa
2214 708 2493 775 potentia?
2516 708 2705 764 Nonne
2729 710 2803 765 illi
2825 710 3040 781 quidem
3066 727 3163 781 per
3178 728 3369 768 omnes
3390 713 3502 771 fere
3527 723 3701 770 terras

2100 796 2239 850 alius
2268 797 2395 852 alibi
2420 798 2669 853 videntur
2697 817 2816 856 esse
2846 802 3094 872 dispersi,
3123 811 3180 857 et
3207 819 3326 858 cum
3351 819 3541 860 eorum
3571 807 3729 861 sub-‘

2099 889 2351 945 versione
2397 906 2624 959 regnum
2673 908 2891 962 quoque
2939 903 3022 949 est
3071 895 3443 952 destructum?
3473 898 3697 955 Videtur

2100 987 2281 1035 autem
2310 980 2438 1035 mihi
2470 982 2585 1036 haec
2607 990 2661 1036 et
2691 982 2881 1037 horum
2912 984 3105 1040 similia
3131 986 3389 1042 Dominus
3409 1003 3519 1043 non
3548 989 3694 1058 ipsa-

2098 1085 2219 1149 rum
2248 1085 2428 1125 rerum
2459 1072 2634 1138 gratia
2664 1083 2789 1127 ante
2819 1073 3041 1140 dixisse,
3078 1075 3227 1146 (quid
3260 1077 3402 1131 enim
3434 1078 3570 1134 lucri
3600 1094 3690 1133 au-

2098 1162 2363 1218 ditoribus
2388 1162 2606 1219 afferret
2627 1181 2817 1221 eorum
2841 1182 2959 1237 qua:
2978 1177 3132 1222 erant
3153 1178 3411 1225 eventura
3433 1172 3693 1240 cognitio.

2098 1268 2218 1324 quae
2248 1255 2349 1309 etsi
2382 1263 2509 1309 ante
2536 1256 2811 1311 nescirent
2865 1259 3199 1327 experientia
3244 1260 3357 1330 ipsa
3397 1275 3666 1330 cognosce

2098 1346 2288 1417 rent?)
2343 1346 2440 1400 sed
2472 1355 2531 1400 ut
2556 1362 2655 1417 per
2676 1347 2791 1403 haec
2823 1365 2965 1404 nunc
2998 1349 3062 1404 de
3091 1351 3254 1405 rebus
3283 1353 3533 1407 maximis
3565 1353 3700 1408 ﬁdes

2098 1444 2497 1504 consequenter
2526 1435 2834 1491 haberetur.
2864 1437 2997 1491 Nam
3029 1438 3336 1494 testiﬁcatio
3358 1456 3479 1510 qua:
3500 1443 3553 1496 in
3580 1443 3698 1498 istis

2099 1528 2353 1598 operibus
2382 1537 2618 1597 constat,
2663 1530 2715 1583 in
2748 1531 2852 1586 illis
2878 1547 3096 1601 quoque
3126 1533 3372 1589 veritatis
3401 1550 3522 1590 esse
3562 1552 3698 1607 pro-

2097 1620 2258 1676 batur
2287 1623 2548 1677 ostensio.
2598 1621 3065 1689 Quemadmodum
3099 1626 3141 1679 si
3170 1627 3289 1695 quis
3319 1628 3556 1695 agricola
3589 1630 3698 1686 vim

2096 1716 2361 1770 seminum
2386 1718 2671 1786 inexperto
2702 1718 2965 1783 referens,
2992 1720 3058 1774 ab
3081 1736 3146 1775 eo
3175 1722 3397 1777 minime
3418 1723 3693 1792 credatur,

2097 1807 2296 1863 sufﬁcit
2348 1808 2397 1862 ei
2449 1808 2516 1862 ad
2565 1808 2944 1878 probationem
2978 1811 3218 1867 veritatis
3251 1812 3303 1867 in
3336 1830 3445 1868 uno
3474 1816 3698 1871 seminis

396 1914 545 1962 διεδ-ε
573 1923 691 1976 ηυδε
719 1916 1025 1974 movemur,
1058 1910 1166 1965 imo
1207 1919 1262 1967 ει
1294 1925 1515 1980 surgere
1543 1928 1663 1981 qum
1692 1912 1853 1967 modo
1883 1927 1992 1967 ηοη
2030 1916 2068 1973 Β
2097 1912 2267 1969 grano
2297 1915 2487 1953 eorum
2518 1899 2893 1956 demonstrare
2922 1904 3245 1972 potentiam,
3279 1913 3341 1959 ut
3367 1906 3436 1961 de
3468 1908 3696 1978 reliquis

395 2007 704 2066 moventur,
730 1998 843 2054 ﬁeri
873 2017 979 2055 non
1003 2018 1163 2072 posse
1185 2004 1514 2072 pronuntiet.
1549 2003 1656 2058 Sed
1680 2004 1993 2072 quicunque

393 2101 479 2149 est
499 2093 588 2149 ille
611 2095 840 2166 primum
866 2094 1084 2165 quidem
1114 2104 1168 2149 et
1198 2098 1490 2152 maximum
1508 2097 1575 2153 de
1588 2096 1991 2151 resurrectione

391 2186 641 2240 veritatis
666 2186 898 2257 accipiat
926 2197 1328 2257 argumentum,
1352 2189 1494 2259 quod
1518 2189 1845 2259 prmdicator
1874 2187 1991 2258 ejus

392 2275 656 2346 probetur
685 2278 831 2332 omni
875 2278 978 2333 ﬁde
1022 2278 1399 2348 dignissimus,
1452 2295 1643 2335 eorum
1690 2296 1820 2335 vero
1871 2296 1991 2349 quae

390 2370 647 2426 dicuntur
676 2370 807 2427 ﬁdes
832 2388 900 2427 ex
922 2373 1004 2427 bis
1032 2388 1152 2443 quae
1181 2374 1440 2445 praedicta
1468 2390 1532 2430 ac
1558 2374 1826 2446 completa
1866 2383 1992 2431 sunt

390 2475 546 2515 suam
576 2462 774 2517 retinet
803 2462 1133 2518 ﬁrmitatem.
1168 2463 1306 2531 Quia
1351 2480 1480 2519 vero
1510 2464 1694 2536 plures
1724 2464 1879 2519 nobis
1905 2465 1988 2518 di-

388 2566 691 2622 versasque
719 2569 1001 2610 sermones
1042 2555 1235 2609 divinae
1266 2555 1557 2625 Scriptura:
1587 2555 1992 2611 commendavit

389 2647 710 2710 auctoritas,
742 2647 900 2702 facile
948 2664 1073 2702 reor
1102 2656 1283 2703 utrum
1315 2648 1445 2703 falsa
1492 2664 1558 2701 an
1591 2663 1717 2702 vera
1765 2648 1875 2701 sint
1920 2663 1985 2702 ea

387 2752 509 2805 qua:
529 2736 675 2793 dicta
704 2746 834 2792 sunt
871 2754 937 2793 ex
961 2739 1043 2793 his
1069 2754 1189 2809 quae
1214 2738 1325 2807 jam
1354 2738 1623 2807 completa
1650 2745 1775 2792 sunt
1801 2738 1990 2806 explob

387 2846 534 2893 rare,
568 2839 625 2886 et
653 2847 751 2901 per
792 2832 879 2886 illa
928 2832 1034 2887 hoc
1077 2846 1295 2900 quoque
1335 2832 1531 2899 dogma
1575 2829 1990 2887 resurrectionis

388 2922 678 2991 inspicere.
703 2922 837 2978 Nam
861 2923 909 2978 si
936 2923 990 2978 in
1018 2923 1139 2978 aliis
1162 2922 1326 2977 rebus
1343 2920 1462 2977 falsi
1486 2936 1764 2977 sermones
1787 2931 1843 2976 et
1864 2936 1982 2990 pro-

387 3014 477 3069 cul
499 3029 527 3067 a
552 3016 782 3069 veritate
810 3021 1199 3085 monstratum,
1226 3028 1327 3069 nec
1343 3013 1446 3067 hoc
1461 3021 1614 3067 extra
1646 3013 1985 3067 mendacium

386 3119 512 3159 esse
540 3105 904 3172 cognoscitur.
938 3102 995 3158 Si
1042 3118 1172 3159 vero
1201 3112 1394 3158 caetera
1425 3102 1603 3156 omnia
1636 3117 1784 3166 vera,
1819 3117 1987 3169 expc:-

387 3197 585 3251 rientia
614 3196 726 3265 ipsa
758 3202 992 3251 testante
1011 3233 1028 3259 ,
1081 3208 1420 3261 consequens
1448 3199 1532 3247 est
1557 3207 1654 3261 per
1682 3191 1783 3246 ista
1804 3206 1984 3244 veram

386 3286 833 3357 [medicationem
888 3284 1305 3341 resurrectionis
1345 3284 1600 3339 existere.
1643 3281 1988 3351 Quapmptcr
2016 3298 2054 3354 ρ

388 3379 550 3433 unius
568 3377 654 3432 vel
676 3375 906 3432 duorum
932 3376 1002 3430 de
1023 3376 1106 3431 bis
1132 3391 1253 3444 qua:
1278 3383 1405 3431 sunt
1431 3375 1684 3444 praedicta
1716 3390 1985 3428 memore-

386 3482 534 3535 mus,
550 3466 819 3536 simulque
840 3479 1028 3523 eorum
1051 3464 1390 3534 proferamus
1413 3471 1686 3528 eventum,
1715 3471 1983 3533 quatenus

386 3573 684 3628 agnoscere
714 3558 984 3628 possimus
1020 3566 1200 3613 utrum
1227 3556 1443 3613 veritati
1471 3558 1648 3612 oratio
1679 3566 1863 3611 nostra
1895 3573 1982 3612 re—

384 3650 678 3721 spondeat.
707 3649 839 3718 Quis
868 3651 1032 3720 igitur
1055 3651 1272 3720 ignoret
1299 3650 1531 3719 qualiter
1558 3651 1854 3720 antiquitus
1879 3649 1981 3707 ﬁo-

386 3742 559 3797 ruerit
587 3740 913 3797 Israeliticae
941 3743 1192 3811 populus,
1213 3742 1466 3797 omnibus
1493 3758 1553 3797 se
1587 3742 1981 3811 propemodum

386 3833 574 3888 mundi
593 3834 952 3904 potestatibus
964 3831 1215 3897 efferens,
1238 3833 1417 3902 qualia
1439 3848 1626 3888 eorum
1646 3846 1811 3902 regna
1828 3839 1982 3886 erant

386 3928 441 3982 in
465 3928 601 3981 urbe
630 3926 1024 3997 Hierosolyma.
1057 3925 1247 3995 quales
1272 3927 1410 3983 muri
1433 3926 1518 3981 vel
1551 3934 1746 3992 turres,
1795 3925 1981 3994 templi

385 4034 608 4089 quoque
651 4029 854 4087 quanta
910 4016 1344 4089 magniﬁcentia,
1398 4027 1457 4072 ut
1495 4020 1660 4073 etiam
1705 4018 1982 4088 discipulis

386 4109 591 4165 Christi
640 4108 952 4163 viderentur
999 4108 1299 4173 miraculo,
1356 4109 1641 4179 ipsumque
1690 4108 1980 4165 Dominum

385 4209 745 4272 precarentur
772 4201 1078 4256 attendere.
1110 4200 1311 4269 Sicque
1339 4206 1582 4258 erantex
1614 4202 1698 4256 his
1727 4218 1845 4271 quae
1871 4218 1982 4257 cer-

386 4295 592 4348 nebant
621 4302 843 4363 stupore
874 4294 1252 4349 admirationis
1280 4294 1479 4361 allecti,
1512 4303 1573 4348 ut
1600 4295 1773 4350 sancti
1804 4294 1982 4349 Evan-

384 4385 513 4453 gelii
542 4385 784 4439 declarat
833 4384 1075 4449 historia,
1108 4385 1349 4440 dicentes
1382 4404 1394 4438 :
1426 4385 1615 4451 Qualia
1639 4401 1829 4456 opera,
1854 4402 1984 4455 qua-

384 4476 576 4544 lesque
600 4483 783 4529 essent
804 4474 1219 4531 aediﬁcationes!
1252 4475 1513 4530 Dominus
1541 4484 1719 4532 autem
1747 4476 1980 4531 futuram

386 4566 492 4622 loci
514 4566 879 4621 desertionem
902 4577 958 4622 et
978 4569 1395 4637 pulchritudinis
1415 4570 1561 4624 illius
1576 4570 1976 4633 exterminium,

2096 1989 2393 2060 ejus’ﬁrma
2425 1991 2685 2060 probetur
2713 1993 2975 2057 assertio;
3009 1995 3096 2063 qui
3122 1995 3264 2049 enim
3294 1996 3489 2051 viderit
3529 2014 3697 2054 unum

2095 2095 2348 2149 granum,
2381 2089 2441 2134 ut
2469 2087 2598 2150 puta
2653 2082 2835 2147 tritici,
2892 2090 2987 2136 aut
3042 2083 3252 2151 hordei,
3302 2095 3395 2140 aut
3448 2086 3683 2156 alicujus

2092 2182 2414 2229 ceterorum
2456 2190 2575 2245 qua:
2620 2176 2674 2229 in
2715 2176 2994 2231 medicina:
3031 2192 3282 2234 mensura
3340 2196 3461 2235 esse
3516 2184 3697 2237 conti-

2093 2265 2251 2333 gerit,
2282 2272 2635 2335 posteaquam
2661 2265 2965 2336 depositum
2997 2268 3158 2323 fuerit
3191 2280 3347 2326 terra:
3371 2273 3695 2343 visceribus,

2094 2357 2147 2410 in
2177 2358 2381 2426 spicam
2412 2373 2663 2427 surgere,
2696 2374 2765 2412 ex
2792 2359 2897 2413 hoc
2926 2375 3032 2414 uno
3056 2360 3168 2430 jam
3200 2362 3267 2417 de
3298 2366 3511 2419 caeteris
3536 2365 3695 2421 dubi-

2092 2456 2208 2504 tare
2240 2467 2345 2505 non
2377 2452 2595 2521 poterit,
2621 2450 2693 2505 ita
2726 2453 2855 2507 mihi
2883 2451 2950 2507 de
2985 2456 3242 2525 mysterio
3270 2459 3693 2515 resurrectionis

2094 2541 2459 2609 testimonium
2485 2546 2698 2599 videtur
2724 2547 2977 2602 idoneum
3003 2547 3117 2617 ipsa
3140 2549 3342 2605 veritas
3364 2552 3621 2620 praedicta
3640 2560 3697 2607 et

2091 2632 2361 2702 completa
2390 2632 2685 2703 factorum,
2735 2652 2831 2692 seu
2876 2638 3055 2707 potius
3085 2640 3252 2708 ipsius
3292 2640 3407 2708 jam
3443 2657 3692 2697 resurre-

2091 2724 2286 2781 ctionis
2306 2727 2664 2796 experientia,
2694 2744 2855 2798 quam
2885 2747 2991 2786 non
3019 2740 3125 2785 tam
3150 2732 3327 2787 verbis
3347 2748 3507 2802 quam
3524 2735 3694 2790 rebus

2093 2814 2338 2869 instructi
2357 2819 2719 2886 percepimus.
2746 2819 2878 2873 Nam
2911 2823 3168 2892 quoniam
3200 2837 3454 2892 magnum
3486 2824 3690 2894 aliquid

2092 2912 2148 2957 et
2193 2920 2355 2977 supra
2406 2907 2565 2961 ﬁdem
2615 2918 2734 2963 erat
2778 2910 2844 2965 de
2894 2913 3297 2967 resurrectione
3341 2915 3689 2983 miraculum,

2094 2993 2354 3052 Dominus
2385 2998 2451 3052 ab
2483 2997 2741 3055 inferiore
2771 3002 2925 3072 signo
2957 3004 3170 3059 virtutis
3202 3006 3483 3079 incipiens,
3508 3009 3692 3078 paula-

2092 3086 2186 3139 tim
2216 3086 2373 3142 ﬁdem
2406 3098 2648 3144 nostram
2681 3091 2751 3146 ad
2781 3093 3013 3149 celsiora
3043 3096 3369 3164 quibusdam
3415 3101 3689 3168 processi-

2091 3177 2191 3233 bus
2221 3181 2504 3235 assuescit.
2555 3181 2706 3237 Sicut
2733 3185 2875 3238 enim
2904 3187 3150 3256 quzcdam
3178 3197 3350 3242 mater
3372 3199 3690 3261 competen-

2092 3278 2175 3326 ter
2220 3272 2501 3341 parvulum
2531 3273 2742 3329 lactans
2772 3276 2987 3332 interim
3018 3277 3231 3334 labellis
3269 3282 3435 3335 ubera
3481 3284 3686 3337 teneris

2090 3360 2401 3431 immulget,
2451 3372 2535 3418 avt
2579 3365 2665 3419 ubi
2697 3367 3000 3436 producere
3030 3368 3219 3423 dentes
3248 3371 3493 3440 cmperit,
3527 3370 3688 3426 offert

2085 3454 2134 3508 ei
2165 3472 2383 3524 panem,
2417 3475 2545 3526 non,
2578 3462 2719 3515 sicut
2742 3470 2845 3526 est,
2877 3462 3067 3517 durum
3100 3474 3194 3519 aut
3223 3454 3473 3533 rigidum,
3519 3482 3587 3521 ne
3611 3467 3681 3520 ibi

2082 3547 2329 3604 soliditas
2363 3560 2650 3619 exasperet
2682 3553 2965 3607 mollitiem
2998 3555 3358 3623 gingivarum,
3402 3555 3497 3611 sed
3528 3573 3683 3610 man-

2084 3636 2216 3694 dens
2244 3642 2474 3709 prOpriis
2503 3643 2755 3698 dentibus
2784 3645 3119 3711 mordiﬁcat,
3154 3653 3209 3700 et
3243 3646 3441 3701 viribus
3471 3649 3682 3717 parvuli

2084 3730 2261 3785 cibum
2288 3736 3195 3803 pncparatcongrnentem,deinde
3214 3737 3371 3805 juxta
3403 3738 3680 3808 profectus
3744 3796 3757 3805 _

2080 3825 2256 3891 gzctatis
2284 3825 2331 3879 ei
2363 3825 2454 3894 qui
2485 3832 2602 3879 erat
2634 3827 2972 3882 mollioribus
3002 3837 3251 3884 assuetus
3282 3843 3435 3884 escas
3469 3844 3683 3899 przepa-

2083 3927 2169 3973 rat
2224 3914 2519 3980 fortiores;
2577 3914 2653 3970 sic
2683 3915 2973 3971 humanam
3022 3919 3370 3990 pusillitatem
3420 3918 3682 3975 Dominus

2083 4008 2234 4063 velut
2265 4006 2635 4076 imperfectam
2678 4006 2959 4063 infantiam
2995 4011 3155 4065 tantis
3182 4010 3379 4067 alendo
3408 4012 3685 4067 miraculis

2084 4107 2248 4168 atque
2278 4097 2516 4165 regendo
2549 4114 2645 4167 per
2681 4113 2803 4153 eam
2844 4114 2962 4168 quae
2992 4100 3275 4171 desperata
3325 4102 3686 4157 decumbebat

2083 4189 2424 4259 (egritudine,
2450 4188 2500 4244 ei
2530 4190 2783 4244 virtutem
2816 4192 3233 4251 resurrectionis
3261 4194 3533 4258 informat,
3561 4209 3683 4264 qua:

2084 4299 2173 4339 res
2202 4281 2269 4336 ad
2302 4281 2790 4336 consummandum
2822 4292 2939 4338 erat
2968 4285 3183 4354 quidem
3215 4287 3555 4349 miserabilis,
3588 4287 3686 4341 sed

2086 4388 2194 4427 non
2224 4371 2346 4426 talis
2370 4379 2430 4426 ut
2460 4373 2681 4427 minime
2711 4373 2826 4427 ﬁeri
2856 4390 3016 4447 posse
3037 4376 3371 4432 crederetur.
3401 4376 3685 4448 Imperans

2084 4464 2227 4517 enim
2273 4462 2408 4517 febri
2451 4478 2571 4533 qum
2612 4463 2824 4519 fortiter
2853 4482 3067 4520 socrum
3113 4467 3351 4524 Simonis
3396 4470 3680 4534 exurebat,

2086 4563 2287 4610 tantam
2321 4555 2447 4609 mali
2475 4570 2693 4611 causam
2727 4557 2804 4611 sic
2832 4572 2863 4611 e
2890 4558 3119 4627 vestigio
3152 4560 3447 4629 transtulit,
3480 4571 3537 4617 ut
3566 4562 3686 4616 sine

383 4657 471 4713 his
491 4658 583 4726 qui
608 4658 661 4711 in
684 4659 1093 4727 praesentiarum
1112 4661 1271 4717 nimis
1294 4661 1703 4716 admirabantur
1717 4662 1974 4728 insinuat,

2089 4667 2237 4706 mora
2270 4665 2598 4721 consurgens
2626 4654 2987 4710 ministerium
3016 4666 3203 4728 posset
3248 4659 3510 4715 exhibere
3540 4676 3682 4731 pra:-

386 4753 520 4807 nihil
548 4748 736 4806 eorum
760 4767 881 4821 quze
902 4753 1224 4808 videbantur
1254 4764 1377 4824 post
1408 4755 1625 4824 paulum
1648 4755 1832 4811 dicens
1861 4771 1979 4811 esse

384 4857 722 4898 mansurum.
754 4843 861 4898 Sed
890 4853 946 4899 et
975 4855 1220 4913 tempore
1240 4845 1533 4914 passionis,
1560 4861 1683 4900 cum
1708 4862 1832 4901 eum
1860 4862 1979 4900 mu-

386 4934 548 4988 lieres
617 4943 975 5004 sequerentur
1022 4934 1340 5003 plangentes
1408 4942 1571 5002 atque
1617 4935 2017 4991 lamentantes

385 5023 534 5093 quod
560 5024 850 5079 damnatus
868 5034 1011 5080 esset
1039 5026 1221 5096 iniqua
1251 5026 1521 5081 sententia
1557 5026 1808 5099 (necdum
1832 5028 1974 5082 enim

384 5115 848 5184 dispensationem
895 5130 1083 5169 eorum
1132 5130 1253 5185 qua:
1308 5116 1637 5184 gerebantur
1674 5117 1975 5186 intelligere

384 5206 683 5275 poterant),
701 5206 983 5260 consilium
1005 5207 1253 5275 praebuit,
1285 5216 1341 5260 et
1372 5222 1467 5277 pro
1496 5209 1578 5263 his
1598 5224 1719 5278 qum
1747 5210 1889 5265 circa
1921 5226 1979 5265 se

384 5294 589 5349 flebant
617 5295 979 5364 quiescerent,
1014 5294 1139 5365 quia
1175 5296 1424 5368 lacrymis
1448 5300 1609 5367 digna
1637 5313 1744 5353 non
1774 5308 1978 5367 essent,

384 5386 669 5442 differrent
697 5393 879 5441 autem
906 5387 1322 5443 lamentationes
1352 5389 1433 5442 vel
1468 5390 1717 5458 planctus
1748 5391 1799 5444 in
1845 5398 1980 5445 tem-

384 5496 486 5549 ptis
511 5478 637 5530 illud
675 5494 785 5549 quo
814 5494 968 5533 veras
993 5478 1394 5548 exprimerent,
1428 5493 1550 5533 cum
1581 5481 1770 5534 civitas
1792 5496 1978 5535 eorum

383 5580 728 5640 premeretur
756 5572 822 5626 ab
848 5573 1235 5635 obsidentibus,
1287 5580 1341 5626 et
1388 5573 1439 5626 in
1470 5573 1573 5626 hoc
1609 5575 1972 5640 angustiarum

381 5671 435 5714 et
462 5664 789 5718 calamitatis
816 5666 1080 5728 venirent,
1104 5673 1163 5719 ut
1185 5665 1401 5718 beatum
1426 5671 1553 5718 tunc
1575 5665 1664 5732 qui
1700 5681 1806 5719 non
1832 5675 1978 5720 esset

380 5761 542 5806 mtus
572 5768 639 5807 eo
667 5760 914 5822 tempore
955 5762 1237 5808 testarent.
1286 5754 1344 5821 In
1373 5754 1571 5823 quibus
1603 5755 1764 5808 etiam
1800 5757 1977 5811 scelus

378 5842 533 5907 illud,
552 5842 697 5910 quod
719 5859 846 5898 suos
866 5859 966 5912 pro
989 5844 1126 5897 fame
1150 5844 1287 5897 ﬁlios
1314 5852 1588 5906 vorarent,
1604 5845 1975 5913 pronuntiavit

382 5934 558 5989 verbis
588 5932 769 5988 dicens
801 5935 852 5988 in
880 5935 1068 5990 diebus
1092 5936 1193 5989 illis
1214 5936 1450 5990 sterilem
1481 5950 1598 6005 quae
1624 5952 1728 5990 non
1754 5946 1971 6007 pareret

2086 4744 2352 4812 sentibus,
2402 4760 2523 4815 qua:
2566 4747 2886 4816 sperabatur
2933 4750 3181 4818 protinus
3224 4766 3344 4806 esse
3393 4753 3677 4809 moritura.

2086 4835 2218 4890 Post
2258 4837 2371 4892 haec
2397 4852 2688 4908 parumper
2715 4840 2929 4895 virtutis
2969 4840 3251 4910 adjiciens,
3308 4843 3483 4912 reguli
3513 4842 3681 4898 ﬁlium

2087 4927 2433 4995 languentem
2464 4929 2564 4982 sub
2592 4928 2839 4998 professo
2868 4930 3111 4997 periculo
3135 4932 3362 4987 sanavit.
3402 4932 3495 4987 Sic
3536 4931 3681 4986 enim

2085 5026 2273 5073 narrat
2294 5019 2601 5087 evangelica
2628 5020 2849 5073 historia
2888 5038 2899 5072 :
2939 5018 3230 5092 lncipicbat
3254 5023 3388 5075 enim
3410 5022 3558 5084 mori,
3583 5035 3683 5090 pa-

2087 5117 2168 5164 tre
2193 5109 2521 5165 vociferante
2548 5125 2613 5165 ac
2638 5110 2853 5165 dicente
2878 5128 2890 5161 :
2924 5111 3203 5174 Descende,
3238 5109 3475 5177 Domine,
3509 5111 3683 5179 prius-

2081 5218 2235 5273 quam
2262 5204 2513 5255 moriatur
2539 5210 2963 5272 pucrgoperator
2984 5201 3110 5257 item
3133 5201 3541 5257 resurrectionis
3562 5200 3679 5271 ejus

2084 5294 2176 5362 qui
2219 5294 2540 5349 credebatur
2579 5309 2699 5353 esse
2728 5293 3022 5350 moriturus
3058 5293 3378 5348 miraculum
3432 5293 3678 5363 potentia

2085 5388 2458 5457 prtestantiore
2485 5386 2793 5458 perﬁciens,
2820 5395 2877 5442 ut
2905 5403 3006 5442 nec
3029 5387 3240 5442 veniret
3260 5386 3327 5441 ad
3358 5387 3559 5452 locum,
3580 5386 3680 5444 sed

2084 5481 2293 5535 eminus
2314 5481 2613 5536 custoditus
2637 5481 2799 5536 vitam
2823 5496 2994 5550 puero
3018 5481 3272 5549 prmcepti
3297 5481 3494 5535 virtute
3510 5489 3683 5537 trans-

2084 5570 2353 5629 mitteret;
2375 5569 2569 5624 deinde
2594 5586 2692 5625 nos
2718 5580 3113 5639 consequenter
3132 5572 3401 5633 erudiens,
3420 5572 3484 5626 ad
3509 5572 3680 5629 virtu-

2062 5670 2201 5716 tum
2248 5662 2558 5716 snblimiora
2609 5662 2874 5730 perducit.
2927 5664 3060 5719 Nam
3103 5664 3168 5719 ad
3214 5663 3375 5719 ﬁliam
3420 5665 3678 5735 principis

2085 5766 2278 5827 sponte
2307 5756 2624 5825 perveniens
2653 5757 2967 5811 occasiones
2994 5758 3204 5814 itineris
3232 5761 3506 5829 praestitit,
3542 5766 3599 5813 ut
3623 5767 3679 5812 et

2086 5848 2426 5915 sanitas_ejiis
2452 5862 2572 5915 quae
2594 5847 2877 5901 laborabat
2897 5848 3160 5918 proﬂuvio
3186 5852 3461 5919 sanguinis
3492 5849 3678 5916 vulga-

2088 5948 2256 6006 retur,
2281 5947 2335 5994 et
2364 5947 2510 5993 tanta
2542 5953 2689 5994 mora
2723 5939 2982 6009 temporis
3004 5955 3147 5997 mors
3164 5940 3675 6009 praevaleretaegre-
