4122 6570
439 380 539 432 3‘3!

1697 376 2050 435 DIONYSIUS
2093 377 2250 434 EXlC
2263 376 2411 434 UL‘S.

3601 380 3704 435 3ῖὲ

423 501 584 568 tanti,
607 500 700 558 sed
731 514 870 556 nunc
897 496 1073 554 anima
1101 501 1347 564 separata
1371 492 1438 548 de
1463 505 1717 562 corpore,
1750 492 2008 546 turbatis-
2039 500 2082 552 Α
2115 498 2412 546 memorata
2445 491 2560 546 loca
2590 490 2962 554 declinabant.
2995 490 3210 546 exitiale
3241 506 3304 546 ac
3331 491 3696 561 periculosum

425 603 530 658 que
577 591 899 646 clamoribus
938 586 1196 644 luctuosis
1224 585 1305 639 his
1334 585 1424 652 qui
1473 599 1656 638 casum
1704 583 2011 654 planctibus

426 681 741 745 efferebant,
775 678 937 734 veluti
966 693 997 732 e
1021 691 1216 732 somno
1263 675 1495 744 puellam
1542 674 1863 744 imperativo
1895 688 2012 727 ser-

426 788 588 828 mone
619 771 955 829 resuscitavit
985 769 1050 823 ad
1097 770 1281 822 vitam.
1312 767 1411 821 V’ia
1443 766 1676 835 quadam
1717 773 1772 819 et
1818 779 2013 820 conse-

426 864 646 930 quentia
676 861 1017 928 fragilitatem
1049 859 1339 912 humanam
1369 856 1436 911 ad
1467 855 1671 923 majora
1699 853 2013 917 sustollens,

430 966 550 1004 rurs
577 966 615 1004 is
644 951 757 1006 hmc
784 964 1000 1018 quoque
1031 947 1288 1001 miracula
1320 947 1477 1001 solita
1509 947 1708 1000 virtute
1739 953 2042 1022 transcen-g

429 1041 562 1098 deus
590 1042 819 1097 celsiore
840 1042 1101 1111 potentia,
1126 1041 1226 1094 iter
1251 1039 1378 1094 facit
1400 1039 1705 1094 hominibus
1729 1052 1836 1106 quo
1860 1033 2015 1088 fidem

431 1129 850 1185 resurrectionis
871 1129 1238 1183 admitterent.
1259 1126 1543 1181 Civitatem
1557 1126 1840 1196 quamdam
1865 1125 2017 1178 Naim

433 1221 652 1283 nomine
681 1222 732 1276 in
761 1219 945 1275 Judtea
975 1235 1095 1274 esse
1115 1235 1269 1276 sacra
1298 1217 1577 1288 Scriptura
1606 1223 2016 1298 commemorat.

434 1313 493 1369 In
535 1315 640 1368 hac
667 1313 768 1368 fuit
797 1311 972 1367 vidua:
999 1310 1276 1379 cujusdam
1307 1310 1497 1364 unicus
1527 1309 1666 1364 filius
1697 1323 1859 1380 puer,
1910 1322 2019 1380 non

436 1421 570 1477 puer
597 1406 720 1473 talis
749 1405 840 1475 qui
864 1393 1274 1474 computaretur
1296 1403 1348 1457 in
1379 1401 1640 1482 parvulis,
1669 1399 1765 1455 sed
1792 1415 1857 1454 ex
1885 1413 2020 1469 pue-

436 1500 563 1556 ritia
594 1499 646 1553 in
669 1499 1008 1568 juventutem
1041 1496 1152 1564 jam
1177 1497 1398 1564 jamque
1437 1493 1760 1564 profecerat.
1795 1489 1946 1545 Unde
1969 1496 2024 1542 et

436 1591 690 1663 juvenem
720 1589 869 1644 illum
897 1603 1075 1642 sermo
1105 1587 1338 1644 cmlestis
1367 1585 1622 1654 appellat,
1657 1583 1807 1652 plura
1839 1580 2024 1651 paucis

441 1682 734 1754 insinuans.
764 1679 1101 1734 Lamentatio
1130 1692 1322 1746 magna
1353 1686 1437 1734 est
1462 1678 1575 1746 ipsa
1607 1675 1797 1730 relatio
1828 1693 1840 1728 :
1867 1674 2020 1740 Erat,

442 1772 633 1840 inquit,
667 1770 823 1824 vidua
854 1779 1020 1824 mater
1047 1769 1296 1840 defuncti.
1332 1766 1598 1837 Perspicis
1638 1766 1847 1836 pondus
1874 1766 2022 1820 cala-

2117 592 2369 653 putantes
2399 597 2585 640 rursus
2614 583 2665 640 in
2695 581 2930 638 Iudaeam
2958 596 3201 653 pergere,
3227 591 3278 636 et
3309 584 3454 638 inter
3480 583 3702 639 homici-

2115 673 2212 728 das
2236 673 2533 742 impiosquc
2561 674 2784 738 versari,
2815 682 2869 727 et
2899 672 3019 728 ideo
3045 681 3384 728 remorantcs
3413 682 3572 744 atque
3602 670 3703 728 dif.

2115 761 2369 827 ferentes,
2400 779 2466 818 ne
2490 764 2685 818 ibidem
2717 772 3117 820 reverterentur
3149 772 3390 833 tempora
3418 765 3701 836 protrahe-

2115 852 2267 907 bant.
2291 851 2530 907 Obtinuit
2559 851 2841 923 imperium
2867 853 3099 914 Domini,
3119 868 3291 924 eoque
3321 854 3699 924 proliciscente

2107 943 2366 1014 :discipuli
2398 943 2817 1012 subsequuntur,
2850 943 2980 998 utin
3007 943 3263 997 Bethania
3291 944 3553 1014 primitias
3583 945 3704 999 uni-

2117 1034 2346 1089 vrrsalis
2413 1035 2812 1103 quodammodo
2883 1034 3296 1089 resurrectionis
3353 1034 3702 1104 inSpicerent.

2119 1123 2352 1190 Quartus
2377 1135 2492 1179 erat
2507 1125 2618 1193 jam
2648 1126 2859 1196 sepulto
2889 1125 3002 1180 dies
3021 1167 3035 1191 ,
3063 1135 3362 1194 cunctaque
3391 1125 3706 1180 videbantur

2119 1231 2245 1284 erga
2269 1217 2421 1271 busta
2437 1216 2742 1287 persoluta;
2768 1217 3048 1270 constabat
3065 1232 3261 1286 corpus
3283 1217 3332 1269 in
3356 1223 3706 1270 monumento

2120 1310 2442 1378 depositum,
2469 1319 2545 1376 et,
2565 1310 2709 1380 quod
2725 1320 2841 1366 erat
2868 1327 3224 1381 consequens,
3247 1311 3358 1382 jam
3381 1313 3570 1369 timore
3595 1313 3708 1370 dis-

2121 1409 2332 1455 tentum
2365 1403 2728 1471 corruptionis
2761 1403 2980 1458 interitu
3003 1404 3330 1459 solvebatur.
3356 1404 3545 1460 Sanies
3567 1406 3710 1460 enim

2121 1493 2175 1546 in
2205 1501 2402 1546 terram
2427 1495 2539 1561 ipsa
2569 1493 2894 1548 necessitate
2923 1493 3212 1558 defluebat,
3238 1492 3484 1563 fugienda
3523 1497 3706 1566 procul

2122 1580 2284 1636 dubio
2313 1595 2419 1646 res,
2451 1589 2677 1648 cogente
2701 1589 2911 1648 natura,
2945 1581 2996 1635 id
3027 1582 3168 1651 quod
3213 1583 3508 1637 resolutum
3541 1583 3713 1638 fuerat

2123 1671 2264 1728 fetor
2287 1673 2593 1727 teterrimus
2615 1673 2919 1727 exhalabat.
2957 1673 3069 1730 Hoc
3099 1683 3276 1728 autem
3309 1674 3505 1729 factum
3544 1684 3626 1729 est
3656 1684 3712 1729 ut

2126 1766 2395 1835 generalis
2443 1767 2854 1822 resurrectionis
2903 1782 3066 1836 opus,
3119 1767 3261 1836 quod
3297 1767 3362 1822 ab
3410 1765 3711 1822 infidelibus

442 1861 674 1925 mitatis,
724 1859 997 1928 quomodo
1027 1859 1332 1928 passionem
1373 1857 1615 1912 breviter
1644 1857 1855 1910 extulit.
1888 1856 2029 1922 Quid
2061 1857 2108 1916 B
2136 1857 2309 1911 minus
2352 1857 2606 1922 creditur,
2654 1856 2918 1910 manifesti
2950 1857 3194 1911 miraculi
3239 1859 3549 1912 ostensione
3586 1873 3713 1927 pro—

446 1951 590 2006 enim
613 1959 697 2007 est
724 1951 866 2020 quod
896 1952 1126 2005 dicitur?
1149 1949 1282 2016 Quia
1313 1965 1420 2004 non
1449 1959 1565 2004 erat
1591 1950 1754 2010 etiam
1777 1949 2029 2018 spesnlla

445 2057 552 2111 qna
583 2051 765 2112 posset
793 2041 929 2097 filios
958 2057 1226 2106 recreare,
1262 2048 1531 2112 tantaeque
1553 2041 1796 2096 levamen
1828 2041 2029 2095 orbita-

445 2133 515 2186 tis
537 2147 830 2186 assumere.
863 2130 1034 2186 Vidua
1056 2132 1253 2201 quippe
1274 2140 1411 2198 erat,
1431 2146 1529 2187 nec
1550 2131 1784 2186 habebat
1805 2131 2032 2186 alterum

446 2237 607 2292 quem
631 2237 730 2291 pro
753 2221 1006 2276 defuncto
1036 2215 1390 2291 conspiceret.
1424 2222 1554 2275 Nam
1577 2229 1765 2291 partus
1790 2224 1838 2277 ei
1867 2222 2036 2277 exsti-

448 2320 589 2365 terat
614 2311 920 2380 singularis.
948 2311 1214 2377 Quantum
1237 2327 1367 2366 vero
1396 2312 1502 2367 hoc
1531 2313 1727 2365 malum
1757 2313 1847 2377 sit,
1878 2311 2035 2368 facile

447 2402 978 2469 omnesintelligunt,
1003 2401 1093 2472 qui
1121 2410 1324 2456 natura:
1340 2401 1462 2470 jura
1475 2413 1824 2470 cognoscunt.
1849 2401 2033 2457 Solum

452 2493 598 2548 hunc
644 2493 696 2547 in
743 2493 1021 2551 doloribus
1064 2502 1324 2559 noverat,
1375 2494 1548 2549 solum
1597 2495 1708 2548 suis
1738 2495 2039 2551 lactaverat

449 2585 726 2646 uberibus,
760 2585 907 2638 solus
934 2584 1237 2638 illustrabat
1267 2584 1381 2654 ejus
1407 2584 1732 2648 convivium,
1762 2585 2038 2655 totiusque

450 2675 677 2742 doloris,
703 2675 849 2730 solus
877 2683 995 2728 erat
1022 2691 1185 2729 causa
1215 2675 1428 2740 lmtitiaa,
1454 2691 1574 2730 cum
1596 2675 1804 2730 luderet
1832 2685 1924 2730 aut
1947 2677 2038 2730 ali-

449 2769 574 2836 quid
624 2777 829 2836 ageret,
879 2784 1000 2823 cum
1047 2761 1420 2822 institueretur
1451 2775 1545 2822 aut
1573 2775 1884 2832 ornaretur,
1914 2783 2036 2822 cum

450 2861 646 2915 corevis
675 2860 728 2914 in
759 2859 1280 2930 processionibus,in
1305 2857 1588 2928 palaestris,
1606 2858 1658 2912 in
1683 2858 2039 2914 conventibus

438 2945 787 3017 'jungeretur,
821 2962 982 3001 omne
1008 2946 1266 3016 quidquid
1312 2947 1499 3000 matris
1527 2946 1698 3001 oculis
1723 2946 1882 3001 dulce
1910 2962 2038 3017 pre-

457 3039 764 3105 tiosumque
795 3037 1041 3100 suberat,
1091 3035 1238 3090 solus
1270 3035 1459 3090 unicus
1488 3034 1769 3089 otferebat.
1813 3032 2040 3107 Jamque

457 3128 698 3197 nuptiale
729 3136 939 3196 tempus
967 3125 1280 3192 advenerat,
1303 3128 1465 3197 stirps
1493 3128 1777 3183 videbatur
1804 3129 2039 3199 generis,

2134 1947 2372 2001 baretur.
2406 1947 2522 2002 Non
2553 1947 2696 2002 enim
2727 1947 2848 2015 quis
2876 1947 3119 2000 elevatur
3140 1961 3205 2000 ex
3235 1947 3566 2016 aegritudine,
3614 1962 3712 2001 nec

2135 2037 2189 2092 in
2231 2041 2486 2094 extremis
2536 2039 2744 2094 locatus
2785 2039 3047 2093 retinetur
3078 2039 3130 2092 in
3160 2039 3301 2104 vita,
3346 2055 3447 2095 nec
3488 2040 3712 2110 parvula

2136 2143 2308 2199 nuper
2321 2138 2531 2184 mortua
2554 2131 2830 2194 suscitata,
2851 2144 2948 2184 nec
2971 2139 3317 2183 monumento
3337 2130 3610 2202 proximus
3627 2131 3714 2200 ju-

2135 2220 2289 2274 venis
2317 2235 2472 2274 suum
2505 2219 2759 2275 feretrum
2791 2219 3020 2283 deserit,
3069 2219 3162 2274 sed
3205 2221 3288 2273 vir
3315 2221 3570 2290 primatus
3613 2237 3712 2290 pu-

2140 2317 2377 2364 trescens
2408 2318 2569 2379 atque
2598 2309 2877 2375 diffluens,
2909 2311 2983 2364 ita
3027 2319 3084 2364 ut
3137 2326 3236 2365 nec
3279 2312 3556 2366 sororibus
3602 2312 3714 2380 ejus

2138 2410 2284 2455 esset
2333 2402 2615 2456 tolerabile
2673 2409 2731 2456 ut
2778 2402 3035 2457 Dominus
3088 2403 3473 2471 propinquaret
3522 2417 3715 2456 tuonu-

2138 2502 2344 2557 mento,
2396 2502 2617 2563 propter
2641 2495 2853 2546 insitam
2886 2489 3187 2548 inolestiam
3215 2494 3325 2562 jam
3354 2494 3596 2548 resoluto
3621 2509 3716 2548 ca-

2143 2585 2377 2638 davere:
2406 2600 2510 2637 una
2544 2593 2721 2638 tamen
2748 2599 2882 2638 voce
2912 2585 3232 2649 vivificatus,
3256 2583 3410 2639 fidem
3435 2585 3560 2638 facit
3583 2600 3716 2654 pra:-

2139 2675 2385 2739 dicatori,
2418 2690 2536 2744 qua:
2566 2691 2714 2745 spem
2746 2676 3157 2729 resurrectionis
3186 2676 3434 2730 affirmat.
3481 2674 3598 2730 Hoc
3635 2684 3716 2732 est

2139 2762 2282 2840 quod
2328 2765 2394 2817 de
2443 2759 2708 2818 universis
2740 2764 2791 2817 in
2830 2777 3115 2818 commune
3143 2765 3453 2831 credamus,
3493 2766 3634 2835 quod
3664 2766 3734 2821 im

2139 2853 2384 2923 partibus
2413 2854 2744 2922 experientia
2773 2854 2888 2922 ipsa
2915 2853 3218 2910 didicimus.
3250 2854 3401 2908 Sicut
3427 2856 3568 2908 enim
3599 2856 3718 2909 uni-

2140 2943 2334 2997 versati
2365 2943 2764 2997 resurrectione
2792 2943 3221 3013 dicitApostolus
3238 2945 3408 3014 ipsum
3434 2945 3714 2999 Dominum

2142 3033 2210 3088 de
2238 3033 2375 3088 cmlo
2402 3033 2729 3088 descendere
2757 3034 2810 3087 in
2832 3033 2982 3103 jussu
3013 3042 3069 3090 et
3090 3035 3142 3088 in
3169 3050 3303 3090 voce
3326 3035 3633 3103 archangeli
3663 3045 3718 3090 et

2143 3123 2195 3177 in
2210 3124 2332 3178 tuba
2349 3123 2462 3187 Dei,
2481 3131 2536 3177 ut
2552 3123 2619 3178 ad
2646 3124 3206 3194 incorruptibilitatem
3232 3134 3474 3180 mortuos
3495 3126 3718 3192 excitet,

454 3218 794 3274 ramusculus
821 3219 1195 3282 successionis,
1221 3219 1442 3274 baculus
1469 3221 1760 3276 senectutis
1787 3229 1841 3276 et
1868 3223 2042 3278 relatis
2070 3229 2111 3288 (ζ
2146 3216 2218 3269 ila
2235 3224 2290 3270 et
2312 3223 2694 3270 nuncmortem
2716 3216 2884 3270 veluti
2912 3231 3162 3270 somnum
3186 3217 3472 3286 quemdam
3495 3218 3718 3286 imperio

457 3309 871 3364 incrementum.
919 3308 1046 3361 Erat
1073 3317 1128 3363 et
1157 3309 1325 3363 altera
1368 3309 1770 3364 lamentationis
1801 3311 2037 3366 occasio.

459 3401 560 3468 Qui
585 3401 728 3454 enim
754 3401 1009 3468 juvenem
1027 3401 1209 3456 retulit
1234 3401 1421 3456 florem
1433 3402 1589 3456 simul
1619 3403 1712 3474 qui
1739 3411 2042 3458 marcuerat

461 3494 742 3560 indicavit,
774 3493 926 3561 cujus
957 3494 1130 3548 adhuc
1153 3494 1331 3548 vultus
1357 3494 1608 3564 lanugine
1635 3496 1954 3558 vestiretur,
1985 3500 2041 3550 et

455 3596 714 3650 genarum
747 3582 907 3635 decor
936 3591 1090 3650 grato
1116 3581 1322 3650 fulgore
1359 3583 1668 3638 nitesceret.
1705 3581 1841 3650 Quid
1879 3583 2042 3652 igitur

461 3685 626 3740 super
653 3671 767 3739 ejus
796 3671 944 3725 obitu
975 3680 1149 3726 mater
1178 3673 1421 3742 pertulit,
1457 3681 1659 3742 quanto
1687 3674 1892 3730 viscera
1923 3674 2042 3743 ejus

454 3760 576 3830 igne
619 3771 832 3830 perusta
860 3765 1019 3816 sunt?
1049 3762 1219 3829 Quam
1252 3764 1652 3833 copiosissimas
1679 3772 1737 3820 et
1764 3766 2040 3822 amarissi-

457 3868 572 3906 mas
598 3869 761 3923 super
788 3869 908 3908 eum
940 3854 1206 3925 lacrymas
1236 3852 1368 3908 fudit
1391 3856 1414 3908 ?
1439 3852 1748 3910 Tabescens
1779 3855 2042 3924 quodam-

465 3944 628 3997 modo
658 3952 713 3997 et
741 3945 972 3998 cadaver
997 3944 1113 4012 ejus
1142 3945 1495 4014 amplectens,
1542 3960 1610 3999 ne
1657 3955 2042 4016 properaretur
2079 3933 2096 3942 ’

454 4035 730 4104 sepultura
761 4035 896 4101 ejus,
929 4045 1189 4103 tantoque
1219 4051 1347 4090 casu
1377 4037 1560 4090 satiari
1591 4037 1919 4101 desiderans,
1947 4038 2037 4092 diu

456 4123 643 4191 longas
671 4124 723 4177 in
749 4123 877 4178 ﬂetu
905 4141 1064 4178 voces
1090 4125 1336 4179 emittere
1363 4126 1632 4196 cupiebat,
1669 4127 1739 4180 ita
1765 4136 1823 4180 ut
1852 4143 2039 4182 omnes

456 4215 738 4268 audientes
785 4225 1028 4267 moveret
1057 4216 1121 4267 aal
1155 4214 1377 4268 luctum.
1421 4214 1530 4269 Nec
1561 4215 1667 4270 hoc
1700 4217 2038 4286 praetermisit

456 4304 816 4358 enim-sancta
845 4304 1058 4358 relatio.
1116 4303 1330 4369 Videris,
1364 4305 1557 4372 inquit,
1604 4321 1717 4358 eam
1759 4305 2033 4371 Dominus,

457 4397 814 4450 misericordia
852 4407 1019 4450 motus
1049 4405 1154 4460 est,
1198 4407 1248 4450 et
1291 4397 1538 4451 accedens
1569 4400 1731 4470 tetigit
1768 4399 2034 4463 loculum;

455 4491 541 4562 qui
564 4501 729 4544 autem
757 4490 1034 4561 portabant
1054 4500 1336 4556 steterunt;
1361 4500 1408 4544 et
1431 4491 1565 4546 dixit
1589 4493 1829 4562 defuncto
1854 4508 1872 4546 :
1895 4491 2037 4545 Ado-

2141 3306 2425 3362 dominica:
2443 3307 2613 3373 vocis,
2629 3308 2674 3361 is
2696 3308 2918 3377 quierat
2947 3308 3000 3362 in
3030 3317 3382 3363 monumento
3401 3309 3716 3375 discutiens,

2142 3406 2198 3453 et
2218 3399 2617 3468 corruptionem
2640 3412 2760 3467 quae
2779 3397 2847 3453 de
2875 3407 3050 3452 morte
3077 3407 3402 3470 provenerat
3428 3413 3457 3452 a
3481 3413 3540 3452 se
3561 3399 3720 3468 longe

2141 3488 2445 3554 secludens,
2462 3490 2671 3558 integer
2691 3497 2854 3558 atque
2874 3487 3143 3558 perfectus
3163 3489 3315 3543 exilit
3349 3489 3416 3546 de
3447 3490 3713 3559 sepulcro,

2140 3593 2242 3634 nec
2273 3579 2402 3649 ipsis
2431 3580 2661 3634 vinculis
2688 3581 2885 3648 quibus
2911 3586 3028 3633 erat
3063 3580 3314 3634 astrictus
3356 3581 3423 3634 ad
3468 3581 3717 3648 gradien-

2141 3668 2267 3723 dum
2308 3670 2529 3724 omnino
2563 3669 2886 3739 prohibitus.
2933 3668 3102 3724 Parva
3133 3669 3251 3725 hzec
3278 3670 3514 3724 aestimas
3541 3671 3604 3724 ad
3634 3669 3717 3724 fa—

2143 3759 2388 3814 ciendam
2447 3757 2604 3826 fidem
2647 3759 2791 3830 quod
2829 3761 3279 3816 resurrectionem
3309 3759 3426 3815 fore
3451 3761 3720 3816 credimus

2141 3859 2476 3904 mortuorum
2500 3852 2524 3904 ‘t
2574 3849 2654 3904 An
2683 3851 2878 3920 quaeris
2905 3859 2961 3906 et
2989 3865 3054 3906 ex
3083 3852 3201 3906 aliis
3230 3852 3369 3907 hanc
3395 3853 3488 3906 tibi
3515 3851 3715 3907 firmari

2140 3941 2324 3996 deberi
2355 3941 2718 3997 sententiam?
2747 3943 2861 3998 Non
2892 3944 3019 3997 mihi
3049 3943 3267 3998 videtur
3291 3943 3483 4000 frustra
3513 3944 3596 3999 bis
3623 3945 3716 4013 qui

2141 4041 2295 4086 erant
2322 4032 2699 4102 Capbarnaum
2727 4033 2892 4088 veluti
2919 4050 2983 4088 ex
3011 4049 3242 4103 persona
3287 4049 3474 4088 eorum
3515 4035 3716 4090 dixisse

2143 4123 2422 4177 Dominum
2456 4141 2468 4176 :
2505 4123 2692 4194 Utique
2717 4124 2890 4178 dicitis
2916 4125 3043 4178 mihi
3071 4125 3207 4178 hanc
3229 4123 3531 4196 parubnlam
3548 4142 3566 4178 :
3598 4123 3718 4178 Mc-

2140 4216 2274 4284 dice,
2299 4231 2425 4268 cura
2452 4217 2687 4281 teipsum.
2717 4213 3014 4285 Oportebat
3041 4215 3203 4278 enim,
3232 4223 3290 4268 ut.
3315 4215 3458 4285 quod
3499 4217 3551 4269 in
3582 4217 3719 4270 alio—

2139 4323 2258 4362 rum
2309 4308 2626 4378 corporibus
2671 4306 2875 4361 fecerat
2923 4308 3335 4362 resurrectionis
3375 4306 3715 4369 miraculum,

2137 4401 2482 4454 innotescens
2508 4399 2561 4453 in
2603 4412 2661 4452 se
2691 4399 2807 4468 ipso
2833 4398 2985 4466 juxta
3016 4399 3066 4452 id
3093 4399 3236 4468 quod
3283 4399 3445 4454 homo
3475 4414 3594 4453 esse
3637 4399 3718 4453 di-

2139 4497 2334 4558 gnatus
2362 4497 2461 4554 est,
2493 4489 2838 4558 approbaret,
2865 4489 3047 4543 multis
3073 4504 3288 4558 sperum
3330 4490 3504 4544 modis
3525 4491 3712 4558 praeli-

457 4582 676 4647 tescens,
708 4582 799 4634 tibi
839 4582 983 4645 dico,
1019 4583 1212 4654 Surge,
1256 4593 1310 4637 et
1339 4584 1583 4654 prOtinus
1611 4599 1735 4638 eum
1763 4585 2034 4638 viventem
2069 4595 2113 4653 ι)
2142 4579 2411 4633 cationem
2437 4593 2588 4634 suam
2613 4580 2774 4633 etiam
2802 4579 3017 4648 propria
3049 4587 3223 4633 morte
3251 4579 3594 4634 confirmans.
3620 4580 3714 4633 Vi-

459 4671 616 4724 matri
642 4672 1048 4737 instituit,nunc
1075 4689 1179 4728 non
1207 4675 1257 4728 in
1281 4690 1444 4744 parva
1471 4690 1621 4729 mora
1646 4683 1808 4744 atque
1834 4675 2041 4730 distan~

457 4761 551 4826 tia,
576 4763 820 4831 quamvis
848 4763 1081 4817 nondum
1106 4765 1321 4834 sepulti,
1349 4773 1524 4819 tamen
1547 4764 1833 4831 sepultura:
1855 4764 2040 4833 vicini,

457 4854 566 4906 vita
591 4854 815 4908 Domino
847 4857 1173 4911 resurrectio
1195 4857 1414 4920 mortui,
1445 4855 1698 4923 equidem
1728 4855 2037 4910 miraculum

456 4945 651 5013 majus,
677 4945 767 4998 sed
797 4946 1003 5013 mquale
1039 4961 1259 5014 prorsus
1289 4945 1588 5013 imperium.
1627 4941 1815 4998 Adhuc
1859 4953 2037 4999 autem
2059 4949 2106 4988 δ

455 5033 891 5102 magnificentius
925 5044 1244 5104 promuntur
1272 5035 1421 5102 signa
1459 5035 1753 5100 virtutum,
1783 5041 1844 5089 ut
1871 5037 2040 5105 magis

458 5139 524 5180 ac
566 5125 733 5194 magis
764 5127 1152 5195 propinquetur
1195 5125 1268 5178 illi
1303 5125 1380 5179 rei
1412 5140 1514 5195 qua
1543 5123 1755 5178 videtur
1780 5125 1847 5180 de
1893 5141 2043 5181 mor-

457 5220 669 5266 tuorum
713 5217 1112 5269 resurrectione
1156 5214 1412 5268 dubitari.
1463 5215 1768 5270 luﬁrmatur
1812 5216 1931 5285 quis
1968 5215 2038 5271 de

425 5323 428 5326 '
456 5304 807 5360 familiaribus
833 5305 1034 5360 Christi
1063 5307 1278 5359 nomine
1305 5305 1558 5371 Lazarus,
1590 5323 1748 5376 quem
1779 5308 2038 5363 Dominus

457 5397 704 5464 quamvis
719 5398 947 5451 amicum
973 5397 1172 5451 idcirco
1194 5397 1400 5451 distulit
1423 5398 1660 5462 visitare,
1692 5407 1748 5452 et
1776 5398 1843 5451 ab
1865 5411 2036 5466 aegro-

456 5493 606 5539 tante
633 5487 818 5556 procul
847 5487 1036 5551 abfuit,
1061 5495 1138 5548 ut,
1159 5488 1379 5542 absente
1403 5489 1533 5552 vita,
1554 5504 1701 5543 mors
1727 5487 1926 5541 aditum
1949 5503 2038 5542 re-

457 5577 678 5644 periret,
707 5586 761 5631 et
781 5593 880 5647 per
908 5577 1269 5633 infirmitatem
1293 5578 1436 5647 quod
1455 5595 1608 5632 suum
1636 5587 1752 5633 erat
1777 5577 2033 5632 efficeret.

457 5665 659 5720 lndieat
679 5667 954 5736 discipulis
983 5668 1110 5736 quid
1141 5668 1194 5721 in
1221 5667 1440 5723 Galilma
1469 5670 1769 5736 contigerat
1807 5666 2036 5732 Lazaro,

455 5766 512 5812 et
535 5760 672 5820 quod
713 5761 842 5813 illuc
883 5759 982 5814 sibi
1013 5760 1409 5830 properandum
1439 5769 1602 5827 esset,
1636 5770 1692 5815 ut
1712 5775 1834 5815 eum
1862 5759 2036 5815 susci-

459 5857 597 5902 taret
623 5865 652 5902 a
677 5851 916 5904 mortuis.
942 5848 1022 5902 llli
1046 5864 1176 5903 vero
1207 5859 1424 5919 propter
1442 5849 1747 5906 Judreorum
1775 5849 2035 5907 saevitiam

2143 4671 2264 4724 disti
2291 4671 2524 4740 puellam
2553 4685 2722 4739 nuper
2743 4671 2921 4724 vivere
2941 4670 3292 4734 desinentem,
3315 4671 3569 4740 juvenem
3590 4688 3718 4741 quo-

2141 4775 2247 4829 que
2275 4762 2722 4830 prapinquantem
2752 4761 3000 4832 sepulcro
3024 4803 3039 4825 ,
3087 4777 3190 4816 nec
3218 4778 3324 4816 non
3373 4772 3430 4817 et
3457 4761 3716 4817 Lalarum

2141 4865 2280 4921 pene
2303 4851 2624 4918 resolutum,
2656 4866 2844 4906 omnes
2882 4852 3160 4920 aequaliter
3183 4853 3250 4906 ad
3281 4853 3444 4906 vitam
3474 4871 3577 4907 una
3603 4853 3718 4922 jus-

2141 4943 2292 4996 sione
2322 4942 2492 4996 vocati
2537 4951 2692 5006 sunt;
2736 4943 2930 5010 quieris
2957 4951 3012 4996 et
3035 4958 3130 4998 eos
3155 4943 3248 5012 qui
3274 4944 3340 4998 ad
3370 4955 3596 4998 mortem
3624 4961 3719 5013 per

2142 5032 2458 5098 sanguinem
2487 5040 2542 5086 et
2565 5032 2792 5086 vulnera
2822 5043 3199 5100 pervenerunt,
3247 5051 3315 5090 ne
3342 5035 3464 5103 quis
3492 5035 3714 5091 forsitan

2143 5121 2195 5176 in
2217 5122 2320 5176 hoc
2342 5119 2583 5178 defectus
2605 5123 2693 5186 sit,
2717 5124 3004 5190 quominus
3033 5125 3201 5192 gratia
3230 5136 3421 5183 cuncta
3452 5128 3609 5181 virili.
3629 5145 3719 5182 an-

2141 5214 2207 5267 tis
2230 5220 2504 5282 appareat.
2536 5210 2708 5267 Cerne
2747 5213 2910 5268 clavis
2937 5214 3146 5270 Domini
3175 5230 3368 5271 manus
3390 5233 3508 5272 esse
3539 5226 3716 5271 trans-

2142 5301 2296 5370 fixas,
2333 5317 2494 5356 cerne
2523 5302 2662 5356 latus
2685 5284 2904 5371 cuspide
2935 5305 3282 5372 perforatum,
3317 5308 3604 5362 circumfer
3633 5310 3716 5362 ιη-

2139 5395 2277 5460 gitos
2307 5403 2426 5448 tuos
2459 5409 2555 5461 per
2583 5403 2866 5463 aperturas
2893 5394 3187 5459 clavorum,
3232 5397 3386 5452 tnitte
3415 5413 3630 5458 manuni
3665 5401 3715 5450 in

2141 5483 2330 5537 vulnus
2353 5483 2493 5551 quod
2517 5498 2582 5536 ex
2607 5483 2790 5538 lancea
2809 5493 3022 5540 constat
3041 5485 3288 5542 effectum
3306 5504 3319 5551 ;
3335 5488 3556 5555 conjicis
3578 5489 3718 5542 forte

2139 5583 2398 5645 quantum
2448 5573 2516 5628 ad
2568 5574 2824 5631 interiora
2873 5577 3108 5646 cuspidis
3153 5594 3377 5632 acumen
3428 5588 3714 5648 penetrare

2140 5667 2376 5736 potuerit
2405 5681 2472 5720 ex
2516 5667 2800 5722 latitudine
2828 5669 3095 5725 cicatricis
3125 5670 3269 5739 ejus;
3317 5672 3446 5725 libet
3477 5674 3715 5727 metiaris

2125 5758 2434 5825 ingressum
2454 5797 2469 5824 ,
2499 5758 2654 5828 plaga
2682 5760 2880 5833 etenim
2912 5761 3024 5829 ipsa
3051 5761 3283 5830 impulsu
3313 5763 3480 5816 virilis
3525 5779 3716 5820 manus

2140 5846 2348 5908 effecta,
2379 5856 2636 5918 quantum
2669 5849 2720 5902 in
2751 5849 2919 5905 altum
2947 5849 3304 5918 descenderit,
3334 5854 3568 5910 ostendit
3595 5856 3712 5911 cvi-
