  <div class='ocr_page' id='page_1' title='image "/cluster/home/n/w/nwhite01/storage/ocr_20150623/67/umn.31951002477360y/210.png"; bbox 0 0 4122 6550; ppageno 0'>
   <div class='ocr_carea' id='block_1_1' title="bbox 359 342 462 397">
    <p class='ocr_par' dir='ltr' id='par_1_1' title="bbox 359 342 462 397">
     <span class='ocr_line' id='line_1_1' title="bbox 359 342 462 397; baseline -0.01 0"><span class='ocrx_word' id='word_1_1' title='bbox 359 342 462 397; x_wconf 70' lang='lat'><strong>3‘33</strong></span> 
     </span>
    </p>
   </div>
   <div class='ocr_carea' id='block_1_2' title="bbox 360 528 1956 620">
    <p class='ocr_par' dir='ltr' id='par_1_2' title="bbox 360 528 1956 620">
     <span class='ocr_line' id='line_1_2' title="bbox 360 528 1956 620; baseline -0.018 -15"><span class='ocrx_word' id='word_1_2' title='bbox 360 557 666 620; x_wconf 74' lang='lat' dir='ltr'><strong>opportune</strong></span> <span class='ocrx_word' id='word_1_3' title='bbox 683 543 813 600; x_wconf 87' lang='lat' dir='ltr'><strong>illud</strong></span> <span class='ocrx_word' id='word_1_4' title='bbox 830 540 1075 612; x_wconf 79' lang='lat' dir='ltr'><strong>Apostoli</strong></span> <span class='ocrx_word' id='word_1_5' title='bbox 1094 536 1447 609; x_wconf 81' lang='lat' dir='ltr'><strong>proferimus:</strong></span> <span class='ocrx_word' id='word_1_6' title='bbox 1467 530 1736 597; x_wconf 81' lang='lat' dir='ltr'><strong>Quomodo</strong></span> <span class='ocrx_word' id='word_1_7' title='bbox 1748 528 1956 599; x_wconf 81' lang='lat' dir='ltr'><strong>quidam</strong></span> 
     </span>
    </p>
   </div>
   <div class='ocr_carea' id='block_1_3' title="bbox 361 620 1960 707">
    <p class='ocr_par' dir='ltr' id='par_1_3' title="bbox 361 620 1960 707">
     <span class='ocr_line' id='line_1_3' title="bbox 361 620 1960 707; baseline -0.015 -11"><span class='ocrx_word' id='word_1_8' title='bbox 361 644 539 696; x_wconf 83' lang='lat' dir='ltr'><strong>dicunt</strong></span> <span class='ocrx_word' id='word_1_9' title='bbox 569 639 626 692; x_wconf 85' lang='lat' dir='ltr'><strong>in</strong></span> <span class='ocrx_word' id='word_1_10' title='bbox 655 637 799 692; x_wconf 72' lang='lat' dir='ltr'><strong>vobis</strong></span> <span class='ocrx_word' id='word_1_11' title='bbox 827 636 952 707; x_wconf 82' lang='lat' dir='ltr'><strong>quia</strong></span> <span class='ocrx_word' id='word_1_12' title='bbox 991 631 1298 686; x_wconf 70' lang='lat' dir='ltr'><strong>resurrectio</strong></span> <span class='ocrx_word' id='word_1_13' title='bbox 1327 635 1646 682; x_wconf 88' lang='lat' dir='ltr'><strong>mortuorum</strong></span> <span class='ocrx_word' id='word_1_14' title='bbox 1688 640 1794 678; x_wconf 85' lang='lat' dir='ltr'><strong>non</strong></span> <span class='ocrx_word' id='word_1_15' title='bbox 1837 620 1960 676; x_wconf 77' lang='lat' dir='ltr'><strong>est?</strong></span> 
     </span>
    </p>
   </div>
   <div class='ocr_carea' id='block_1_4' title="bbox 361 717 1962 801">
    <p class='ocr_par' dir='ltr' id='par_1_4' title="bbox 361 717 1962 801">
     <span class='ocr_line' id='line_1_4' title="bbox 361 717 1962 801; baseline -0.014 -13"><span class='ocrx_word' id='word_1_16' title='bbox 361 734 498 801; x_wconf 84' lang='lat' dir='ltr'><strong>Quia</strong></span> <span class='ocrx_word' id='word_1_17' title='bbox 535 731 698 799; x_wconf 84' lang='lat' dir='ltr'><strong>igitur</strong></span> <span class='ocrx_word' id='word_1_18' title='bbox 721 724 1094 800; x_wconf 74' lang='lat' dir='ltr'><strong>pronuntiatio</strong></span> <span class='ocrx_word' id='word_1_19' title='bbox 1117 722 1294 778; x_wconf 90' lang='lat' dir='ltr'><strong>omnis</strong></span> <span class='ocrx_word' id='word_1_20' title='bbox 1315 717 1531 775; x_wconf 85' lang='lat' dir='ltr'><strong>Domini</strong></span> <span class='ocrx_word' id='word_1_21' title='bbox 1550 732 1676 773; x_wconf 87' lang='lat' dir='ltr'><strong>vera</strong></span> <span class='ocrx_word' id='word_1_22' title='bbox 1693 721 1962 770; x_wconf 88' lang='lat' dir='ltr'><strong>monstra-</strong></span> 
     </span>
    </p>
   </div>
   <div class='ocr_carea' id='block_1_5' title="bbox 364 811 1962 894">
    <p class='ocr_par' dir='ltr' id='par_1_5' title="bbox 364 811 1962 894">
     <span class='ocr_line' id='line_1_5' title="bbox 364 811 1962 894; baseline -0.013 -13"><span class='ocrx_word' id='word_1_23' title='bbox 364 836 450 881; x_wconf 86' lang='lat' dir='ltr'><strong>tur</strong></span> <span class='ocrx_word' id='word_1_24' title='bbox 478 826 592 894; x_wconf 88' lang='lat' dir='ltr'><strong>ipsa</strong></span> <span class='ocrx_word' id='word_1_25' title='bbox 619 819 1004 876; x_wconf 89' lang='lat' dir='ltr'><strong>testiﬁcatione</strong></span> <span class='ocrx_word' id='word_1_26' title='bbox 1031 816 1321 881; x_wconf 88' lang='lat' dir='ltr'><strong>factorum,</strong></span> <span class='ocrx_word' id='word_1_27' title='bbox 1349 812 1402 868; x_wconf 94' lang='lat' dir='ltr'><strong>id</strong></span> <span class='ocrx_word' id='word_1_28' title='bbox 1430 811 1577 868; x_wconf 90' lang='lat' dir='ltr'><strong>enim</strong></span> <span class='ocrx_word' id='word_1_29' title='bbox 1600 825 1709 864; x_wconf 90' lang='lat' dir='ltr'><strong>non</strong></span> <span class='ocrx_word' id='word_1_30' title='bbox 1753 814 1962 862; x_wconf 87' lang='lat' dir='ltr'><strong>tantum</strong></span> 
     </span>
    </p>
   </div>
   <div class='ocr_carea' id='block_1_6' title="bbox 365 898 1965 978">
    <p class='ocr_par' dir='ltr' id='par_1_6' title="bbox 365 898 1965 978">
     <span class='ocr_line' id='line_1_6' title="bbox 365 898 1965 978; baseline -0.011 -8"><span class='ocrx_word' id='word_1_31' title='bbox 365 916 532 970; x_wconf 85' lang='lat' dir='ltr'><strong>verbo</strong></span> <span class='ocrx_word' id='word_1_32' title='bbox 561 912 867 978; x_wconf 80' lang='lat' dir='ltr'><strong>didicimus,</strong></span> <span class='ocrx_word' id='word_1_33' title='bbox 899 909 996 965; x_wconf 91' lang='lat' dir='ltr'><strong>sed</strong></span> <span class='ocrx_word' id='word_1_34' title='bbox 1025 922 1194 978; x_wconf 91' lang='lat' dir='ltr'><strong>opere</strong></span> <span class='ocrx_word' id='word_1_35' title='bbox 1223 906 1341 977; x_wconf 91' lang='lat' dir='ltr'><strong>ipso</strong></span> <span class='ocrx_word' id='word_1_36' title='bbox 1367 901 1711 960; x_wconf 81' lang='lat' dir='ltr'><strong>manifestam</strong></span> <span class='ocrx_word' id='word_1_37' title='bbox 1735 898 1965 970; x_wconf 86' lang='lat' dir='ltr'><strong>promis-</strong></span> 
     </span>
    </p>
   </div>
   <div class='ocr_carea' id='block_1_7' title="bbox 367 992 1964 1074">
    <p class='ocr_par' dir='ltr' id='par_1_7' title="bbox 367 992 1964 1074">
     <span class='ocr_line' id='line_1_7' title="bbox 367 992 1964 1074; baseline -0.013 -11"><span class='ocrx_word' id='word_1_38' title='bbox 367 1008 538 1064; x_wconf 90' lang='lat' dir='ltr'><strong>sionis</strong></span> <span class='ocrx_word' id='word_1_39' title='bbox 568 1006 686 1074; x_wconf 83' lang='lat' dir='ltr'><strong>ejus</strong></span> <span class='ocrx_word' id='word_1_40' title='bbox 712 1019 866 1074; x_wconf 88' lang='lat' dir='ltr'><strong>spem</strong></span> <span class='ocrx_word' id='word_1_41' title='bbox 895 1017 994 1072; x_wconf 88' lang='lat' dir='ltr'><strong>per</strong></span> <span class='ocrx_word' id='word_1_42' title='bbox 1016 1016 1112 1056; x_wconf 90' lang='lat' dir='ltr'><strong>eos</strong></span> <span class='ocrx_word' id='word_1_43' title='bbox 1138 999 1232 1068; x_wconf 91' lang='lat' dir='ltr'><strong>qui</strong></span> <span class='ocrx_word' id='word_1_44' title='bbox 1258 997 1372 1068; x_wconf 89' lang='lat' dir='ltr'><strong>jam</strong></span> <span class='ocrx_word' id='word_1_45' title='bbox 1393 995 1462 1050; x_wconf 82' lang='lat' dir='ltr'><strong>ad</strong></span> <span class='ocrx_word' id='word_1_46' title='bbox 1489 995 1656 1050; x_wconf 90' lang='lat' dir='ltr'><strong>vitam</strong></span> <span class='ocrx_word' id='word_1_47' title='bbox 1683 992 1751 1048; x_wconf 87' lang='lat' dir='ltr'><strong>de</strong></span> <span class='ocrx_word' id='word_1_48' title='bbox 1777 1005 1964 1046; x_wconf 89' lang='lat' dir='ltr'><strong>resur-</strong></span> 
     </span>
    </p>
   </div>
   <div class='ocr_carea' id='block_1_8' title="bbox 367 1081 1965 1160">
    <p class='ocr_par' dir='ltr' id='par_1_8' title="bbox 367 1081 1965 1160">
     <span class='ocr_line' id='line_1_8' title="bbox 367 1081 1965 1160; baseline -0.014 -6"><span class='ocrx_word' id='word_1_49' title='bbox 367 1099 612 1154; x_wconf 87' lang='lat' dir='ltr'><strong>rectione</strong></span> <span class='ocrx_word' id='word_1_50' title='bbox 634 1102 901 1150; x_wconf 88' lang='lat' dir='ltr'><strong>venerunt</strong></span> <span class='ocrx_word' id='word_1_51' title='bbox 935 1108 1035 1146; x_wconf 89' lang='lat' dir='ltr'><strong>nos</strong></span> <span class='ocrx_word' id='word_1_52' title='bbox 1061 1089 1339 1160; x_wconf 83' lang='lat' dir='ltr'><strong>accepisse</strong></span> <span class='ocrx_word' id='word_1_53' title='bbox 1363 1085 1684 1156; x_wconf 84' lang='lat' dir='ltr'><strong>gloriamur,</strong></span> <span class='ocrx_word' id='word_1_54' title='bbox 1709 1097 1830 1151; x_wconf 69' lang='lat' dir='ltr'><strong>qua:</strong></span> <span class='ocrx_word' id='word_1_55' title='bbox 1852 1081 1965 1148; x_wconf 88' lang='lat' dir='ltr'><strong>jam</strong></span> 
     </span>
    </p>
   </div>
   <div class='ocr_carea' id='block_1_9' title="bbox 365 1173 1967 1244">
    <p class='ocr_par' dir='ltr' id='par_1_9' title="bbox 365 1173 1967 1244">
     <span class='ocr_line' id='line_1_9' title="bbox 365 1173 1967 1244; baseline -0.012 0"><span class='ocrx_word' id='word_1_56' title='bbox 365 1188 660 1244; x_wconf 77' lang='lat' dir='ltr'><strong>incredulis</strong></span> <span class='ocrx_word' id='word_1_57' title='bbox 685 1187 791 1241; x_wconf 88' lang='lat' dir='ltr'><strong>ulla</strong></span> <span class='ocrx_word' id='word_1_58' title='bbox 816 1184 1120 1240; x_wconf 81' lang='lat' dir='ltr'><strong>remanebit</strong></span> <span class='ocrx_word' id='word_1_59' title='bbox 1148 1180 1403 1237; x_wconf 86' lang='lat' dir='ltr'><strong>occasio?</strong></span> <span class='ocrx_word' id='word_1_60' title='bbox 1438 1177 1629 1231; x_wconf 85' lang='lat' dir='ltr'><strong>Nonne</strong></span> <span class='ocrx_word' id='word_1_61' title='bbox 1653 1173 1967 1230; x_wconf 83' lang='lat' dir='ltr'><strong>renuntian-</strong></span> 
     </span>
    </p>
   </div>
   <div class='ocr_carea' id='block_1_10' title="bbox 367 1263 1966 1350">
    <p class='ocr_par' dir='ltr' id='par_1_10' title="bbox 367 1263 1966 1350">
     <span class='ocr_line' id='line_1_10' title="bbox 367 1263 1966 1350; baseline -0.014 -12"><span class='ocrx_word' id='word_1_62' title='bbox 367 1294 450 1340; x_wconf 87' lang='lat' dir='ltr'><strong>tes</strong></span> <span class='ocrx_word' id='word_1_63' title='bbox 477 1281 559 1335; x_wconf 92' lang='lat' dir='ltr'><strong>his</strong></span> <span class='ocrx_word' id='word_1_64' title='bbox 595 1280 690 1350; x_wconf 92' lang='lat' dir='ltr'><strong>qui</strong></span> <span class='ocrx_word' id='word_1_65' title='bbox 736 1294 833 1348; x_wconf 90' lang='lat' dir='ltr'><strong>per</strong></span> <span class='ocrx_word' id='word_1_66' title='bbox 873 1274 1271 1346; x_wconf 83' lang='lat' dir='ltr'><strong>philosOphiam</strong></span> <span class='ocrx_word' id='word_1_67' title='bbox 1322 1279 1378 1324; x_wconf 92' lang='lat' dir='ltr'><strong>et</strong></span> <span class='ocrx_word' id='word_1_68' title='bbox 1429 1269 1647 1324; x_wconf 89' lang='lat' dir='ltr'><strong>inanem</strong></span> <span class='ocrx_word' id='word_1_69' title='bbox 1698 1263 1966 1318; x_wconf 78' lang='lat' dir='ltr'><strong>fallaciam</strong></span> 
     </span>
    </p>
   </div>
   <div class='ocr_carea' id='block_1_11' title="bbox 366 1355 1967 1442">
    <p class='ocr_par' dir='ltr' id='par_1_11' title="bbox 366 1355 1967 1442">
     <span class='ocr_line' id='line_1_11' title="bbox 366 1355 1967 1442; baseline -0.014 -15"><span class='ocrx_word' id='word_1_70' title='bbox 366 1373 648 1442; x_wconf 84' lang='lat' dir='ltr'><strong>despicere</strong></span> <span class='ocrx_word' id='word_1_71' title='bbox 670 1368 1075 1438; x_wconf 87' lang='lat' dir='ltr'><strong>simplicitatem</strong></span> <span class='ocrx_word' id='word_1_72' title='bbox 1107 1363 1230 1418; x_wconf 87' lang='lat' dir='ltr'><strong>ﬁdei</strong></span> <span class='ocrx_word' id='word_1_73' title='bbox 1267 1360 1590 1425; x_wconf 88' lang='lat' dir='ltr'><strong>moliuntur,</strong></span> <span class='ocrx_word' id='word_1_74' title='bbox 1625 1355 1967 1427; x_wconf 89' lang='lat' dir='ltr'><strong>purissimam</strong></span> 
     </span>
    </p>
   </div>
   <div class='ocr_carea' id='block_1_12' title="bbox 367 1442 1968 1529">
    <p class='ocr_par' dir='ltr' id='par_1_12' title="bbox 367 1442 1968 1529">
     <span class='ocr_line' id='line_1_12' title="bbox 367 1442 1968 1529; baseline -0.016 -8"><span class='ocrx_word' id='word_1_75' title='bbox 367 1463 769 1520; x_wconf 82' lang='lat' dir='ltr'><strong>confessionem</strong></span> <span class='ocrx_word' id='word_1_76' title='bbox 800 1458 916 1529; x_wconf 90' lang='lat' dir='ltr'><strong>spei</strong></span> <span class='ocrx_word' id='word_1_77' title='bbox 948 1465 1148 1512; x_wconf 71' lang='lat' dir='ltr'><strong>nostra:</strong></span> <span class='ocrx_word' id='word_1_78' title='bbox 1178 1451 1532 1508; x_wconf 89' lang='lat' dir='ltr'><strong>retinebimus</strong></span> <span class='ocrx_word' id='word_1_79' title='bbox 1555 1448 1608 1502; x_wconf 89' lang='lat' dir='ltr'><strong>in</strong></span> <span class='ocrx_word' id='word_1_80' title='bbox 1637 1460 1837 1516; x_wconf 87' lang='lat' dir='ltr'><strong>parvo,</strong></span> <span class='ocrx_word' id='word_1_81' title='bbox 1883 1442 1968 1496; x_wconf 90' lang='lat' dir='ltr'><strong>di-</strong></span> 
     </span>
    </p>
   </div>
   <div class='ocr_carea' id='block_1_13' title="bbox 370 1533 1969 1622">
    <p class='ocr_par' dir='ltr' id='par_1_13' title="bbox 370 1533 1969 1622">
     <span class='ocr_line' id='line_1_13' title="bbox 370 1533 1969 1622; baseline -0.015 -11"><span class='ocrx_word' id='word_1_82' title='bbox 370 1568 558 1612; x_wconf 80' lang='lat' dir='ltr'><strong>centes</strong></span> <span class='ocrx_word' id='word_1_83' title='bbox 585 1553 654 1608; x_wconf 88' lang='lat' dir='ltr'><strong>ad</strong></span> <span class='ocrx_word' id='word_1_84' title='bbox 687 1551 966 1622; x_wconf 77' lang='lat' dir='ltr'><strong>propheta:</strong></span> <span class='ocrx_word' id='word_1_85' title='bbox 996 1547 1217 1602; x_wconf 90' lang='lat' dir='ltr'><strong>modum</strong></span> <span class='ocrx_word' id='word_1_86' title='bbox 1247 1543 1435 1614; x_wconf 75' lang='lat' dir='ltr'><strong>gratim</strong></span> <span class='ocrx_word' id='word_1_87' title='bbox 1467 1541 1652 1610; x_wconf 77' lang='lat' dir='ltr'><strong>ipsius,</strong></span> <span class='ocrx_word' id='word_1_88' title='bbox 1685 1552 1806 1593; x_wconf 90' lang='lat' dir='ltr'><strong>cmn</strong></span> <span class='ocrx_word' id='word_1_89' title='bbox 1837 1533 1969 1588; x_wconf 88' lang='lat' dir='ltr'><strong>dicit</strong></span> 
     </span>
    </p>
   </div>
   <div class='ocr_carea' id='block_1_14' title="bbox 373 1628 1964 1714">
    <p class='ocr_par' dir='ltr' id='par_1_14' title="bbox 373 1628 1964 1714">
     <span class='ocr_line' id='line_1_14' title="bbox 373 1628 1964 1714; baseline -0.017 -9"><span class='ocrx_word' id='word_1_90' title='bbox 373 1651 442 1705; x_wconf 87' lang='lat' dir='ltr'><strong>ad</strong></span> <span class='ocrx_word' id='word_1_91' title='bbox 473 1647 761 1704; x_wconf 90' lang='lat' dir='ltr'><strong>Dominum</strong></span> <span class='ocrx_word' id='word_1_92' title='bbox 795 1662 808 1697; x_wconf 93' lang='lat'>:</span> <span class='ocrx_word' id='word_1_93' title='bbox 842 1644 1062 1714; x_wconf 75' lang='lat' dir='ltr'><strong>Auferes</strong></span> <span class='ocrx_word' id='word_1_94' title='bbox 1092 1640 1332 1710; x_wconf 77' lang='lat' dir='ltr'><strong>spiritum</strong></span> <span class='ocrx_word' id='word_1_95' title='bbox 1356 1638 1586 1706; x_wconf 80' lang='lat' dir='ltr'><strong>ipsorum</strong></span> <span class='ocrx_word' id='word_1_96' title='bbox 1626 1643 1674 1686; x_wconf 85' lang='lat' dir='ltr'><strong>et</strong></span> <span class='ocrx_word' id='word_1_97' title='bbox 1704 1628 1964 1698; x_wconf 79' lang='lat' dir='ltr'><strong>deﬁcient,</strong></span> 
     </span>
    </p>
   </div>
   <div class='ocr_carea' id='block_1_15' title="bbox 371 1724 1968 1803">
    <p class='ocr_par' dir='ltr' id='par_1_15' title="bbox 371 1724 1968 1803">
     <span class='ocr_line' id='line_1_15' title="bbox 371 1724 1968 1803; baseline -0.017 -7"><span class='ocrx_word' id='word_1_98' title='bbox 371 1751 422 1796; x_wconf 89' lang='lat' dir='ltr'><strong>et</strong></span> <span class='ocrx_word' id='word_1_99' title='bbox 449 1742 504 1795; x_wconf 84' lang='lat' dir='ltr'><strong>in</strong></span> <span class='ocrx_word' id='word_1_100' title='bbox 527 1739 782 1803; x_wconf 74' lang='lat' dir='ltr'><strong>pulverem</strong></span> <span class='ocrx_word' id='word_1_101' title='bbox 807 1751 955 1790; x_wconf 75' lang='lat' dir='ltr'><strong>suum</strong></span> <span class='ocrx_word' id='word_1_102' title='bbox 978 1741 1323 1794; x_wconf 73' lang='lat' dir='ltr'><strong>revertentur;</strong></span> <span class='ocrx_word' id='word_1_103' title='bbox 1352 1729 1525 1781; x_wconf 79' lang='lat' dir='ltr'><strong>emitte</strong></span> <span class='ocrx_word' id='word_1_104' title='bbox 1549 1724 1802 1795; x_wconf 79' lang='lat' dir='ltr'><strong>Spiritum</strong></span> <span class='ocrx_word' id='word_1_105' title='bbox 1827 1729 1968 1772; x_wconf 81' lang='lat' dir='ltr'><strong>tuum</strong></span> 
     </span>
    </p>
   </div>
   <div class='ocr_carea' id='block_1_16' title="bbox 369 1812 2045 1894">
    <p class='ocr_par' dir='ltr' id='par_1_16' title="bbox 369 1812 2045 1894">
     <span class='ocr_line' id='line_1_16' title="bbox 369 1812 2045 1894; baseline -0.017 -7"><span class='ocrx_word' id='word_1_106' title='bbox 369 1841 420 1887; x_wconf 86' lang='lat' dir='ltr'><strong>et</strong></span> <span class='ocrx_word' id='word_1_107' title='bbox 451 1831 794 1894; x_wconf 71' lang='lat' dir='ltr'><strong>creabantur,</strong></span> <span class='ocrx_word' id='word_1_108' title='bbox 839 1837 886 1882; x_wconf 90' lang='lat' dir='ltr'><strong>et</strong></span> <span class='ocrx_word' id='word_1_109' title='bbox 917 1822 1187 1880; x_wconf 76' lang='lat' dir='ltr'><strong>reum-abis</strong></span> <span class='ocrx_word' id='word_1_110' title='bbox 1218 1823 1402 1893; x_wconf 74' lang='lat' dir='ltr'><strong>[acrem</strong></span> <span class='ocrx_word' id='word_1_111' title='bbox 1437 1827 1620 1881; x_wconf 73' lang='lat' dir='ltr'><strong>tet-rte,</strong></span> <span class='ocrx_word' id='word_1_112' title='bbox 1666 1812 1885 1882; x_wconf 89' lang='lat' dir='ltr'><strong>quando</strong></span> <span class='ocrx_word' id='word_1_113' title='bbox 1910 1815 1965 1861; x_wconf 88' lang='lat' dir='ltr'><strong>et</strong></span> <span class='ocrx_word' id='word_1_114' title='bbox 1999 1822 2045 1880; x_wconf 74' lang='grc' dir='ltr'><strong>Β</strong></span> 
     </span>
    </p>
   </div>
   <div class='ocr_carea' id='block_1_17' title="bbox 370 1903 1962 1987">
    <p class='ocr_par' dir='ltr' id='par_1_17' title="bbox 370 1903 1962 1987">
     <span class='ocr_line' id='line_1_17' title="bbox 370 1903 1962 1987; baseline -0.017 -9"><span class='ocrx_word' id='word_1_115' title='bbox 370 1923 542 1980; x_wconf 76' lang='lat' dir='ltr'><strong>lzetari</strong></span> <span class='ocrx_word' id='word_1_116' title='bbox 569 1922 851 1975; x_wconf 88' lang='lat' dir='ltr'><strong>Dominum</strong></span> <span class='ocrx_word' id='word_1_117' title='bbox 880 1918 934 1972; x_wconf 91' lang='lat' dir='ltr'><strong>in</strong></span> <span class='ocrx_word' id='word_1_118' title='bbox 964 1915 1220 1987; x_wconf 89' lang='lat' dir='ltr'><strong>operibus</strong></span> <span class='ocrx_word' id='word_1_119' title='bbox 1249 1913 1360 1968; x_wconf 89' lang='lat' dir='ltr'><strong>suis</strong></span> <span class='ocrx_word' id='word_1_120' title='bbox 1389 1909 1643 1971; x_wconf 90' lang='lat' dir='ltr'><strong>afiirmat,</strong></span> <span class='ocrx_word' id='word_1_121' title='bbox 1671 1921 1795 1960; x_wconf 91' lang='lat' dir='ltr'><strong>cum</strong></span> <span class='ocrx_word' id='word_1_122' title='bbox 1825 1903 1962 1956; x_wconf 84' lang='lat' dir='ltr'><strong>deii-</strong></span> 
     </span>
    </p>
   </div>
   <div class='ocr_carea' id='block_1_18' title="bbox 371 1995 1965 2081">
    <p class='ocr_par' dir='ltr' id='par_1_18' title="bbox 371 1995 1965 2081">
     <span class='ocr_line' id='line_1_18' title="bbox 371 1995 1965 2081; baseline -0.015 -13"><span class='ocrx_word' id='word_1_123' title='bbox 371 2014 519 2068; x_wconf 90' lang='lat' dir='ltr'><strong>eient</strong></span> <span class='ocrx_word' id='word_1_124' title='bbox 543 2017 860 2081; x_wconf 86' lang='lat' dir='ltr'><strong>peceatores</strong></span> <span class='ocrx_word' id='word_1_125' title='bbox 889 2024 919 2061; x_wconf 91' lang='lat' dir='ltr'><strong>a</strong></span> <span class='ocrx_word' id='word_1_126' title='bbox 947 2015 1113 2060; x_wconf 89' lang='lat' dir='ltr'><strong>terra.</strong></span> <span class='ocrx_word' id='word_1_127' title='bbox 1160 2000 1446 2070; x_wconf 86' lang='lat' dir='ltr'><strong>Quomodo</strong></span> <span class='ocrx_word' id='word_1_128' title='bbox 1480 1999 1624 2052; x_wconf 90' lang='lat' dir='ltr'><strong>enim</strong></span> <span class='ocrx_word' id='word_1_129' title='bbox 1665 1995 1786 2064; x_wconf 87' lang='lat' dir='ltr'><strong>quis</strong></span> <span class='ocrx_word' id='word_1_130' title='bbox 1837 2007 1965 2061; x_wconf 89' lang='lat' dir='ltr'><strong>pec-</strong></span> 
     </span>
    </p>
   </div>
   <div class='ocr_carea' id='block_1_19' title="bbox 370 2092 1967 2163">
    <p class='ocr_par' dir='ltr' id='par_1_19' title="bbox 370 2092 1967 2163">
     <span class='ocr_line' id='line_1_19' title="bbox 370 2092 1967 2163; baseline -0.014 -5"><span class='ocrx_word' id='word_1_131' title='bbox 370 2112 526 2158; x_wconf 88' lang='lat' dir='ltr'><strong>cator</strong></span> <span class='ocrx_word' id='word_1_132' title='bbox 573 2102 709 2156; x_wconf 88' lang='lat' dir='ltr'><strong>ultra</strong></span> <span class='ocrx_word' id='word_1_133' title='bbox 740 2098 1068 2162; x_wconf 80' lang='lat' dir='ltr'><strong>vocabitur,</strong></span> <span class='ocrx_word' id='word_1_134' title='bbox 1118 2110 1240 2150; x_wconf 89' lang='lat' dir='ltr'><strong>cum</strong></span> <span class='ocrx_word' id='word_1_135' title='bbox 1268 2092 1378 2163; x_wconf 86' lang='lat' dir='ltr'><strong>jam</strong></span> <span class='ocrx_word' id='word_1_136' title='bbox 1429 2096 1648 2161; x_wconf 87' lang='lat' dir='ltr'><strong>peccata</strong></span> <span class='ocrx_word' id='word_1_137' title='bbox 1692 2101 1812 2142; x_wconf 83' lang='lat' dir='ltr'><strong>esse</strong></span> <span class='ocrx_word' id='word_1_138' title='bbox 1859 2098 1967 2137; x_wconf 87' lang='lat' dir='ltr'><strong>non</strong></span> 
     </span>
    </p>
   </div>
   <div class='ocr_carea' id='block_1_20' title="bbox 373 2180 1733 2265">
    <p class='ocr_par' dir='ltr' id='par_1_20' title="bbox 373 2180 1733 2265">
     <span class='ocr_line' id='line_1_20' title="bbox 373 2180 1733 2265; baseline -0.006 -15"><span class='ocrx_word' id='word_1_139' title='bbox 373 2194 588 2265; x_wconf 75' lang='lat' dir='ltr'><strong>possint</strong></span> <span class='ocrx_word' id='word_1_140' title='bbox 608 2194 630 2246; x_wconf 87' lang='lat'><strong>?</strong></span> <span class='ocrx_word' id='word_1_141' title='bbox 1730 2180 1733 2184; x_wconf 58' lang='grc'><em>’</em></span> 
     </span>
    </p>
   </div>
   <div class='ocr_carea' id='block_1_21' title="bbox 934 2301 1414 2358">
    <p class='ocr_par' dir='ltr' id='par_1_21' title="bbox 934 2301 1414 2358">
     <span class='ocr_line' id='line_1_21' title="bbox 934 2301 1414 2358; baseline -0.006 0"><span class='ocrx_word' id='word_1_142' title='bbox 934 2301 1163 2358; x_wconf 75' lang='lat' dir='ltr'><strong>CAPUT</strong></span> <span class='ocrx_word' id='word_1_143' title='bbox 1204 2301 1414 2356; x_wconf 76' lang='lat' dir='ltr'><strong>XXVII.</strong></span> 
     </span>
    </p>
   </div>
   <div class='ocr_carea' id='block_1_22' title="bbox 377 2450 1974 2526">
    <p class='ocr_par' dir='ltr' id='par_1_22' title="bbox 377 2450 1974 2526">
     <span class='ocr_line' id='line_1_22' title="bbox 377 2450 1974 2526; baseline -0.008 -11"><span class='ocrx_word' id='word_1_144' title='bbox 377 2458 533 2526; x_wconf 84' lang='lat' dir='ltr'><strong>Quod</strong></span> <span class='ocrx_word' id='word_1_145' title='bbox 563 2475 668 2513; x_wconf 84' lang='lat' dir='ltr'><strong>non</strong></span> <span class='ocrx_word' id='word_1_146' title='bbox 709 2459 776 2512; x_wconf 79' lang='lat' dir='ltr'><strong>sit</strong></span> <span class='ocrx_word' id='word_1_147' title='bbox 805 2467 990 2511; x_wconf 86' lang='lat' dir='ltr'><strong>contra</strong></span> <span class='ocrx_word' id='word_1_148' title='bbox 1018 2455 1074 2510; x_wconf 84' lang='lat' dir='ltr'><strong>id</strong></span> <span class='ocrx_word' id='word_1_149' title='bbox 1103 2453 1239 2526; x_wconf 83' lang='lat' dir='ltr'><strong>quod</strong></span> <span class='ocrx_word' id='word_1_150' title='bbox 1281 2453 1462 2510; x_wconf 81' lang='lat' dir='ltr'><strong>deceat</strong></span> <span class='ocrx_word' id='word_1_151' title='bbox 1493 2450 1798 2518; x_wconf 70' lang='lat' dir='ltr'><strong>resurrectio</strong></span> <span class='ocrx_word' id='word_1_152' title='bbox 1830 2465 1974 2504; x_wconf 77' lang='lat' dir='ltr'><strong>mor-</strong></span> 
     </span>
    </p>
   </div>
   <div class='ocr_carea' id='block_1_23' title="bbox 1064 2535 1291 2580">
    <p class='ocr_par' dir='ltr' id='par_1_23' title="bbox 1064 2535 1291 2580">
     <span class='ocr_line' id='line_1_23' title="bbox 1064 2535 1291 2580; baseline -0.004 -1"><span class='ocrx_word' id='word_1_153' title='bbox 1064 2535 1291 2580; x_wconf 87' lang='lat' dir='ltr'><strong>tuorum.</strong></span> 
     </span>
    </p>
   </div>
   <div class='ocr_carea' id='block_1_24' title="bbox 447 2679 1974 2756">
    <p class='ocr_par' dir='ltr' id='par_1_24' title="bbox 447 2679 1974 2756">
     <span class='ocr_line' id='line_1_24' title="bbox 447 2679 1974 2756; baseline -0.009 -11"><span class='ocrx_word' id='word_1_154' title='bbox 447 2688 556 2745; x_wconf 85' lang='lat' dir='ltr'><strong>Sed</strong></span> <span class='ocrx_word' id='word_1_155' title='bbox 604 2696 730 2742; x_wconf 86' lang='lat' dir='ltr'><strong>sunt</strong></span> <span class='ocrx_word' id='word_1_156' title='bbox 781 2685 998 2756; x_wconf 92' lang='lat' dir='ltr'><strong>quidam</strong></span> <span class='ocrx_word' id='word_1_157' title='bbox 1041 2682 1134 2754; x_wconf 91' lang='lat' dir='ltr'><strong>qui</strong></span> <span class='ocrx_word' id='word_1_158' title='bbox 1178 2683 1542 2737; x_wconf 87' lang='lat' dir='ltr'><strong>humanarum</strong></span> <span class='ocrx_word' id='word_1_159' title='bbox 1581 2679 1974 2749; x_wconf 79' lang='lat' dir='ltr'><strong>cogitationum</strong></span> 
     </span>
    </p>
   </div>
   <div class='ocr_carea' id='block_1_25' title="bbox 376 2769 1975 2846">
    <p class='ocr_par' dir='ltr' id='par_1_25' title="bbox 376 2769 1975 2846">
     <span class='ocr_line' id='line_1_25' title="bbox 376 2769 1975 2846; baseline -0.01 -7"><span class='ocrx_word' id='word_1_160' title='bbox 376 2783 622 2846; x_wconf 78' lang='lat' dir='ltr'><strong>defectu,</strong></span> <span class='ocrx_word' id='word_1_161' title='bbox 670 2777 735 2833; x_wconf 92' lang='lat' dir='ltr'><strong>ad</strong></span> <span class='ocrx_word' id='word_1_162' title='bbox 783 2790 1091 2831; x_wconf 89' lang='lat' dir='ltr'><strong>mensuram</strong></span> <span class='ocrx_word' id='word_1_163' title='bbox 1124 2782 1365 2828; x_wconf 78' lang='lat' dir='ltr'><strong>uestram</strong></span> <span class='ocrx_word' id='word_1_164' title='bbox 1395 2772 1632 2826; x_wconf 84' lang='lat' dir='ltr'><strong>divinam</strong></span> <span class='ocrx_word' id='word_1_165' title='bbox 1675 2769 1975 2842; x_wconf 80' lang='lat' dir='ltr'><strong>potentiam</strong></span> 
     </span>
    </p>
   </div>
   <div class='ocr_carea' id='block_1_26' title="bbox 376 2859 1977 2944">
    <p class='ocr_par' dir='ltr' id='par_1_26' title="bbox 376 2859 1977 2944">
     <span class='ocr_line' id='line_1_26' title="bbox 376 2859 1977 2944; baseline -0.008 -18"><span class='ocrx_word' id='word_1_166' title='bbox 376 2872 703 2944; x_wconf 75' lang='lat' dir='ltr'><strong>iudicantes,</strong></span> <span class='ocrx_word' id='word_1_167' title='bbox 733 2866 878 2937; x_wconf 88' lang='lat' dir='ltr'><strong>quod</strong></span> <span class='ocrx_word' id='word_1_168' title='bbox 909 2865 1008 2936; x_wconf 88' lang='lat' dir='ltr'><strong>ipsi</strong></span> <span class='ocrx_word' id='word_1_169' title='bbox 1040 2879 1236 2934; x_wconf 89' lang='lat' dir='ltr'><strong>capere</strong></span> <span class='ocrx_word' id='word_1_170' title='bbox 1263 2872 1558 2932; x_wconf 89' lang='lat' dir='ltr'><strong>nequeunt,</strong></span> <span class='ocrx_word' id='word_1_171' title='bbox 1589 2875 1692 2915; x_wconf 90' lang='lat' dir='ltr'><strong>nec</strong></span> <span class='ocrx_word' id='word_1_172' title='bbox 1712 2859 1825 2915; x_wconf 91' lang='lat' dir='ltr'><strong>Deo</strong></span> <span class='ocrx_word' id='word_1_173' title='bbox 1855 2873 1977 2914; x_wconf 87' lang='lat' dir='ltr'><strong>esse</strong></span> 
     </span>
    </p>
   </div>
   <div class='ocr_carea' id='block_1_27' title="bbox 377 2950 1978 3034">
    <p class='ocr_par' dir='ltr' id='par_1_27' title="bbox 377 2950 1978 3034">
     <span class='ocr_line' id='line_1_27' title="bbox 377 2950 1978 3034; baseline -0.009 -16"><span class='ocrx_word' id='word_1_174' title='bbox 377 2963 641 3034; x_wconf 89' lang='lat' dir='ltr'><strong>possibile</strong></span> <span class='ocrx_word' id='word_1_175' title='bbox 667 2959 1010 3016; x_wconf 88' lang='lat' dir='ltr'><strong>conﬁrmant.</strong></span> <span class='ocrx_word' id='word_1_176' title='bbox 1051 2955 1353 3010; x_wconf 79' lang='lat' dir='ltr'><strong>Ostendunt</strong></span> <span class='ocrx_word' id='word_1_177' title='bbox 1380 2954 1523 3009; x_wconf 90' lang='lat' dir='ltr'><strong>enim</strong></span> <span class='ocrx_word' id='word_1_178' title='bbox 1547 2951 1704 3006; x_wconf 89' lang='lat' dir='ltr'><strong>nobis</strong></span> <span class='ocrx_word' id='word_1_179' title='bbox 1733 2950 1978 3020; x_wconf 91' lang='lat' dir='ltr'><strong>antiquo-</strong></span> 
     </span>
    </p>
   </div>
   <div class='ocr_carea' id='block_1_28' title="bbox 379 3045 1976 3123">
    <p class='ocr_par' dir='ltr' id='par_1_28' title="bbox 379 3045 1976 3123">
     <span class='ocr_line' id='line_1_28' title="bbox 379 3045 1976 3123; baseline -0.01 -12"><span class='ocrx_word' id='word_1_180' title='bbox 379 3072 502 3111; x_wconf 90' lang='lat' dir='ltr'><strong>rum</strong></span> <span class='ocrx_word' id='word_1_181' title='bbox 529 3054 785 3123; x_wconf 88' lang='lat' dir='ltr'><strong>reliquias</strong></span> <span class='ocrx_word' id='word_1_182' title='bbox 807 3058 1144 3104; x_wconf 86' lang='lat' dir='ltr'><strong>mortuorum</strong></span> <span class='ocrx_word' id='word_1_183' title='bbox 1169 3061 1394 3118; x_wconf 87' lang='lat' dir='ltr'><strong>prorsus</strong></span> <span class='ocrx_word' id='word_1_184' title='bbox 1415 3045 1745 3114; x_wconf 87' lang='lat' dir='ltr'><strong>absumptas,</strong></span> <span class='ocrx_word' id='word_1_185' title='bbox 1766 3050 1822 3098; x_wconf 92' lang='lat' dir='ltr'><strong>et</strong></span> <span class='ocrx_word' id='word_1_186' title='bbox 1841 3056 1976 3111; x_wconf 90' lang='lat' dir='ltr'><strong>quas</strong></span> 
     </span>
    </p>
   </div>
   <div class='ocr_carea' id='block_1_29' title="bbox 380 3135 1976 3216">
    <p class='ocr_par' dir='ltr' id='par_1_29' title="bbox 380 3135 1976 3216">
     <span class='ocr_line' id='line_1_29' title="bbox 380 3135 1976 3216; baseline -0.009 -14"><span class='ocrx_word' id='word_1_187' title='bbox 380 3148 523 3216; x_wconf 85' lang='lat' dir='ltr'><strong>ignis</strong></span> <span class='ocrx_word' id='word_1_188' title='bbox 553 3145 761 3213; x_wconf 80' lang='lat' dir='ltr'><strong>redegit</strong></span> <span class='ocrx_word' id='word_1_189' title='bbox 804 3145 856 3198; x_wconf 92' lang='lat' dir='ltr'><strong>in</strong></span> <span class='ocrx_word' id='word_1_190' title='bbox 886 3142 1129 3205; x_wconf 85' lang='lat' dir='ltr'><strong>cineres,</strong></span> <span class='ocrx_word' id='word_1_191' title='bbox 1178 3147 1232 3194; x_wconf 90' lang='lat' dir='ltr'><strong>et</strong></span> <span class='ocrx_word' id='word_1_192' title='bbox 1260 3154 1424 3208; x_wconf 89' lang='lat' dir='ltr'><strong>super</strong></span> <span class='ocrx_word' id='word_1_193' title='bbox 1453 3138 1567 3192; x_wconf 68' lang='lat' dir='ltr'><strong>ba‘c</strong></span> <span class='ocrx_word' id='word_1_194' title='bbox 1609 3135 1810 3190; x_wconf 85' lang='lat' dir='ltr'><strong>bestias</strong></span> <span class='ocrx_word' id='word_1_195' title='bbox 1856 3148 1976 3205; x_wconf 64' lang='lat' dir='ltr'><strong>qua:</strong></span> 
     </span>
    </p>
   </div>
   <div class='ocr_carea' id='block_1_30' title="bbox 378 3198 2055 3302">
    <p class='ocr_par' dir='ltr' id='par_1_30' title="bbox 378 3198 2055 3302">
     <span class='ocr_line' id='line_1_30' title="bbox 378 3198 2055 3302; baseline -0.01 -8"><span class='ocrx_word' id='word_1_196' title='bbox 378 3247 678 3294; x_wconf 84' lang='lat' dir='ltr'><strong>vescuntur</strong></span> <span class='ocrx_word' id='word_1_197' title='bbox 729 3234 1006 3302; x_wconf 89' lang='lat' dir='ltr'><strong>carnibus,</strong></span> <span class='ocrx_word' id='word_1_198' title='bbox 1055 3232 1180 3287; x_wconf 92' lang='lat' dir='ltr'><strong>huic</strong></span> <span class='ocrx_word' id='word_1_199' title='bbox 1229 3229 1427 3285; x_wconf 87' lang='lat' dir='ltr'><strong>rationi</strong></span> <span class='ocrx_word' id='word_1_200' title='bbox 1475 3227 1770 3283; x_wconf 81' lang='lat' dir='ltr'><strong>admovere</strong></span> <span class='ocrx_word' id='word_1_201' title='bbox 1815 3241 1975 3280; x_wconf 87' lang='lat' dir='ltr'><strong>mon-</strong></span> <span class='ocrx_word' id='word_1_202' title='bbox 2004 3198 2055 3265; x_wconf 67' lang='grc' dir='ltr'><strong>(ἶ</strong></span> 
     </span>
    </p>
   </div>
   <div class='ocr_carea' id='block_1_31' title="bbox 380 3318 1978 3400">
    <p class='ocr_par' dir='ltr' id='par_1_31' title="bbox 380 3318 1978 3400">
     <span class='ocr_line' id='line_1_31' title="bbox 380 3318 1978 3400; baseline -0.009 -10"><span class='ocrx_word' id='word_1_203' title='bbox 380 3341 655 3400; x_wconf 86' lang='lat' dir='ltr'><strong>strantur,</strong></span> <span class='ocrx_word' id='word_1_204' title='bbox 703 3339 756 3386; x_wconf 91' lang='lat' dir='ltr'><strong>et</strong></span> <span class='ocrx_word' id='word_1_205' title='bbox 798 3331 1005 3400; x_wconf 89' lang='lat' dir='ltr'><strong>piscem</strong></span> <span class='ocrx_word' id='word_1_206' title='bbox 1031 3326 1123 3395; x_wconf 93' lang='lat' dir='ltr'><strong>qui</strong></span> <span class='ocrx_word' id='word_1_207' title='bbox 1154 3339 1373 3380; x_wconf 88' lang='lat' dir='ltr'><strong>carnem</strong></span> <span class='ocrx_word' id='word_1_208' title='bbox 1413 3321 1650 3377; x_wconf 89' lang='lat' dir='ltr'><strong>hominis</strong></span> <span class='ocrx_word' id='word_1_209' title='bbox 1697 3318 1978 3389; x_wconf 85' lang='lat' dir='ltr'><strong>naufragio</strong></span> 
     </span>
    </p>
   </div>
   <div class='ocr_carea' id='block_1_32' title="bbox 382 3415 1980 3496">
    <p class='ocr_par' dir='ltr' id='par_1_32' title="bbox 382 3415 1980 3496">
     <span class='ocr_line' id='line_1_32' title="bbox 382 3415 1980 3496; baseline -0.005 -16"><span class='ocrx_word' id='word_1_210' title='bbox 382 3424 663 3496; x_wconf 79' lang='lat' dir='ltr'><strong>pereuntis</strong></span> <span class='ocrx_word' id='word_1_211' title='bbox 694 3424 746 3477; x_wconf 92' lang='lat' dir='ltr'><strong>in</strong></span> <span class='ocrx_word' id='word_1_212' title='bbox 776 3437 933 3476; x_wconf 90' lang='lat' dir='ltr'><strong>suum</strong></span> <span class='ocrx_word' id='word_1_213' title='bbox 981 3418 1183 3487; x_wconf 90' lang='lat' dir='ltr'><strong>trajicit</strong></span> <span class='ocrx_word' id='word_1_214' title='bbox 1212 3432 1410 3487; x_wconf 87' lang='lat' dir='ltr'><strong>corpus</strong></span> <span class='ocrx_word' id='word_1_215' title='bbox 1433 3455 1446 3479; x_wconf 94' lang='lat'><strong>,</strong></span> <span class='ocrx_word' id='word_1_216' title='bbox 1502 3423 1558 3470; x_wconf 91' lang='lat' dir='ltr'><strong>et</strong></span> <span class='ocrx_word' id='word_1_217' title='bbox 1606 3415 1750 3469; x_wconf 92' lang='lat' dir='ltr'><strong>hunc</strong></span> <span class='ocrx_word' id='word_1_218' title='bbox 1792 3430 1980 3472; x_wconf 85' lang='lat' dir='ltr'><strong>rursus</strong></span> 
     </span>
    </p>
   </div>
   <div class='ocr_carea' id='block_1_33' title="bbox 381 3504 1982 3581">
    <p class='ocr_par' dir='ltr' id='par_1_33' title="bbox 381 3504 1982 3581">
     <span class='ocr_line' id='line_1_33' title="bbox 381 3504 1982 3581; baseline -0.004 -10"><span class='ocrx_word' id='word_1_219' title='bbox 381 3515 634 3572; x_wconf 73' lang='lat' dir='ltr'><strong>effectum</strong></span> <span class='ocrx_word' id='word_1_220' title='bbox 664 3514 897 3570; x_wconf 88' lang='lat' dir='ltr'><strong>hominis</strong></span> <span class='ocrx_word' id='word_1_221' title='bbox 921 3526 1125 3578; x_wconf 87' lang='lat' dir='ltr'><strong>escam,</strong></span> <span class='ocrx_word' id='word_1_222' title='bbox 1158 3518 1321 3580; x_wconf 88' lang='lat' dir='ltr'><strong>atque</strong></span> <span class='ocrx_word' id='word_1_223' title='bbox 1352 3508 1404 3563; x_wconf 89' lang='lat' dir='ltr'><strong>in</strong></span> <span class='ocrx_word' id='word_1_224' title='bbox 1434 3509 1767 3565; x_wconf 87' lang='lat' dir='ltr'><strong>comedentis</strong></span> <span class='ocrx_word' id='word_1_225' title='bbox 1810 3504 1982 3581; x_wconf 84' lang='lat' dir='ltr'><strong>quan-</strong></span> 
     </span>
    </p>
   </div>
   <div class='ocr_carea' id='block_1_34' title="bbox 386 3603 1984 3678">
    <p class='ocr_par' dir='ltr' id='par_1_34' title="bbox 386 3603 1984 3678">
     <span class='ocr_line' id='line_1_34' title="bbox 386 3603 1984 3678; baseline -0.003 -14"><span class='ocrx_word' id='word_1_226' title='bbox 386 3611 598 3664; x_wconf 87' lang='lat' dir='ltr'><strong>titatent</strong></span> <span class='ocrx_word' id='word_1_227' title='bbox 629 3623 728 3678; x_wconf 90' lang='lat' dir='ltr'><strong>per</strong></span> <span class='ocrx_word' id='word_1_228' title='bbox 753 3605 1112 3675; x_wconf 87' lang='lat' dir='ltr'><strong>digestionem</strong></span> <span class='ocrx_word' id='word_1_229' title='bbox 1143 3618 1266 3658; x_wconf 90' lang='lat' dir='ltr'><strong>esse</strong></span> <span class='ocrx_word' id='word_1_230' title='bbox 1312 3618 1656 3668; x_wconf 87' lang='lat' dir='ltr'><strong>conversum,</strong></span> <span class='ocrx_word' id='word_1_231' title='bbox 1705 3603 1984 3674; x_wconf 84' lang='lat' dir='ltr'><strong>multaque</strong></span> 
     </span>
    </p>
   </div>
   <div class='ocr_carea' id='block_1_35' title="bbox 383 3696 1981 3771">
    <p class='ocr_par' dir='ltr' id='par_1_35' title="bbox 383 3696 1981 3771">
     <span class='ocr_line' id='line_1_35' title="bbox 383 3696 1981 3771; baseline -0.004 -13"><span class='ocrx_word' id='word_1_232' title='bbox 383 3703 491 3758; x_wconf 87' lang='lat' dir='ltr'><strong>alia</strong></span> <span class='ocrx_word' id='word_1_233' title='bbox 523 3702 680 3758; x_wconf 88' lang='lat' dir='ltr'><strong>nimis</strong></span> <span class='ocrx_word' id='word_1_234' title='bbox 711 3702 913 3771; x_wconf 88' lang='lat' dir='ltr'><strong>inepta,</strong></span> <span class='ocrx_word' id='word_1_235' title='bbox 945 3706 1001 3754; x_wconf 90' lang='lat' dir='ltr'><strong>et</strong></span> <span class='ocrx_word' id='word_1_236' title='bbox 1031 3697 1211 3766; x_wconf 86' lang='lat' dir='ltr'><strong>magni</strong></span> <span class='ocrx_word' id='word_1_237' title='bbox 1245 3696 1340 3752; x_wconf 89' lang='lat' dir='ltr'><strong>Dei</strong></span> <span class='ocrx_word' id='word_1_238' title='bbox 1371 3696 1554 3751; x_wconf 84' lang='lat' dir='ltr'><strong>virtuti</strong></span> <span class='ocrx_word' id='word_1_239' title='bbox 1585 3705 1747 3766; x_wconf 91' lang='lat' dir='ltr'><strong>atque</strong></span> <span class='ocrx_word' id='word_1_240' title='bbox 1771 3697 1981 3768; x_wconf 80' lang='lat' dir='ltr'><strong>magni-</strong></span> 
     </span>
    </p>
   </div>
   <div class='ocr_carea' id='block_1_36' title="bbox 386 3786 1986 3863">
    <p class='ocr_par' dir='ltr' id='par_1_36' title="bbox 386 3786 1986 3863">
     <span class='ocr_line' id='line_1_36' title="bbox 386 3786 1986 3863; baseline -0.004 -16"><span class='ocrx_word' id='word_1_241' title='bbox 386 3793 620 3850; x_wconf 74' lang='lat' dir='ltr'><strong>licentia:</strong></span> <span class='ocrx_word' id='word_1_242' title='bbox 649 3805 871 3863; x_wconf 88' lang='lat' dir='ltr'><strong>prorsus</strong></span> <span class='ocrx_word' id='word_1_243' title='bbox 899 3789 1117 3857; x_wconf 86' lang='lat' dir='ltr'><strong>indigna</strong></span> <span class='ocrx_word' id='word_1_244' title='bbox 1146 3787 1212 3842; x_wconf 90' lang='lat' dir='ltr'><strong>ad</strong></span> <span class='ocrx_word' id='word_1_245' title='bbox 1244 3787 1585 3843; x_wconf 79' lang='lat' dir='ltr'><strong>eversionem</strong></span> <span class='ocrx_word' id='word_1_246' title='bbox 1614 3787 1726 3841; x_wconf 90' lang='lat' dir='ltr'><strong>veri</strong></span> <span class='ocrx_word' id='word_1_247' title='bbox 1758 3786 1986 3856; x_wconf 85' lang='lat' dir='ltr'><strong>dogma-</strong></span> 
     </span>
    </p>
   </div>
   <div class='ocr_carea' id='block_1_37' title="bbox 385 3872 1982 3954">
    <p class='ocr_par' dir='ltr' id='par_1_37' title="bbox 385 3872 1982 3954">
     <span class='ocr_line' id='line_1_37' title="bbox 385 3872 1982 3954; baseline -0.004 -15"><span class='ocrx_word' id='word_1_248' title='bbox 385 3885 453 3939; x_wconf 91' lang='lat' dir='ltr'><strong>tis</strong></span> <span class='ocrx_word' id='word_1_249' title='bbox 481 3881 798 3954; x_wconf 80' lang='lat' dir='ltr'><strong>proferunt;</strong></span> <span class='ocrx_word' id='word_1_250' title='bbox 832 3891 1087 3950; x_wconf 87' lang='lat' dir='ltr'><strong>tanquam</strong></span> <span class='ocrx_word' id='word_1_251' title='bbox 1119 3892 1226 3933; x_wconf 90' lang='lat' dir='ltr'><strong>non</strong></span> <span class='ocrx_word' id='word_1_252' title='bbox 1255 3877 1424 3948; x_wconf 86' lang='lat' dir='ltr'><strong>possit</strong></span> <span class='ocrx_word' id='word_1_253' title='bbox 1452 3872 1594 3932; x_wconf 89' lang='lat' dir='ltr'><strong>Deus</strong></span> <span class='ocrx_word' id='word_1_254' title='bbox 1619 3892 1716 3949; x_wconf 90' lang='lat' dir='ltr'><strong>per</strong></span> <span class='ocrx_word' id='word_1_255' title='bbox 1741 3877 1859 3932; x_wconf 73' lang='lat' dir='ltr'><strong>haec</strong></span> <span class='ocrx_word' id='word_1_256' title='bbox 1888 3892 1982 3932; x_wconf 86' lang='lat' dir='ltr'><strong>ea-</strong></span> 
     </span>
    </p>
   </div>
   <div class='ocr_carea' id='block_1_38' title="bbox 385 3969 1982 4039">
    <p class='ocr_par' dir='ltr' id='par_1_38' title="bbox 385 3969 1982 4039">
     <span class='ocr_line' id='line_1_38' title="bbox 385 3969 1982 4039; baseline -0.007 -6"><span class='ocrx_word' id='word_1_257' title='bbox 385 3978 511 4034; x_wconf 89' lang='lat' dir='ltr'><strong>dem</strong></span> <span class='ocrx_word' id='word_1_258' title='bbox 553 3991 743 4031; x_wconf 88' lang='lat' dir='ltr'><strong>rursus</strong></span> <span class='ocrx_word' id='word_1_259' title='bbox 785 3990 850 4028; x_wconf 90' lang='lat' dir='ltr'><strong>ex</strong></span> <span class='ocrx_word' id='word_1_260' title='bbox 882 3970 1351 4028; x_wconf 89' lang='lat' dir='ltr'><strong>consummatione</strong></span> <span class='ocrx_word' id='word_1_261' title='bbox 1383 3969 1528 4039; x_wconf 87' lang='lat' dir='ltr'><strong>quod</strong></span> <span class='ocrx_word' id='word_1_262' title='bbox 1571 3978 1656 4025; x_wconf 88' lang='lat' dir='ltr'><strong>est</strong></span> <span class='ocrx_word' id='word_1_263' title='bbox 1701 3969 1982 4039; x_wconf 88' lang='lat' dir='ltr'><strong>proprium</strong></span> 
     </span>
    </p>
   </div>
   <div class='ocr_carea' id='block_1_39' title="bbox 385 4063 1983 4138">
    <p class='ocr_par' dir='ltr' id='par_1_39' title="bbox 385 4063 1983 4138">
     <span class='ocr_line' id='line_1_39' title="bbox 385 4063 1983 4138; baseline -0.004 -13"><span class='ocrx_word' id='word_1_264' title='bbox 385 4067 622 4125; x_wconf 84' lang='lat' dir='ltr'><strong>hominis</strong></span> <span class='ocrx_word' id='word_1_265' title='bbox 651 4065 967 4121; x_wconf 82' lang='lat' dir='ltr'><strong>reformare.</strong></span> <span class='ocrx_word' id='word_1_266' title='bbox 1003 4063 1111 4120; x_wconf 85' lang='lat' dir='ltr'><strong>Sed</strong></span> <span class='ocrx_word' id='word_1_267' title='bbox 1135 4081 1234 4121; x_wconf 91' lang='lat' dir='ltr'><strong>nos</strong></span> <span class='ocrx_word' id='word_1_268' title='bbox 1266 4066 1319 4120; x_wconf 87' lang='lat' dir='ltr'><strong>in</strong></span> <span class='ocrx_word' id='word_1_269' title='bbox 1350 4065 1501 4121; x_wconf 88' lang='lat' dir='ltr'><strong>brevi</strong></span> <span class='ocrx_word' id='word_1_270' title='bbox 1531 4066 1774 4138; x_wconf 82' lang='lat' dir='ltr'><strong>prolixos</strong></span> <span class='ocrx_word' id='word_1_271' title='bbox 1798 4065 1983 4119; x_wconf 51' lang='lat' dir='ltr'><strong>vanis-</strong></span> 
     </span>
    </p>
   </div>
   <div class='ocr_carea' id='block_1_40' title="bbox 385 4153 1986 4223">
    <p class='ocr_par' dir='ltr' id='par_1_40' title="bbox 385 4153 1986 4223">
     <span class='ocr_line' id='line_1_40' title="bbox 385 4153 1986 4223; baseline -0.005 -5"><span class='ocrx_word' id='word_1_272' title='bbox 385 4163 536 4219; x_wconf 73' lang='lat' dir='ltr'><strong>sima:</strong></span> <span class='ocrx_word' id='word_1_273' title='bbox 566 4157 794 4216; x_wconf 86' lang='lat' dir='ltr'><strong>rationis</strong></span> <span class='ocrx_word' id='word_1_274' title='bbox 823 4172 1012 4212; x_wconf 91' lang='lat' dir='ltr'><strong>eorum</strong></span> <span class='ocrx_word' id='word_1_275' title='bbox 1041 4157 1382 4213; x_wconf 89' lang='lat' dir='ltr'><strong>succidamus</strong></span> <span class='ocrx_word' id='word_1_276' title='bbox 1410 4173 1694 4223; x_wconf 81' lang='lat' dir='ltr'><strong>excursus,</strong></span> <span class='ocrx_word' id='word_1_277' title='bbox 1727 4153 1986 4213; x_wconf 78' lang='lat' dir='ltr'><strong>conﬁten—</strong></span> 
     </span>
    </p>
   </div>
   <div class='ocr_carea' id='block_1_41' title="bbox 388 4245 1987 4318">
    <p class='ocr_par' dir='ltr' id='par_1_41' title="bbox 388 4245 1987 4318">
     <span class='ocr_line' id='line_1_41' title="bbox 388 4245 1987 4318; baseline -0.004 -10"><span class='ocrx_word' id='word_1_278' title='bbox 388 4262 471 4308; x_wconf 92' lang='lat' dir='ltr'><strong>tes</strong></span> <span class='ocrx_word' id='word_1_279' title='bbox 502 4249 870 4306; x_wconf 89' lang='lat' dir='ltr'><strong>resolutiones</strong></span> <span class='ocrx_word' id='word_1_280' title='bbox 899 4248 1146 4318; x_wconf 90' lang='lat' dir='ltr'><strong>corporis</strong></span> <span class='ocrx_word' id='word_1_281' title='bbox 1174 4249 1227 4303; x_wconf 91' lang='lat' dir='ltr'><strong>in</strong></span> <span class='ocrx_word' id='word_1_282' title='bbox 1257 4264 1322 4303; x_wconf 88' lang='lat' dir='ltr'><strong>ea</strong></span> <span class='ocrx_word' id='word_1_283' title='bbox 1356 4247 1470 4303; x_wconf 86' lang='lat' dir='ltr'><strong>ﬁeri</strong></span> <span class='ocrx_word' id='word_1_284' title='bbox 1499 4263 1598 4318; x_wconf 89' lang='lat' dir='ltr'><strong>pro</strong></span> <span class='ocrx_word' id='word_1_285' title='bbox 1627 4245 1824 4317; x_wconf 90' lang='lat' dir='ltr'><strong>quibus</strong></span> <span class='ocrx_word' id='word_1_286' title='bbox 1854 4263 1987 4302; x_wconf 86' lang='lat' dir='ltr'><strong>con-</strong></span> 
     </span>
    </p>
   </div>
   <div class='ocr_carea' id='block_1_42' title="bbox 388 4341 1987 4410">
    <p class='ocr_par' dir='ltr' id='par_1_42' title="bbox 388 4341 1987 4410">
     <span class='ocr_line' id='line_1_42' title="bbox 388 4341 1987 4410; baseline -0.003 -9"><span class='ocrx_word' id='word_1_287' title='bbox 388 4353 516 4409; x_wconf 86' lang='lat' dir='ltr'><strong>stat,</strong></span> <span class='ocrx_word' id='word_1_288' title='bbox 544 4359 648 4399; x_wconf 91' lang='lat' dir='ltr'><strong>nec</strong></span> <span class='ocrx_word' id='word_1_289' title='bbox 676 4341 850 4398; x_wconf 88' lang='lat' dir='ltr'><strong>solum</strong></span> <span class='ocrx_word' id='word_1_290' title='bbox 885 4347 1104 4408; x_wconf 91' lang='lat' dir='ltr'><strong>terram,</strong></span> <span class='ocrx_word' id='word_1_291' title='bbox 1126 4341 1282 4410; x_wconf 80' lang='lat' dir='ltr'><strong>juxta</strong></span> <span class='ocrx_word' id='word_1_292' title='bbox 1314 4341 1480 4398; x_wconf 89' lang='lat' dir='ltr'><strong>divini</strong></span> <span class='ocrx_word' id='word_1_293' title='bbox 1504 4342 1770 4398; x_wconf 87' lang='lat' dir='ltr'><strong>sermonis</strong></span> <span class='ocrx_word' id='word_1_294' title='bbox 1798 4349 1987 4396; x_wconf 85' lang='lat' dir='ltr'><strong>aucto-</strong></span> 
     </span>
    </p>
   </div>
   <div class='ocr_carea' id='block_1_43' title="bbox 389 4428 1991 4502">
    <p class='ocr_par' dir='ltr' id='par_1_43' title="bbox 389 4428 1991 4502">
     <span class='ocr_line' id='line_1_43' title="bbox 389 4428 1991 4502; baseline -0.004 -10"><span class='ocrx_word' id='word_1_295' title='bbox 389 4438 628 4501; x_wconf 89' lang='lat' dir='ltr'><strong>ritatem,</strong></span> <span class='ocrx_word' id='word_1_296' title='bbox 652 4433 704 4488; x_wconf 93' lang='lat' dir='ltr'><strong>in</strong></span> <span class='ocrx_word' id='word_1_297' title='bbox 734 4440 936 4488; x_wconf 87' lang='lat' dir='ltr'><strong>terram</strong></span> <span class='ocrx_word' id='word_1_298' title='bbox 964 4433 1185 4501; x_wconf 89' lang='lat' dir='ltr'><strong>reverti,</strong></span> <span class='ocrx_word' id='word_1_299' title='bbox 1202 4432 1297 4488; x_wconf 88' lang='lat' dir='ltr'><strong>sed</strong></span> <span class='ocrx_word' id='word_1_300' title='bbox 1327 4441 1383 4489; x_wconf 90' lang='lat' dir='ltr'><strong>et</strong></span> <span class='ocrx_word' id='word_1_301' title='bbox 1403 4449 1584 4488; x_wconf 88' lang='lat' dir='ltr'><strong>aerem</strong></span> <span class='ocrx_word' id='word_1_302' title='bbox 1609 4441 1772 4502; x_wconf 89' lang='lat' dir='ltr'><strong>atque</strong></span> <span class='ocrx_word' id='word_1_303' title='bbox 1799 4428 1991 4486; x_wconf 88' lang='lat' dir='ltr'><strong>humo-</strong></span> 
     </span>
    </p>
   </div>
   <div class='ocr_carea' id='block_1_44' title="bbox 381 4521 1984 4594">
    <p class='ocr_par' dir='ltr' id='par_1_44' title="bbox 381 4521 1984 4594">
     <span class='ocr_line' id='line_1_44' title="bbox 381 4521 1984 4594; baseline -0.004 -10"><span class='ocrx_word' id='word_1_304' title='bbox 381 4543 502 4584; x_wconf 86' lang='lat' dir='ltr'><strong>rem</strong></span> <span class='ocrx_word' id='word_1_305' title='bbox 527 4541 640 4582; x_wconf 70' lang='lat' dir='ltr'><strong>sute</strong></span> <span class='ocrx_word' id='word_1_306' title='bbox 665 4525 950 4582; x_wconf 71' lang='lat' dir='ltr'><strong>simillimze</strong></span> <span class='ocrx_word' id='word_1_307' title='bbox 971 4521 1204 4594; x_wconf 90' lang='lat' dir='ltr'><strong>portioni</strong></span> <span class='ocrx_word' id='word_1_308' title='bbox 1230 4524 1534 4592; x_wconf 89' lang='lat' dir='ltr'><strong>restitui,et</strong></span> <span class='ocrx_word' id='word_1_309' title='bbox 1556 4521 1765 4592; x_wconf 83' lang='lat' dir='ltr'><strong>singula</strong></span> <span class='ocrx_word' id='word_1_310' title='bbox 1791 4537 1910 4592; x_wconf 70' lang='lat' dir='ltr'><strong>qua:</strong></span> <span class='ocrx_word' id='word_1_311' title='bbox 1932 4522 1984 4577; x_wconf 92' lang='lat' dir='ltr'><strong>in</strong></span> 
     </span>
    </p>
   </div>
   <div class='ocr_carea' id='block_1_45' title="bbox 387 4612 1981 4688">
    <p class='ocr_par' dir='ltr' id='par_1_45' title="bbox 387 4612 1981 4688">
     <span class='ocr_line' id='line_1_45' title="bbox 387 4612 1981 4688; baseline -0.006 -10"><span class='ocrx_word' id='word_1_312' title='bbox 387 4621 546 4678; x_wconf 83' lang='lat' dir='ltr'><strong>nobis</strong></span> <span class='ocrx_word' id='word_1_313' title='bbox 577 4627 728 4687; x_wconf 91' lang='lat' dir='ltr'><strong>sunt,</strong></span> <span class='ocrx_word' id='word_1_314' title='bbox 774 4618 841 4672; x_wconf 91' lang='lat' dir='ltr'><strong>ad</strong></span> <span class='ocrx_word' id='word_1_315' title='bbox 883 4618 1254 4686; x_wconf 85' lang='lat' dir='ltr'><strong>originemque</strong></span> <span class='ocrx_word' id='word_1_316' title='bbox 1282 4617 1553 4688; x_wconf 88' lang='lat' dir='ltr'><strong>propriam</strong></span> <span class='ocrx_word' id='word_1_317' title='bbox 1604 4612 1981 4685; x_wconf 84' lang='lat' dir='ltr'><strong>commigrare.</strong></span> 
     </span>
    </p>
   </div>
   <div class='ocr_carea' id='block_1_46' title="bbox 391 4705 1989 4773">
    <p class='ocr_par' dir='ltr' id='par_1_46' title="bbox 391 4705 1989 4773">
     <span class='ocr_line' id='line_1_46' title="bbox 391 4705 1989 4773; baseline -0.003 -8"><span class='ocrx_word' id='word_1_318' title='bbox 391 4710 454 4765; x_wconf 82' lang='lat' dir='ltr'><strong>Et</strong></span> <span class='ocrx_word' id='word_1_319' title='bbox 471 4711 598 4765; x_wconf 89' lang='lat' dir='ltr'><strong>licet</strong></span> <span class='ocrx_word' id='word_1_320' title='bbox 620 4708 933 4763; x_wconf 86' lang='lat' dir='ltr'><strong>volucribus</strong></span> <span class='ocrx_word' id='word_1_321' title='bbox 956 4723 1121 4763; x_wconf 85' lang='lat' dir='ltr'><strong>carne</strong></span> <span class='ocrx_word' id='word_1_322' title='bbox 1150 4708 1514 4773; x_wconf 88' lang='lat' dir='ltr'><strong>vescentibus,</strong></span> <span class='ocrx_word' id='word_1_323' title='bbox 1531 4707 1655 4762; x_wconf 88' lang='lat' dir='ltr'><strong>licet</strong></span> <span class='ocrx_word' id='word_1_324' title='bbox 1673 4705 1800 4762; x_wconf 88' lang='lat' dir='ltr'><strong>feris</strong></span> <span class='ocrx_word' id='word_1_325' title='bbox 1822 4721 1989 4762; x_wconf 89' lang='lat' dir='ltr'><strong>carne</strong></span> 
     </span>
    </p>
   </div>
   <div class='ocr_carea' id='block_1_47' title="bbox 392 4795 1992 4868">
    <p class='ocr_par' dir='ltr' id='par_1_47' title="bbox 392 4795 1992 4868">
     <span class='ocr_line' id='line_1_47' title="bbox 392 4795 1992 4868; baseline -0.004 -12"><span class='ocrx_word' id='word_1_326' title='bbox 392 4800 735 4856; x_wconf 86' lang='lat' dir='ltr'><strong>vescentibus</strong></span> <span class='ocrx_word' id='word_1_327' title='bbox 763 4800 1056 4853; x_wconf 88' lang='lat' dir='ltr'><strong>humanum</strong></span> <span class='ocrx_word' id='word_1_328' title='bbox 1085 4813 1287 4868; x_wconf 88' lang='lat' dir='ltr'><strong>corpus</strong></span> <span class='ocrx_word' id='word_1_329' title='bbox 1317 4796 1560 4851; x_wconf 78' lang='lat' dir='ltr'><strong>tradatur</strong></span> <span class='ocrx_word' id='word_1_330' title='bbox 1583 4797 1635 4851; x_wconf 91' lang='lat' dir='ltr'><strong>in</strong></span> <span class='ocrx_word' id='word_1_331' title='bbox 1657 4795 1860 4860; x_wconf 86' lang='lat' dir='ltr'><strong>cibum,</strong></span> <span class='ocrx_word' id='word_1_332' title='bbox 1890 4795 1992 4850; x_wconf 84' lang='lat' dir='ltr'><strong>eis-</strong></span> 
     </span>
    </p>
   </div>
   <div class='ocr_carea' id='block_1_48' title="bbox 385 4885 1990 4961">
    <p class='ocr_par' dir='ltr' id='par_1_48' title="bbox 385 4885 1990 4961">
     <span class='ocr_line' id='line_1_48' title="bbox 385 4885 1990 4961; baseline -0.002 -17"><span class='ocrx_word' id='word_1_333' title='bbox 385 4905 493 4961; x_wconf 78' lang='lat' dir='ltr'><strong>que</strong></span> <span class='ocrx_word' id='word_1_334' title='bbox 522 4893 606 4946; x_wconf 90' lang='lat' dir='ltr'><strong>his</strong></span> <span class='ocrx_word' id='word_1_335' title='bbox 636 4890 848 4946; x_wconf 88' lang='lat' dir='ltr'><strong>casibus</strong></span> <span class='ocrx_word' id='word_1_336' title='bbox 877 4888 1187 4955; x_wconf 89' lang='lat' dir='ltr'><strong>misceatur,</strong></span> <span class='ocrx_word' id='word_1_337' title='bbox 1214 4889 1347 4942; x_wconf 83' lang='lat' dir='ltr'><strong>ticet</strong></span> <span class='ocrx_word' id='word_1_338' title='bbox 1375 4887 1473 4943; x_wconf 83' lang='lat' dir='ltr'><strong>sub</strong></span> <span class='ocrx_word' id='word_1_339' title='bbox 1496 4886 1743 4941; x_wconf 78' lang='lat' dir='ltr'><strong>dentibus</strong></span> <span class='ocrx_word' id='word_1_340' title='bbox 1765 4885 1990 4958; x_wconf 86' lang='lat' dir='ltr'><strong>piscium</strong></span> 
     </span>
    </p>
   </div>
   <div class='ocr_carea' id='block_1_49' title="bbox 394 4978 1991 5054">
    <p class='ocr_par' dir='ltr' id='par_1_49' title="bbox 394 4978 1991 5054">
     <span class='ocr_line' id='line_1_49' title="bbox 394 4978 1991 5054; baseline -0.005 -14"><span class='ocrx_word' id='word_1_341' title='bbox 394 4986 605 5051; x_wconf 82' lang='lat' dir='ltr'><strong>veniat,</strong></span> <span class='ocrx_word' id='word_1_342' title='bbox 639 4992 695 5039; x_wconf 92' lang='lat' dir='ltr'><strong>et</strong></span> <span class='ocrx_word' id='word_1_343' title='bbox 730 4999 827 5054; x_wconf 90' lang='lat' dir='ltr'><strong>per</strong></span> <span class='ocrx_word' id='word_1_344' title='bbox 868 4982 1044 5052; x_wconf 83' lang='lat' dir='ltr'><strong>ignem</strong></span> <span class='ocrx_word' id='word_1_345' title='bbox 1073 4981 1125 5036; x_wconf 92' lang='lat' dir='ltr'><strong>in</strong></span> <span class='ocrx_word' id='word_1_346' title='bbox 1157 4996 1386 5050; x_wconf 81' lang='lat' dir='ltr'><strong>vapores</strong></span> <span class='ocrx_word' id='word_1_347' title='bbox 1414 4989 1760 5035; x_wconf 85' lang='lat' dir='ltr'><strong>convertatur</strong></span> <span class='ocrx_word' id='word_1_348' title='bbox 1784 4986 1841 5035; x_wconf 90' lang='lat' dir='ltr'><strong>et</strong></span> <span class='ocrx_word' id='word_1_349' title='bbox 1874 4978 1991 5051; x_wconf 82' lang='lat' dir='ltr'><strong>pul-</strong></span> 
     </span>
    </p>
   </div>
   <div class='ocr_carea' id='block_1_50' title="bbox 393 5070 1989 5144">
    <p class='ocr_par' dir='ltr' id='par_1_50' title="bbox 393 5070 1989 5144">
     <span class='ocr_line' id='line_1_50' title="bbox 393 5070 1989 5144; baseline -0.004 -13"><span class='ocrx_word' id='word_1_350' title='bbox 393 5092 596 5142; x_wconf 82' lang='lat' dir='ltr'><strong>verem,</strong></span> <span class='ocrx_word' id='word_1_351' title='bbox 627 5075 933 5144; x_wconf 89' lang='lat' dir='ltr'><strong>ubicunque</strong></span> <span class='ocrx_word' id='word_1_352' title='bbox 955 5073 1110 5144; x_wconf 88' lang='lat' dir='ltr'><strong>juxta</strong></span> <span class='ocrx_word' id='word_1_353' title='bbox 1133 5071 1427 5142; x_wconf 88' lang='lat' dir='ltr'><strong>subjectam</strong></span> <span class='ocrx_word' id='word_1_354' title='bbox 1459 5071 1722 5127; x_wconf 86' lang='lat' dir='ltr'><strong>rationem</strong></span> <span class='ocrx_word' id='word_1_355' title='bbox 1743 5071 1865 5142; x_wconf 84' lang='lat' dir='ltr'><strong>quis</strong></span> <span class='ocrx_word' id='word_1_356' title='bbox 1885 5070 1989 5128; x_wconf 87' lang='lat' dir='ltr'><strong>cir-</strong></span> 
     </span>
    </p>
   </div>
   <div class='ocr_carea' id='block_1_51' title="bbox 388 5163 1993 5232">
    <p class='ocr_par' dir='ltr' id='par_1_51' title="bbox 388 5163 1993 5232">
     <span class='ocr_line' id='line_1_51' title="bbox 388 5163 1993 5232; baseline -0.004 -8"><span class='ocrx_word' id='word_1_357' title='bbox 388 5167 705 5226; x_wconf 89' lang='lat' dir='ltr'><strong>eumtulerit</strong></span> <span class='ocrx_word' id='word_1_358' title='bbox 732 5166 1028 5232; x_wconf 88' lang='lat' dir='ltr'><strong>hominem,</strong></span> <span class='ocrx_word' id='word_1_359' title='bbox 1061 5165 1199 5220; x_wconf 89' lang='lat' dir='ltr'><strong>intra</strong></span> <span class='ocrx_word' id='word_1_360' title='bbox 1241 5164 1387 5220; x_wconf 92' lang='lat' dir='ltr'><strong>hunc</strong></span> <span class='ocrx_word' id='word_1_361' title='bbox 1434 5163 1688 5218; x_wconf 85' lang='lat' dir='ltr'><strong>mundum</strong></span> <span class='ocrx_word' id='word_1_362' title='bbox 1719 5179 1842 5219; x_wconf 89' lang='lat' dir='ltr'><strong>eum</strong></span> <span class='ocrx_word' id='word_1_363' title='bbox 1872 5178 1993 5219; x_wconf 87' lang='lat' dir='ltr'><strong>esse</strong></span> 
     </span>
    </p>
   </div>
   <div class='ocr_carea' id='block_1_52' title="bbox 393 5256 1992 5329">
    <p class='ocr_par' dir='ltr' id='par_1_52' title="bbox 393 5256 1992 5329">
     <span class='ocr_line' id='line_1_52' title="bbox 393 5256 1992 5329; baseline -0.001 -17"><span class='ocrx_word' id='word_1_364' title='bbox 393 5275 622 5318; x_wconf 86' lang='lat' dir='ltr'><strong>necesse</strong></span> <span class='ocrx_word' id='word_1_365' title='bbox 649 5259 749 5327; x_wconf 83' lang='lat' dir='ltr'><strong>sit,</strong></span> <span class='ocrx_word' id='word_1_366' title='bbox 792 5273 953 5329; x_wconf 91' lang='lat' dir='ltr'><strong>quem</strong></span> <span class='ocrx_word' id='word_1_367' title='bbox 995 5257 1092 5312; x_wconf 84' lang='lat' dir='ltr'><strong>Dei</strong></span> <span class='ocrx_word' id='word_1_368' title='bbox 1141 5271 1304 5311; x_wconf 89' lang='lat' dir='ltr'><strong>tnanu</strong></span> <span class='ocrx_word' id='word_1_369' title='bbox 1346 5257 1609 5311; x_wconf 90' lang='lat' dir='ltr'><strong>contineri</strong></span> <span class='ocrx_word' id='word_1_370' title='bbox 1641 5272 1744 5311; x_wconf 87' lang='lat' dir='ltr'><strong>vox</strong></span> <span class='ocrx_word' id='word_1_371' title='bbox 1775 5256 1992 5312; x_wconf 91' lang='lat' dir='ltr'><strong>instruit</strong></span> 
     </span>
    </p>
   </div>
   <div class='ocr_carea' id='block_1_53' title="bbox 381 5345 1994 5422">
    <p class='ocr_par' dir='ltr' id='par_1_53' title="bbox 381 5345 1994 5422">
     <span class='ocr_line' id='line_1_53' title="bbox 381 5345 1994 5422; baseline -0.004 -14"><span class='ocrx_word' id='word_1_372' title='bbox 381 5351 654 5410; x_wconf 89' lang='lat' dir='ltr'><strong>divinitus</strong></span> <span class='ocrx_word' id='word_1_373' title='bbox 681 5350 960 5422; x_wconf 85' lang='lat' dir='ltr'><strong>inspirata,</strong></span> <span class='ocrx_word' id='word_1_374' title='bbox 993 5363 1115 5404; x_wconf 91' lang='lat' dir='ltr'><strong>cum</strong></span> <span class='ocrx_word' id='word_1_375' title='bbox 1142 5345 1291 5413; x_wconf 66' lang='grc' dir='ltr'><strong>(ῆι-ἣ,</strong></span> <span class='ocrx_word' id='word_1_376' title='bbox 1320 5347 1447 5416; x_wconf 89' lang='lat' dir='ltr'><strong>quia</strong></span> <span class='ocrx_word' id='word_1_377' title='bbox 1471 5347 1521 5400; x_wconf 94' lang='lat' dir='ltr'><strong>in</strong></span> <span class='ocrx_word' id='word_1_378' title='bbox 1547 5363 1708 5401; x_wconf 90' lang='lat' dir='ltr'><strong>manu</strong></span> <span class='ocrx_word' id='word_1_379' title='bbox 1729 5345 1845 5415; x_wconf 89' lang='lat' dir='ltr'><strong>ejus</strong></span> <span class='ocrx_word' id='word_1_380' title='bbox 1865 5354 1994 5403; x_wconf 86' lang='lat' dir='ltr'><strong>sunt</strong></span> 
     </span>
    </p>
   </div>
   <div class='ocr_carea' id='block_1_54' title="bbox 391 5439 1992 5511">
    <p class='ocr_par' dir='ltr' id='par_1_54' title="bbox 391 5439 1992 5511">
     <span class='ocr_line' id='line_1_54' title="bbox 391 5439 1992 5511; baseline -0.001 -16"><span class='ocrx_word' id='word_1_381' title='bbox 391 5459 586 5499; x_wconf 83' lang='lat' dir='ltr'><strong>onmes</strong></span> <span class='ocrx_word' id='word_1_382' title='bbox 635 5442 767 5499; x_wconf 87' lang='lat' dir='ltr'><strong>ﬁnes</strong></span> <span class='ocrx_word' id='word_1_383' title='bbox 810 5450 988 5497; x_wconf 82' lang='lat' dir='ltr'><strong>teme.</strong></span> <span class='ocrx_word' id='word_1_384' title='bbox 1039 5439 1195 5508; x_wconf 87' lang='lat' dir='ltr'><strong>Quod</strong></span> <span class='ocrx_word' id='word_1_385' title='bbox 1223 5441 1268 5496; x_wconf 91' lang='lat' dir='ltr'><strong>si</strong></span> <span class='ocrx_word' id='word_1_386' title='bbox 1313 5448 1371 5494; x_wconf 92' lang='lat' dir='ltr'><strong>tu</strong></span> <span class='ocrx_word' id='word_1_387' title='bbox 1408 5455 1514 5494; x_wconf 90' lang='lat' dir='ltr'><strong>non</strong></span> <span class='ocrx_word' id='word_1_388' title='bbox 1547 5449 1701 5511; x_wconf 85' lang='lat' dir='ltr'><strong>potes</strong></span> <span class='ocrx_word' id='word_1_389' title='bbox 1742 5439 1992 5508; x_wconf 84' lang='lat' dir='ltr'><strong>ignorare</strong></span> 
     </span>
    </p>
   </div>
   <div class='ocr_carea' id='block_1_55' title="bbox 399 5530 1988 5605">
    <p class='ocr_par' dir='ltr' id='par_1_55' title="bbox 399 5530 1988 5605">
     <span class='ocr_line' id='line_1_55' title="bbox 399 5530 1988 5605; baseline 0.001 -19"><span class='ocrx_word' id='word_1_390' title='bbox 399 5547 525 5604; x_wconf 67' lang='lat' dir='ltr'><strong>qua</strong></span> <span class='ocrx_word' id='word_1_391' title='bbox 571 5543 662 5589; x_wconf 88' lang='lat' dir='ltr'><strong>tuo</strong></span> <span class='ocrx_word' id='word_1_392' title='bbox 708 5533 888 5605; x_wconf 84' lang='lat' dir='ltr'><strong>palmo</strong></span> <span class='ocrx_word' id='word_1_393' title='bbox 935 5534 1243 5598; x_wconf 85' lang='lat' dir='ltr'><strong>contineas,</strong></span> <span class='ocrx_word' id='word_1_394' title='bbox 1286 5531 1524 5603; x_wconf 90' lang='lat' dir='ltr'><strong>opinaris</strong></span> <span class='ocrx_word' id='word_1_395' title='bbox 1565 5530 1842 5586; x_wconf 90' lang='lat' dir='ltr'><strong>scientiam</strong></span> <span class='ocrx_word' id='word_1_396' title='bbox 1873 5531 1988 5598; x_wconf 89' lang='lat' dir='ltr'><strong>Dei,</strong></span> 
     </span>
    </p>
   </div>
   <div class='ocr_carea' id='block_1_56' title="bbox 399 5623 1992 5695">
    <p class='ocr_par' dir='ltr' id='par_1_56' title="bbox 399 5623 1992 5695">
     <span class='ocr_line' id='line_1_56' title="bbox 399 5623 1992 5695; baseline 0.001 -17"><span class='ocrx_word' id='word_1_397' title='bbox 399 5637 524 5694; x_wconf 65' lang='lat' dir='ltr'><strong>qua!</strong></span> <span class='ocrx_word' id='word_1_398' title='bbox 545 5633 629 5681; x_wconf 86' lang='lat' dir='ltr'><strong>est</strong></span> <span class='ocrx_word' id='word_1_399' title='bbox 667 5633 758 5680; x_wconf 90' lang='lat' dir='ltr'><strong>tua</strong></span> <span class='ocrx_word' id='word_1_400' title='bbox 787 5624 984 5680; x_wconf 89' lang='lat' dir='ltr'><strong>virtute</strong></span> <span class='ocrx_word' id='word_1_401' title='bbox 1019 5625 1283 5695; x_wconf 91' lang='lat' dir='ltr'><strong>superior,</strong></span> <span class='ocrx_word' id='word_1_402' title='bbox 1313 5638 1500 5678; x_wconf 85' lang='lat' dir='ltr'><strong>eorum</strong></span> <span class='ocrx_word' id='word_1_403' title='bbox 1541 5637 1660 5692; x_wconf 69' lang='lat' dir='ltr'><strong>qua)</strong></span> <span class='ocrx_word' id='word_1_404' title='bbox 1688 5623 1884 5679; x_wconf 89' lang='lat' dir='ltr'><strong>virtute</strong></span> <span class='ocrx_word' id='word_1_405' title='bbox 1913 5624 1992 5679; x_wconf 88' lang='lat' dir='ltr'><strong>di-</strong></span> 
     </span>
    </p>
   </div>
   <div class='ocr_carea' id='block_1_57' title="bbox 401 5715 1994 5799">
    <p class='ocr_par' dir='ltr' id='par_1_57' title="bbox 401 5715 1994 5799">
     <span class='ocr_line' id='line_1_57' title="bbox 401 5715 1994 5799; baseline 0.003 -31"><span class='ocrx_word' id='word_1_406' title='bbox 401 5717 526 5769; x_wconf 88' lang='lat' dir='ltr'><strong>vina</strong></span> <span class='ocrx_word' id='word_1_407' title='bbox 551 5731 713 5770; x_wconf 87' lang='lat' dir='ltr'><strong>manu</strong></span> <span class='ocrx_word' id='word_1_408' title='bbox 739 5716 1087 5772; x_wconf 89' lang='lat' dir='ltr'><strong>continentur</strong></span> <span class='ocrx_word' id='word_1_409' title='bbox 1117 5716 1168 5770; x_wconf 79' lang='lat' dir='ltr'><strong>id</strong></span> <span class='ocrx_word' id='word_1_410' title='bbox 1196 5715 1340 5786; x_wconf 85' lang='lat' dir='ltr'><strong>quod</strong></span> <span class='ocrx_word' id='word_1_411' title='bbox 1392 5722 1601 5799; x_wconf 75' lang='lat' dir='ltr'><strong>certum</strong></span> <span class='ocrx_word' id='word_1_412' title='bbox 1654 5723 1737 5772; x_wconf 67' lang='lat' dir='ltr'><strong>est</strong></span> <span class='ocrx_word' id='word_1_413' title='bbox 1775 5717 1994 5774; x_wconf 81' lang='lat' dir='ltr'><strong>minime</strong></span> 
     </span>
    </p>
   </div>
   <div class='ocr_carea' id='block_1_58' title="bbox 396 5809 762 5877">
    <p class='ocr_par' dir='ltr' id='par_1_58' title="bbox 396 5809 762 5877">
     <span class='ocr_line' id='line_1_58' title="bbox 396 5809 762 5877; baseline -0.005 -14"><span class='ocrx_word' id='word_1_414' title='bbox 396 5809 762 5877; x_wconf 78' lang='lat' dir='ltr'><strong>perscrutari?</strong></span> 
     </span>
    </p>
   </div>
   <div class='ocr_carea' id='block_1_59' title="bbox 634 5914 1176 5984">
    <p class='ocr_par' dir='ltr' id='par_1_59' title="bbox 634 5914 1176 5984">
     <span class='ocr_line' id='line_1_59' title="bbox 634 5914 1176 5984; baseline -0.011 0"><span class='ocrx_word' id='word_1_415' title='bbox 634 5920 913 5984; x_wconf 71' lang='lat' dir='ltr'><strong>PATBOL.</strong></span> <span class='ocrx_word' id='word_1_416' title='bbox 946 5914 1176 5980; x_wconf 78' lang='lat' dir='ltr'><strong>LXVII</strong></span> 
     </span>
    </p>
   </div>
   <div class='ocr_carea' id='block_1_60' title="bbox 1175 315 2842 380">
    <p class='ocr_par' dir='ltr' id='par_1_60' title="bbox 1175 315 2842 380">
     <span class='ocr_line' id='line_1_60' title="bbox 1175 315 2842 380; baseline -0.002 -2"><span class='ocrx_word' id='word_1_417' title='bbox 1175 323 1351 378; x_wconf 70' lang='lat' dir='ltr'><strong>LIBRI</strong></span> <span class='ocrx_word' id='word_1_418' title='bbox 1395 322 1480 378; x_wconf 83' lang='lat' dir='ltr'><strong>DE</strong></span> <span class='ocrx_word' id='word_1_419' title='bbox 1520 321 1912 380; x_wconf 73' lang='lat' dir='ltr'><strong>CREATIONE</strong></span> <span class='ocrx_word' id='word_1_420' title='bbox 1952 317 2230 376; x_wconf 73' lang='lat' dir='ltr'><strong>HOMIle</strong></span> <span class='ocrx_word' id='word_1_421' title='bbox 2269 315 2842 374; x_wconf 69' lang='lat' dir='ltr'><strong>INTERPRETATIO.</strong></span> 
     </span>
    </p>
   </div>
   <div class='ocr_carea' id='block_1_61' title="bbox 359 437 2028 524">
    <p class='ocr_par' dir='ltr' id='par_1_61' title="bbox 359 437 2028 524">
     <span class='ocr_line' id='line_1_61' title="bbox 359 437 2028 524; baseline -0.015 -10"><span class='ocrx_word' id='word_1_422' title='bbox 359 459 570 514; x_wconf 82' lang='lat' dir='ltr'><strong>denter.</strong></span> <span class='ocrx_word' id='word_1_423' title='bbox 622 453 680 510; x_wconf 80' lang='lat' dir='ltr'><strong>Si</strong></span> <span class='ocrx_word' id='word_1_424' title='bbox 708 451 871 524; x_wconf 77' lang='lat' dir='ltr'><strong>igitur</strong></span> <span class='ocrx_word' id='word_1_425' title='bbox 917 447 996 505; x_wconf 82' lang='lat' dir='ltr'><strong>sic</strong></span> <span class='ocrx_word' id='word_1_426' title='bbox 1039 445 1266 503; x_wconf 64' lang='lat' dir='ltr'><strong>adactus</strong></span> <span class='ocrx_word' id='word_1_427' title='bbox 1293 441 1590 498; x_wconf 84' lang='lat' dir='ltr'><strong>resurrexit</strong></span> <span class='ocrx_word' id='word_1_428' title='bbox 1631 455 1660 502; x_wconf 85' lang='lat' dir='ltr'><strong>a</strong></span> <span class='ocrx_word' id='word_1_429' title='bbox 1701 437 1953 499; x_wconf 76' lang='lat' dir='ltr'><strong>mortuis,</strong></span> <span class='ocrx_word' id='word_1_430' title='bbox 1991 440 2028 490; x_wconf 66' lang='grc' dir='ltr'><strong>Δ</strong></span> 
     </span>
    </p>
   </div>
   <div class='ocr_carea' id='block_1_62' title="bbox 2015 4584 2065 4646">
    <p class='ocr_par' dir='ltr' id='par_1_62' title="bbox 2015 4584 2065 4646">
     <span class='ocr_line' id='line_1_62' title="bbox 2015 4584 2065 4646; baseline 0 0"><span class='ocrx_word' id='word_1_431' title='bbox 2015 4584 2065 4646; x_wconf 91' lang='lat' dir='ltr'><strong>D</strong></span> 
     </span>
    </p>
   </div>
   <div class='ocr_carea' id='block_1_63' title="bbox 3551 311 3656 377">
    <p class='ocr_par' dir='ltr' id='par_1_63' title="bbox 3551 311 3656 377">
     <span class='ocr_line' id='line_1_63' title="bbox 3551 311 3656 377; baseline -0.019 -1"><span class='ocrx_word' id='word_1_432' title='bbox 3551 311 3656 377; x_wconf 65' lang='lat'><strong>39$</strong></span> 
     </span>
    </p>
   </div>
   <div class='ocr_carea' id='block_1_64' title="bbox 2609 466 3192 537">
    <p class='ocr_par' dir='ltr' id='par_1_64' title="bbox 2609 466 3192 537">
     <span class='ocr_line' id='line_1_64' title="bbox 2609 466 3192 537; baseline 0.014 -9"><span class='ocrx_word' id='word_1_433' title='bbox 2609 473 2838 529; x_wconf 69' lang='lat' dir='ltr'><strong>CAPUT</strong></span> <span class='ocrx_word' id='word_1_434' title='bbox 2879 466 3107 530; x_wconf 73' lang='lat' dir='ltr'><strong>XXVIII.</strong></span> <span class='ocrx_word' id='word_1_435' title='bbox 3179 524 3192 537; x_wconf 95' lang='lat'><strong>.</strong></span> 
     </span>
    </p>
   </div>
   <div class='ocr_carea' id='block_1_65' title="bbox 2068 585 3664 660">
    <p class='ocr_par' dir='ltr' id='par_1_65' title="bbox 2068 585 3664 660">
     <span class='ocr_line' id='line_1_65' title="bbox 2068 585 3664 660; baseline -0.001 -20"><span class='ocrx_word' id='word_1_436' title='bbox 2068 585 2216 660; x_wconf 73' lang='lat' dir='ltr'><strong>Quod</strong></span> <span class='ocrx_word' id='word_1_437' title='bbox 2245 585 2489 660; x_wconf 75' lang='lat' dir='ltr'><strong>possibile</strong></span> <span class='ocrx_word' id='word_1_438' title='bbox 2510 588 2596 660; x_wconf 81' lang='lat' dir='ltr'><strong>sit.</strong></span> <span class='ocrx_word' id='word_1_439' title='bbox 2621 589 2672 642; x_wconf 85' lang='lat' dir='ltr'><strong>in</strong></span> <span class='ocrx_word' id='word_1_440' title='bbox 2699 589 2874 641; x_wconf 81' lang='lat' dir='ltr'><strong>omnia</strong></span> <span class='ocrx_word' id='word_1_441' title='bbox 2903 587 3153 642; x_wconf 76' lang='lat' dir='ltr'><strong>elementa</strong></span> <span class='ocrx_word' id='word_1_442' title='bbox 3175 588 3412 644; x_wconf 75' lang='lat' dir='ltr'><strong>Immanis</strong></span> <span class='ocrx_word' id='word_1_443' title='bbox 3429 593 3664 660; x_wconf 64' lang='lat' dir='ltr'><strong>corpori.</strong></span> 
     </span>
    </p>
   </div>
   <div class='ocr_carea' id='block_1_66' title="bbox 2137 657 3664 733">
    <p class='ocr_par' dir='ltr' id='par_1_66' title="bbox 2137 657 3664 733">
     <span class='ocr_line' id='line_1_66' title="bbox 2137 657 3664 733; baseline 0.005 -24"><span class='ocrx_word' id='word_1_444' title='bbox 2137 657 2229 733; x_wconf 70' lang='lat' dir='ltr'><strong>bus</strong></span> <span class='ocrx_word' id='word_1_445' title='bbox 2248 657 2510 733; x_wconf 71' lang='lat' dir='ltr'><strong>resotutis,</strong></span> <span class='ocrx_word' id='word_1_446' title='bbox 2541 659 2726 711; x_wconf 84' lang='lat' dir='ltr'><strong>iterant</strong></span> <span class='ocrx_word' id='word_1_447' title='bbox 2753 674 2818 712; x_wconf 74' lang='lat' dir='ltr'><strong>ex</strong></span> <span class='ocrx_word' id='word_1_448' title='bbox 2839 661 3096 713; x_wconf 83' lang='lat' dir='ltr'><strong>communi</strong></span> <span class='ocrx_word' id='word_1_449' title='bbox 3135 661 3402 730; x_wconf 84' lang='lat' dir='ltr'><strong>proprium</strong></span> <span class='ocrx_word' id='word_1_450' title='bbox 3443 657 3664 733; x_wconf 35' lang='lat' dir='ltr'><strong>sin-gulis</strong></span> 
     </span>
    </p>
   </div>
   <div class='ocr_carea' id='block_1_67' title="bbox 2136 729 2408 798">
    <p class='ocr_par' dir='ltr' id='par_1_67' title="bbox 2136 729 2408 798">
     <span class='ocr_line' id='line_1_67' title="bbox 2136 729 2408 798; baseline 0.007 -18"><span class='ocrx_word' id='word_1_451' title='bbox 2136 729 2408 798; x_wconf 83' lang='lat' dir='ltr'><strong>integrari.</strong></span> 
     </span>
    </p>
   </div>
   <div class='ocr_carea' id='block_1_68' title="bbox 2139 839 3665 917">
    <p class='ocr_par' dir='ltr' id='par_1_68' title="bbox 2139 839 3665 917">
     <span class='ocr_line' id='line_1_68' title="bbox 2139 839 3665 917; baseline 0.005 -22"><span class='ocrx_word' id='word_1_452' title='bbox 2139 839 2244 895; x_wconf 85' lang='lat' dir='ltr'><strong>Sed</strong></span> <span class='ocrx_word' id='word_1_453' title='bbox 2273 841 2496 905; x_wconf 80' lang='lat' dir='ltr'><strong>forsitan</strong></span> <span class='ocrx_word' id='word_1_454' title='bbox 2526 842 2593 896; x_wconf 87' lang='lat' dir='ltr'><strong>ad</strong></span> <span class='ocrx_word' id='word_1_455' title='bbox 2632 842 2899 897; x_wconf 86' lang='lat' dir='ltr'><strong>elementa</strong></span> <span class='ocrx_word' id='word_1_456' title='bbox 2931 845 3097 899; x_wconf 91' lang='lat' dir='ltr'><strong>totius</strong></span> <span class='ocrx_word' id='word_1_457' title='bbox 3125 843 3309 900; x_wconf 87' lang='lat' dir='ltr'><strong>mundi</strong></span> <span class='ocrx_word' id='word_1_458' title='bbox 3349 845 3665 917; x_wconf 84' lang='lat' dir='ltr'><strong>respiciens,</strong></span> 
     </span>
    </p>
   </div>
   <div class='ocr_carea' id='block_1_69' title="bbox 2068 930 3666 1010">
    <p class='ocr_par' dir='ltr' id='par_1_69' title="bbox 2068 930 3666 1010">
     <span class='ocr_line' id='line_1_69' title="bbox 2068 930 3666 1010; baseline 0.006 -24"><span class='ocrx_word' id='word_1_459' title='bbox 2068 930 2283 988; x_wconf 85' lang='lat' dir='ltr'><strong>diﬂicile</strong></span> <span class='ocrx_word' id='word_1_460' title='bbox 2309 941 2467 1004; x_wconf 90' lang='lat' dir='ltr'><strong>putas</strong></span> <span class='ocrx_word' id='word_1_461' title='bbox 2498 943 2698 990; x_wconf 89' lang='lat' dir='ltr'><strong>statum</strong></span> <span class='ocrx_word' id='word_1_462' title='bbox 2731 944 2974 992; x_wconf 89' lang='lat' dir='ltr'><strong>nostrum</strong></span> <span class='ocrx_word' id='word_1_463' title='bbox 3013 937 3080 992; x_wconf 91' lang='lat' dir='ltr'><strong>ad</strong></span> <span class='ocrx_word' id='word_1_464' title='bbox 3105 947 3394 1010; x_wconf 84' lang='lat' dir='ltr'><strong>cognatum</strong></span> <span class='ocrx_word' id='word_1_465' title='bbox 3423 941 3666 996; x_wconf 86' lang='lat' dir='ltr'><strong>elemen-</strong></span> 
     </span>
    </p>
   </div>
   <div class='ocr_carea' id='block_1_70' title="bbox 2071 1027 3667 1099">
    <p class='ocr_par' dir='ltr' id='par_1_70' title="bbox 2071 1027 3667 1099">
     <span class='ocr_line' id='line_1_70' title="bbox 2071 1027 3667 1099; baseline 0.003 -19"><span class='ocrx_word' id='word_1_466' title='bbox 2071 1034 2182 1080; x_wconf 90' lang='lat' dir='ltr'><strong>tum</strong></span> <span class='ocrx_word' id='word_1_467' title='bbox 2223 1027 2363 1081; x_wconf 90' lang='lat' dir='ltr'><strong>aeris</strong></span> <span class='ocrx_word' id='word_1_468' title='bbox 2403 1034 2728 1093; x_wconf 89' lang='lat' dir='ltr'><strong>attractum,</strong></span> <span class='ocrx_word' id='word_1_469' title='bbox 2761 1028 2989 1083; x_wconf 85' lang='lat' dir='ltr'><strong>calidum</strong></span> <span class='ocrx_word' id='word_1_470' title='bbox 3018 1043 3235 1099; x_wconf 85' lang='lat' dir='ltr'><strong>quoque</strong></span> <span class='ocrx_word' id='word_1_471' title='bbox 3270 1037 3326 1084; x_wconf 89' lang='lat' dir='ltr'><strong>et</strong></span> <span class='ocrx_word' id='word_1_472' title='bbox 3369 1031 3667 1098; x_wconf 89' lang='lat' dir='ltr'><strong>humidum,</strong></span> 
     </span>
    </p>
   </div>
   <div class='ocr_carea' id='block_1_71' title="bbox 2071 1118 3668 1191">
    <p class='ocr_par' dir='ltr' id='par_1_71' title="bbox 2071 1118 3668 1191">
     <span class='ocr_line' id='line_1_71' title="bbox 2071 1118 3668 1191; baseline 0.003 -20"><span class='ocrx_word' id='word_1_473' title='bbox 2071 1126 2232 1186; x_wconf 90' lang='lat' dir='ltr'><strong>atque</strong></span> <span class='ocrx_word' id='word_1_474' title='bbox 2263 1125 2537 1172; x_wconf 83' lang='lat' dir='ltr'><strong>terrenum</strong></span> <span class='ocrx_word' id='word_1_475' title='bbox 2580 1123 2777 1172; x_wconf 69' lang='lat' dir='ltr'><strong>nostra:</strong></span> <span class='ocrx_word' id='word_1_476' title='bbox 2806 1119 3118 1183; x_wconf 74' lang='lat' dir='ltr'><strong>substantia:</strong></span> <span class='ocrx_word' id='word_1_477' title='bbox 3146 1119 3394 1174; x_wconf 86' lang='lat' dir='ltr'><strong>similiter</strong></span> <span class='ocrx_word' id='word_1_478' title='bbox 3436 1118 3668 1191; x_wconf 83' lang='lat' dir='ltr'><strong>propriis</strong></span> 
     </span>
    </p>
   </div>
   <div class='ocr_carea' id='block_1_72' title="bbox 2070 1212 3666 1284">
    <p class='ocr_par' dir='ltr' id='par_1_72' title="bbox 2070 1212 3666 1284">
     <span class='ocr_line' id='line_1_72' title="bbox 2070 1212 3666 1284; baseline 0.003 -19"><span class='ocrx_word' id='word_1_479' title='bbox 2070 1212 2313 1283; x_wconf 88' lang='lat' dir='ltr'><strong>partibus</strong></span> <span class='ocrx_word' id='word_1_480' title='bbox 2335 1212 2659 1278; x_wconf 74' lang='lat' dir='ltr'><strong>immixtum,</strong></span> <span class='ocrx_word' id='word_1_481' title='bbox 2687 1213 2881 1266; x_wconf 88' lang='lat' dir='ltr'><strong>iterum</strong></span> <span class='ocrx_word' id='word_1_482' title='bbox 2903 1213 2969 1267; x_wconf 91' lang='lat' dir='ltr'><strong>de</strong></span> <span class='ocrx_word' id='word_1_483' title='bbox 2992 1213 3262 1267; x_wconf 88' lang='lat' dir='ltr'><strong>communi</strong></span> <span class='ocrx_word' id='word_1_484' title='bbox 3284 1214 3504 1284; x_wconf 78' lang='lat' dir='ltr'><strong>singulis</strong></span> <span class='ocrx_word' id='word_1_485' title='bbox 3525 1215 3666 1284; x_wconf 86' lang='lat' dir='ltr'><strong>quod</strong></span> 
     </span>
    </p>
   </div>
   <div class='ocr_carea' id='block_1_73' title="bbox 2070 1300 3668 1376">
    <p class='ocr_par' dir='ltr' id='par_1_73' title="bbox 2070 1300 3668 1376">
     <span class='ocr_line' id='line_1_73' title="bbox 2070 1300 3668 1376; baseline 0.004 -20"><span class='ocrx_word' id='word_1_486' title='bbox 2070 1311 2154 1356; x_wconf 88' lang='lat' dir='ltr'><strong>est</strong></span> <span class='ocrx_word' id='word_1_487' title='bbox 2184 1303 2460 1373; x_wconf 86' lang='lat' dir='ltr'><strong>proprium</strong></span> <span class='ocrx_word' id='word_1_488' title='bbox 2491 1315 2651 1373; x_wconf 83' lang='lat' dir='ltr'><strong>pesse</strong></span> <span class='ocrx_word' id='word_1_489' title='bbox 2679 1304 2908 1358; x_wconf 90' lang='lat' dir='ltr'><strong>restitui.</strong></span> <span class='ocrx_word' id='word_1_490' title='bbox 2940 1300 3169 1358; x_wconf 82' lang='lat' dir='ltr'><strong>Proinde</strong></span> <span class='ocrx_word' id='word_1_491' title='bbox 3209 1312 3266 1358; x_wconf 90' lang='lat' dir='ltr'><strong>tu</strong></span> <span class='ocrx_word' id='word_1_492' title='bbox 3295 1306 3380 1360; x_wconf 82' lang='lat' dir='ltr'><strong>vel</strong></span> <span class='ocrx_word' id='word_1_493' title='bbox 3409 1307 3668 1376; x_wconf 76' lang='lat' dir='ltr'><strong>exemplis</strong></span> 
     </span>
    </p>
   </div>
   <div class='ocr_carea' id='block_1_74' title="bbox 2072 1397 3669 1468">
    <p class='ocr_par' dir='ltr' id='par_1_74' title="bbox 2072 1397 3669 1468">
     <span class='ocr_line' id='line_1_74' title="bbox 2072 1397 3669 1468; baseline 0.003 -15"><span class='ocrx_word' id='word_1_494' title='bbox 2072 1397 2323 1453; x_wconf 89' lang='lat' dir='ltr'><strong>humanis</strong></span> <span class='ocrx_word' id='word_1_495' title='bbox 2372 1410 2480 1451; x_wconf 88' lang='lat' dir='ltr'><strong>non</strong></span> <span class='ocrx_word' id='word_1_496' title='bbox 2530 1397 2736 1464; x_wconf 81' lang='lat' dir='ltr'><strong>cogitas</strong></span> <span class='ocrx_word' id='word_1_497' title='bbox 2782 1398 2886 1454; x_wconf 89' lang='lat' dir='ltr'><strong>hoc</strong></span> <span class='ocrx_word' id='word_1_498' title='bbox 2947 1411 3164 1468; x_wconf 91' lang='lat' dir='ltr'><strong>quoque</strong></span> <span class='ocrx_word' id='word_1_499' title='bbox 3227 1399 3418 1455; x_wconf 65' lang='lat' dir='ltr'><strong>divinat</strong></span> <span class='ocrx_word' id='word_1_500' title='bbox 3457 1402 3669 1458; x_wconf 86' lang='lat' dir='ltr'><strong>virtutis</strong></span> 
     </span>
    </p>
   </div>
   <div class='ocr_carea' id='block_1_75' title="bbox 2075 1492 3670 1564">
    <p class='ocr_par' dir='ltr' id='par_1_75' title="bbox 2075 1492 3670 1564">
     <span class='ocr_line' id='line_1_75' title="bbox 2075 1492 3670 1564; baseline 0.004 -20"><span class='ocrx_word' id='word_1_501' title='bbox 2075 1493 2208 1547; x_wconf 86' lang='lat' dir='ltr'><strong>lines</strong></span> <span class='ocrx_word' id='word_1_502' title='bbox 2235 1509 2344 1548; x_wconf 90' lang='lat' dir='ltr'><strong>non</strong></span> <span class='ocrx_word' id='word_1_503' title='bbox 2374 1508 2533 1563; x_wconf 90' lang='lat' dir='ltr'><strong>posse</strong></span> <span class='ocrx_word' id='word_1_504' title='bbox 2563 1493 2967 1548; x_wconf 89' lang='lat' dir='ltr'><strong>transcendere.</strong></span> <span class='ocrx_word' id='word_1_505' title='bbox 2994 1492 3180 1548; x_wconf 81' lang='lat' dir='ltr'><strong>Vidisti</strong></span> <span class='ocrx_word' id='word_1_506' title='bbox 3210 1495 3452 1564; x_wconf 86' lang='lat' dir='ltr'><strong>profecto</strong></span> <span class='ocrx_word' id='word_1_507' title='bbox 3477 1495 3670 1551; x_wconf 75' lang='lat' dir='ltr'><strong>alicubi</strong></span> 
     </span>
    </p>
   </div>
   <div class='ocr_carea' id='block_1_76' title="bbox 2073 1585 3672 1660">
    <p class='ocr_par' dir='ltr' id='par_1_76' title="bbox 2073 1585 3672 1660">
     <span class='ocr_line' id='line_1_76' title="bbox 2073 1585 3672 1660; baseline 0.005 -22"><span class='ocrx_word' id='word_1_508' title='bbox 2073 1585 2125 1639; x_wconf 92' lang='lat' dir='ltr'><strong>in</strong></span> <span class='ocrx_word' id='word_1_509' title='bbox 2171 1586 2692 1641; x_wconf 89' lang='lat' dir='ltr'><strong>commorationibus</strong></span> <span class='ocrx_word' id='word_1_510' title='bbox 2736 1585 3014 1641; x_wconf 89' lang='lat' dir='ltr'><strong>hominum</strong></span> <span class='ocrx_word' id='word_1_511' title='bbox 3065 1599 3407 1643; x_wconf 88' lang='lat' dir='ltr'><strong>communem</strong></span> <span class='ocrx_word' id='word_1_512' title='bbox 3453 1596 3672 1660; x_wconf 80' lang='lat' dir='ltr'><strong>gregem</strong></span> 
     </span>
    </p>
   </div>
   <div class='ocr_carea' id='block_1_77' title="bbox 2073 1675 3672 1753">
    <p class='ocr_par' dir='ltr' id='par_1_77' title="bbox 2073 1675 3672 1753">
     <span class='ocr_line' id='line_1_77' title="bbox 2073 1675 3672 1753; baseline 0.004 -23"><span class='ocrx_word' id='word_1_513' title='bbox 2073 1675 2234 1732; x_wconf 90' lang='lat' dir='ltr'><strong>simul</strong></span> <span class='ocrx_word' id='word_1_514' title='bbox 2262 1677 2315 1732; x_wconf 91' lang='lat' dir='ltr'><strong>in</strong></span> <span class='ocrx_word' id='word_1_515' title='bbox 2341 1693 2628 1732; x_wconf 85' lang='lat' dir='ltr'><strong>commune</strong></span> <span class='ocrx_word' id='word_1_516' title='bbox 2665 1683 2975 1748; x_wconf 83' lang='lat' dir='ltr'><strong>pascentem</strong></span> <span class='ocrx_word' id='word_1_517' title='bbox 2997 1719 3012 1744; x_wconf 94' lang='lat'><strong>,</strong></span> <span class='ocrx_word' id='word_1_518' title='bbox 3045 1678 3138 1734; x_wconf 87' lang='lat' dir='ltr'><strong>sed</strong></span> <span class='ocrx_word' id='word_1_519' title='bbox 3177 1696 3298 1734; x_wconf 91' lang='lat' dir='ltr'><strong>cum</strong></span> <span class='ocrx_word' id='word_1_520' title='bbox 3330 1692 3514 1736; x_wconf 83' lang='lat' dir='ltr'><strong>rursus</strong></span> <span class='ocrx_word' id='word_1_521' title='bbox 3541 1693 3672 1753; x_wconf 77' lang='lat' dir='ltr'><strong>grex</strong></span> 
     </span>
    </p>
   </div>
   <div class='ocr_carea' id='block_1_78' title="bbox 2074 1767 3674 1838">
    <p class='ocr_par' dir='ltr' id='par_1_78' title="bbox 2074 1767 3674 1838">
     <span class='ocr_line' id='line_1_78' title="bbox 2074 1767 3674 1838; baseline 0.005 -20"><span class='ocrx_word' id='word_1_522' title='bbox 2074 1781 2170 1835; x_wconf 84' lang='lat' dir='ltr'><strong>per</strong></span> <span class='ocrx_word' id='word_1_523' title='bbox 2220 1777 2561 1837; x_wconf 88' lang='lat' dir='ltr'><strong>possessores</strong></span> <span class='ocrx_word' id='word_1_524' title='bbox 2589 1767 2844 1822; x_wconf 86' lang='lat' dir='ltr'><strong>dividitur</strong></span> <span class='ocrx_word' id='word_1_525' title='bbox 2873 1767 3150 1838; x_wconf 90' lang='lat' dir='ltr'><strong>proprios,</strong></span> <span class='ocrx_word' id='word_1_526' title='bbox 3193 1785 3289 1824; x_wconf 87' lang='lat' dir='ltr'><strong>seu</strong></span> <span class='ocrx_word' id='word_1_527' title='bbox 3335 1770 3674 1826; x_wconf 87' lang='lat' dir='ltr'><strong>consuetudo</strong></span> 
     </span>
    </p>
   </div>
   <div class='ocr_carea' id='block_1_79' title="bbox 2074 1857 3674 1931">
    <p class='ocr_par' dir='ltr' id='par_1_79' title="bbox 2074 1857 3674 1931">
     <span class='ocr_line' id='line_1_79' title="bbox 2074 1857 3674 1931; baseline 0.003 -19"><span class='ocrx_word' id='word_1_528' title='bbox 2074 1858 2346 1924; x_wconf 88' lang='lat' dir='ltr'><strong>locorum,</strong></span> <span class='ocrx_word' id='word_1_529' title='bbox 2377 1873 2471 1912; x_wconf 84' lang='lat' dir='ltr'><strong>seu</strong></span> <span class='ocrx_word' id='word_1_530' title='bbox 2513 1857 2663 1926; x_wconf 84' lang='lat' dir='ltr'><strong>signa</strong></span> <span class='ocrx_word' id='word_1_531' title='bbox 2691 1857 2976 1928; x_wconf 85' lang='lat' dir='ltr'><strong>pecoribus</strong></span> <span class='ocrx_word' id='word_1_532' title='bbox 3019 1857 3269 1928; x_wconf 75' lang='lat' dir='ltr'><strong>Imj&#39;osita</strong></span> <span class='ocrx_word' id='word_1_533' title='bbox 3289 1901 3304 1925; x_wconf 91' lang='lat'><strong>,</strong></span> <span class='ocrx_word' id='word_1_534' title='bbox 3345 1860 3490 1931; x_wconf 87' lang='lat' dir='ltr'><strong>quod</strong></span> <span class='ocrx_word' id='word_1_535' title='bbox 3515 1875 3674 1916; x_wconf 88' lang='lat' dir='ltr'><strong>suum</strong></span> 
     </span>
    </p>
   </div>
   <div class='ocr_carea' id='block_1_80' title="bbox 2071 1948 3678 2030">
    <p class='ocr_par' dir='ltr' id='par_1_80' title="bbox 2071 1948 3678 2030">
     <span class='ocr_line' id='line_1_80' title="bbox 2071 1948 3678 2030; baseline 0.002 -26"><span class='ocrx_word' id='word_1_536' title='bbox 2071 1957 2156 2004; x_wconf 75' lang='lat' dir='ltr'><strong>est</strong></span> <span class='ocrx_word' id='word_1_537' title='bbox 2178 1949 2410 2018; x_wconf 71' lang='lat' dir='ltr'><strong>restituit</strong></span> <span class='ocrx_word' id='word_1_538' title='bbox 2438 1948 2693 2030; x_wconf 86' lang='lat' dir='ltr'><strong>singulis:</strong></span> <span class='ocrx_word' id='word_1_539' title='bbox 2728 1949 2835 2004; x_wconf 89' lang='lat' dir='ltr'><strong>tale</strong></span> <span class='ocrx_word' id='word_1_540' title='bbox 2874 1948 3002 2020; x_wconf 89' lang='lat' dir='ltr'><strong>quid</strong></span> <span class='ocrx_word' id='word_1_541' title='bbox 3041 1958 3097 2004; x_wconf 90' lang='lat' dir='ltr'><strong>et</strong></span> <span class='ocrx_word' id='word_1_542' title='bbox 3135 1949 3203 2006; x_wconf 87' lang='lat' dir='ltr'><strong>de</strong></span> <span class='ocrx_word' id='word_1_543' title='bbox 3243 1952 3528 2022; x_wconf 90' lang='lat' dir='ltr'><strong>temetipso</strong></span> <span class='ocrx_word' id='word_1_544' title='bbox 3554 1965 3678 2024; x_wconf 89' lang='lat' dir='ltr'><strong>per-</strong></span> 
     </span>
    </p>
   </div>
   <div class='ocr_carea' id='block_1_81' title="bbox 2075 2039 3677 2110">
    <p class='ocr_par' dir='ltr' id='par_1_81' title="bbox 2075 2039 3677 2110">
     <span class='ocr_line' id='line_1_81' title="bbox 2075 2039 3677 2110; baseline 0.005 -17"><span class='ocrx_word' id='word_1_545' title='bbox 2075 2049 2339 2106; x_wconf 86' lang='lat' dir='ltr'><strong>tractans,</strong></span> <span class='ocrx_word' id='word_1_546' title='bbox 2370 2040 2592 2095; x_wconf 89' lang='lat' dir='ltr'><strong>minime</strong></span> <span class='ocrx_word' id='word_1_547' title='bbox 2620 2039 2688 2096; x_wconf 85' lang='lat' dir='ltr'><strong>ab</strong></span> <span class='ocrx_word' id='word_1_548' title='bbox 2718 2056 2784 2096; x_wconf 91' lang='lat' dir='ltr'><strong>eo</strong></span> <span class='ocrx_word' id='word_1_549' title='bbox 2813 2041 2962 2110; x_wconf 88' lang='lat' dir='ltr'><strong>quod</strong></span> <span class='ocrx_word' id='word_1_550' title='bbox 2997 2040 3156 2098; x_wconf 89' lang='lat' dir='ltr'><strong>decet</strong></span> <span class='ocrx_word' id='word_1_551' title='bbox 3184 2043 3481 2100; x_wconf 86' lang='lat' dir='ltr'><strong>aberrabis.</strong></span> <span class='ocrx_word' id='word_1_552' title='bbox 3512 2043 3677 2101; x_wconf 80' lang='lat' dir='ltr'><strong>Deni-</strong></span> 
     </span>
    </p>
   </div>
   <div class='ocr_carea' id='block_1_82' title="bbox 2073 2131 3678 2209">
    <p class='ocr_par' dir='ltr' id='par_1_82' title="bbox 2073 2131 3678 2209">
     <span class='ocr_line' id='line_1_82' title="bbox 2073 2131 3678 2209; baseline 0.006 -24"><span class='ocrx_word' id='word_1_553' title='bbox 2073 2146 2179 2201; x_wconf 89' lang='lat' dir='ltr'><strong>que</strong></span> <span class='ocrx_word' id='word_1_554' title='bbox 2203 2145 2324 2187; x_wconf 91' lang='lat' dir='ltr'><strong>cum</strong></span> <span class='ocrx_word' id='word_1_555' title='bbox 2350 2131 2580 2186; x_wconf 81' lang='lat' dir='ltr'><strong>naturali</strong></span> <span class='ocrx_word' id='word_1_556' title='bbox 2602 2132 2818 2188; x_wconf 91' lang='lat' dir='ltr'><strong>vinculo</strong></span> <span class='ocrx_word' id='word_1_557' title='bbox 2839 2141 3000 2204; x_wconf 92' lang='lat' dir='ltr'><strong>atque</strong></span> <span class='ocrx_word' id='word_1_558' title='bbox 3022 2133 3289 2190; x_wconf 88' lang='lat' dir='ltr'><strong>charitate</strong></span> <span class='ocrx_word' id='word_1_559' title='bbox 3311 2134 3453 2192; x_wconf 88' lang='lat' dir='ltr'><strong>circa</strong></span> <span class='ocrx_word' id='word_1_560' title='bbox 3483 2153 3678 2209; x_wconf 82' lang='lat' dir='ltr'><strong>corpus</strong></span> 
     </span>
    </p>
   </div>
   <div class='ocr_carea' id='block_1_83' title="bbox 2075 2222 3676 2293">
    <p class='ocr_par' dir='ltr' id='par_1_83' title="bbox 2075 2222 3676 2293">
     <span class='ocr_line' id='line_1_83' title="bbox 2075 2222 3676 2293; baseline 0.002 -15"><span class='ocrx_word' id='word_1_561' title='bbox 2075 2239 2233 2279; x_wconf 90' lang='lat' dir='ltr'><strong>suum</strong></span> <span class='ocrx_word' id='word_1_562' title='bbox 2262 2222 2405 2293; x_wconf 91' lang='lat' dir='ltr'><strong>quod</strong></span> <span class='ocrx_word' id='word_1_563' title='bbox 2435 2222 2755 2278; x_wconf 88' lang='lat' dir='ltr'><strong>inhabitavit</strong></span> <span class='ocrx_word' id='word_1_564' title='bbox 2784 2224 2963 2278; x_wconf 91' lang='lat' dir='ltr'><strong>anima</strong></span> <span class='ocrx_word' id='word_1_565' title='bbox 2988 2224 3206 2280; x_wconf 88' lang='lat' dir='ltr'><strong>detenta</strong></span> <span class='ocrx_word' id='word_1_566' title='bbox 3237 2225 3326 2292; x_wconf 90' lang='lat' dir='ltr'><strong>sit,</strong></span> <span class='ocrx_word' id='word_1_567' title='bbox 3359 2227 3500 2282; x_wconf 88' lang='lat' dir='ltr'><strong>inest</strong></span> <span class='ocrx_word' id='word_1_568' title='bbox 3525 2229 3574 2282; x_wconf 89' lang='lat' dir='ltr'><strong>ei</strong></span> <span class='ocrx_word' id='word_1_569' title='bbox 3601 2227 3676 2283; x_wconf 57' lang='lat' dir='ltr'><strong>las</strong></span> 
     </span>
    </p>
   </div>
   <div class='ocr_carea' id='block_1_84' title="bbox 2079 2315 3680 2387">
    <p class='ocr_par' dir='ltr' id='par_1_84' title="bbox 2079 2315 3680 2387">
     <span class='ocr_line' id='line_1_84' title="bbox 2079 2315 3680 2387; baseline 0.004 -17"><span class='ocrx_word' id='word_1_570' title='bbox 2079 2322 2201 2371; x_wconf 86' lang='lat' dir='ltr'><strong>tens</strong></span> <span class='ocrx_word' id='word_1_571' title='bbox 2229 2315 2474 2384; x_wconf 64' lang='lat' dir='ltr'><strong>quaedam</strong></span> <span class='ocrx_word' id='word_1_572' title='bbox 2517 2315 2807 2386; x_wconf 90' lang='lat' dir='ltr'><strong>permixtio</strong></span> <span class='ocrx_word' id='word_1_573' title='bbox 2838 2332 3000 2387; x_wconf 88' lang='lat' dir='ltr'><strong>quam</strong></span> <span class='ocrx_word' id='word_1_574' title='bbox 3043 2334 3185 2374; x_wconf 91' lang='lat' dir='ltr'><strong>nunc</strong></span> <span class='ocrx_word' id='word_1_575' title='bbox 3213 2319 3414 2374; x_wconf 89' lang='lat' dir='ltr'><strong>habent</strong></span> <span class='ocrx_word' id='word_1_576' title='bbox 3451 2320 3680 2377; x_wconf 80' lang='lat' dir='ltr'><strong>invicem</strong></span> 
     </span>
    </p>
   </div>
   <div class='ocr_carea' id='block_1_85' title="bbox 2079 2404 3680 2480">
    <p class='ocr_par' dir='ltr' id='par_1_85' title="bbox 2079 2404 3680 2480">
     <span class='ocr_line' id='line_1_85' title="bbox 2079 2404 3680 2480; baseline 0.003 -20"><span class='ocrx_word' id='word_1_577' title='bbox 2079 2404 2293 2461; x_wconf 75' lang='lat' dir='ltr'><strong>affectio</strong></span> <span class='ocrx_word' id='word_1_578' title='bbox 2321 2405 2564 2476; x_wconf 74' lang='lat' dir='ltr'><strong>quaedam</strong></span> <span class='ocrx_word' id='word_1_579' title='bbox 2613 2415 2776 2476; x_wconf 90' lang='lat' dir='ltr'><strong>atque</strong></span> <span class='ocrx_word' id='word_1_580' title='bbox 2803 2407 3059 2476; x_wconf 81' lang='lat' dir='ltr'><strong>cognitio,</strong></span> <span class='ocrx_word' id='word_1_581' title='bbox 3089 2409 3254 2463; x_wconf 86' lang='lat' dir='ltr'><strong>veluti</strong></span> <span class='ocrx_word' id='word_1_582' title='bbox 3283 2423 3315 2463; x_wconf 89' lang='lat' dir='ltr'><strong>a</strong></span> <span class='ocrx_word' id='word_1_583' title='bbox 3345 2418 3534 2465; x_wconf 88' lang='lat' dir='ltr'><strong>natura</strong></span> <span class='ocrx_word' id='word_1_584' title='bbox 3562 2412 3680 2480; x_wconf 83' lang='lat' dir='ltr'><strong>qni-</strong></span> 
     </span>
    </p>
   </div>
   <div class='ocr_carea' id='block_1_86' title="bbox 2077 2495 3680 2569">
    <p class='ocr_par' dir='ltr' id='par_1_86' title="bbox 2077 2495 3680 2569">
     <span class='ocr_line' id='line_1_86' title="bbox 2077 2495 3680 2569; baseline 0.002 -17"><span class='ocrx_word' id='word_1_585' title='bbox 2077 2496 2304 2553; x_wconf 89' lang='lat' dir='ltr'><strong>busdam</strong></span> <span class='ocrx_word' id='word_1_586' title='bbox 2338 2497 2504 2567; x_wconf 86' lang='lat' dir='ltr'><strong>signis</strong></span> <span class='ocrx_word' id='word_1_587' title='bbox 2532 2495 2818 2567; x_wconf 90' lang='lat' dir='ltr'><strong>impositis,</strong></span> <span class='ocrx_word' id='word_1_588' title='bbox 2843 2510 2942 2569; x_wconf 91' lang='lat' dir='ltr'><strong>per</strong></span> <span class='ocrx_word' id='word_1_589' title='bbox 2965 2513 3084 2569; x_wconf 62' lang='lat' dir='ltr'><strong>quae</strong></span> <span class='ocrx_word' id='word_1_590' title='bbox 3107 2502 3466 2556; x_wconf 88' lang='lat' dir='ltr'><strong>communitas</strong></span> <span class='ocrx_word' id='word_1_591' title='bbox 3495 2502 3680 2556; x_wconf 78' lang='lat' dir='ltr'><strong>itu-on-</strong></span> 
     </span>
    </p>
   </div>
   <div class='ocr_carea' id='block_1_87' title="bbox 2078 2587 3680 2662">
    <p class='ocr_par' dir='ltr' id='par_1_87' title="bbox 2078 2587 3680 2662">
     <span class='ocr_line' id='line_1_87' title="bbox 2078 2587 3680 2662; baseline 0.002 -19"><span class='ocrx_word' id='word_1_592' title='bbox 2078 2587 2196 2643; x_wconf 87' lang='lat' dir='ltr'><strong>fusa</strong></span> <span class='ocrx_word' id='word_1_593' title='bbox 2241 2603 2564 2659; x_wconf 87' lang='lat' dir='ltr'><strong>permanens</strong></span> <span class='ocrx_word' id='word_1_594' title='bbox 2607 2589 2944 2644; x_wconf 88' lang='lat' dir='ltr'><strong>discernatur</strong></span> <span class='ocrx_word' id='word_1_595' title='bbox 2988 2591 3408 2660; x_wconf 72' lang='lat' dir='ltr'><strong>proprieiatibus</strong></span> <span class='ocrx_word' id='word_1_596' title='bbox 3440 2593 3680 2662; x_wconf 54' lang='lat' dir='ltr'><strong>singulo.</strong></span> 
     </span>
    </p>
   </div>
   <div class='ocr_carea' id='block_1_88' title="bbox 2079 2680 3681 2754">
    <p class='ocr_par' dir='ltr' id='par_1_88' title="bbox 2079 2680 3681 2754">
     <span class='ocr_line' id='line_1_88' title="bbox 2079 2680 3681 2754; baseline 0.003 -18"><span class='ocrx_word' id='word_1_597' title='bbox 2079 2696 2220 2736; x_wconf 90' lang='lat' dir='ltr'><strong>rum.</strong></span> <span class='ocrx_word' id='word_1_598' title='bbox 2266 2680 2400 2736; x_wconf 88' lang='lat' dir='ltr'><strong>Cum</strong></span> <span class='ocrx_word' id='word_1_599' title='bbox 2457 2680 2618 2749; x_wconf 83' lang='lat' dir='ltr'><strong>igitur</strong></span> <span class='ocrx_word' id='word_1_600' title='bbox 2664 2680 2842 2734; x_wconf 89' lang='lat' dir='ltr'><strong>anima</strong></span> <span class='ocrx_word' id='word_1_601' title='bbox 2877 2689 3161 2750; x_wconf 85' lang='lat' dir='ltr'><strong>cognatam</strong></span> <span class='ocrx_word' id='word_1_602' title='bbox 3217 2691 3381 2752; x_wconf 87' lang='lat' dir='ltr'><strong>atque</strong></span> <span class='ocrx_word' id='word_1_603' title='bbox 3411 2687 3681 2754; x_wconf 83' lang='lat' dir='ltr'><strong>propriam</strong></span> 
     </span>
    </p>
   </div>
   <div class='ocr_carea' id='block_1_89' title="bbox 2081 2773 3682 2844">
    <p class='ocr_par' dir='ltr' id='par_1_89' title="bbox 2081 2773 3682 2844">
     <span class='ocr_line' id='line_1_89' title="bbox 2081 2773 3682 2844; baseline 0.004 -17"><span class='ocrx_word' id='word_1_604' title='bbox 2081 2788 2193 2828; x_wconf 90' lang='lat' dir='ltr'><strong>rem</strong></span> <span class='ocrx_word' id='word_1_605' title='bbox 2218 2773 2284 2828; x_wconf 90' lang='lat' dir='ltr'><strong>ad</strong></span> <span class='ocrx_word' id='word_1_606' title='bbox 2306 2774 2652 2843; x_wconf 90' lang='lat' dir='ltr'><strong>semetipsam</strong></span> <span class='ocrx_word' id='word_1_607' title='bbox 2674 2788 2857 2829; x_wconf 88' lang='lat' dir='ltr'><strong>rursus</strong></span> <span class='ocrx_word' id='word_1_608' title='bbox 2877 2774 3181 2844; x_wconf 81' lang='lat' dir='ltr'><strong>attraxerit,</strong></span> <span class='ocrx_word' id='word_1_609' title='bbox 3208 2775 3347 2844; x_wconf 80' lang='lat' dir='ltr'><strong>quis,</strong></span> <span class='ocrx_word' id='word_1_610' title='bbox 3375 2792 3495 2842; x_wconf 88' lang='lat' dir='ltr'><strong>oro,</strong></span> <span class='ocrx_word' id='word_1_611' title='bbox 3530 2778 3682 2834; x_wconf 85' lang='lat' dir='ltr'><strong>labor</strong></span> 
     </span>
    </p>
   </div>
   <div class='ocr_carea' id='block_1_90' title="bbox 2081 2863 3678 2935">
    <p class='ocr_par' dir='ltr' id='par_1_90' title="bbox 2081 2863 3678 2935">
     <span class='ocr_line' id='line_1_90' title="bbox 2081 2863 3678 2935; baseline 0.004 -17"><span class='ocrx_word' id='word_1_612' title='bbox 2081 2863 2262 2919; x_wconf 89' lang='lat' dir='ltr'><strong>divina</strong></span> <span class='ocrx_word' id='word_1_613' title='bbox 2326 2865 2624 2935; x_wconf 73' lang='lat' dir='ltr'><strong>pnescrtim</strong></span> <span class='ocrx_word' id='word_1_614' title='bbox 2692 2878 2800 2920; x_wconf 89' lang='lat' dir='ltr'><strong>non</strong></span> <span class='ocrx_word' id='word_1_615' title='bbox 2869 2865 3191 2935; x_wconf 84' lang='lat' dir='ltr'><strong>prohibente</strong></span> <span class='ocrx_word' id='word_1_616' title='bbox 3251 2873 3442 2921; x_wconf 84' lang='lat' dir='ltr'><strong>natura</strong></span> <span class='ocrx_word' id='word_1_617' title='bbox 3509 2869 3678 2924; x_wconf 90' lang='lat' dir='ltr'><strong>virtu-</strong></span> 
     </span>
    </p>
   </div>
   <div class='ocr_carea' id='block_1_91' title="bbox 2082 2957 3682 3024">
    <p class='ocr_par' dir='ltr' id='par_1_91' title="bbox 2082 2957 3682 3024">
     <span class='ocr_line' id='line_1_91' title="bbox 2082 2957 3682 3024; baseline 0.006 -15"><span class='ocrx_word' id='word_1_618' title='bbox 2082 2962 2225 3023; x_wconf 89' lang='lat' dir='ltr'><strong>tem,</strong></span> <span class='ocrx_word' id='word_1_619' title='bbox 2267 2964 2326 3010; x_wconf 92' lang='lat' dir='ltr'><strong>ut</strong></span> <span class='ocrx_word' id='word_1_620' title='bbox 2365 2971 2461 3011; x_wconf 89' lang='lat' dir='ltr'><strong>sua</strong></span> <span class='ocrx_word' id='word_1_621' title='bbox 2505 2969 2688 3012; x_wconf 87' lang='lat' dir='ltr'><strong>rursus</strong></span> <span class='ocrx_word' id='word_1_622' title='bbox 2735 2957 2790 3012; x_wconf 90' lang='lat' dir='ltr'><strong>in</strong></span> <span class='ocrx_word' id='word_1_623' title='bbox 2829 2971 2889 3011; x_wconf 81' lang='lat' dir='ltr'><strong>se</strong></span> <span class='ocrx_word' id='word_1_624' title='bbox 2933 2959 3285 3024; x_wconf 84' lang='lat' dir='ltr'><strong>conveniant,</strong></span> <span class='ocrx_word' id='word_1_625' title='bbox 3329 2967 3385 3015; x_wconf 90' lang='lat' dir='ltr'><strong>et</strong></span> <span class='ocrx_word' id='word_1_626' title='bbox 3427 2960 3682 3019; x_wconf 84' lang='lat' dir='ltr'><strong>ineffabili</strong></span> 
     </span>
    </p>
   </div>
   <div class='ocr_carea' id='block_1_92' title="bbox 2082 3050 3684 3124">
    <p class='ocr_par' dir='ltr' id='par_1_92' title="bbox 2082 3050 3684 3124">
     <span class='ocr_line' id='line_1_92' title="bbox 2082 3050 3684 3124; baseline 0.002 -19"><span class='ocrx_word' id='word_1_627' title='bbox 2082 3050 2314 3121; x_wconf 87' lang='lat' dir='ltr'><strong>quadam</strong></span> <span class='ocrx_word' id='word_1_628' title='bbox 2341 3057 2545 3104; x_wconf 76' lang='lat' dir='ltr'><strong>natura:</strong></span> <span class='ocrx_word' id='word_1_629' title='bbox 2571 3050 2926 3106; x_wconf 89' lang='lat' dir='ltr'><strong>concursione</strong></span> <span class='ocrx_word' id='word_1_630' title='bbox 2952 3050 3017 3104; x_wconf 88' lang='lat' dir='ltr'><strong>ad</strong></span> <span class='ocrx_word' id='word_1_631' title='bbox 3041 3053 3256 3122; x_wconf 86' lang='lat' dir='ltr'><strong>propria</strong></span> <span class='ocrx_word' id='word_1_632' title='bbox 3299 3063 3526 3124; x_wconf 70' lang='lat' dir='ltr'><strong>qumque</strong></span> <span class='ocrx_word' id='word_1_633' title='bbox 3555 3070 3684 3108; x_wconf 77' lang='lat' dir='ltr'><strong>con-</strong></span> 
     </span>
    </p>
   </div>
   <div class='ocr_carea' id='block_1_93' title="bbox 2085 3140 3684 3212">
    <p class='ocr_par' dir='ltr' id='par_1_93' title="bbox 2085 3140 3684 3212">
     <span class='ocr_line' id='line_1_93' title="bbox 2085 3140 3684 3212; baseline 0.002 -16"><span class='ocrx_word' id='word_1_634' title='bbox 2085 3141 2351 3197; x_wconf 79' lang='lat' dir='ltr'><strong>tendaut?</strong></span> <span class='ocrx_word' id='word_1_635' title='bbox 2383 3140 2537 3209; x_wconf 83' lang='lat' dir='ltr'><strong>Quod</strong></span> <span class='ocrx_word' id='word_1_636' title='bbox 2583 3150 2767 3197; x_wconf 89' lang='lat' dir='ltr'><strong>autem</strong></span> <span class='ocrx_word' id='word_1_637' title='bbox 2797 3142 2987 3196; x_wconf 64' lang='lat' dir='ltr'><strong>anima:</strong></span> <span class='ocrx_word' id='word_1_638' title='bbox 3033 3150 3089 3197; x_wconf 89' lang='lat' dir='ltr'><strong>et</strong></span> <span class='ocrx_word' id='word_1_639' title='bbox 3133 3150 3254 3212; x_wconf 91' lang='lat' dir='ltr'><strong>post</strong></span> <span class='ocrx_word' id='word_1_640' title='bbox 3299 3143 3684 3199; x_wconf 79' lang='lat' dir='ltr'><strong>resolutionem</strong></span> 
     </span>
    </p>
   </div>
   <div class='ocr_carea' id='block_1_94' title="bbox 2084 3218 3679 3304">
    <p class='ocr_par' dir='ltr' id='par_1_94' title="bbox 2084 3218 3679 3304">
     <span class='ocr_line' id='line_1_94' title="bbox 2084 3218 3679 3304; baseline 0 -15"><span class='ocrx_word' id='word_1_641' title='bbox 2084 3233 2238 3302; x_wconf 85' lang='lat' dir='ltr'><strong>signa</strong></span> <span class='ocrx_word' id='word_1_642' title='bbox 2283 3234 2528 3303; x_wconf 74' lang='lat' dir='ltr'><strong>quaedam</strong></span> <span class='ocrx_word' id='word_1_643' title='bbox 2578 3232 3024 3288; x_wconf 85' lang='lat' dir='ltr'><strong>conformationis</strong></span> <span class='ocrx_word' id='word_1_644' title='bbox 3067 3240 3261 3288; x_wconf 66' lang='lat' dir='ltr'><strong>nostrae</strong></span> <span class='ocrx_word' id='word_1_645' title='bbox 3297 3218 3679 3304; x_wconf 86' lang='lat' dir='ltr'><strong>permaneant,</strong></span> 
     </span>
    </p>
   </div>
   <div class='ocr_carea' id='block_1_95' title="bbox 2086 3321 3686 3395">
    <p class='ocr_par' dir='ltr' id='par_1_95' title="bbox 2086 3321 3686 3395">
     <span class='ocr_line' id='line_1_95' title="bbox 2086 3321 3686 3395; baseline -0.002 -14"><span class='ocrx_word' id='word_1_646' title='bbox 2086 3325 2324 3381; x_wconf 83' lang='lat' dir='ltr'><strong>ostendit</strong></span> <span class='ocrx_word' id='word_1_647' title='bbox 2353 3324 2440 3379; x_wconf 91' lang='lat' dir='ltr'><strong>illa</strong></span> <span class='ocrx_word' id='word_1_648' title='bbox 2487 3323 2780 3394; x_wconf 78' lang='lat' dir='ltr'><strong>diSputatio</strong></span> <span class='ocrx_word' id='word_1_649' title='bbox 2828 3334 2947 3395; x_wconf 64' lang='lat' dir='ltr'><strong>qua:</strong></span> <span class='ocrx_word' id='word_1_650' title='bbox 2988 3322 3130 3394; x_wconf 91' lang='lat' dir='ltr'><strong>apud</strong></span> <span class='ocrx_word' id='word_1_651' title='bbox 3172 3323 3370 3378; x_wconf 73' lang='lat' dir='ltr'><strong>inferos</strong></span> <span class='ocrx_word' id='word_1_652' title='bbox 3401 3321 3542 3378; x_wconf 85' lang='lat' dir='ltr'><strong>facta</strong></span> <span class='ocrx_word' id='word_1_653' title='bbox 3574 3334 3686 3392; x_wconf 89' lang='lat' dir='ltr'><strong>est,</strong></span> 
     </span>
    </p>
   </div>
   <div class='ocr_carea' id='block_1_96' title="bbox 2084 3414 3687 3488">
    <p class='ocr_par' dir='ltr' id='par_1_96' title="bbox 2084 3414 3687 3488">
     <span class='ocr_line' id='line_1_96' title="bbox 2084 3414 3687 3488; baseline -0.001 -16"><span class='ocrx_word' id='word_1_654' title='bbox 2084 3417 2302 3488; x_wconf 89' lang='lat' dir='ltr'><strong>quando</strong></span> <span class='ocrx_word' id='word_1_655' title='bbox 2331 3416 2652 3487; x_wconf 90' lang='lat' dir='ltr'><strong>corporibus</strong></span> <span class='ocrx_word' id='word_1_656' title='bbox 2673 3415 2784 3486; x_wconf 87' lang='lat' dir='ltr'><strong>jam</strong></span> <span class='ocrx_word' id='word_1_657' title='bbox 2813 3414 3105 3487; x_wconf 66' lang='lat' dir='ltr'><strong>sepultura:</strong></span> <span class='ocrx_word' id='word_1_658' title='bbox 3145 3415 3374 3482; x_wconf 88' lang='lat' dir='ltr'><strong>traditis,</strong></span> <span class='ocrx_word' id='word_1_659' title='bbox 3408 3414 3687 3470; x_wconf 73' lang='lat' dir='ltr'><strong>animabus</strong></span> 
     </span>
    </p>
   </div>
   <div class='ocr_carea' id='block_1_97' title="bbox 2085 3508 3688 3581">
    <p class='ocr_par' dir='ltr' id='par_1_97' title="bbox 2085 3508 3688 3581">
     <span class='ocr_line' id='line_1_97' title="bbox 2085 3508 3688 3581; baseline 0 -16"><span class='ocrx_word' id='word_1_660' title='bbox 2085 3511 2372 3566; x_wconf 79' lang='lat' dir='ltr'><strong>inhaeserat</strong></span> <span class='ocrx_word' id='word_1_661' title='bbox 2397 3509 2642 3581; x_wconf 65' lang='lat' dir='ltr'><strong>quamam</strong></span> <span class='ocrx_word' id='word_1_662' title='bbox 2691 3508 2879 3564; x_wconf 90' lang='lat' dir='ltr'><strong>notitia</strong></span> <span class='ocrx_word' id='word_1_663' title='bbox 2927 3509 3255 3579; x_wconf 87' lang='lat' dir='ltr'><strong>corporalis,</strong></span> <span class='ocrx_word' id='word_1_664' title='bbox 3302 3522 3400 3580; x_wconf 88' lang='lat' dir='ltr'><strong>per</strong></span> <span class='ocrx_word' id='word_1_665' title='bbox 3443 3517 3688 3578; x_wconf 86' lang='lat' dir='ltr'><strong>quamet</strong></span> 
     </span>
    </p>
   </div>
   <div class='ocr_carea' id='block_1_98' title="bbox 2088 3599 3689 3671">
    <p class='ocr_par' dir='ltr' id='par_1_98' title="bbox 2088 3599 3689 3671">
     <span class='ocr_line' id='line_1_98' title="bbox 2088 3599 3689 3671; baseline -0.003 -12"><span class='ocrx_word' id='word_1_666' title='bbox 2088 3605 2322 3659; x_wconf 85' lang='lat' dir='ltr'><strong>Lazarus</strong></span> <span class='ocrx_word' id='word_1_667' title='bbox 2348 3601 2586 3671; x_wconf 86' lang='lat' dir='ltr'><strong>agnosci,</strong></span> <span class='ocrx_word' id='word_1_668' title='bbox 2610 3615 2709 3656; x_wconf 89' lang='lat' dir='ltr'><strong>nec</strong></span> <span class='ocrx_word' id='word_1_669' title='bbox 2729 3601 2879 3656; x_wconf 86' lang='lat' dir='ltr'><strong>dives</strong></span> <span class='ocrx_word' id='word_1_670' title='bbox 2904 3600 3080 3671; x_wconf 92' lang='lat' dir='ltr'><strong>potuit</strong></span> <span class='ocrx_word' id='word_1_671' title='bbox 3107 3599 3362 3669; x_wconf 82' lang='lat' dir='ltr'><strong>ignorari.</strong></span> <span class='ocrx_word' id='word_1_672' title='bbox 3387 3599 3529 3655; x_wconf 81' lang='lat' dir='ltr'><strong>Nihil</strong></span> <span class='ocrx_word' id='word_1_673' title='bbox 3559 3614 3689 3668; x_wconf 70' lang='lat' dir='ltr'><strong>ergo</strong></span> 
     </span>
    </p>
   </div>
   <div class='ocr_carea' id='block_1_99' title="bbox 2087 3694 3688 3765">
    <p class='ocr_par' dir='ltr' id='par_1_99' title="bbox 2087 3694 3688 3765">
     <span class='ocr_line' id='line_1_99' title="bbox 2087 3694 3688 3765; baseline -0.005 -8"><span class='ocrx_word' id='word_1_674' title='bbox 2087 3710 2239 3757; x_wconf 88' lang='lat' dir='ltr'><strong>extra</strong></span> <span class='ocrx_word' id='word_1_675' title='bbox 2261 3701 2526 3755; x_wconf 88' lang='lat' dir='ltr'><strong>rationem</strong></span> <span class='ocrx_word' id='word_1_676' title='bbox 2557 3703 2657 3763; x_wconf 89' lang='lat' dir='ltr'><strong>est,</strong></span> <span class='ocrx_word' id='word_1_677' title='bbox 2691 3697 2736 3753; x_wconf 89' lang='lat' dir='ltr'><strong>si</strong></span> <span class='ocrx_word' id='word_1_678' title='bbox 2759 3695 3012 3752; x_wconf 84' lang='lat' dir='ltr'><strong>credatur</strong></span> <span class='ocrx_word' id='word_1_679' title='bbox 3038 3707 3106 3750; x_wconf 88' lang='lat' dir='ltr'><strong>ex</strong></span> <span class='ocrx_word' id='word_1_680' title='bbox 3131 3694 3402 3750; x_wconf 88' lang='lat' dir='ltr'><strong>communi</strong></span> <span class='ocrx_word' id='word_1_681' title='bbox 3443 3696 3688 3765; x_wconf 85' lang='lat' dir='ltr'><strong>proprie-</strong></span> 
     </span>
    </p>
   </div>
   <div class='ocr_carea' id='block_1_100' title="bbox 2089 3785 3688 3860">
    <p class='ocr_par' dir='ltr' id='par_1_100' title="bbox 2089 3785 3688 3860">
     <span class='ocr_line' id='line_1_100' title="bbox 2089 3785 3688 3860; baseline -0.005 -12"><span class='ocrx_word' id='word_1_682' title='bbox 2089 3801 2200 3848; x_wconf 90' lang='lat' dir='ltr'><strong>tate</strong></span> <span class='ocrx_word' id='word_1_683' title='bbox 2231 3789 2635 3860; x_wconf 80' lang='lat' dir='ltr'><strong>resurgcntibus</strong></span> <span class='ocrx_word' id='word_1_684' title='bbox 2679 3786 2855 3842; x_wconf 88' lang='lat' dir='ltr'><strong>redire</strong></span> <span class='ocrx_word' id='word_1_685' title='bbox 2883 3785 3235 3857; x_wconf 88' lang='lat' dir='ltr'><strong>corporibus,</strong></span> <span class='ocrx_word' id='word_1_686' title='bbox 3268 3792 3322 3838; x_wconf 91' lang='lat' dir='ltr'><strong>et</strong></span> <span class='ocrx_word' id='word_1_687' title='bbox 3357 3785 3594 3839; x_wconf 87' lang='lat' dir='ltr'><strong>maxime</strong></span> <span class='ocrx_word' id='word_1_688' title='bbox 3634 3785 3688 3840; x_wconf 91' lang='lat' dir='ltr'><strong>id</strong></span> 
     </span>
    </p>
   </div>
   <div class='ocr_carea' id='block_1_101' title="bbox 2089 3875 3690 3950">
    <p class='ocr_par' dir='ltr' id='par_1_101' title="bbox 2089 3875 3690 3950">
     <span class='ocr_line' id='line_1_101' title="bbox 2089 3875 3690 3950; baseline -0.004 -13"><span class='ocrx_word' id='word_1_689' title='bbox 2089 3881 2467 3938; x_wconf 82' lang='lat' dir='ltr'><strong>animadvertit</strong></span> <span class='ocrx_word' id='word_1_690' title='bbox 2511 3880 2602 3950; x_wconf 92' lang='lat' dir='ltr'><strong>qui</strong></span> <span class='ocrx_word' id='word_1_691' title='bbox 2645 3887 2892 3934; x_wconf 88' lang='lat' dir='ltr'><strong>naturam</strong></span> <span class='ocrx_word' id='word_1_692' title='bbox 2920 3875 3211 3932; x_wconf 86' lang='lat' dir='ltr'><strong>studiosius</strong></span> <span class='ocrx_word' id='word_1_693' title='bbox 3243 3875 3565 3945; x_wconf 80' lang='lat' dir='ltr'><strong>investigare</strong></span> <span class='ocrx_word' id='word_1_694' title='bbox 3594 3891 3690 3930; x_wconf 84' lang='lat' dir='ltr'><strong>cu-</strong></span> 
     </span>
    </p>
   </div>
   <div class='ocr_carea' id='block_1_102' title="bbox 2088 3969 3689 4043">
    <p class='ocr_par' dir='ltr' id='par_1_102' title="bbox 2088 3969 3689 4043">
     <span class='ocr_line' id='line_1_102' title="bbox 2088 3969 3689 4043; baseline -0.004 -14"><span class='ocrx_word' id='word_1_695' title='bbox 2088 3974 2244 4029; x_wconf 88' lang='lat' dir='ltr'><strong>ravit.</strong></span> <span class='ocrx_word' id='word_1_696' title='bbox 2271 3973 2388 4027; x_wconf 84' lang='lat' dir='ltr'><strong>Non</strong></span> <span class='ocrx_word' id='word_1_697' title='bbox 2409 3972 2552 4027; x_wconf 91' lang='lat' dir='ltr'><strong>enim</strong></span> <span class='ocrx_word' id='word_1_698' title='bbox 2577 3984 2674 4043; x_wconf 88' lang='lat' dir='ltr'><strong>per</strong></span> <span class='ocrx_word' id='word_1_699' title='bbox 2701 3970 2882 4026; x_wconf 91' lang='lat' dir='ltr'><strong>omnia</strong></span> <span class='ocrx_word' id='word_1_700' title='bbox 2909 3969 3078 4024; x_wconf 83' lang='lat' dir='ltr'><strong>ﬂuunt</strong></span> <span class='ocrx_word' id='word_1_701' title='bbox 3105 3976 3266 4038; x_wconf 90' lang='lat' dir='ltr'><strong>atque</strong></span> <span class='ocrx_word' id='word_1_702' title='bbox 3289 3977 3689 4023; x_wconf 82' lang='lat' dir='ltr'><strong>commutantur</strong></span> 
     </span>
    </p>
   </div>
   <div class='ocr_carea' id='block_1_103' title="bbox 2089 4058 3690 4135">
    <p class='ocr_par' dir='ltr' id='par_1_103' title="bbox 2089 4058 3690 4135">
     <span class='ocr_line' id='line_1_103' title="bbox 2089 4058 3690 4135; baseline -0.002 -15"><span class='ocrx_word' id='word_1_703' title='bbox 2089 4081 2152 4120; x_wconf 92' lang='lat' dir='ltr'><strong>ea</strong></span> <span class='ocrx_word' id='word_1_704' title='bbox 2207 4079 2327 4135; x_wconf 78' lang='lat' dir='ltr'><strong>qua:</strong></span> <span class='ocrx_word' id='word_1_705' title='bbox 2377 4070 2560 4117; x_wconf 89' lang='lat' dir='ltr'><strong>nostra</strong></span> <span class='ocrx_word' id='word_1_706' title='bbox 2606 4070 2766 4129; x_wconf 84' lang='lat' dir='ltr'><strong>sunt;</strong></span> <span class='ocrx_word' id='word_1_707' title='bbox 2836 4060 3073 4132; x_wconf 88' lang='lat' dir='ltr'><strong>alioquin</strong></span> <span class='ocrx_word' id='word_1_708' title='bbox 3125 4058 3690 4130; x_wconf 82' lang='lat' dir='ltr'><strong>incomprehensibilia</strong></span> 
     </span>
    </p>
   </div>
   <div class='ocr_carea' id='block_1_104' title="bbox 2089 4152 3691 4229">
    <p class='ocr_par' dir='ltr' id='par_1_104' title="bbox 2089 4152 3691 4229">
     <span class='ocr_line' id='line_1_104' title="bbox 2089 4152 3691 4229; baseline -0.003 -17"><span class='ocrx_word' id='word_1_709' title='bbox 2089 4169 2312 4229; x_wconf 89' lang='lat' dir='ltr'><strong>prorsus</strong></span> <span class='ocrx_word' id='word_1_710' title='bbox 2358 4156 2678 4222; x_wconf 86' lang='lat' dir='ltr'><strong>existerent,</strong></span> <span class='ocrx_word' id='word_1_711' title='bbox 2730 4154 2931 4209; x_wconf 87' lang='lat' dir='ltr'><strong>nullam</strong></span> <span class='ocrx_word' id='word_1_712' title='bbox 2984 4152 3273 4209; x_wconf 86' lang='lat' dir='ltr'><strong>stationem</strong></span> <span class='ocrx_word' id='word_1_713' title='bbox 3313 4153 3563 4208; x_wconf 87' lang='lat' dir='ltr'><strong>habentia</strong></span> <span class='ocrx_word' id='word_1_714' title='bbox 3592 4168 3691 4223; x_wconf 90' lang='lat' dir='ltr'><strong>per</strong></span> 
     </span>
    </p>
   </div>
   <div class='ocr_carea' id='block_1_105' title="bbox 2091 4243 3690 4315">
    <p class='ocr_par' dir='ltr' id='par_1_105' title="bbox 2091 4243 3690 4315">
     <span class='ocr_line' id='line_1_105' title="bbox 2091 4243 3690 4315; baseline -0.002 -13"><span class='ocrx_word' id='word_1_715' title='bbox 2091 4259 2362 4303; x_wconf 89' lang='lat' dir='ltr'><strong>naturam.</strong></span> <span class='ocrx_word' id='word_1_716' title='bbox 2394 4246 2502 4303; x_wconf 88' lang='lat' dir='ltr'><strong>Sed</strong></span> <span class='ocrx_word' id='word_1_717' title='bbox 2549 4246 2856 4315; x_wconf 84' lang='lat' dir='ltr'><strong>diligentius</strong></span> <span class='ocrx_word' id='word_1_718' title='bbox 2904 4244 3185 4314; x_wconf 68' lang='lat' dir='ltr'><strong>esplorata</strong></span> <span class='ocrx_word' id='word_1_719' title='bbox 3216 4243 3447 4308; x_wconf 91' lang='lat' dir='ltr'><strong>ratione,</strong></span> <span class='ocrx_word' id='word_1_720' title='bbox 3479 4244 3690 4299; x_wconf 86' lang='lat' dir='ltr'><strong>videtur</strong></span> 
     </span>
    </p>
   </div>
   <div class='ocr_carea' id='block_1_106' title="bbox 2091 4336 3690 4410">
    <p class='ocr_par' dir='ltr' id='par_1_106' title="bbox 2091 4336 3690 4410">
     <span class='ocr_line' id='line_1_106' title="bbox 2091 4336 3690 4410; baseline -0.003 -13"><span class='ocrx_word' id='word_1_721' title='bbox 2091 4358 2279 4398; x_wconf 89' lang='lat' dir='ltr'><strong>eorum</strong></span> <span class='ocrx_word' id='word_1_722' title='bbox 2308 4356 2428 4410; x_wconf 66' lang='lat' dir='ltr'><strong>qua:</strong></span> <span class='ocrx_word' id='word_1_723' title='bbox 2473 4341 2525 4395; x_wconf 84' lang='lat' dir='ltr'><strong>in</strong></span> <span class='ocrx_word' id='word_1_724' title='bbox 2573 4340 2727 4395; x_wconf 87' lang='lat' dir='ltr'><strong>nobis</strong></span> <span class='ocrx_word' id='word_1_725' title='bbox 2771 4344 2896 4393; x_wconf 92' lang='lat' dir='ltr'><strong>sunt</strong></span> <span class='ocrx_word' id='word_1_726' title='bbox 2939 4336 3140 4406; x_wconf 86' lang='lat' dir='ltr'><strong>aliquid</strong></span> <span class='ocrx_word' id='word_1_727' title='bbox 3178 4345 3353 4402; x_wconf 86' lang='lat' dir='ltr'><strong>stare,</strong></span> <span class='ocrx_word' id='word_1_728' title='bbox 3386 4336 3530 4391; x_wconf 87' lang='lat' dir='ltr'><strong>aliud</strong></span> <span class='ocrx_word' id='word_1_729' title='bbox 3559 4352 3690 4392; x_wconf 89' lang='lat' dir='ltr'><strong>vero</strong></span> 
     </span>
    </p>
   </div>
   <div class='ocr_carea' id='block_1_107' title="bbox 2091 4428 3690 4500">
    <p class='ocr_par' dir='ltr' id='par_1_107' title="bbox 2091 4428 3690 4500">
     <span class='ocr_line' id='line_1_107' title="bbox 2091 4428 3690 4500; baseline -0.003 -11"><span class='ocrx_word' id='word_1_730' title='bbox 2091 4434 2394 4489; x_wconf 88' lang='lat' dir='ltr'><strong>mutatione</strong></span> <span class='ocrx_word' id='word_1_731' title='bbox 2415 4432 2672 4487; x_wconf 77' lang='lat' dir='ltr'><strong>deﬂuere.</strong></span> <span class='ocrx_word' id='word_1_732' title='bbox 2702 4429 2911 4500; x_wconf 91' lang='lat' dir='ltr'><strong>Corpus</strong></span> <span class='ocrx_word' id='word_1_733' title='bbox 2932 4428 3074 4484; x_wconf 91' lang='lat' dir='ltr'><strong>enim</strong></span> <span class='ocrx_word' id='word_1_734' title='bbox 3105 4444 3201 4499; x_wconf 88' lang='lat' dir='ltr'><strong>per</strong></span> <span class='ocrx_word' id='word_1_735' title='bbox 3228 4428 3562 4483; x_wconf 87' lang='lat' dir='ltr'><strong>incrementa</strong></span> <span class='ocrx_word' id='word_1_736' title='bbox 3592 4429 3690 4485; x_wconf 92' lang='lat' dir='ltr'><strong>de-</strong></span> 
     </span>
    </p>
   </div>
   <div class='ocr_carea' id='block_1_108' title="bbox 2093 4523 3694 4598">
    <p class='ocr_par' dir='ltr' id='par_1_108' title="bbox 2093 4523 3694 4598">
     <span class='ocr_line' id='line_1_108' title="bbox 2093 4523 3694 4598; baseline -0.002 -14"><span class='ocrx_word' id='word_1_737' title='bbox 2093 4530 2454 4598; x_wconf 89' lang='lat' dir='ltr'><strong>trimentaque</strong></span> <span class='ocrx_word' id='word_1_738' title='bbox 2481 4534 2736 4592; x_wconf 90' lang='lat' dir='ltr'><strong>mutatur,</strong></span> <span class='ocrx_word' id='word_1_739' title='bbox 2764 4524 2928 4580; x_wconf 89' lang='lat' dir='ltr'><strong>veluti</strong></span> <span class='ocrx_word' id='word_1_740' title='bbox 2948 4534 3127 4581; x_wconf 88' lang='lat' dir='ltr'><strong>vestes</strong></span> <span class='ocrx_word' id='word_1_741' title='bbox 3158 4523 3417 4594; x_wconf 89' lang='lat' dir='ltr'><strong>quasdam</strong></span> <span class='ocrx_word' id='word_1_742' title='bbox 3438 4539 3536 4598; x_wconf 87' lang='lat' dir='ltr'><strong>per</strong></span> <span class='ocrx_word' id='word_1_743' title='bbox 3564 4533 3694 4580; x_wconf 75' lang='lat' dir='ltr'><strong>tnta-</strong></span> 
     </span>
    </p>
   </div>
   <div class='ocr_carea' id='block_1_109' title="bbox 2092 4617 3694 4692">
    <p class='ocr_par' dir='ltr' id='par_1_109' title="bbox 2092 4617 3694 4692">
     <span class='ocr_line' id='line_1_109' title="bbox 2092 4617 3694 4692; baseline -0.004 -13"><span class='ocrx_word' id='word_1_744' title='bbox 2092 4633 2172 4679; x_wconf 88' lang='lat' dir='ltr'><strong>tes</strong></span> <span class='ocrx_word' id='word_1_745' title='bbox 2200 4622 2458 4692; x_wconf 88' lang='lat' dir='ltr'><strong>quasdam</strong></span> <span class='ocrx_word' id='word_1_746' title='bbox 2494 4635 2552 4676; x_wconf 89' lang='lat' dir='ltr'><strong>se</strong></span> <span class='ocrx_word' id='word_1_747' title='bbox 2602 4617 2832 4675; x_wconf 91' lang='lat' dir='ltr'><strong>induens</strong></span> <span class='ocrx_word' id='word_1_748' title='bbox 2879 4626 3309 4686; x_wconf 89' lang='lat' dir='ltr'><strong>consequentes;</strong></span> <span class='ocrx_word' id='word_1_749' title='bbox 3358 4626 3467 4672; x_wconf 88' lang='lat' dir='ltr'><strong>stat</strong></span> <span class='ocrx_word' id='word_1_750' title='bbox 3511 4626 3694 4672; x_wconf 81' lang='lat' dir='ltr'><strong>autem</strong></span> 
     </span>
    </p>
   </div>
   <div class='ocr_carea' id='block_1_110' title="bbox 2091 4709 3694 4788">
    <p class='ocr_par' dir='ltr' id='par_1_110' title="bbox 2091 4709 3694 4788">
     <span class='ocr_line' id='line_1_110' title="bbox 2091 4709 3694 4788; baseline -0.005 -17"><span class='ocrx_word' id='word_1_751' title='bbox 2091 4731 2188 4788; x_wconf 89' lang='lat' dir='ltr'><strong>per</strong></span> <span class='ocrx_word' id='word_1_752' title='bbox 2219 4730 2408 4770; x_wconf 87' lang='lat' dir='ltr'><strong>omnes</strong></span> <span class='ocrx_word' id='word_1_753' title='bbox 2436 4714 2534 4769; x_wconf 87' lang='lat' dir='ltr'><strong>has</strong></span> <span class='ocrx_word' id='word_1_754' title='bbox 2578 4712 2903 4767; x_wconf 87' lang='lat' dir='ltr'><strong>mutationes</strong></span> <span class='ocrx_word' id='word_1_755' title='bbox 2951 4710 3161 4781; x_wconf 88' lang='lat' dir='ltr'><strong>species</strong></span> <span class='ocrx_word' id='word_1_756' title='bbox 3187 4709 3694 4778; x_wconf 84' lang='lat' dir='ltr'><strong>inconvertibiliter,</strong></span> 
     </span>
    </p>
   </div>
   <div class='ocr_carea' id='block_1_111' title="bbox 2092 4801 3695 4878">
    <p class='ocr_par' dir='ltr' id='par_1_111' title="bbox 2092 4801 3695 4878">
     <span class='ocr_line' id='line_1_111' title="bbox 2092 4801 3695 4878; baseline -0.006 -14"><span class='ocrx_word' id='word_1_757' title='bbox 2092 4811 2146 4865; x_wconf 91' lang='lat' dir='ltr'><strong>in</strong></span> <span class='ocrx_word' id='word_1_758' title='bbox 2176 4824 2235 4864; x_wconf 90' lang='lat' dir='ltr'><strong>se</strong></span> <span class='ocrx_word' id='word_1_759' title='bbox 2263 4809 2414 4878; x_wconf 80' lang='lat' dir='ltr'><strong>signa</strong></span> <span class='ocrx_word' id='word_1_760' title='bbox 2444 4822 2564 4876; x_wconf 63' lang='lat' dir='ltr'><strong>qua!</strong></span> <span class='ocrx_word' id='word_1_761' title='bbox 2608 4804 2711 4861; x_wconf 90' lang='lat' dir='ltr'><strong>sibi</strong></span> <span class='ocrx_word' id='word_1_762' title='bbox 2738 4803 2907 4860; x_wconf 89' lang='lat' dir='ltr'><strong>semel</strong></span> <span class='ocrx_word' id='word_1_763' title='bbox 2957 4819 2988 4857; x_wconf 86' lang='lat' dir='ltr'><strong>a</strong></span> <span class='ocrx_word' id='word_1_764' title='bbox 3034 4811 3222 4857; x_wconf 87' lang='lat' dir='ltr'><strong>natura</strong></span> <span class='ocrx_word' id='word_1_765' title='bbox 3261 4811 3387 4857; x_wconf 85' lang='lat' dir='ltr'><strong>sunt</strong></span> <span class='ocrx_word' id='word_1_766' title='bbox 3433 4801 3695 4873; x_wconf 82' lang='lat' dir='ltr'><strong>impressa</strong></span> 
     </span>
    </p>
   </div>
   <div class='ocr_carea' id='block_1_112' title="bbox 2094 4892 3695 4968">
    <p class='ocr_par' dir='ltr' id='par_1_112' title="bbox 2094 4892 3695 4968">
     <span class='ocr_line' id='line_1_112' title="bbox 2094 4892 3695 4968; baseline -0.008 -12"><span class='ocrx_word' id='word_1_767' title='bbox 2094 4917 2202 4956; x_wconf 92' lang='lat' dir='ltr'><strong>non</strong></span> <span class='ocrx_word' id='word_1_768' title='bbox 2230 4900 2513 4963; x_wconf 88' lang='lat' dir='ltr'><strong>deserens,</strong></span> <span class='ocrx_word' id='word_1_769' title='bbox 2561 4897 2757 4968; x_wconf 91' lang='lat' dir='ltr'><strong>quibus</strong></span> <span class='ocrx_word' id='word_1_770' title='bbox 2803 4910 2900 4966; x_wconf 87' lang='lat' dir='ltr'><strong>per</strong></span> <span class='ocrx_word' id='word_1_771' title='bbox 2929 4893 3204 4948; x_wconf 90' lang='lat' dir='ltr'><strong>universas</strong></span> <span class='ocrx_word' id='word_1_772' title='bbox 3231 4892 3476 4962; x_wconf 86' lang='lat' dir='ltr'><strong>corporis</strong></span> <span class='ocrx_word' id='word_1_773' title='bbox 3519 4901 3695 4944; x_wconf 86' lang='lat' dir='ltr'><strong>muta-</strong></span> 
     </span>
    </p>
   </div>
   <div class='ocr_carea' id='block_1_113' title="bbox 2095 4985 3696 5050">
    <p class='ocr_par' dir='ltr' id='par_1_113' title="bbox 2095 4985 3696 5050">
     <span class='ocr_line' id='line_1_113' title="bbox 2095 4985 3696 5050; baseline -0.006 -2"><span class='ocrx_word' id='word_1_774' title='bbox 2095 4995 2274 5050; x_wconf 87' lang='lat' dir='ltr'><strong>tiones</strong></span> <span class='ocrx_word' id='word_1_775' title='bbox 2300 5008 2453 5047; x_wconf 89' lang='lat' dir='ltr'><strong>suam</strong></span> <span class='ocrx_word' id='word_1_776' title='bbox 2483 4991 2730 5046; x_wconf 87' lang='lat' dir='ltr'><strong>notitiam</strong></span> <span class='ocrx_word' id='word_1_777' title='bbox 2757 4989 2974 5044; x_wconf 89' lang='lat' dir='ltr'><strong>retinet.</strong></span> <span class='ocrx_word' id='word_1_778' title='bbox 3004 4985 3378 5042; x_wconf 88' lang='lat' dir='ltr'><strong>Subtrahenda</strong></span> <span class='ocrx_word' id='word_1_779' title='bbox 3406 4992 3487 5038; x_wconf 88' lang='lat' dir='ltr'><strong>cst</strong></span> <span class='ocrx_word' id='word_1_780' title='bbox 3511 4991 3696 5039; x_wconf 87' lang='lat' dir='ltr'><strong>autem</strong></span> 
     </span>
    </p>
   </div>
   <div class='ocr_carea' id='block_1_114' title="bbox 2093 5076 3700 5155">
    <p class='ocr_par' dir='ltr' id='par_1_114' title="bbox 2093 5076 3700 5155">
     <span class='ocr_line' id='line_1_114' title="bbox 2093 5076 3700 5155; baseline -0.009 -11"><span class='ocrx_word' id='word_1_781' title='bbox 2093 5089 2220 5145; x_wconf 90' lang='lat' dir='ltr'><strong>huic</strong></span> <span class='ocrx_word' id='word_1_782' title='bbox 2248 5086 2443 5142; x_wconf 89' lang='lat' dir='ltr'><strong>rationi</strong></span> <span class='ocrx_word' id='word_1_783' title='bbox 2490 5086 2579 5140; x_wconf 90' lang='lat' dir='ltr'><strong>illa</strong></span> <span class='ocrx_word' id='word_1_784' title='bbox 2635 5082 2960 5155; x_wconf 88' lang='lat' dir='ltr'><strong>permutatio</strong></span> <span class='ocrx_word' id='word_1_785' title='bbox 2987 5095 3107 5150; x_wconf 67' lang='lat' dir='ltr'><strong>quae</strong></span> <span class='ocrx_word' id='word_1_786' title='bbox 3153 5076 3352 5148; x_wconf 88' lang='lat' dir='ltr'><strong>speciei</strong></span> <span class='ocrx_word' id='word_1_787' title='bbox 3382 5076 3561 5145; x_wconf 88' lang='lat' dir='ltr'><strong>aliqua</strong></span> <span class='ocrx_word' id='word_1_788' title='bbox 3601 5091 3700 5130; x_wconf 78' lang='lat' dir='ltr'><strong>oc-</strong></span> 
     </span>
    </p>
   </div>
   <div class='ocr_carea' id='block_1_115' title="bbox 2095 5165 3696 5249">
    <p class='ocr_par' dir='ltr' id='par_1_115' title="bbox 2095 5165 3696 5249">
     <span class='ocr_line' id='line_1_115' title="bbox 2095 5165 3696 5249; baseline -0.009 -12"><span class='ocrx_word' id='word_1_789' title='bbox 2095 5182 2317 5238; x_wconf 88' lang='lat' dir='ltr'><strong>casione</strong></span> <span class='ocrx_word' id='word_1_790' title='bbox 2353 5176 2731 5249; x_wconf 80' lang='lat' dir='ltr'><strong>conjungitur;</strong></span> <span class='ocrx_word' id='word_1_791' title='bbox 2779 5189 2905 5229; x_wconf 86' lang='lat' dir='ltr'><strong>nam</strong></span> <span class='ocrx_word' id='word_1_792' title='bbox 2933 5172 3097 5228; x_wconf 89' lang='lat' dir='ltr'><strong>veluti</strong></span> <span class='ocrx_word' id='word_1_793' title='bbox 3135 5169 3366 5224; x_wconf 87' lang='lat' dir='ltr'><strong>alienam</strong></span> <span class='ocrx_word' id='word_1_794' title='bbox 3407 5165 3696 5238; x_wconf 87' lang='lat' dir='ltr'><strong>quamdam</strong></span> 
     </span>
    </p>
   </div>
   <div class='ocr_carea' id='block_1_116' title="bbox 2096 5260 3696 5346">
    <p class='ocr_par' dir='ltr' id='par_1_116' title="bbox 2096 5260 3696 5346">
     <span class='ocr_line' id='line_1_116' title="bbox 2096 5260 3696 5346; baseline -0.011 -16"><span class='ocrx_word' id='word_1_795' title='bbox 2096 5289 2387 5346; x_wconf 83' lang='lat' dir='ltr'><strong>personam</strong></span> <span class='ocrx_word' id='word_1_796' title='bbox 2417 5270 2716 5328; x_wconf 67' lang='lat' dir='ltr'><strong>fwditatem</strong></span> <span class='ocrx_word' id='word_1_797' title='bbox 2757 5267 2923 5323; x_wconf 88' lang='lat' dir='ltr'><strong>sumit</strong></span> <span class='ocrx_word' id='word_1_798' title='bbox 2969 5263 3204 5336; x_wconf 88' lang='lat' dir='ltr'><strong>species,</strong></span> <span class='ocrx_word' id='word_1_799' title='bbox 3246 5277 3408 5333; x_wconf 84' lang='lat' dir='ltr'><strong>quam</strong></span> <span class='ocrx_word' id='word_1_800' title='bbox 3440 5275 3536 5332; x_wconf 89' lang='lat' dir='ltr'><strong>per</strong></span> <span class='ocrx_word' id='word_1_801' title='bbox 3579 5260 3696 5315; x_wconf 82' lang='lat' dir='ltr'><strong>lan-</strong></span> 
     </span>
    </p>
   </div>
   <div class='ocr_carea' id='block_1_117' title="bbox 2097 5352 3698 5434">
    <p class='ocr_par' dir='ltr' id='par_1_117' title="bbox 2097 5352 3698 5434">
     <span class='ocr_line' id='line_1_117' title="bbox 2097 5352 3698 5434; baseline -0.006 -14"><span class='ocrx_word' id='word_1_802' title='bbox 2097 5364 2281 5434; x_wconf 81' lang='lat' dir='ltr'><strong>guoris</strong></span> <span class='ocrx_word' id='word_1_803' title='bbox 2307 5360 2648 5419; x_wconf 83' lang='lat' dir='ltr'><strong>incommoda</strong></span> <span class='ocrx_word' id='word_1_804' title='bbox 2667 5359 2917 5424; x_wconf 89' lang='lat' dir='ltr'><strong>sustinet,</strong></span> <span class='ocrx_word' id='word_1_805' title='bbox 2937 5372 3042 5426; x_wconf 91' lang='lat' dir='ltr'><strong>qua</strong></span> <span class='ocrx_word' id='word_1_806' title='bbox 3071 5354 3281 5410; x_wconf 88' lang='lat' dir='ltr'><strong>ratione</strong></span> <span class='ocrx_word' id='word_1_807' title='bbox 3309 5352 3539 5424; x_wconf 86' lang='lat' dir='ltr'><strong>quadam</strong></span> <span class='ocrx_word' id='word_1_808' title='bbox 3569 5353 3698 5410; x_wconf 86' lang='lat' dir='ltr'><strong>sub-</strong></span> 
     </span>
    </p>
   </div>
   <div class='ocr_carea' id='block_1_118' title="bbox 2098 5445 3697 5523">
    <p class='ocr_par' dir='ltr' id='par_1_118' title="bbox 2098 5445 3697 5523">
     <span class='ocr_line' id='line_1_118' title="bbox 2098 5445 3697 5523; baseline -0.013 -11"><span class='ocrx_word' id='word_1_809' title='bbox 2098 5458 2230 5523; x_wconf 82' lang='lat' dir='ltr'><strong>lata,</strong></span> <span class='ocrx_word' id='word_1_810' title='bbox 2256 5456 2397 5512; x_wconf 86' lang='lat' dir='ltr'><strong>sicut</strong></span> <span class='ocrx_word' id='word_1_811' title='bbox 2416 5471 2447 5509; x_wconf 89' lang='lat' dir='ltr'><strong>a</strong></span> <span class='ocrx_word' id='word_1_812' title='bbox 2473 5454 2714 5509; x_wconf 87' lang='lat' dir='ltr'><strong>Naaman</strong></span> <span class='ocrx_word' id='word_1_813' title='bbox 2744 5451 2903 5523; x_wconf 86' lang='lat' dir='ltr'><strong>Syro,</strong></span> <span class='ocrx_word' id='word_1_814' title='bbox 2936 5448 3022 5504; x_wconf 88' lang='lat' dir='ltr'><strong>vel</strong></span> <span class='ocrx_word' id='word_1_815' title='bbox 3051 5447 3118 5502; x_wconf 90' lang='lat' dir='ltr'><strong>ab</strong></span> <span class='ocrx_word' id='word_1_816' title='bbox 3144 5447 3227 5502; x_wconf 87' lang='lat' dir='ltr'><strong>his</strong></span> <span class='ocrx_word' id='word_1_817' title='bbox 3269 5461 3406 5517; x_wconf 88' lang='lat' dir='ltr'><strong>quos</strong></span> <span class='ocrx_word' id='word_1_818' title='bbox 3449 5445 3697 5518; x_wconf 83' lang='lat' dir='ltr'><strong>Evange.</strong></span> 
     </span>
    </p>
   </div>
   <div class='ocr_carea' id='block_1_119' title="bbox 2101 5541 3698 5618">
    <p class='ocr_par' dir='ltr' id='par_1_119' title="bbox 2101 5541 3698 5618">
     <span class='ocr_line' id='line_1_119' title="bbox 2101 5541 3698 5618; baseline -0.006 -12"><span class='ocrx_word' id='word_1_819' title='bbox 2101 5551 2170 5606; x_wconf 89' lang='lat' dir='ltr'><strong>lia</strong></span> <span class='ocrx_word' id='word_1_820' title='bbox 2201 5549 2461 5615; x_wconf 82' lang='lat' dir='ltr'><strong>referunt,</strong></span> <span class='ocrx_word' id='word_1_821' title='bbox 2490 5561 2676 5603; x_wconf 85' lang='lat' dir='ltr'><strong>rursus</strong></span> <span class='ocrx_word' id='word_1_822' title='bbox 2704 5541 3166 5618; x_wconf 63' lang='lat' dir='ltr'><strong>speciesque-mh</strong></span> <span class='ocrx_word' id='word_1_823' title='bbox 3192 5541 3442 5611; x_wconf 85' lang='lat' dir='ltr'><strong>passione</strong></span> <span class='ocrx_word' id='word_1_824' title='bbox 3474 5541 3698 5610; x_wconf 77' lang='lat' dir='ltr'><strong>latebat,</strong></span> 
     </span>
    </p>
   </div>
   <div class='ocr_carea' id='block_1_120' title="bbox 2102 5632 3698 5705">
    <p class='ocr_par' dir='ltr' id='par_1_120' title="bbox 2102 5632 3698 5705">
     <span class='ocr_line' id='line_1_120' title="bbox 2102 5632 3698 5705; baseline -0.003 -7"><span class='ocrx_word' id='word_1_825' title='bbox 2102 5645 2155 5700; x_wconf 93' lang='lat' dir='ltr'><strong>in</strong></span> <span class='ocrx_word' id='word_1_826' title='bbox 2186 5658 2336 5698; x_wconf 90' lang='lat' dir='ltr'><strong>suam</strong></span> <span class='ocrx_word' id='word_1_827' title='bbox 2362 5641 2606 5696; x_wconf 87' lang='lat' dir='ltr'><strong>notitiam</strong></span> <span class='ocrx_word' id='word_1_828' title='bbox 2638 5638 2932 5705; x_wconf 68' lang='lat' dir='ltr'><strong>revertitur</strong></span> <span class='ocrx_word' id='word_1_829' title='bbox 2955 5634 3234 5705; x_wconf 67' lang='lat' dir='ltr'><strong>sospitate.</strong></span> <span class='ocrx_word' id='word_1_830' title='bbox 3265 5633 3449 5702; x_wconf 81' lang='lat' dir='ltr'><strong>Igitur,</strong></span> <span class='ocrx_word' id='word_1_831' title='bbox 3470 5632 3623 5702; x_wconf 86' lang='lat' dir='ltr'><strong>juxta</strong></span> <span class='ocrx_word' id='word_1_832' title='bbox 3647 5637 3698 5694; x_wconf 85' lang='lat' dir='ltr'><strong>id</strong></span> 
     </span>
    </p>
   </div>
   <div class='ocr_carea' id='block_1_121' title="bbox 2102 5723 3698 5805">
    <p class='ocr_par' dir='ltr' id='par_1_121' title="bbox 2102 5723 3698 5805">
     <span class='ocr_line' id='line_1_121' title="bbox 2102 5723 3698 5805; baseline -0.004 -18"><span class='ocrx_word' id='word_1_833' title='bbox 2102 5733 2246 5805; x_wconf 83' lang='lat' dir='ltr'><strong>quod</strong></span> <span class='ocrx_word' id='word_1_834' title='bbox 2271 5733 2382 5788; x_wconf 88' lang='lat' dir='ltr'><strong>Deo</strong></span> <span class='ocrx_word' id='word_1_835' title='bbox 2412 5739 2495 5786; x_wconf 91' lang='lat' dir='ltr'><strong>cst</strong></span> <span class='ocrx_word' id='word_1_836' title='bbox 2515 5730 2722 5796; x_wconf 89' lang='lat' dir='ltr'><strong>similis,</strong></span> <span class='ocrx_word' id='word_1_837' title='bbox 2747 5727 2891 5784; x_wconf 87' lang='lat' dir='ltr'><strong>nulla</strong></span> <span class='ocrx_word' id='word_1_838' title='bbox 2918 5725 3218 5784; x_wconf 84' lang='lat' dir='ltr'><strong>mutatione</strong></span> <span class='ocrx_word' id='word_1_839' title='bbox 3245 5723 3362 5781; x_wconf 80' lang='lat' dir='ltr'><strong>ﬁuit</strong></span> <span class='ocrx_word' id='word_1_840' title='bbox 3381 5733 3542 5796; x_wconf 83' lang='lat' dir='ltr'><strong>atque</strong></span> <span class='ocrx_word' id='word_1_841' title='bbox 3568 5743 3698 5786; x_wconf 85' lang='lat' dir='ltr'><strong>con-</strong></span> 
     </span>
    </p>
   </div>
   <div class='ocr_carea' id='block_1_122' title="bbox 2105 5817 3698 5896">
    <p class='ocr_par' dir='ltr' id='par_1_122' title="bbox 2105 5817 3698 5896">
     <span class='ocr_line' id='line_1_122' title="bbox 2105 5817 3698 5896; baseline -0.006 -13"><span class='ocrx_word' id='word_1_842' title='bbox 2105 5825 2349 5896; x_wconf 82' lang='lat' dir='ltr'><strong>vertitur,</strong></span> <span class='ocrx_word' id='word_1_843' title='bbox 2365 5822 2457 5881; x_wconf 88' lang='lat' dir='ltr'><strong>scd</strong></span> <span class='ocrx_word' id='word_1_844' title='bbox 2491 5821 2590 5878; x_wconf 86' lang='lat' dir='ltr'><strong>ﬁxa</strong></span> <span class='ocrx_word' id='word_1_845' title='bbox 2622 5829 2924 5893; x_wconf 86' lang='lat' dir='ltr'><strong>permanet,</strong></span> <span class='ocrx_word' id='word_1_846' title='bbox 2949 5817 3180 5893; x_wconf 84' lang='lat' dir='ltr'><strong>idipsum</strong></span> <span class='ocrx_word' id='word_1_847' title='bbox 3202 5830 3416 5887; x_wconf 81' lang='lat' dir='ltr'><strong>semper</strong></span> <span class='ocrx_word' id='word_1_848' title='bbox 3438 5817 3698 5894; x_wconf 74' lang='lat' dir='ltr'><strong>existens,</strong></span> 
     </span>
    </p>
   </div>
   <div class='ocr_carea' id='block_1_123' title="bbox 3176 5913 3249 5972">
    <p class='ocr_par' dir='ltr' id='par_1_123' title="bbox 3176 5913 3249 5972">
     <span class='ocr_line' id='line_1_123' title="bbox 3176 5913 3249 5972; baseline -0.027 0"><span class='ocrx_word' id='word_1_849' title='bbox 3176 5913 3249 5972; x_wconf 79' lang='lat'><strong>13</strong></span> 
     </span>
    </p>
   </div>
  </div>
