4122 6548
446 299 558 358 365

1745 292 2106 354 DIONYSIUS
2143 291 2302 354 EXIG
2311 297 2487 356 UUSI

3657 302 3762 362 395

436 413 746 474 secundum
773 426 933 483 quam
963 409 1279 468 refurutatio
1311 418 1495 467 nostra
1527 408 1763 465 di.inam
1805 410 2053 466 similitu-
2081 416 2132 475 Α
2159 413 2504 484 perquiratur
2547 428 2579 469 a
2606 413 2765 471 nobis
2799 415 2946 487 quod
2993 415 3046 472 in
3073 416 3323 474 ecclesiis
3369 419 3660 491 ambigitur
3700 422 3771 478 de

441 511 630 567 dinem
658 509 927 575 continet;
959 513 1014 561 et
1043 508 1299 575 quoniam
1329 504 1664 562 diii‘erentias
1689 505 1890 578 speciei
1919 513 2058 560 tent-

439 610 888 676 -peramentorum
940 599 1230 670 qualitates
1285 612 1407 668 quae
1453 607 1732 653 mutantur
1782 596 2055 662 efliciunt,

441 695 771 766 temperatio
796 707 932 747 vero
981 691 1111 745 nihil
1143 689 1288 744 aliud
1331 705 1494 760 quam
1547 691 1946 746 elementorum
1975 695 2063 744 est

442 789 684 852 habitus,
719 785 987 842 elementa
1018 792 1200 840 autem
1230 782 1458 838 dicimus
1491 798 1612 853 qua:
1642 782 1904 838 universae
1932 795 2062 837 con-

447 879 640 934 ditioni
670 875 913 946 subjecta
943 882 1090 945 sunt,
1121 889 1188 930 ex
1219 875 1414 944 quibus
1444 883 1498 930 et
1535 869 1831 932 humanum
1861 885 2062 942 corpus

448 969 744 1042 subsistere
774 965 1110 1038 proﬁtemur,
1154 965 1466 1023 necessario
1511 965 1723 1036 species
1765 963 1934 1020 veluti
1963 964 2064 1017 im-

449 1077 636 1134 pressa
664 1060 944 1130 signaculo
969 1066 1252 1131 permanet
1277 1060 1492 1124 animae,
1525 1056 1867 1126 formamque
1890 1055 2061 1125 ipsam

447 1151 802 1224 expressione
875 1159 1183 1222 susceptam
1248 1148 1555 1204 nullatenus
1616 1147 1850 1217 ignorat.
1908 1144 2064 1202 Unde

443 1255 697 1317 tempore
718 1243 1140 1300 resurrectionis
1184 1257 1250 1297 ea
1280 1241 1508 1314 recipiat
1536 1256 1722 1296 rursus
1750 1241 1804 1294 in
1834 1255 1912 1305 se,
1943 1249 2063 1308 quze

450 1337 638 1394 formae
684 1339 784 1411 ipsi
827 1325 1210 1408 congruerint,
1253 1345 1557 1405 congruunt
1587 1345 1767 1391 autem
1799 1335 1888 1390 illa
1917 1349 2066 1404 qua:—

450 1445 668 1501 cunque
695 1430 763 1485 ab
793 1431 948 1484 initio
972 1429 1174 1501 speciei
1205 1431 1504 1502 probantur
1524 1443 1645 1485 esse
1674 1429 1873 1484 inserta
1895 1445 1909 1496 ;
1934 1440 2064 1498 ergo

453 1524 586 1578 nihil
616 1533 772 1578 extra
802 1524 1069 1578 rationem
1121 1522 1351 1588 videtur,
1379 1537 1566 1576 rursus
1595 1537 1661 1576 ex
1695 1518 1968 1576 communi
1997 1517 2064 1573 ad

448 1615 696 1686 singulos
748 1615 925 1670 redire
966 1613 1112 1683 quod
1160 1627 1316 1669 suum
1365 1620 1469 1668 est.
1520 1611 1724 1666 Dicitur
1772 1619 1951 1665 autem
2009 1617 2064 1664 et

448 1708 830 1783 ὐδραργύριον,
881 1704 1028 1778 quod
1056 1713 1342 1774 argentum
1373 1704 1554 1760 vivum
1583 1703 1773 1774 vulgus
1803 1703 2060 1773 appellat,

451 1801 497 1856 si
527 1816 623 1872 per
649 1816 820 1872 prona
861 1814 924 1856 ac
966 1798 1344 1872 pulverulenta
1389 1797 1510 1852 loca
1547 1795 1800 1852 fundatur
1831 1797 1885 1850 in
1926 1797 2064 1867 pilas

452 1891 838 1947 minutissimas
867 1906 966 1962 per
991 1899 1193 1946 terram
1222 1890 1408 1956 dividi,
1440 1904 1544 1946 nec
1565 1888 1673 1946 illis
1694 1888 2068 1945 concurrenti-

453 1982 557 2039 bus
585 1983 817 2038 invicem
875 1997 1037 2053 posse
1068 1981 1303 2038 misceri.
1335 1979 1395 2036 Si
1433 1981 1554 2050 quis
1583 1989 1762 2036 autem
1791 1995 1977 2037 rursus
2013 1979 2068 2034 id

452 2075 599 2146 quod
631 2073 1000 2145 multipliciter
1027 2071 1334 2143 dispersum
1387 2081 1471 2129 est
1523 2072 1580 2127 in
1621 2088 1788 2128 unum
1835 2071 2064 2142 redigat,

455 2165 680 2238 proprio
705 2164 892 2235 generi
918 2161 1123 2219 fontem
1152 2163 1432 2234 conjungi,
1461 2163 1625 2220 nullis
1646 2164 1714 2221 ad
1735 2165 2072 2220 commixtio-

455 2271 579 2312 nem
608 2271 762 2312 suam
809 2254 1278 2326 interiectionibus
1324 2255 1616 2312 irretitum.
1645 2253 1777 2312 Tale
1823 2255 1954 2326 quid
1980 2270 2068 2310 ar-

455 2347 628 2404 bitror
698 2357 974 2420 oportere,
1022 2357 1080 2406 et
1133 2349 1278 2404 circa
1333 2347 1784 2420 compositionem
1836 2348 2069 2404 hominis

453 2439 903 2497 animadvertere.
937 2439 1062 2497 Mox
1093 2443 1236 2498 enim
1269 2449 1325 2496 ut
1352 2457 1385 2496 a
1413 2441 1527 2498 Deo
1548 2441 1776 2498 facultas
1799 2441 1958 2498 fuerit
1985 2449 2070 2498 at-

455 2533 653 2588 tributa
673 2574 690 2602 ,
734 2533 876 2588 ultro
903 2531 1007 2588 sibi
1037 2540 1218 2604 partes
1263 2533 1470 2590 similes
1500 2534 1734 2605 propriis
1764 2534 2070 2591 miscebun-

456 2637 548 2683 tur
577 2627 853 2697 partibus,
903 2626 1022 2683 sine
1052 2626 1157 2683 ulla
1187 2626 1504 2683 difficultate
1533 2626 1652 2698 ejus
1691 2628 1785 2697 qui
1815 2636 2067 2684 naturam

457 2717 762 2774 reformare
799 2717 1069 2786 dignatur.
1114 2715 1248 2772 Nam
1283 2725 1339 2773 et
1368 2718 1424 2772 in
1452 2717 1537 2772 bis
1565 2732 1684 2788 quae
1714 2725 2009 2776 nascuntur
2036 2731 2069 2772 θ

459 2821 605 2865 terra
631 2808 837 2864 nullum
863 2809 1105 2864 laborem
1129 2817 1336 2863 natura:
1364 2809 1754 2878 conspicimus,
1777 2824 1901 2864 cum
1931 2807 2071 2864 triti-

455 2917 603 2970 cum,
638 2901 724 2957 vel
747 2901 1000 2968 milicem,
1028 2901 1116 2957 vel
1143 2900 1273 2971 quid
1296 2899 1444 2955 aliud
1467 2900 1686 2956 seminis
1707 2899 1961 2955 frumenti
1987 2900 2070 2955 vei

455 2994 739 3066 leguminis
769 2994 823 3050 in
850 2993 1107 3058 culmum,
1131 2993 1325 3048 aristas
1347 2992 1633 3066 spicasque
1662 2991 1932 3050 convertit
1952 2990 2069 3046 sine

455 3085 803 3152 difficultate;
835 3097 1071 3154 namque
1120 3083 1262 3140 ultro
1301 3098 1608 3154 congruens
1654 3096 1778 3138 esca
1826 3081 1893 3138 de
1921 3097 2070 3138 com-

2163 508 2358 564 anima:
2386 509 2775 566 constitutione
2803 510 2886 565 vel
2912 512 3179 582 corporis.
3205 510 3538 579 Quibusdam
3567 516 3768 572 etenim

2163 601 2336 656 visunt
2363 609 2469 670 est,
2511 604 2605 672 qui
2637 613 2766 659 ante
2797 618 2899 658 nos
2925 602 2993 659 de
3021 605 3413 675 principatibus
3432 606 3770 678 disputantes

2161 694 2330 750 veluti
2376 695 2666 766 quamdam
2713 695 3076 766 pestilentiam
3103 695 3473 768 protulerunt,
3520 699 3664 768 Qtltd
3719 699 3773 756 in

2163 789 2581 846 conversatione
2607 787 2842 858 propriae
2877 787 3077 842 animai
3104 795 3234 843 ante
3274 790 3591 844 subsistant.
3621 789 3772 846 Sint-

2163 895 2272 952 que
2310 881 2420 937 illic
2459 889 2567 936 tam
2598 881 2820 936 malitize
2843 895 3007 951 quam
3035 881 3250 938 virtutis
3293 883 3544 956 exempla
3577 900 3775 954 propo-

2164 974 2297 1029 sita:
2316 982 2372 1030 et
2391 982 2834 1047 perseverantem
2859 973 3077 1044 quidem
3105 977 3160 1029 in
3179 975 3339 1032 bonis
3364 977 3598 1032 animam
3625 975 3771 1031 nulla

2164 1066 2467 1137 corporalis
2489 1066 2890 1137 conjunctionis
2913 1067 3288 1138 experimenta
3317 1069 3552 1145 sentire;
3573 1070 3616 1124 si
3643 1085 3773 1124 vero

2164 1158 2296 1213 boni
2325 1158 2742 1229 participatione
2765 1157 3070 1227 deﬂuxerit,
3097 1167 3226 1216 tunc
3244 1159 3312 1214 ad
3339 1160 3482 1216 hanc
3499 1163 3667 1216 vitam
3690 1179 3773 1216 re-

2167 1251 2384 1316 cedere,
2416 1260 2581 1323 atque
2606 1252 2659 1306 in
2684 1267 2916 1324 corpore
2937 1252 3286 1308 commorari.
3313 1252 3417 1309 Alii
3442 1270 3570 1310 vero
3599 1255 3772 1308 tradi-

2167 1348 2280 1396 tum
2311 1356 2342 1396 a
2373 1340 2558 1413 Moyse
2585 1341 2831 1397 ordinem
2861 1340 2929 1396 de
2948 1341 3264 1398 conditione
3293 1343 3528 1400 hominis
3555 1344 3772 1400 intuen-

2166 1439 2282 1499 tes,
2312 1432 2556 1488 secundo
2583 1432 2740 1498 loco,
2774 1432 2826 1488 id
2855 1441 2937 1488 est
2968 1440 3094 1503 post
3123 1448 3326 1505 corpus
3356 1436 3592 1491 animam
3619 1437 3772 1506 juxta

2169 1531 2381 1592 tempus
2407 1519 2700 1592 affirmant,
2728 1537 2851 1578 cum
2877 1522 3110 1593 primum
3132 1524 3406 1595 accipiens
3430 1525 3569 1582 Deus
3589 1527 3772 1582 limum

2169 1613 2236 1670 de
2266 1621 2409 1670 terra
2437 1613 2689 1670 formavit
2715 1614 3013 1682 hominem,
3043 1624 3100 1671 et
3123 1615 3197 1670 ita
3227 1631 3323 1686 per
3353 1616 3773 1674 insumationcm

2168 1705 2428 1776 deinceps
2469 1706 2749 1760 animavit.
2783 1705 2896 1762 Hac
2944 1715 3125 1763 autem
3174 1710 3389 1765 ratione
3432 1714 3775 1781 praestantius

2102 1799 2139 1855 Β
2168 1796 2460 1851 ostendunt
2481 1811 2680 1866 corpus
2704 1811 2824 1852 esse
2845 1812 3008 1867 quam
3051 1798 3286 1853 animam
3317 1815 3437 1871 qua:
3463 1809 3546 1856 est
3573 1803 3622 1858 ei
3645 1819 3775 1858 con-

2169 1892 2349 1952 serta,
2399 1899 2468 1938 eo
2517 1885 2664 1954 quod
2709 1893 2838 1940 ante
2884 1885 3173 1940 formatum
3229 1896 3334 1943 est.
3391 1887 3581 1946 Dicunt
3628 1893 3773 1948 enim

2169 1985 2394 2048 propter
2433 1991 2632 2046 corpus
2660 1977 2896 2031 animam
2931 1977 3129 2038 factam
3149 2019 3163 2044 ,
3195 1995 3265 2036 ne
3291 1981 3410 2037 sine
3434 1984 3625 2054 spiritu
3660 1985 3774 2040 for-

2170 2069 2338 2123 matio
2367 2068 2655 2123 immobilis
2687 2077 3049 2139 permaneret.
3083 2068 3256 2127 Omne
3295 2089 3427 2130 vero
3453 2075 3598 2144 quod
3643 2093 3774 2147 pro-

2170 2167 2291 2230 pter
2338 2159 2481 2213 aliud
2530 2158 2782 2226 elﬁcitur,
2827 2161 2987 2216 vilius
3034 2171 3118 2218 est
3161 2162 3406 2234 profecto
3449 2181 3516 2221 eo
3553 2177 3772 2239 propter

2169 2251 2315 2324 quod
2371 2251 2646 2319 clﬁcitur,
2696 2253 2837 2308 sicut
2892 2252 3183 2325 Evangelia
3245 2257 3587 2328 profitentur,
3651 2277 3772 2317 cum

2167 2347 2349 2400 anima
2377 2346 2492 2416 plus
2522 2353 2600 2400 est
2645 2363 2800 2418 quam
2829 2363 2966 2412 esca,
3011 2357 3061 2402 et
3091 2365 3276 2420 corpus
3320 2367 3474 2424 quant
3505 2353 3772 2408 vestimen-

2171 2443 2301 2503 tum,
2340 2435 2467 2505 quia
2495 2444 2717 2506 prepter
2738 2437 2852 2491 hate
2889 2435 2990 2492 ista
3015 2452 3274 2494 concessa
3302 2448 3462 2508 sunt;
3493 2457 3600 2496 non
3629 2443 3773 2498 enim

2169 2533 2393 2596 propter
2430 2541 2609 2580 escam
2650 2525 2791 2581 facta
2831 2535 2915 2582 est
2957 2527 3168 2597 anima,
3207 2545 3305 2585 nec
3333 2532 3770 2590 vestimentorum

2167 2617 2340 2688 gratia
2379 2625 2594 2673 constat
2638 2632 2758 2674 esse
2787 2633 3018 2690 corpora
3046 2618 3312 2688 formata;
3360 2623 3454 2677 sed
3497 2639 3619 2678 eum
3660 2625 3771 2681 haec

2169 2709 2486 2774 existerent,
2518 2709 2608 2764 illa
2633 2717 2855 2780 propter
2877 2727 3030 2774 usuin
3055 2713 3354 2769 necessaria
3386 2725 3510 2770 sunt
3536 2717 3771 2786 provisa.

2169 2799 2436 2868 Quoniam
2483 2802 2648 2872 igitur
2676 2804 2904 2858 assertio
2949 2805 3228 2875 utriusque
3267 2807 3536 2877 opinionis
3563 2809 3773 2880 vitupe-

2169 2891 2382 2948 ratione
2407 2907 2517 2948 non
2548 2902 2721 2962 caret,
2751 2902 2804 2947 et
2835 2908 3024 2948 eorum
3053 2895 3142 2964 qui
3175 2896 3321 2967 prius
3348 2897 3536 2953 vivere
3568 2899 3772 2955 animas

2169 2980 2224 3035 in
2249 2995 2347 3036 suo
2377 2980 2613 3050 quodam
2640 2989 2783 3036 statu
2815 2981 2978 3052 atque
3018 2984 3209 3039 ordine
3243 2987 3551 3055 opinantur,
3594 2998 3650 3042 et
3677 3003 3772 3042 eo-

2168 3088 2289 3130 rum
2317 3073 2408 3145 qui
2435 3088 2528 3129 eas
2556 3082 2680 3144 post
2705 3089 2937 3144 corpora
2978 3085 3190 3131 creatas
3227 3077 3557 3146 existimant,
3589 3094 3773 3134 neces-

457 3178 605 3233 tnuni
633 3177 700 3232 ad
732 3175 1151 3247 uniuscujusque
1179 3176 1572 3248 proprietatem
1597 3175 1818 3232 seminis
1847 3176 2061 3230 transit.
2091 3179 2137 3243 α
2168 3164 2367 3220 sarium
2415 3179 2537 3221 esse
2582 3179 2708 3220 reor
2748 3180 2812 3222 ea
2840 3180 2961 3236 quae
3005 3165 3058 3221 in
3088 3183 3276 3222 eorum
3317 3167 3658 3236 dogmatibus
3685 3185 3773 3223 as-

454 3269 513 3327 Si
559 3270 726 3340 igitur
771 3268 1022 3325 omnibus
1066 3282 1098 3324 e
1150 3275 1296 3326 terra
1331 3267 1664 3338 germinibus
1704 3267 2070 3323 communiter

457 3359 657 3419 humor
685 3361 993 3432 exponitur,
1015 3367 1071 3416 et
1092 3359 1514 3431 unumquodque
1541 3375 1642 3431 per
1660 3375 1786 3416 eum
1812 3359 2066 3425 nutritur,

460 3453 691 3525 etquod
734 3453 836 3510 sibi
877 3454 1156 3524 competit,
1197 3452 1265 3508 ad
1289 3451 1508 3528 propria
1535 3453 1703 3508 trahit
1748 3460 2066 3522 augmenta,

459 3550 586 3621 quid
606 3563 802 3604 novum
815 3548 861 3605 si
873 3556 926 3603 et
938 3549 991 3602 in
1005 3548 1349 3620 reparatione
1365 3555 1560 3603 nostrae
1574 3549 1934 3619 reparationis
1951 3547 2066 3618 (sic)

463 3651 567 3696 hoc
597 3641 715 3708 fiat,
759 3655 879 3696 cum
927 3655 958 3694 a
1001 3639 1224 3710 singulis
1265 3640 1670 3708 resurgentibus
1715 3637 1769 3694 id
1802 3637 1948 3710 quod
1988 3647 2072 3692 est

459 3731 757 3805 propriunt,
786 3732 924 3787 sicut
954 3729 1007 3784 in
1037 3730 1334 3786 seminibus
1364 3729 1579 3797 accidit,
1604 3731 1940 3786 attrahatur?
1963 3728 2067 3800 lgi-

461 3811 551 3877 tur
576 3837 644 3878 ex
673 3807 924 3878 onmibus
953 3821 1211 3895 possibile
1240 3829 1323 3877 est
1348 3821 1625 3878 addiscere
1661 3821 1794 3878 nihil
1823 3832 1974 3877 extra
2005 3837 2070 3876 ea

461 3929 582 3986 qua:
612 3914 769 3970 nobis
796 3915 1133 3984 experientia
1163 3916 1277 3984 ipsa
1309 3925 1436 3969 nota
1475 3923 1600 3971 sunt
1628 3914 2068 3986 prmdicationem

463 4006 881 4062 resurrectionis
908 4006 1162 4061 existere.
1195 4003 1264 4058 Et
1290 4005 1508 4074 quidem
1537 4003 1604 4062 de
1633 4006 1716 4060 his
1735 4021 1856 4076 qua:
1885 4017 2068 4062 nostra

462 4106 621 4162 sunt,
653 4096 704 4151 id
739 4097 883 4166 quod
915 4104 999 4151 cst
1039 4098 1381 4152 notissimum
1412 4097 1628 4153 silentio
1671 4112 1810 4170 pene
1843 4100 2068 4154 transic-

461 4204 614 4258 ram,
649 4191 824 4260 ipsum
853 4188 974 4245 dico
1003 4198 1202 4248 nostra)
1239 4187 1580 4245 formatiouis
1608 4187 1907 4246 exordium.
1938 4189 2072 4256 Quis

463 4286 607 4340 enim
651 4285 858 4340 nesciat
887 4283 1280 4340 mirificenliam
1311 4294 1549 4353 naturm,
1599 4293 1654 4338 et
1681 4284 1808 4354 quid
1838 4284 2071 4354 accipiat

458 4383 703 4432 materna
727 4376 908 4448 vulva,
930 4376 1127 4446 quidve
1149 4375 1424 4447 perﬁciat?
1447 4374 1640 4432 Cernis
1660 4392 1822 4450 quam
1841 4376 2070 4446 simplex

459 4469 860 4540 quodammodo
892 4478 977 4524 est
1005 4479 1058 4525 et
1097 4471 1352 4539 exiguum
1395 4470 1539 4539 quod
1569 4469 1867 4526 visceribus
1895 4470 1947 4525 in
1978 4485 2071 4524 oc-

2172 3263 2427 3310 seruntur
2483 3253 2822 3323 aliquatenus
2885 3255 3190 3327 explorare.
3248 3255 3380 3312 Nam
3435 3259 3481 3314 si
3533 3248 3774 3315 volumus

2172 3354 2525 3415 utrorumque
2551 3344 2862 3415 diligentius
2888 3348 3213 3418 investigare
3242 3365 3547 3417 sermones,
3577 3360 3629 3406 ct
3656 3351 3775 3406 uni-

2175 3452 2358 3492 versas
2388 3437 2616 3508 ineptias
2647 3437 2957 3508 patefacere
2993 3454 3114 3509 quae
3150 3441 3389 3512 ipsorum
3434 3441 3776 3513 opinionibus

2173 3529 2469 3602 probantur
2499 3545 2745 3594 annexm,
2777 3529 2953 3606 spatio
2982 3530 3126 3600 longi
3170 3533 3428 3604 temporis
3454 3533 3774 3602 indigemus,

2173 3633 2228 3684 ct
2251 3620 2371 3676 ideo
2395 3621 2599 3693 paucis,
2630 3625 2766 3676 sicut
2786 3632 2867 3677 est
2889 3623 3164 3693 pessibile,
3194 3639 3255 3678 ea
3286 3639 3405 3693 qua:
3431 3625 3497 3678 ab
3527 3625 3605 3680 eis
3633 3625 3775 3681 dir-ta

2175 3722 2300 3766 sunt
2331 3713 2622 3780 intuentes,
2647 3728 2711 3766 ea
2731 3711 2977 3767 refellere
3007 3729 3113 3768 non
3139 3730 3430 3768 moremur.
3459 3713 3560 3782 Qui
3591 3715 3776 3785 prima:

2174 3804 2494 3876 professioni
2551 3805 2906 3874 patrocinium
2957 3813 3248 3875 praestant,
3308 3815 3364 3861 et
3417 3807 3775 3876 antiquiorem

2173 3898 2475 3952 animarum
2514 3897 2980 3952 conversationem
3021 3907 3243 3968 propter
3284 3898 3421 3954 hanc
3460 3899 3622 3952 vitant
3654 3916 3775 3954 cor-

2174 3991 2322 4060 poris
2360 3998 2640 4058 asserum,
2668 4005 2776 4043 non
2807 3988 2939 4043 mihi
2968 3989 3216 4044 videntur
3243 3991 3520 4060 gentilium
3549 3991 3776 4060 dogma-

2175 4094 2287 4138 tum
2313 4083 2588 4138 erroribUs
2610 4098 2818 4152 carere,
2843 4084 2933 4154 qui
2966 4083 3130 4138 multa
3154 4082 3221 4138 de
3246 4084 3544 4139 animarum
3578 4084 3628 4138 in
3656 4101 3775 4138 cor-

2174 4192 2307 4248 pora
2359 4173 2833 4230 transforinatioue
2882 4173 3124 4230 fabulosa
3185 4175 3475 4230 finxerunt.
3531 4174 3678 4242 Quos
3729 4175 3775 4232 si

2174 4270 2294 4338 quis
2334 4267 2620 4338 diligenter
2662 4267 2955 4333 examinet,
2990 4267 3055 4322 ad
3088 4267 3191 4343 hoc
3221 4266 3546 4321 assertiones
3587 4282 3774 4320 eorum

2176 4357 2395 4431 perduci
2441 4359 2556 4431 ipsa
2605 4357 2930 4413 necessitate
2973 4341 3360 4427 deprehendet.
3395 4355 3548 4424 Quod
3594 4365 3774 4409 autem

2174 4452 2460 4522 quemdam
2493 4450 2740 4506 retulisse
2768 4449 2859 4518 qui
2903 4448 3046 4520 apud
3091 4465 3186 4505 eos
3212 4449 3428 4521 sapiens
3457 4464 3575 4504 cssc
3615 4457 3773 4519 puta-

461 4562 740 4616 casioncm
787 4558 1186 4616 constitutionis
1232 4561 1404 4616 nostri
1452 4561 1698 4632 corporis
1744 4561 2060 4630 deponitur;
2097 4577 2142 4637 ι)
2177 4547 2355 4604 bam".
2401 4541 2545 4612 (μιοά
2590 4541 2754 4637 “fit
2783 4541 3027 4637 ""0"i_‘_0i
3056 4541 3286 4637 rentius.
3317 4541 3510 4637 deinde
3540 4541 3592 4594 in
3623 4540 3776 4637 volu-

459 4657 782 4712 varietatem
812 4670 943 4710 vero
972 4653 1223 4726 perfecta:
1249 4655 1565 4711 substantia:
1589 4656 1709 4726 quis
1736 4656 1936 4728 poterit
1965 4670 2061 4709 ex-

455 4738 664 4820 plicare
693 4748 980 4804 sermone?
1026 4744 1157 4814 Quis
1183 4754 1366 4801 autem
1396 4757 1602 4802 natura:
1630 4748 1936 4802 conununis
1963 4746 2064 4801 hu-

453 4841 753 4914 juscemodi
781 4854 918 4910 opus
942 4856 1060 4896 esse
1090 4855 1455 4910 cognoscens,
1492 4857 1598 4896 non
1630 4840 1886 4911 possibile
1906 4848 2062 4911 putet

456 4949 579 4990 esse
620 4931 765 5002 quod
791 4932 1032 5000 geritur?
1072 4930 1227 4999 Quod
1266 4933 1311 4986 si
1362 4930 1493 4986 illud
1536 4945 1784 5002 parvum,
1817 4939 1873 4984 et
1915 4930 2060 5001 quod

455 5039 599 5096 pene
626 5038 728 5094 pro
769 5022 936 5076 nihilo
960 5022 1196 5091 ducitur,
1229 5022 1389 5091 hujus
1434 5031 1596 5076 tantae
1627 5022 1704 5076 rei
1737 5015 2059 5092 principium

456 5131 578 5172 esse
601 5124 875 5179 noscatur,
909 5128 1159 5180 magnum
1184 5123 1364 5168 autem
1387 5112 1511 5168 dico
1535 5130 1640 5167 non
1663 5113 1836 5168 solum
1860 5113 1925 5167 ad
1953 5112 2063 5167 for-

457 5210 754 5264 mationem
810 5206 1108 5277 reSpiciens
1157 5207 1431 5277 corporis,
1481 5204 1576 5260 sed
1629 5205 1777 5276 prius
1825 5206 2061 5260 animam

457 5307 629 5377 ipsam
652 5318 874 5376 prorsus
899 5301 1256 5356 admiratiOne
1280 5300 1492 5370 dignam
1524 5315 1643 5356 esse
1667 5300 1980 5371 pronuntio,
2008 5306 2062 5354 et

455 5413 520 5453 ea
550 5411 672 5468 qua!
695 5395 837 5451 circa
867 5395 1034 5464 ipsam
1069 5400 1306 5448 mentem
1337 5401 1650 5448 cernuntur.

1025 5503 1255 5562 CAPUT
1293 5501 1488 5572 XXIX.

456 5597 654 5656 Contra
680 5613 768 5654 eos
787 5598 1069 5670 qttirdicunt
1094 5606 1300 5670 exstare
1328 5597 1532 5668 animus
1553 5603 1677 5670 ante
1698 5611 1918 5670 corpora
1942 5610 2060 5659 sua,

527 5669 606 5723 rel
633 5667 924 5723 econtrario
952 5679 1072 5722 ante
1098 5669 1302 5721 animus
1331 5667 1559 5738 corpora
1581 5669 1829 5738 ferriteri,
1875 5667 1928 5719 in
1959 5681 2060 5737 quo

530 5739 770 5812 qutt'dunt
799 5738 1035 5809 fabulosa
1065 5739 1240 5809 opinio
1269 5738 1333 5791 de
1361 5735 1654 5792 animabus.

458 5847 466 5856 ‘
535 5831 672 5888 Puto
702 5844 933 5901 namque
959 5839 1111 5890 extra
1158 5832 1660 5903 propositum-esse
1701 5831 1978 5905 negotium
2006 5838 2067 5884 ut

2173 4652 2292 4691 cres
2313 4636 2638 4700 evolaverit;
2661 4634 2899 4704 itemque
2923 4634 3062 4689 idem
3095 4633 3358 4689 interdum
3381 4631 3696 4695 efﬂorncrit,
3722 4641 3773 4686 et

2171 4729 2237 4783 ad
2274 4737 2607 4799 postremum
2637 4727 2804 4781 vitam
2835 4726 2903 4782 sit
2953 4726 3006 4781 in
3054 4727 3337 4782 humorem
3377 4727 3628 4792 sortitus,
3677 4741 3775 4781 nec

2169 4819 2360 4890 procul
2400 4817 2564 4872 distat
2607 4834 2636 4872 a
2669 4834 2820 4884 vero,
2869 4826 2926 4872 et
2954 4819 3169 4889 quidem
3194 4815 3346 4889 juxta
3372 4817 3628 4888 judicium
3659 4817 3776 4888 ejus

2160 4901 2328 4984 'quem
2365 4910 2490 4964 talia
2530 4909 2775 4982 proferre
2804 4926 2908 4966 non
2940 4910 3148 4981 puduit.
3174 4908 3315 4965 Vere
3357 4926 3589 4979 namque
3617 4925 3778 4962 rana-

2171 5018 2288 5057 rum
2333 5016 2729 5071 corvorumque
2758 5001 3163 5070 gatrulitatibus
3207 5008 3262 5056 et
3307 5001 3776 5056 irrationabilitate

2173 5094 2420 5165 piscium,
2451 5100 2506 5147 et
2535 5093 2793 5147 arborum
2815 5093 3227 5146 insensibilitate
3257 5091 3416 5161 digna
3447 5091 3563 5146 haec
3583 5106 3774 5146 eorum

2169 5183 2422 5252 dogmata
2466 5182 2906 5255 comprobantur,
2939 5198 3058 5253 qua:
3090 5199 3249 5237 unam
3278 5184 3511 5238 animam
3557 5199 3657 5254 per
3697 5171 3777 5236 tot

2169 5290 2257 5330 res
2287 5275 2614 5345 pertran-ire
2643 5274 2986 5329 conlirmaut.
3031 5273 3251 5346 lneptizc
3281 5274 3438 5344 hujus
3466 5274 3580 5330 hate
3611 5289 3774 5329 causa

2172 5376 2275 5437 est,
2307 5367 2450 5438 quod
2479 5375 2606 5420 ante
2635 5365 2929 5421 subsistere
2959 5365 3166 5420 animas
3191 5364 3538 5421 arbitrantur.
3563 5363 3774 5421 Conse-

2171 5469 2400 5531 qucnter
2437 5459 2580 5513 enim
2624 5457 2941 5530 principium
2985 5457 3251 5528 dogmatis
3293 5475 3481 5514 eorum
3526 5459 3578 5512 in
3622 5465 3775 5510 ante-

2171 5557 2313 5610 riora
2347 5551 2574 5608 tendens
2601 5568 2666 5607 ac
2695 5567 3049 5624 promovens,
3085 5567 3254 5621 usque
3285 5551 3352 5606 ad
3382 5551 3496 5607 haec
3532 5560 3773 5605 monstra

2171 5647 2457 5703 delabitur.
2491 5646 2547 5701 Si
2589 5645 2730 5702 enim
2775 5653 2995 5716 propter
3039 5645 3300 5698 malitiam
3346 5645 3577 5714 aliquam
3624 5659 3655 5698 a
3684 5657 3774 5697 su-

2169 5739 2418 5795 blimiore
2447 5745 2592 5795 statu
2616 5738 2872 5793 decidens
2899 5737 3098 5802 anima,
3129 5735 3269 5790 sicut
3291 5743 3567 5797 asserunt,
3599 5736 3770 5789 efﬁci-

2173 5839 2262 5886 tur
2288 5831 2484 5899 homo,
2517 5829 2763 5887 vitiosior
2791 5835 2972 5884 autem
3020 5825 3264 5899 profecto
3307 5834 3388 5884 est
3432 5824 3771 5882 conversatio
