4122 6566
335 364 441 419 597

332 479 634 550 ευτμυνζὶίἰδ
661 494 822 550 quam
869 478 958 533 ilia
984 474 1396 540 inteilcctuaiis,
1444 471 1741 530 necessitas
1769 465 1946 524 omnis
1978 465 2025 522 A

1153 360 1326 416 Laeni
1373 358 1456 413 or.
1500 353 1891 415 CttEATlONE
1930 350 2212 410 uoutxts
2255 345 2825 407 lNTtiRPitETATtO.
3554 320 3588 393 is

2639 459 2865 517 CAPUT
2908 454 3072 513 XXX.

334 580 439 641 est,
470 586 591 627 eam
620 573 675 626 in
706 571 798 625 tali
823 570 928 624 vita
958 570 1219 640 positam,
1265 568 1318 623 in
1346 583 1452 636 qua
1480 565 1665 636 plures
1692 561 1939 618 occasio-

2091 578 2272 633 εδει-εἰσ
2304 575 2446 647 quod
2473 593 2574 655 tum
2597 575 2886 655 eodemque
2931 574 3121 655 anima:
3147 582 3196 626 et
3236 571 3466 642 corporis
3496 574 3588 624 cmi

336 679 432 720 nes
460 662 720 733 peccandi
742 663 934 717 deesse
958 677 1065 716 non
1097 659 1323 731 possint,
1352 657 1699 728 amplioribus
1722 653 1942 710 malitiis

335 756 511 822 attici,
535 765 592 811 et
617 754 950 810 vitiosiorem
982 769 1145 821 quam
1171 761 1333 807 antea
1360 748 1642 806 declarari.
1682 744 1944 802 iluumnm

336 864 467 904 vero
496 848 689 902 anima:
711 846 993 911 sitiesitas,
1021 843 1404 899 irrationabilis
1424 842 1500 897 rei
1520 838 1815 897 similitudo
1836 844 1943 904 cst,

336 942 424 997 cui
468 937 805 995 familiariter
854 938 1111 1007 adjuncta
1173 938 1225 991 in
1283 946 1529 991 naturam
1576 933 1943 1002 jumentorum

338 1032 743 1102 quodannnodo
771 1030 983 1086 recidit.
1017 1028 1197 1085 Semel
1228 1029 1370 1082 enim
1394 1042 1493 1097 per
1520 1024 1777 1091 malitia'n
1819 1035 1945 1092 pre-

344 1142 541 1199 peraus
568 1127 731 1181 etiam
772 1140 894 1180 cum
935 1122 1323 1178 irratinnahiiis
1364 1120 1555 1175 ell'ecta
1596 1116 1786 1183 fuerit,
1829 1124 1947 1170 tan—

342 1236 506 1292 quam
534 1235 566 1275 a
592 1218 856 1287 majorum
886 1214 1257 1288 prepositione
1285 1212 1518 1268 desistit.
1552 1208 1675 1264 Mali
1716 1221 1950 1276 namque

343 1313 507 1366 statio
535 1311 747 1365 virtutis
788 1320 872 1365 est
912 1309 1144 1371 iuitimu,
1168 1307 1342 1370 virtus
1362 1314 1547 1360 autem
1571 1300 1959 1361 irrationabilh

347 1406 447 1459 bus
470 1404 613 1457 nulla
644 1412 746 1457 est.
774 1402 1002 1472 Semper
1032 1401 1195 1469 igitur
1220 1400 1272 1455 in
1302 1396 1457 1468 pejus
1486 1396 1602 1465 ipsa
1627 1391 1951 1449 necessitate

346 1495 661 1559 mutabitur,
697 1495 747 1548 in
781 1493 831 1547 id
873 1492 1017 1562 quod
1047 1500 1131 1546 est
1166 1489 1404 1545 deterius
1428 1486 1798 1557 alijectinsquo
1826 1499 1954 1554 pcr-

351 1589 566 1654 liciens,
616 1595 671 1641 et
718 1587 784 1641 ad
830 1587 934 1640 hoc
963 1585 1107 1657 quod
1137 1592 1440 1640 extremum
1489 1589 1575 1636 est
1622 1579 1735 1648 jugi
1769 1587 1950 1632 muta-

352 1680 497 1734 tione
528 1678 870 1749 pertendens.
902 1673 1055 1733 Sicut
1094 1684 1275 1730 autem
1313 1673 1644 1730 transcendit
1674 1671 1954 1729 rationalis

352 1781 544 1825 natura
570 1769 911 1837 sensibitem,
941 1768 1019 1823 sic
1044 1768 1113 1823 ab
1143 1767 1244 1823 hac
1286 1766 1352 1820 ad
1401 1763 1765 1820 insensibilcm
1795 1776 1955 1817 casus

351 1872 455 1918 est.
479 1861 583 1917 Sed
610 1862 869 1916 hactenus
889 1874 1078 1915 eorum
1104 1872 1284 1913 sermo
1304 1854 1623 1928 procedens,
1650 1853 1775 1910 licet
1796 1860 1949 1906 extra
1985 1841 2031 1902 Β

352 1955 639 2011 veritatem
682 1950 902 2012 feratur,
953 1961 1133 2005 tamen
1175 1947 1410 2018 quadam
1457 1942 1846 2013 consequentia
1887 1956 1953 1995 ex

356 2045 555 2116 ineptis
583 2046 761 2114 inepta
787 2041 1159 2111 consequitur.
1182 2040 1319 2094 ilinc
1340 2037 1505 2093 etiam
1534 2050 1634 2106 per
1661 2034 1802 2088 ineo.
1824 2042 1957 2100 grue

355 2148 410 2196 et
440 2138 788 2210 impinsibilia
813 2135 1110 2191 fabulosum
1140 2133 1220 2189 eis
1256 2131 1451 2200 dogma
1473 2135 1783 2198 generatur,
1816 2133 1960 2195 quon

357 2231 557 2288 animm
585 2235 983 2299 (‘Ottscqueitlel'
1007 2224 1380 2281 mutiimodum
1407 2222 1742 2277 demonstret
1771 2214 1963 2272 interie-

359 2334 494 2380 tum.
519 2325 649 2393 Quae
672 2323 815 2377 enim
837 2321 1005 2377 semel
1028 2337 1057 2375 a
1079 2319 1296 2376 sublimi
1317 2316 1733 2375 conversatione
1754 2309 1962 2377 deﬂuit,

359 2420 414 2473 in
448 2418 592 2471 nulla
626 2431 877 2471 mensura
909 2414 1128 2469 malitia:
1153 2421 1299 2469 stare
1321 2410 1434 2482 jam
1463 2408 1683 2480 poterit,
1713 2404 1808 2461 sed
1838 2420 1963 2474 pas-

356 2512 571 2567 sionruu
603 2507 979 2562 ali-actionibus
1023 2506 1233 2561 irretita
1254 2550 1266 2571 ,
1300 2518 1332 2558 a
1358 2501 1610 2560 rationali
1641 2496 1858 2569 quidem
1899 2494 1967 2559 ad

356 2599 676 2657 irrationale
706 2598 923 2662 transit,
958 2597 1023 2653 ab
1066 2613 1133 2653 eo
1156 2610 1377 2665 quoque
1400 2595 1452 2650 in
1480 2591 1707 2666 virgulta
1736 2586 1968 2644 insensi-

360 2695 490 2749 bilia
524 2692 939 2747 transferentur.
968 2689 1285 2746 lusensibile
1315 2701 1445 2741 vero
1478 2692 1532 2740 ct
1559 2683 1808 2738 exanime
1836 2694 1974 2749 qua-

358 2785 487 2841 dum
524 2786 735 2840 ratione
763 2784 941 2838 vicina
970 2789 1125 2851 sunt,
1155 2779 1405 2836 exanime
1436 2786 1617 2833 autem
1645 2773 1893 2844 sequitur
1920 2770 1973 2826 id

358 2878 506 2948 quod
539 2893 647 2933 non
695 2885 798 2933 est.
845 2876 923 2932 lta
958 2892 1179 2950 prorsus
1206 2875 1309 2929 hac
1334 2887 1523 2929 eorum
1564 2865 1970 2929 consecutione,

359 2970 430 3024 ad
458 2970 509 3024 id
539 2970 683 3042 quod
712 2986 821 3027 non
867 2970 1095 3035 existet,
1144 2967 1323 3023 anima
1352 2964 1674 3028 resolvetur,
1712 2960 1841 3030 quia
1877 2958 1978 3013 im-

359 3061 639 3132 possibilis
667 3070 785 3116 erat
814 3060 864 3115 ei
912 3075 1008 3131 per
1036 3058 1417 3115 necessitatem
1445 3052 1517 3110 ad
1546 3053 1772 3109 meliora
1805 3058 1980 3105 transs

361 3166 583 3223 gressus
612 3170 626 3207 :
659 3152 753 3210 sed
802 3152 946 3207 enim
977 3148 1245 3207 seducunt
1275 3148 1510 3203 animam
1540 3159 1609 3200 ex
1648 3140 1881 3198 dumetis
1910 3136 1978 3193 ad

2468 646 2782 701 subsisteudi
2811 661 2922 704 esse
2952 646 3202 698 videntur.

2119 783 2227 837 Sed
2270 798 2391 837 cum
2422 780 2491 836 sit
2528 795 2663 835 unus
2695 780 2877 845 homo,
2920 778 3010 848 qui
3040 792 3104 833 ex
3149 776 3327 832 anima
3356 782 3571 832 constat
3600 782 3657 831 et

2048 890 2309 944 corpore,
2340 889 2504 927 unum
2547 871 2597 929 ei
2638 879 2692 927 et
2716 884 3001 935 commune
3042 869 3170 923 dare
3198 874 3414 938 oportet
3441 866 3658 921 inf-titus

2049 968 2212 1023 tionis
2243 964 2558 1035 exordium,
2602 980 2670 1021 ne
2698 964 2800 1020 sibi
2850 964 2965 1037 ipse
3012 962 3251 1018 anterior
3280 961 3658 1037 posteriorque

2050 1060 2316 1121 rideatur,
2346 1067 2404 1112 ut
2431 1056 2677 1127 corporis
2700 1057 2839 1111 ineo
2862 1054 3098 1114 conditio
3120 1056 3311 1125 prima,
3344 1061 3398 1109 et
3420 1053 3621 1108 secund
3644 1074 3657 1107 t

2050 1155 2264 1202 constet
2305 1146 2546 1202 alterius.
2587 1144 2651 1199 Et
2681 1146 2733 1200 in
2764 1143 3049 1215 praesentia
3077 1143 3295 1213 quidem
3324 1143 3517 1197 divina:
3549 1142 3659 1197 vir-

2054 1239 2183 1295 tutis
2219 1235 2376 1307 juxta
2418 1236 2685 1291 rationem
2736 1234 2897 1305 paulo
2944 1240 3069 1289 ante
3108 1231 3401 1302 digestam,
3442 1242 3660 1287 omnem

2052 1327 2443 1400 plenitudinem
2499 1327 2748 1382 humana:
2804 1323 3130 1380 conditionis
3185 1331 3312 1379 ante
3368 1323 3661 1378 subsistere

2053 1418 2389 1490 profitemur,
2425 1413 2749 1474 testificante
2794 1415 3031 1483 nobisin
3075 1414 3179 1471 hoc
3227 1414 3519 1486 propheta,
3571 1415 3663 1484 qui

2056 1506 2210 1575 dicit,
2240 1522 2401 1565 nosse
2429 1507 2718 1575 Dominum
2747 1506 2931 1562 omnia
2964 1512 3255 1575 antequam
3288 1503 3435 1559 liant.
3467 1501 3523 1558 in
3554 1505 3666 1559 sin-

2055 1601 2303 1671 gulorum
2333 1614 2465 1656 vero
2504 1597 2934 1655 conformatione
2963 1598 3283 1653 alterutrum
3327 1612 3434 1652 non
3476 1596 3667 1667 praefe-

2058 1694 2225 1747 rimus
2245 1690 2422 1758 alteri,
2454 1705 2555 1748 nec
2581 1697 2708 1745 ante
2734 1703 2932 1760 corpus
2954 1688 3213 1756 animam,
3236 1702 3335 1743 nec
3359 1688 3666 1743 econtrario

2057 1783 2308 1851 dicimus,
2342 1797 2410 1840 ne
2438 1782 2645 1838 divisus
2666 1781 2831 1850 homo
2846 1780 3003 1850 juxta
3026 1778 3386 1847 differentiam
3411 1778 3669 1850 temporis

2059 1875 2110 1945 in
2140 1874 2433 1945 semetipso
2462 1873 2723 1929 discedat.
2766 1870 2902 1927 Nam
2941 1887 3063 1935 eum
3101 1871 3301 1942 duplex
3338 1870 3668 1941 intelligatur

2059 1977 2241 2023 nostra
2266 1972 2458 2021 natura
2490 1964 2787 2032 secundum
2815 1962 3118 2018 doctrinam
3148 1961 3413 2033 Apostoli,
3445 1961 3670 2016 visibilis

2059 2059 2268 2119 scilicet
2287 2056 2523 2112 hominis
2552 2067 2606 2111 et
2636 2054 2871 2118 latentis,
2904 2053 2949 2109 si
2978 2054 3119 2119 aliud
3141 2054 3357 2126 quidem
3388 2063 3515 2109 ante
3544 2055 3669 2110 sub-

2061 2151 2239 2215 sistat,
2273 2148 2417 2203 aliud
2447 2157 2629 2203 autem
2658 2152 2783 2217 post
2809 2145 3175 2217 superveniat,
3210 2142 3520 2215 imperfecta
3551 2147 3673 2223 qui—

2063 2240 2186 2296 dem
2216 2239 2389 2296 virtus
2420 2237 2690 2295 videbitur
2715 2235 3033 2301 conditoris,
3064 2251 3185 2307 quae
3208 2252 3316 2292 non
3339 2236 3495 2291 simul
3526 2242 3676 2296 utro-

2064 2332 2229 2403 bique
2256 2330 2525 2393 suﬂiciat,
2557 2328 2654 2393 sed
2684 2328 2857 2392 diviso
2886 2342 3053 2400 opere
3081 2337 3325 2397 seorsum
3358 2327 3409 2383 in
3440 2327 3676 2398 singulo-

2067 2440 2187 2481 rum
2218 2422 2597 2484 medietatibus
2618 2429 2931 2497 occupetur.
2966 2421 3430 2489 Quemadmodum
3464 2436 3593 2483 vero
3623 2420 3675 2474 in

2071 2516 2251 2573 tritico
2281 2522 2375 2570 aut
2420 2516 2474 2570 in
2504 2515 2612 2570 alio
2641 2514 2884 2585 quolibet
2930 2514 3137 2570 semine
3166 2521 3413 2569 cunctam
3441 2514 3679 2584 speciem

2070 2611 2221 2682 spica
2251 2609 2495 2665 videmus
2534 2607 2765 2685 quadam
2792 2607 3032 2679 potentia
3063 2608 3542 2677 comprehensam,
3575 2608 3680 2663 hoc

2073 2709 2156 2758 est
2182 2699 2387 2773 fenum,
2424 2682 2706 2767 cuiusum,
2738 2697 3071 2769 internodia,
3107 2714 3315 2764 necnon
3342 2696 3570 2753 fructum
3594 2682 3680 2753 at?

2076 2806 2183 2864 que
2210 2790 2425 2865 aristas,
2457 2797 2513 2846 et
2534 2789 2669 2844 nihil
2695 2805 2883 2847 eorum
2911 2796 3035 2843 ante
3063 2789 3357 2845 subsistere
3387 2790 3442 2860 in
3479 2794 3683 2845 naturai

2079 2872 2321 2955 ratione,
2351 2890 2444 2936 aut
2481 2888 2605 2953 post
2637 2879 2885 2947 accidere
2925 2880 3183 2951 dicimus,
3212 2882 3307 2937 sed
3335 2880 3550 2939 insitam
3574 2882 3683 2937 vim

2080 2974 2273 3043 semini
2309 2974 2544 3045 quodam
2570 2974 2801 3029 naturali
2830 2974 3012 3044 omine
3051 2974 3349 3043 declarari,
3383 2990 3482 3031 nec
3523 2976 3684 3031 aliam

2084 3066 2133 3124 ei
2157 3067 2503 3141 superiuduci
2533 3075 2782 3133 naturam
2815 3084 2827 3120 :
2857 3065 3011 3138 juxta
3039 3066 3180 3135 hanc
3208 3068 3475 3124 rationem
3505 3077 3562 3125 et
3588 3070 3687 3136 bu~

2088 3158 2233 3213 mani
2272 3173 2491 3214 causam
2532 3156 2752 3225 seminis
2796 3158 3083 3229 opinamur
3125 3158 3395 3235 existere,
3444 3160 3588 3233 quod
3638 3163 3687 3217 in

364 3244 678 3312 hominem;
710 3257 840 3312 ergo
866 3242 1297 3313 prastautiorem
1327 3239 1492 3294 vitam
1521 3249 1643 3308 qua:
1669 3236 1722 3290 in
1749 3230 1978 3290 dumetis

2090 3252 2260 3324 prima
2299 3250 2700 3307 constitutionis
2737 3250 3027 3317 occasione
3066 3261 3241 3319 satum
3285 3251 3502 3323 quidem
3533 3254 3689 3308 simul

365 3344 449 3393 est
466 3332 702 3390 inodum
749 3334 1184 3391 conversationis
1229 3333 1563 3402 incorporea:
1608 3343 1706 3401 per
1749 3326 1851 3381 ista
1888 3324 1983 3381 de-

368 3436 699 3485 monstrant.
733 3427 1020 3484 Ostensnm
1064 3432 1147 3482 est
1199 3438 1468 3494 namque,
1510 3420 1657 3492 quod
1695 3432 1983 3490 processus

370 3524 570 3579 anima:
601 3522 823 3577 nitentis
853 3520 920 3575 ad
952 3518 1116 3586 mala,
1148 3524 1547 3586 consequenter
1572 3512 1893 3569 devolvatur
1919 3509 1986 3564 ad

371 3617 588 3680 iniima,
622 3613 953 3684 inferiorque
981 3613 1052 3668 sit
1093 3611 1357 3667 exanimis
1386 3616 1579 3664 natura
1607 3620 1768 3676 quam
1803 3605 1983 3659 itiSClt-~

371 3707 564 3772 sibilis,
590 3707 655 3762 ad
674 3720 836 3776 quam
858 3705 1258 3762 extremitatem
1276 3701 1485 3758 initium
1509 3698 1775 3769 dogmatis
1797 3709 1986 3751 eorum

372 3801 617 3855 animam
650 3806 1049 3870 consequenter
1076 3796 1316 3851 adducit.
1349 3794 1455 3849 Sed
1487 3792 1611 3862 quia
1647 3790 1749 3845 hoc
1785 3788 1860 3843 illi
1890 3802 1988 3842 no-

372 3892 513 3961 lunt,
540 3902 633 3948 aut
656 3893 796 3951 intra
823 3892 1095 3948 scnsibilia
1124 3887 1453 3946 concludunt
1473 3886 1732 3949 animam,
1765 3895 1989 3938 necesse

373 3995 490 4055 est,
523 3998 618 4041 aut
647 3987 690 4041 si
721 3986 848 4041 hinc
892 4000 957 4039 ca
1000 3998 1185 4039 rursus
1232 3981 1300 4037 ad
1348 3979 1642 4034 humanum
1691 3973 1989 4029 reducunt,

375 4078 685 4143 meliorem,
715 4078 855 4134 sicut
882 4076 1086 4132 dictum
1116 4082 1227 4139 est,
1257 4072 1489 4142 ligneam
1520 4069 1683 4124 vitam
1716 4066 1900 4138 primae
1929 4063 1992 4117 il-

375 4175 481 4233 lius
510 4170 867 4229 institutionis
919 4166 1163 4232 ostendi,
1205 4162 1643 4237 quandoquidem
1692 4157 1888 4215 exinde
1926 4156 1991 4211 ad

379 4267 643 4324 malitiam
675 4264 813 4318 facta
844 4264 998 4317 ruina
1030 4262 1117 4316 sit.
1143 4256 1281 4313 ilinc
1310 4264 1489 4310 autem
1520 4253 1585 4308 ad
1611 4251 1862 4311 virtutem
1896 4247 1991 4302 tri-

382 4361 655 4419 buebatur
676 4370 955 4411 excursus.
988 4351 1151 4422 igitur
1179 4351 1295 4406 sine
1323 4347 1499 4418 capite
1529 4352 1584 4400 et
1606 4343 1722 4398 sine
1754 4339 1859 4395 line
1878 4339 1994 4395 iure

382 4450 616 4508 assertio
646 4462 767 4503 esse
795 4443 1152 4506 convincitur,
1185 4454 1306 4511 qua:
1335 4437 1542 4493 animas
1580 4432 1723 4508 apud
1750 4446 1811 4487 se
1843 4432 1992 4502 prius

383 4550 585 4614 praeter
614 4539 777 4593 vitam
808 4535 988 4593 carnis
1033 4532 1225 4589 astruit
1253 4530 1464 4605 vivere,
1496 4534 1553 4584 et
1583 4535 1802 4598 pmpter
1830 4523 1986 4578 mali-

386 4636 515 4692 tiam
559 4631 885 4702 corporibus
920 4627 1167 4697 obligari.
1205 4624 1402 4679 Eorum
1434 4640 1563 4678 vero
1601 4621 1690 4692 qui
1716 4618 1989 4688 juniorcm

376 4720 619 4792 corpore
649 4723 883 4777 animam
913 4736 1034 4775 esse
1075 4716 1440 4787 contendunt,
1472 4713 1779 4769 destruetur
1810 4711 1996 4765 incorp

386 4817 622 4882 stantia,
653 4830 751 4885 per
790 4829 853 4870 ea
882 4827 1002 4883 qum
1032 4813 1085 4866 in
1129 4807 1583 4880 consequentibus
1632 4811 1995 4877 expommtnr.

390 4908 735 4981 Quapropter
763 4921 829 4960 ea
873 4889 1163 4978 rejicirnda
1207 4911 1290 4957 est
1330 4900 1468 4955 ratio
1514 4913 1633 4969 qua:
1664 4897 1730 4950 ab
1762 4894 2001 4963 utrisque

380 4984 658 5085 defertur,
686 5014 784 5071 per
813 4988 1053 5061 mediqu
1082 4991 1212 5051 ve’ro
1242 4992 1554 5066 Opiniouuut
1597 5006 1719 5045 reor
1747 4997 2001 5060 oportere

378 5076 867 5181 vdegmanostrum
898 5090 950 5145 in
995 5092 1223 5144 veritate
1266 5086 1516 5157 dirigere.
1553 5083 1647 5139 Est
1688 5093 1866 5137 autent
1900 5084 2003 5136 hoc

396 5177 543 5259 quod
573 5202 674 5241 nec
700 5186 852 5256 juxta
901 5182 1179 5254 gentiliqu
1227 5180 1593 5236 seductionem
1643 5177 1843 5231 malitia
1874 5191 2007 5247 qna-a

397 5277 526 5343 dam
554 5277 841 5350 depressas
870 5277 1080 5341 animas
1126 5275 1425 5346 opinamur,
1473 5286 1608 5343 quas
1652 5271 1723 5325 illi
1755 5270 1898 5342 quod
1939 5270 2006 5323 ad

400 5371 725 5429 rotationem
745 5370 909 5429 totius
923 5369 1053 5441 poli,
1070 5384 1190 5439 qua:
1208 5367 1368 5423 nimia
1390 5365 1677 5421 velocitate
1698 5363 1885 5429 fertur,
1914 5377 2009 5432 per

401 5463 830 5527 itubeciilitatem
854 5478 1180 5520 concurrere
1198 5469 1484 5531 nequeant,
1509 5461 1579 5525 ob
1603 5460 1706 5512 hoc
1732 5458 1783 5510 iu
1810 5465 2012 5511 terram

402 5557 651 5614 recidere
664 5556 1014 5626 proiitcutur;
1035 5570 1135 5610 nec
1148 5570 1332 5608 rursus
1345 5552 1619 5611 hominem
1635 5550 1782 5605 reiut
1802 5549 2010 5615 instans

406 5652 538 5707 tiam
561 5647 791 5719 quadam
815 5647 1167 5719 ratione’ante
1190 5644 1473 5700 formantis
1489 5641 1631 5718 (sic),
1654 5643 1701 5697 ei
1726 5648 2012 5725 propterea

405 5744 638 5800 dicimus
662 5742 894 5799 animam
926 5739 1291 5807 commodari;
1322 5738 1557 5808 alioquin
1583 5734 1902 5794 institutiOni
1931 5735 2012 5790 iu-

387 5848 516 5894 ‘tca:
540 5843 732 5893 natura
763 5834 1109 5903 intelligibilis
1142 5832 1362 5889 inferior
1391 5844 1512 5888 esse
1536 5829 1944 5885 monstrabitur.

2089 3351 2202 3411 est,
2227 3341 2380 3412 juxta
2409 3350 2615 3400 natura:
2656 3341 2973 3415 potentiam,
3009 3341 3248 3417 tenditur
3274 3358 3404 3397 vero
3432 3352 3487 3397 et
3515 3343 3690 3398 decla-

2086 3436 2240 3493 ratur
2267 3434 2499 3509 quadam
2526 3433 2913 3504 consequentia
2944 3433 3197 3499 naturali,
3228 3432 3296 3488 ad
3318 3432 3371 3487 id
3397 3433 3537 3505 quod
3569 3449 3692 3505 per-

2090 3527 2286 3583 l‘cctum
2317 3534 2400 3581 est
2444 3540 2805 3596 promovens,
2856 3540 2959 3583 nec
3000 3524 3200 3595 aliquid
3247 3525 3586 3579 ('Xll‘lllSCtus
3628 3528 3693 3595 ad

2090 3619 2431 3673 occasionem
2476 3631 2589 3670 sua:
2617 3614 2959 3687 porreetionis
2986 3628 3287 3671 assumens.
3334 3614 3694 3685 Setnctipsmn

2093 3724 2324 3778 namque
2353 3707 2419 3762 ad
2451 3707 2501 3761 id
2530 3707 2673 3775 quod
2704 3705 2999 3777 perfectum
3056 3715 3137 3761 est.
3177 3716 3573 3776 consequenter
3602 3725 3695 3761 ex-

2092 3801 2291 3869 tendit,
2324 3802 2397 3855 ita
2426 3808 2610 3855 utnec
2649 3808 2775 3853 ante
2804 3814 3002 3869 corpus
3042 3800 3275 3855 animam
3296 3842 3310 3867 ,
3346 3817 3444 3854 nec
3476 3777 3696 3870 propter

2094 3896 2327 3950 animam
2358 3894 2650 3950 subsistere
2679 3909 2876 3963 corpus
2914 3891 3167 3947 allii-mari
3202 3892 3468 3946 veraciter
3498 3904 3565 3963 ju
3586 3882 3658 3944 'sit
3681 3924 3695 3951 ,

2092 3989 2187 4045 sed
2212 3997 2386 4043 utrum
2410 3988 2480 4042 sit
2502 3987 2670 4042 utrius
2693 3986 3013 4058 principium
3032 3986 3185 4054 juxta
3210 3985 3454 4040 altiorem
3480 3984 3697 4057 quidem

2094 4081 2361 4135 rationem
2407 4079 2457 4134 in
2505 4077 2676 4149 prima
2706 4077 2987 4132 voluntate
3033 4076 3124 4131 Dei
3172 4076 3516 4149 dispositum,
3546 4074 3697 4145 juxta

2095 4173 2324 4227 alterum
2370 4186 2500 4226 vero
2554 4170 2605 4224 in
2656 4168 3023 4240 generationis
3070 4168 3445 4224 occasionibus
3488 4166 3698 4235 institue

2096 4275 2227 4323 tum.
2260 4266 2413 4325 Sicut
2452 4266 2595 4322 enim
2645 4282 2749 4322 non
2793 4273 2971 4337 potest
3016 4264 3380 4321 membrorum
3425 4263 3699 4323 distinctio

2095 4365 2221 4413 ante
2261 4356 2640 4411 formationem
2684 4356 2828 4411 ineo
2866 4354 3009 4426 quod
3041 4356 3105 4410 ad
3133 4356 3547 4426 conceptionem
3578 4371 3699 4410 cor-

2098 4453 2246 4525 poris
2288 4452 2487 4521 jacitur
2542 4450 2762 4522 inspici,
2812 4450 2887 4504 ita
2948 4464 3049 4505 nec
3102 4449 3296 4505 anima:
3342 4449 3702 4520 contemplari

2098 4542 2461 4613 proprietates
2492 4541 2543 4596 in
2574 4557 2640 4595 eo
2671 4540 2925 4613 possibile
2954 4548 3054 4607 est,
3088 4540 3401 4611 priusquam
3426 4550 3626 4597 exeant
3653 4542 3706 4596 in

2103 4634 2432 4706 operationis
2463 4631 2717 4699 effectus;
2750 4641 2804 4688 et
2824 4632 2964 4687 sicut
2994 4632 3171 4688 nullus
3194 4633 3417 4703 ambigit
3445 4633 3497 4688 in
3526 4649 3708 4691 mem-

2106 4724 2327 4781 brorum
2358 4735 2413 4780 et
2440 4725 2705 4781 viseerqu
2734 4722 3049 4781 differentiis
3077 4724 3203 4779 illud
3245 4724 3389 4796 quod
3426 4732 3512 4782 est
3537 4725 3712 4795 depe-

2106 4818 2300 4883 situm,
2330 4816 2543 4884 figurari
2574 4831 2680 4871 non
2720 4814 2821 4869 alia
2850 4814 3081 4886 quadam
3123 4816 3458 4872 sol-.intrante
3489 4816 3711 4872 virtute.

2105 4910 2202 4966 sed
2232 4925 2295 4966 ea
2335 4924 2455 4980 qua:
2483 4908 2681 4965 inserta
2723 4914 2928 4962 natura:
2952 4907 3129 4963 estad
3170 4906 3309 4964 hanc
3336 4909 3709 4978 operationem

2109 5016 2231 5056 sese
2258 5000 2458 5058 virtute
2500 4999 2808 5069 ingerente.
2835 4997 2913 5052 sic
2953 4997 3103 5053 etde
3141 4998 3333 5052 anima:
3361 4997 3654 5068 proportio;
3680 5012 3711 5051 e

2112 5093 2378 5149 rationale
2407 5093 2618 5148 ratione
2643 5091 2892 5146 similiter
2917 5091 3268 5157 arbitrantur,
3295 5092 3418 5161 quia
3443 5072 3546 5146 etsi
3573 5108 3713 5146 tton-

2113 5186 2239 5241 dmu
2295 5199 2391 5265 per
2436 5184 2645 5254 aliquas
2697 5182 2933 5238 visibiles
2978 5181 3326 5252 Operationes
3378 5182 3711 5250 agnoscitur,

2114 5277 2247 5333 nihil
2281 5285 2459 5331 tamen
2483 5277 2535 5331 in
2566 5291 2631 5332 eo
2656 5276 2811 5330 unius
2841 5273 2918 5329 rei
2944 5274 3177 5328 existere
3203 5272 3529 5345 per-ridetur.
3558 5273 3713 5337 Nam,

2115 5369 2256 5425 sicut
2281 5367 2492 5441 species
2514 5367 2673 5425 futuri
2699 5364 2932 5421 hominis
2956 5364 3008 5420 in
3030 5378 3098 5419 oo
3117 5371 3206 5438 est
3228 5363 3276 5419 ri
3298 5363 3529 5435 quadam
3554 5372 3718 5437 atque

2118 5461 2380 5531 potentia,
2410 5459 2541 5515 iatct
2568 5467 2750 5514 autem
2796 5464 3082 5533 propterea
3113 5454 3261 5529 quod
3290 5463 3523 5525 nequeat
3552 5470 3719 5526 appa-

2116 5568 2266 5619 rere,
2316 5554 2627 5624 priusquam
2679 5549 2980 5605 neceSsaria
3030 5546 3344 5604 consecutio
3388 5548 3527 5613 sinat
3559 5556 3720 5619 atque

2116 5644 2411 5716 permittat,
2444 5644 2521 5697 sic
2548 5651 2608 5695 et.
2625 5640 2803 5709 anima
2845 5647 2928 5695 est
2964 5639 3179 5712 quidem
3212 5639 3263 5707 in
3293 5639 3405 5708 illo,
3436 5640 3558 5695 licet
3590 5656 3729 5695 nono-

2116 5740 2243 5793 dum
2275 5742 2565 5807 appareat,
2595 5731 2873 5804 apparebit
2906 5740 3082 5788 autem
3115 5733 3392 5804 proprium
3421 5741 3476 5787 et
3506 5742 3721 5787 natura-

2120 5831 2224 5887 lem
2253 5824 2582 5897 Ojtorationis
2611 5823 2858 5879 cil‘cctnm
2889 5822 3158 5893 corporali
3190 5823 3348 5878 simul
3390 5822 3720 5887 illCl‘Cttlt'ttte
