4122 6566
428 320 549 383 ‘59?

1696 331 1963 391 DlONYSI
1973 333 2059 391 US
2099 332 2423 390 EXIGUUS.

3652 334 3755 391 ιον)

444 442 728 513 proﬁcere.
756 445 887 502 Nam
917 448 1041 518 quia
1071 464 1177 504 non
1208 464 1237 503 a
1268 456 1482 504 mortuo
1513 454 1763 521 corpore,
1795 449 1890 505 sed
1918 466 1947 503 a
1972 449 2041 503 vi-
2074 452 2118 509 Α
2148 465 2290 503 rare.
2323 447 2455 515 Quis
2484 449 2629 504 enim
2675 463 2736 504 se
2783 448 2999 505 intuens
3026 447 3208 505 verbis
3254 447 3517 517 indigeat,
3559 449 3758 517 quibus

447 544 610 589 vente
632 543 794 605 atque
816 548 1075 607 spirante,
1104 541 1274 594 virtus
1296 540 1349 594 in
1371 541 1735 611 conceptione
1757 541 2051 611 peragitur.

445 622 648 680 idcirco
674 627 901 683 dicimus
923 630 1148 685 rationis
1167 646 1307 696 esse,
1333 639 1391 685 ut
1418 640 1692 686 mortuum
1722 642 1778 687 et
1802 632 2055 687 exanime

445 730 554 769 non
582 726 816 785 putetur,
845 720 989 789 quod
1016 737 1046 775 a
1072 722 1289 778 vivente
1318 724 1370 778 in
1402 726 1744 781 occasionem
1774 726 1898 780 vitae
1924 724 2057 780 diri-

445 807 606 873 gitur.
658 806 798 864 Caro
846 827 1080 883 namque
1131 814 1394 869 exanimis
1445 815 1897 885 utique'mortua
1948 822 2051 870 est.

446 896 594 953 Mors
632 901 774 953 enim
802 901 1104 972 privatimne
1132 902 1191 959 tit
1219 906 1433 961 animae.
1463 904 1652 961 Nullus
1682 913 1864 961 autem
1892 921 2056 976 super

445 988 550 1045 hoc
577 991 935 1062 antiquiorem
980 997 1337 1065 privationem
1367 1014 1529 1069 quam
1558 998 1799 1053 habitum
1835 997 2051 1063 dixerit,

445 1081 489 1135 si
522 1090 699 1137 tamen
722 1085 974 1142 exanime
997 1086 1145 1157 quod
1165 1095 1249 1144 est
1271 1097 1545 1144 mortuum
1568 1089 1849 1159 quisquam
1874 1088 2053 1141 anima

445 1170 716 1243 antiquius
744 1185 1037 1233 asseveret.
1088 1175 1143 1234 Si
1174 1180 1295 1249 quis
1323 1188 1503 1234 autem
1552 1177 1858 1233 evidentius
1886 1176 2054 1246 exigit

446 1276 819 1335 argumentum
849 1271 995 1339 quod
1035 1272 1181 1325 vivat
1215 1266 1302 1325 illa
1351 1271 1529 1342 portio
1577 1285 1698 1340 qua:
1728 1266 2051 1340 principium

445 1358 714 1415 formandi
745 1362 991 1417 animalis
1035 1363 1286 1429 ellicitur,
1327 1363 1590 1433 possibile
1625 1370 1680 1417 et
1718 1376 1785 1415 ex
1833 1360 1952 1416 aliis
1980 1359 2053 1414 si—

445 1450 585 1517 gnis,
613 1453 806 1522 quibus
835 1454 1133 1510 animatum
1165 1455 1487 1510 discernitur
1517 1462 1681 1523 atque
1710 1460 1992 1521 separatur
2018 1466 2050 1506 a

446 1554 682 1615 mortuo,
712 1563 875 1618 super
923 1550 1024 1604 hac
1071 1558 1222 1619 parte
1277 1548 1610 1619 conspicere.
1659 1546 2050 1615 Argumentum

446 1650 681 1705 namque
711 1638 888 1695 vitalis
908 1640 985 1694 rei
1015 1640 1083 1695 de
1106 1640 1412 1696 hominibus
1434 1626 1733 1702 sumimus,
1778 1636 1922 1706 quod
1952 1635 2047 1690 ali-

446 1728 566 1795 quis
588 1728 777 1795 caleat,
810 1730 952 1801 quod
985 1739 1281 1797 moveatur,
1306 1730 1450 1802 quod
1479 1738 1735 1800 operetur
1759 1744 1775 1794 ;
1802 1727 2050 1795 frigidum

2158 547 2362 593 natura:
2387 538 2509 608 jura
2556 542 2883 609 cognoscat?
2932 538 3030 595 Est
3073 542 3274 610 quippe
3322 538 3665 606 facillimum,
3700 551 3758 598 ut

2155 634 2277 703 quis
2323 634 2540 689 modum
2575 635 2700 689 vitae
2742 649 2853 689 sua:
2895 635 3278 699 considerans,
3326 643 3384 690 ct
3427 637 3661 706 qualiter
3689 638 3757 693 ad

2155 736 2372 775 omnem
2402 722 2582 777 vitalis
2610 723 2943 793 operationis
2965 722 3216 778 effectum
3241 733 3607 794 opportunum
3635 741 3760 781 cor-

2155 828 2255 883 pus
2285 821 2456 880 gerat,
2489 812 2800 883 expendens
2828 812 3247 876 animadvertat,
3281 827 3407 880 erga
3434 813 3566 882 quid
3595 830 3758 870 occu-

2153 913 2279 974 pata
2310 904 2380 958 sit
2406 904 2600 958 anima:
2628 903 2993 974 primordialis
3020 918 3116 959 seu
3143 905 3325 975 potius
3351 906 3660 974 germinalis
3689 923 3756 963 ex

2154 996 2371 1051 vivente
2391 1011 2621 1066 corpore
2650 996 2950 1053 detractum
2977 994 3194 1067 opiﬁcio
3213 1006 3420 1052 natura:
3437 998 3753 1069 deponitur;

2154 1100 2283 1145 nam
2324 1099 2379 1145 et
2408 1088 2680 1146 fructuum
2710 1090 2968 1146 interiora
3012 1101 3069 1146 et
3100 1092 3338 1147 radicum
3368 1092 3756 1162 pullulamenta

2155 1184 2391 1239 nondum
2422 1184 2630 1254 privata
2655 1183 2996 1239 vivacissimo
3019 1185 3223 1253 vigore,
3247 1200 3367 1254 quae
3394 1193 3480 1240 est
3497 1187 3576 1242 eis
3598 1186 3755 1242 insita

2152 1290 2254 1344 per
2282 1282 2563 1340 naturam,
2598 1290 2719 1330 cum
2752 1283 2910 1330 terra:
2933 1276 3363 1344 committuntur,
3390 1276 3636 1345 quamvis
3663 1291 3757 1332 oc-

2154 1366 2374 1432 cultam,
2393 1375 2570 1420 tamen
2594 1367 2846 1421 mundam
2872 1366 3190 1435 qualitatem
3212 1376 3563 1434 conservant;
3593 1368 3755 1423 talem

2155 1472 2285 1513 vero
2314 1461 2420 1512 vim
2476 1466 2637 1528 atque
2678 1458 2977 1529 potentiam
3032 1475 3141 1514 non
3187 1460 3399 1515 confert
3447 1468 3589 1515 terra
3632 1475 3755 1530 qua:

2154 1550 2418 1615 continet,
2455 1557 2597 1605 terra
2635 1550 2783 1605 velut
2821 1565 2853 1605 a
2895 1557 3066 1606 semet
3113 1550 3449 1606 extrinsecus
3491 1551 3751 1617 largiens;

2154 1641 2394 1711 alioquin
2418 1653 2474 1697 et
2502 1650 2713 1698 mortua
2736 1642 2879 1713 ligna
2909 1643 3113 1699 faceret
3138 1645 3475 1712 germinare:
3498 1646 3591 1700 sed
3610 1646 3755 1715 quod

2154 1743 2237 1791 est
2264 1734 2483 1790 insitum
2512 1734 2763 1805 producit
2790 1735 2857 1790 ad
2887 1735 3061 1791 lucem
3102 1751 3287 1791 amore
3310 1752 3411 1793 suo
3450 1738 3504 1792 in
3536 1738 3755 1793 modum

447 1830 575 1871 vero
606 1826 767 1889 atque
815 1821 1090 1876 immobile
1140 1822 1193 1876 in
1234 1820 1554 1891 corporibus
1602 1818 1733 1874 nihil
1779 1808 1862 1874 est
1904 1817 2049 1874 aliud
2082 1832 2127 1895 Β
2154 1824 2376 1879 nutricis
2396 1824 2542 1893 quod
2569 1823 2869 1893 plantatum
2893 1833 2978 1878 est
3005 1824 3060 1879 in
3092 1824 3273 1880 radice
3296 1826 3363 1880 ad
3383 1825 3669 1882 medullam
3699 1835 3754 1881 et

447 1924 605 1977 qmm
631 1910 753 1981 ipsa
781 1911 1104 1966 mortalitas.
1145 1909 1280 1978 Quia
1323 1911 1485 1981 igitur
1531 1909 1761 1965 calidum
1804 1907 1949 1978 quod
1993 1914 2050 1963 et

446 2016 681 2069 operans
715 2002 952 2058 vidimus
986 2018 1108 2059 esse
1146 2003 1213 2059 de
1242 2018 1349 2074 quo
1376 2002 1666 2073 loquimur,
1712 2001 1838 2056 hinc
1882 1998 2050 2064 etiam,

447 2090 596 2157 quod
641 2092 889 2147 exanime
936 2109 1045 2149 non
1091 2092 1161 2149 sit
1206 2102 1528 2165 argumenta
1574 2093 1895 2161 colligimus.
1938 2089 2048 2147 Sed

448 2180 907 2248 quemadmodum
942 2182 1097 2253 juxta
1138 2183 1386 2254 corporis
1415 2184 1720 2255 portionem
1763 2197 1872 2237 non
1916 2181 2049 2237 illud

448 2271 678 2327 dicimus
706 2287 921 2328 carnem
946 2282 1002 2329 et
1027 2288 1150 2329 ossa
1181 2274 1265 2330 vel
1290 2274 1537 2345 capillos,
1570 2274 1660 2330 vel
1689 2273 2050 2345 quodcunque

449 2359 814 2431 conspicimus
842 2364 895 2418 in
925 2363 1164 2430 homine,
1189 2363 1287 2420 sed
1307 2364 1356 2419 vi
1379 2363 1594 2434 quidem
1615 2374 1777 2434 atque
1807 2364 2047 2434 potentia

449 2465 570 2506 esse
610 2455 804 2507 horum
844 2453 1084 2522 singula,
1128 2452 1367 2508 nondum
1410 2467 1541 2508 vero
1579 2452 1861 2508 visibiliter
1889 2468 2051 2524 appa-

448 2557 616 2600 rere:
658 2543 737 2600 sic
781 2544 943 2600 etiam
987 2543 1142 2614 juxta
1189 2544 1382 2599 animm
1429 2542 1766 2614 portionem,
1819 2543 2047 2598 necdum

447 2635 662 2704 quidem
698 2636 963 2692 rationale
993 2635 1109 2704 ejus
1137 2643 1190 2691 et
1221 2635 1489 2691 irascibile
1525 2642 1581 2690 et
1608 2649 1943 2705 quaecunque
1981 2634 2050 2691 de

448 2728 628 2783 anima
657 2729 1088 2799 considerantur,
1124 2729 1302 2784 locum
1334 2729 1389 2784 in
1430 2728 1522 2783 illo
1550 2727 1751 2783 habere
1780 2741 2049 2782 memora-

447 2835 599 2887 mus,
632 2820 1041 2892 proportionem
1071 2835 1200 2876 vero
1246 2818 1463 2875 formati
1502 2816 1774 2890 corporis,
1820 2825 1876 2872 et
1917 2831 2049 2873 con-

447 2913 861 2967 summationem
903 2911 1068 2967 etiam
1107 2911 1264 2966 simul
1303 2909 1526 2966 effectus
1561 2909 1755 2965 animae
1788 2908 2045 2977 dicimus,

448 3017 569 3057 cum
599 3001 841 3072 subjecto
880 2998 1208 3074 proficimus.
1254 3000 1344 3057 Sic
1391 3000 1534 3056 enim
1579 3000 1850 3071 perfectus
1887 2999 2050 3055 homo

448 3096 592 3151 inter
619 3095 853 3165 majores
880 3094 1089 3151 obtinet
1114 3094 1308 3148 animm
1336 3092 1680 3164 operationes
1700 3090 1972 3157 elfectum,
1996 3088 2049 3145 in

2151 1915 2411 1970 corticem
2442 1930 2731 1986 ramosque
2762 1914 3049 1986 perliciens
3080 1933 3094 1969 :
3127 1916 3272 1985 quod
3302 1918 3575 1985 nequisset
3617 1917 3751 1981 ﬁeri,

2150 2005 2255 2061 nisi
2282 2006 2461 2076 aliqua
2492 2014 2743 2061 conserta
2774 2014 2919 2062 esset
2946 2006 3190 2077 potentia
3220 2008 3499 2072 naturalis,
3518 2022 3637 2077 quae
3660 2025 3754 2064 co-

2150 2102 2367 2166 gnatam
2395 2104 2450 2151 et
2478 2111 2772 2167 congruam
2800 2112 2869 2152 ex
2900 2096 3272 2165 adjacentibus
3298 2099 3606 2155 alimoniam
3637 2107 3753 2155 tra-

2152 2186 2309 2253 hens,
2338 2186 2628 2255 virgultum
2660 2194 2756 2241 aut
2791 2188 3041 2243 arborem
3072 2196 3167 2243 aut.
3192 2189 3394 2259 spicam
3425 2190 3511 2245 vel
3552 2190 3756 2261 aliquid

2151 2290 2219 2335 cx
2248 2276 2554 2348 hujusmoli
2580 2277 2741 2332 rebus
2766 2276 2965 2333 etfacit.

2725 2409 2957 2466 CAPUT
2995 2411 3184 2468 XXXI.

2151 2520 2530 2595 Contemplatio
2570 2523 2807 2596 quadam
2846 2522 3199 2598 medicinalis,
3243 2526 3509 2598 potiusque
3548 2526 3612 2582 de
3638 2544 3754 2583 cor-

2384 2609 2567 2664 porum
2585 2595 2993 2659 constructione,
3020 2597 3199 2666 panr-ic
3220 2595 3519 2651 absolvitur.

2223 2725 2329 2781 Sed
2355 2725 2603 2796 quamvis
2625 2726 2925 2783 certissima
2952 2728 3199 2799 corporis
3225 2729 3394 2784 nostri
3437 2729 3755 2787 formatione

2156 2818 2524 2888 unusquisque
2544 2832 2576 2872 a
2604 2819 2896 2890 semetipso
2918 2819 3199 2889 doceatur,
3241 2836 3307 2875 ex
3336 2822 3530 2891 quibus
3559 2822 3756 2878 intelli-

2156 2908 2234 2976 git
2258 2916 2315 2963 et
2341 2908 2471 2963 vivit
2499 2916 2556 2963 et
2576 2908 2771 2975 sentit,
2804 2920 3052 2964 naturam
3089 2910 3362 2981 propriam
3408 2910 3610 2968 habens
3642 2928 3755 2968 ma-

2151 3000 2376 3069 gistram
2397 3042 2414 3067 ,
2444 3007 2627 3054 tamen
2666 3007 2724 3055 et
2752 3014 2820 3054 ex
2850 2999 2999 3056 libris
3022 3000 3325 3070 sapientum
3346 3042 3363 3069 ,
3393 3002 3483 3071 qui
3514 3002 3613 3056 ista
3644 3013 3756 3057 stn-

2152 3088 2357 3145 diosius
2379 3089 2605 3144 scrutati
2626 3097 2771 3155 sunt,
2788 3088 2869 3144 fas
2884 3098 2967 3145 est
2987 3089 3272 3160 diligenter
3291 3091 3593 3149 addiscere.
3612 3092 3757 3147 Non-

450 3186 675 3242 exordio
725 3202 836 3243 suae
884 3186 1282 3243 constitutionis
1325 3193 1480 3257 aptos
1505 3194 1562 3240 et
1611 3198 1879 3254 congruos
1911 3183 1965 3237 in
1991 3197 2050 3239 se
2078 3213 2125 3278 ο
2156 3181 2288 3237 nulli
2318 3194 2550 3251 namque
2580 3182 2811 3250 qualiter
2839 3182 3125 3252 positionis
3147 3183 3384 3238 habeant
3410 3183 3618 3253 singula
3639 3198 3756 3254 qua:

450 3279 701 3349 praesenti
730 3280 847 3336 usui
877 3281 1067 3335 anima:
1096 3279 1433 3336 demonstrat
1454 3278 1701 3342 adnisus,
1735 3287 1794 3333 ut
1821 3277 1921 3333 sibi
1956 3292 2054 3350 per

450 3371 684 3425 infusam
732 3372 1015 3427 materiam
1064 3371 1399 3443 aptissimum
1455 3369 1785 3425 domicilium
1837 3366 2053 3424 formet.

451 3460 563 3519 Nec
584 3464 728 3519 enim
757 3465 1013 3536 possibile
1042 3480 1161 3521 esse
1204 3464 1472 3519 credimus
1518 3463 1569 3519 in
1602 3463 1789 3519 alienis
1818 3463 2057 3518 :editiciis

452 3555 688 3611 animam
720 3566 1091 3628 competenter
1116 3554 1301 3623 inseri,
1331 3555 1466 3611 sicut
1490 3570 1596 3609 non
1626 3563 1805 3625 putcst
1830 3555 2057 3624 impres—

452 3664 574 3704 sum
618 3664 755 3705 certe
783 3649 1113 3719 signaculum
1145 3648 1332 3703 aliena:
1362 3662 1580 3717 prorsus
1607 3645 1894 3716 sculptura:
1921 3660 2054 3700 con-

452 3749 708 3810 gruenter
730 3741 922 3813 aptari.
948 3740 1410 3809 Quemadmodum
1437 3755 1565 3796 vero
1584 3755 1780 3811 corpus
1801 3754 1867 3792 ex
1889 3752 2057 3807 parvo

453 3831 699 3902 procedit
727 3830 796 3887 ad
827 3832 878 3887 id
907 3832 1049 3902 quod
1075 3839 1159 3888 est
1188 3830 1506 3904 perlectum,
1537 3830 1614 3886 sic
1633 3838 1689 3885 et
1713 3831 2058 3901 operationes

453 3930 721 3979 conserta:
767 3923 960 3978 anima:
1007 3923 1263 3993 subjectae
1304 3923 1553 3978 similiter
1604 3929 1960 3977 concrescunt
2003 3929 2060 3976 et

454 4000 765 4087 proficiunt.
785 4012 1039 4070 Procedit
1058 4015 1274 4084 quidem
1292 4030 1355 4069 ca
1378 4014 1431 4068 in
1455 4013 1624 4084 prima
1648 4013 2053 4078 constitutione,

455 4106 618 4162 veluti
663 4105 912 4177 quaedam
952 4106 1109 4161 radix
1149 4104 1329 4161 abdita
1357 4106 1504 4162 cavis
1537 4104 1908 4161 tantummodo
1937 4122 2057 4176 qua:

454 4200 799 4255 nutrimentis
828 4216 894 4256 ac
937 4200 1281 4257 incrementis
1306 4209 1389 4255 est
1429 4199 1712 4256 distributa
1750 4202 1883 4270 (nec
1912 4202 2055 4256 enim

454 4291 692 4361 parvitas
721 4291 983 4345 sumentis
1035 4290 1264 4361 amplius
1305 4289 1551 4362 recipit),
1604 4288 1799 4346 deinde
1835 4307 1957 4346 c.rm
1989 4290 2057 4345 ad

454 4382 629 4435 lu:cm
663 4381 927 4452 prodierit
947 4382 998 4435 id
1021 4382 1163 4452 quod
1193 4383 1451 4437 insertum
1477 4370 1907 4452 estgermenquc
1930 4399 2058 4453 pro-

456 4472 639 4526 tulerit
672 4491 684 4524 :
720 4482 845 4527 tunc
872 4473 925 4527 in
955 4488 1021 4529 eo
1050 4474 1220 4543 gratia
1251 4474 1517 4530 sensibilis
1547 4473 1864 4539 elllorescit,
1910 4473 2051 4544 jam-

2158 3273 2214 3329 in
2256 3272 2413 3329 nobis
2440 3281 2597 3341 sunt,
2629 3287 2727 3343 per
2754 3288 2873 3327 eam
2914 3286 3075 3342 quam
3106 3272 3301 3329 medici
3340 3273 3522 3329 dicunt
3563 3284 3757 3331 anato-

2157 3367 2345 3436 miam,
2374 3365 2430 3421 id
2472 3374 2556 3422 est
2582 3366 2897 3422 incisionem
2926 3366 3257 3435 singulorum
3301 3366 3566 3422 nodorum
3598 3376 3757 3436 atque

2158 3473 2437 3521 venarum,
2470 3466 2694 3528 propter
2728 3456 2873 3529 quod
2902 3457 3122 3513 ell‘ectus
3151 3457 3205 3512 in
3238 3458 3484 3513 universa
3515 3459 3757 3529 corporis

2158 3552 2527 3608 membrorum
2555 3550 2781 3605 interius
2808 3558 2865 3605 et
2893 3550 3133 3606 exterius
3162 3550 3510 3622 contemplati
3533 3559 3680 3619 sunt,
3703 3560 3758 3608 et

2158 3646 2278 3701 aliis
2306 3643 2635 3710 retulerunt,
2688 3642 2760 3697 ita
2792 3650 2851 3696 ut
2879 3640 3153 3697 sufficiens
3184 3641 3310 3698 huic
3336 3642 3582 3697 humana:
3612 3643 3758 3697 insti-

2161 3734 2352 3789 tutioni
2379 3733 2615 3802 cognitio
2640 3732 2931 3788 studiosius
2958 3732 3235 3787 existeret.
3259 3731 3315 3787 Si
3341 3732 3461 3801 quis
3486 3740 3664 3787 autem
3695 3732 3760 3790 dc

2161 3824 2242 3878 his
2269 3823 2533 3893 perquirit
2562 3821 2629 3877 de
2659 3821 2843 3887 nobis,
2874 3820 3121 3891 profecto
3149 3821 3198 3877 ei
3228 3822 3593 3891 magisterium
3621 3838 3760 3891 prm-

2160 3918 2308 3973 bebit
2334 3915 2597 3971 Ecclesia.
2631 3913 2758 3970 llaec
2778 3914 2921 3969 enim
2945 3914 3301 3986 spiritualium
3332 3915 3417 3970 lex
3446 3923 3531 3970 est
3553 3913 3759 3985 o'vium,

2160 4010 2298 4066 sicut
2327 4008 2585 4065 Dominus
2624 4008 2728 4074 ait,
2758 4016 2817 4063 ut
2844 4007 3142 4063 alienorum
3165 4022 3353 4063 vocem
3384 4023 3492 4062 non
3518 4006 3755 4064 audiant.

2165 4102 2316 4158 Unde
2340 4089 2647 4158 sermonem
2674 4100 2911 4156 breviter
2939 4099 3245 4157 aiferamus.
3276 4100 3400 4157 Tria
3424 4101 3667 4170 quaedam
3692 4101 3762 4158 de

2160 4200 2352 4247 natura
2404 4190 2653 4261 corporis
2708 4188 3055 4259 intelligenda
3103 4189 3477 4260 percepimus,
3529 4205 3759 4258 quorum

2161 4285 2331 4353 gratia
2358 4282 2566 4351 singula
2593 4297 2714 4352 qua:
2744 4283 2796 4337 in
2829 4281 2985 4337 nobis
3012 4289 3140 4336 sunt
3164 4282 3455 4336 constituta
3487 4296 3608 4339 esse
3637 4298 3761 4337 cer-

2161 4382 2381 4430 nuntur.
2414 4373 2669 4440 Qumdam
2721 4386 2951 4441 namque
2999 4380 3222 4441 propter
3269 4369 3473 4436 vitam,
3515 4372 3758 4443 quaedam

2160 4483 2292 4523 vero
2319 4475 2539 4537 propter
2566 4465 2765 4519 bonam
2796 4464 2983 4531 vitam,
3006 4461 3249 4531 quaedam
3270 4461 3336 4516 ad
3360 4463 3761 4518 successionem

370 4582 373 4587 λ
456 4579 562 4635 que
603 4566 915 4620 coalescens
940 4572 995 4619 et
1025 4567 1077 4621 in
1118 4567 1511 4636 magnitudines
1552 4576 1925 4637 competenter
1953 4582 2051 4621 ex-
2085 4592 2133 4652 ι)
2161 4558 2495 4637 posteritatis
2522 4564 2829 4627 opportune
2859 4553 3090 4610 formata
3113 4553 3632 4652 sunt._Qu:ecunque
3658 4554 3763 4623 igi-

455 4668 710 4717 currcns,
743 4653 906 4708 veluti
936 4652 1138 4710 fructus
1167 4657 1381 4726 quidam
1408 4655 1684 4710 rationalis
1713 4656 1882 4710 virtus
1917 4655 2053 4710 inci-

456 4746 536 4816 pit
565 4743 798 4799 elucere.
829 4741 945 4798 Non
975 4744 1117 4798 enim
1148 4745 1323 4799 onmis
1352 4745 1510 4799 simul
1542 4759 1828 4817 apparens,
1860 4744 1903 4799 si
1935 4760 2055 4799 cum

455 4833 797 4890 instrumenti
846 4834 928 4889 sui
984 4832 1315 4904 perfec1ione
1361 4835 1648 4905 diligenter
1698 4848 2051 4900 εχοτεεεθιξε,

455 4934 776 4995 tantumque
803 4941 1020 4996 semper
1057 4925 1417 4993 fructificans,
1449 4937 1710 4996 quantum
1757 4942 1930 4997 capax
1973 4936 2057 4982 est

434 5006 682 5085 subjecti
710 5015 975 5084 potentia.
1003 5014 1060 5070 Si
1080 5030 1210 5071 vero
1235 5015 1286 5069 in
1316 5016 1417 5070 hac
1446 5016 1767 5070 lormatioue
1788 5015 2051 5086 corporis,

428 5116 433 5119 ‘
457 5108 807 5179 operationes
835 5107 1030 5162 animae
1060 5107 1304 5162 fortassis
1334 5107 1578 5177 inquiris,
1610 5104 1829 5162 attende
1858 5115 2053 5162 temet-

432 5201 630 5270 'ipsum
650 5240 664 5266 ,
697 5199 835 5253 sicut
863 5199 938 5252 ait
967 5196 1212 5270 Moyses,
1244 5206 1301 5251 et
1319 5198 1473 5267 quasi
1503 5198 1556 5251 in
1587 5197 1745 5265 libro,
1774 5198 1854 5252 sic
1882 5197 2054 5252 histo-

432 5293 591 5347 riam
621 5289 953 5360 operationis
979 5289 1172 5343 auima:
1201 5288 1477 5359 perleges;
1512 5288 1626 5358 ipsa
1657 5286 1799 5343 enim
1831 5288 1925 5342 tibi
1954 5304 2056 5341 uno

453 5392 576 5437 tura
628 5380 1029 5453 quodammodo
1074 5380 1401 5436 fabulahitur
1448 5381 1597 5435 omni
1643 5394 1744 5436 usu
1790 5381 2057 5437 sermonis

459 5474 746 5541 eﬂicacius,
776 5474 953 5529 varias
978 5472 1034 5527 in
1058 5486 1290 5544 corpore
1314 5472 1698 5544 occupationes
1723 5470 1915 5527 anima:
1941 5471 2056 5527 sive

461 5575 517 5628 in
547 5577 752 5640 anima,
802 5578 918 5631 sive
956 5576 1010 5631 in
1047 5576 1381 5640 universali,
1427 5578 1544 5631 sive
1595 5576 1652 5631 in
1709 5574 2048 5646 particulari

432 5666 781 5722 conditione
805 5668 1208 5725 demonstrans.
1252 5669 1359 5725 Sed
1395 5669 1465 5724 de.
1509 5668 1667 5725 nobis
1692 5667 2044 5737 superfluum

462 5768 597 5830 puto
618 5760 968 5815 sermonibus
998 5777 1179 5833 agere,
1212 5771 1267 5817 et
1293 5762 1463 5818 veluti
1483 5760 1821 5833 quibusdam
1854 5762 2045 5833 procul

462 5861 519 5910 et
539 5862 692 5911 extra
711 5854 978 5913 terminos
1000 5854 1315 5913 constitutis
1337 5855 1601 5913 miracula
1630 5863 1893 5915 consueta
1919 5862 2048 5912 nar~

2166 4662 2250 4707 tur
2272 4653 2324 4706 in
2349 4635 2502 4705 nobis
2527 4648 2655 4704 talia
2677 4647 2890 4714 dentur,
2922 4646 3038 4701 sine
3058 4646 3251 4716 quibus
3270 4644 3504 4700 humana
3530 4652 3764 4715 nequeat

2161 4746 2273 4799 vita
2301 4741 2615 4808 subsistere,
2646 4739 2762 4795 haec
2791 4737 2844 4792 in
2873 4736 3045 4793 tribus
3074 4737 3201 4791 item
3230 4736 3472 4807 partibus
3494 4750 3613 4790 8:88
3639 4750 3763 4789 sen-

2164 4838 2345 4904 timus,
2380 4833 2433 4888 id
2462 4841 2546 4888 est
2574 4832 2627 4886 in
2655 4829 2881 4887 cerebro
2910 4836 2965 4884 et
2992 4827 3155 4884 corde
3184 4836 3238 4882 et
3260 4826 3447 4898 jecore
3464 4845 3477 4894 ;
3509 4841 3765 4896 quaecun-

2164 4946 2271 5002 que
2300 4944 2429 4983 vero
2456 4927 2509 4981 in
2532 4931 2879 4994 augmentum
2898 4921 3165 4985 bonorum
3193 4918 3441 4989 largitate
3470 4923 3675 4972 naturae
3697 4915 3765 4973 ad

2165 5024 2305 5078 bene
2344 5018 2631 5075 vivendum
2659 5012 2866 5071 homini
2904 5011 3101 5068 collata
3138 5018 3293 5077 sunt,
3345 5011 3765 5066 instrumentum

2164 5128 2419 5169 sensuum
2450 5127 2569 5167 esse
2606 5110 2970 5166 declarantur.
3002 5104 3319 5176 Hujusmodi
3363 5105 3563 5176 quippe
3599 5106 3763 5157 vitam

2165 5205 2383 5276 quidem
2414 5210 2653 5258 nostram
2682 5217 2789 5256 non
2817 5199 3115 5265 continent,
3149 5198 3275 5270 quia
3309 5205 3366 5253 et
3393 5194 3781 5252 deﬁcientibus

2165 5314 2231 5354 ex
2275 5297 2357 5352 his
2408 5309 2780 5366 saepenumero
2812 5291 3162 5363 quibusdam,
3203 5288 3553 5346 nihilominus
3579 5288 3766 5343 subest

2164 5387 2402 5453 homini;
2427 5385 2525 5441 sed
2553 5383 2885 5456 impossibile
2910 5390 2992 5439 est
3018 5383 3136 5437 sine
3162 5382 3277 5437 istis
3304 5378 3583 5437 effectibus
3604 5378 3765 5435 vitam

2163 5478 2536 5536 suavissimam
2565 5476 2854 5539 contineri.
2893 5474 3073 5529 Tertia
3103 5488 3321 5544 quoque
3362 5471 3642 5528 divisionis
3684 5470 3765 5525 in-

2163 5571 2335 5625 tentio
2363 5578 2760 5639 consequenter
2796 5568 3016 5636 τρερίοἱι
3056 5566 3123 5622 ad
3162 5565 3521 5623 successionis
3567 5562 3782 5619 omcia..

2162 5658 2301 5715 Sunt
2326 5667 2507 5714 autem
2535 5665 2591 5715 et
2618 5658 2723 5713 alia
2749 5658 2993 5729 quasdam
3024 5665 3220 5729 prmter
3248 5657 3378 5723 inec,
3411 5670 3531 5726 qua:
3552 5654 3619 5709 ad
3645 5670 3763 5725 per-

2162 5755 2518 5811 severantiam
2548 5754 2794 5824 corporis
2835 5754 3193 5809 communiter
3232 5751 3489 5807 membris
3524 5748 3762 5819 subjecta

2162 5856 2287 5907 sunt
2315 5845 2586 5912 omnibus,
2614 5844 2959 5911 operationes
2988 5860 3053 5902 ex
3075 5855 3134 5905 se
3156 5857 3425 5912 congruas
3455 5843 3764 5904 atterentes,
