4122 6562
344 493 449 551 ἆοῑ
1143 485 1323 545 LIBRI
1363 484 1450 543 DE
1481 483 1872 545 CREATlONB
1910 480 2191 542 HOMINIS
2228 476 2805 540 lNTERPRETATIO.
3544 480 3664 536 50!

342 616 484 685 βίουῑ
504 618 695 667 "me?
715 616 773 667 εί
790 608 998 681 immo:
1019 606 1108 663 hic
1130 606 1347 677 quidem
1366 604 1578 676 θΡίτίῑυν
1601 619 1763 676 quem
1786 602 1952 658 sum“
1979 610 2025 667 Α
2053 620 2274 677 duriore
2301 618 2645 689 superﬁciem
2667 632 2788 689 qum
2829 614 3114 689 passiones
3143 613 3308 671 ferret
3351 612 3669 671 involvens-

345 722 409 762 ac
435 703 610 760 reddit
638 701 811 767 cordi,
843 699 1182 768 signaculum
1228 695 1484 768 perflans,
1517 696 1608 751 ille
1635 709 1767 751 vero
1801 692 1955 749 cibos

2098 710 2192 765 Luic
2221 709 2386 777 igitur
2412 708 2617 763 ossium
2645 717 2851 762 natura:
2870 705 3228 772 solidissirme,
3251 704 3416 760 veluti
3436 705 3655 775 quibus~

345 796 643 853 visceribus
693 794 747 849 in
791 806 1080 848 commune
1124 788 1446 858 suscipiens.
1495 787 1630 842 Cum
1671 786 1751 841 sic
1794 785 1957 853 igitur

2098 817 2179 855 am
2216 801 2485 857 columnis
2526 800 2725 855 molem
2772 797 3163 854 sustinentibus
3204 797 3369 852 totius
3410 797 3681 865 corporis.

348 889 601 946 formatio
626 894 809 942 nostra
836 883 1125 944 dividatur,
1157 879 1465 948 diligentius
1494 877 1809 934 intuendqu
1837 883 1954 940 est,

2098 909 2193 948 nus
2238 891 2515 961 imposuit.
2543 889 2657 945 Nec
2691 890 2921 947 indivisa
2977 897 3073 944 aut
3120 889 3411 944 indiscreta
3458 887 3667 955 ubique

346 980 494 1052 quod
531 995 639 1035 non
684 975 1004 1047 simpliciter
1048 988 1149 1044 per
1178 987 1345 1027 unum
1391 970 1610 1040 aliquod
1656 967 1958 1023 membrum

2098 981 2246 1037 adem
2294 996 2418 1036 ossa
2465 981 2767 1050 compegit,
2815 980 3055 1049 alioquin
3106 979 3399 1035 immobilis
3443 985 3501 1033 et
3542 978 3665 1031 sino

349 1071 431 1125 vis
457 1067 546 1125 illa
586 1084 708 1140 qua:
747 1066 816 1121 ad
846 1065 1011 1119 vitam
1061 1068 1300 1117 nostram
1331 1061 1569 1131 pertinet
1609 1059 1958 1128 transigatur,

2098 1073 2376 1142 peratioue
2403 1072 2715 1136 mansisset,
2741 1078 2797 1125 et
2815 1071 2861 1126 si
2876 1071 2950 1125 ita
2978 1069 3168 1126 fuisset
3189 1070 3354 1125 homo
3375 1067 3662 1133 fomiatus,

352 1162 444 1219 sed
468 1160 712 1234 plurimis
733 1156 973 1229 partibus
993 1154 1311 1210 occasiones
1332 1151 1487 1206 nobis
1508 1150 1575 1205 ad
1594 1149 1962 1207 conservatio-
2062 1158 2228 1218 γειυιί
2250 1163 2498 1234 quamam
2524 1162 2688 1217 arbor
2708 1162 2763 1216 ίη
2789 1177 2899 1217 uno
2919 1162 3043 1217 loco
3070 1161 3392 1226 consistens,
3415 1174 3537 1215 cum
3564 1173 3666 1214 nec

352 1268 478 1309 nem
505 1260 747 1307 nostram
778 1256 970 1303 natura
999 1245 1290 1301 distribuat
1317 1241 1619 1297 necessaria
1649 1240 1715 1295 ad
1747 1238 1965 1293 univer-
2061 1252 2269 1308 alterna
2297 1267 2516 1309 crurum
2547 1252 2790 1308 ιῃοιίοηθ
2819 1252 2873 1306 in
2895 1251 3168 1307 anteriora
3195 1249 3534 1322 procederet,
3568 1264 3670 1304 nec

354 1356 473 1398 sum
503 1354 733 1412 corpus,
769 1338 842 1392 ita
883 1344 945 1391 ut
982 1348 1320 1405 quascunque
1345 1331 1413 1386 ad
1439 1330 1707 1388 cautelam
1748 1329 1873 1383 vitae
1899 1342 1965 1383 ac

2098 1356 2323 1396 manuum
2348 1339 2650 1396 ministerio
2674 1340 2798 1395 vitm
2817 1340 2938 1410 ejus
2957 1339 3320 1396 commoditas
3357 1346 3669 1410 appareret.

355 1430 812 1503 pulchritudinem
836 1427 1027 1483 eadem
1051 1433 1243 1481 natura
1266 1431 1352 1479 est
1370 1422 1583 1490 molita,
1611 1420 1726 1475 haec
1747 1418 1965 1475 videan-

2098 1430 2220 1487 lunc
2250 1440 2431 1486 autem
2456 1443 2737 1499 gressuum
2765 1440 2820 1485 et
2841 1439 3058 1487 actuum
3089 1432 3193 1487 hac
3220 1431 3529 1502 provisione
3561 1428 3672 1485 for~

358 1533 445 1578 tur
471 1538 596 1579 esse
622 1536 783 1592 quam
813 1519 1043 1591 plurima
1061 1560 1075 1585 ,
1110 1518 1335 1572 multam
1365 1516 1665 1571 adinvicem
1708 1512 1964 1569 differen-

2098 1534 2276 1581 uatum
2303 1533 2389 1580 est
2416 1525 2853 1590 instrumentum,
2894 1534 2955 1579 ut
2996 1532 3299 1595 spontaneo
3344 1524 3536 1595 spiritu
3579 1523 3672 1592 qui

359 1617 490 1670 tiam
536 1630 756 1683 prorsus
804 1612 1084 1667 habentia.
1126 1609 1234 1665 Sed
1275 1608 1510 1664 arbitror
1536 1605 1782 1662 dividere
1821 1603 1969 1674 prius

2098 1619 2253 1675 nervis
2290 1619 2524 1675 insertus
2550 1627 2654 1683 est,
2683 1618 2919 1674 ultronei
2967 1627 3147 1672 motus
3188 1616 3437 1686 corporei
3485 1614 3674 1670 confe-

361 1714 617 1774 oportere
646 1702 883 1759 breviter
910 1702 1087 1773 prima
1135 1699 1396 1772 principia
1440 1714 1562 1768 quae
1600 1698 1667 1753 ad
1708 1696 1969 1753 constitu-

2098 1721 2281 1767 antur.
2310 1711 2449 1767 Hinc
2472 1711 2870 1767 administratio
2898 1726 3152 1765 manuum
3179 1710 3329 1765 varia
3354 1717 3519 1780 atque
3538 1708 3675 1763 mul~

362 1796 565 1852 tionem
593 1794 719 1849 vitae
745 1801 946 1849 nostra:
975 1792 1247 1864 pertinere
1293 1798 1692 1855 monstrantur;
1744 1789 1970 1843 materia
2074 1803 2242 1873 [ijex
2270 1810 2329 1857 ει
2369 1800 2929 1857 accommodatissima
2967 1801 3034 1855 ad
3072 1816 3234 1856 omne
3265 1815 3487 1871 prorsus
3514 1815 3674 1855 emo.

364 1901 495 1942 vero
524 1886 691 1940 totius
727 1884 978 1955 corporis
1005 1897 1127 1953 quas
1168 1881 1531 1938 communiter
1572 1878 1829 1935 membris
1856 1878 1970 1933 sin-

2098 1893 2294 1961 ;itantis
2336 1892 2596 1957 officium,
2639 1891 2765 1948 hinc
2813 1892 3047 1948 cervicis
3091 1892 3333 1957 ἰιιιινιὶο,
3378 1899 3437 1945 ει
3485 1890 3692 1960 capitis~

365 1980 507 2050 Ευιίε
532 1977 800 2048 Simiae“,
832 1992 975 2032 nunc
1005 1991 1036 2031 ³
1066 1975 1222 2031 ηοδίε
1245 1981 1329 2054 θβῑ
1358 1971 1656 2037 reticenda:
1684 1987 1805 2028 cum
1836 1971 1967 2026 nihil
2002 1976 2046 2035 Β
2074 1984 2351 2041 inclinatio
2381 1994 2545 2054 atque
2572 1984 2795 2049 erectio,
2822 1994 2878 2038 et
2922 1984 3064 2038 circa
3109 1993 3349 2038 mentum
3394 1981 3678 2039 efficientia

366 2071 435 2125 ad
460 2083 697 2141 prmsens
723 2067 1085 2138 propositum,
1107 2064 1177 2119 ad
1209 2050 1588 2136 paiticularem
1630 2059 1971 2131 contempla-

367 2166 576 2220 tionem
621 2159 940 2217 universalis
969 2166 1172 2213 naturae
1200 2155 1495 2227 disputatio
1518 2161 1766 2224 spectare
1792 2152 1974 2207 videa-

368 2262 478 2309 tur.
520 2251 747 2309 Cunctis
801 2263 931 2319 ergo
976 2247 1269 2304 fatentibus
1313 2246 1554 2302 omnium
1580 2244 1974 2299 elementorum

371 2363 495 2419 quae
522 2349 579 2403 in
608 2348 714 2402 hoc
739 2344 941 2401 mundo
968 2352 1095 2399 sunt
1123 2343 1175 2398 in
1203 2342 1358 2397 nobis
1384 2342 1618 2395 existere
1646 2339 1976 2409 portionem,

369 2440 532 2499 calidi
563 2440 772 2496 scilicet
801 2454 866 2494 ac
893 2436 1099 2508 frigidi,
1129 2450 1342 2492 necnon
1383 2442 1439 2490 et
1465 2434 1689 2489 alterius
1715 2432 1975 2502 conjuga-

371 2534 556 2600 tionis,
587 2548 707 2605 qua:
736 2533 790 2587 in
824 2533 1051 2587 humore
1082 2544 1146 2586 ac
1171 2529 1414 2585 siccitate
1443 2527 1723 2592 consistit,
1765 2525 1835 2581 de
1862 2525 1976 2580 sin-

371 2626 513 2696 gulis
541 2640 572 2680 a
616 2623 771 2679 nobis
810 2629 895 2678 est
937 2622 1126 2691 utique
1169 2618 1564 2675 disserendum.
1616 2615 1981 2685 Perspicimus

373 2717 561 2786 itaque
592 2724 702 2769 tres
744 2728 867 2769 esse
894 2710 1318 2781 dispensatorias
1349 2707 1469 2763 vitae
1499 2707 1799 2778 potentias,
1846 2720 1983 2774 qua-

375 2821 495 2862 rum
522 2820 628 2860 una
657 2804 874 2874 quidem
916 2802 1226 2857 universum
1256 2800 1514 2855 mundum
1543 2798 1727 2854 calore
1765 2796 1983 2867 proprio

380 2897 626 2963 refovet,
679 2896 849 2950 altera
878 2909 1009 2949 vero
1037 2893 1334 2947 madefacta
1364 2891 1591 2945 humore
1618 2886 1763 2958 quod
1803 2886 1985 2941 calore

377 2988 690 3047 confectum
716 2996 823 3051 est,
854 2987 926 3041 ita
955 2994 1013 3041 ut
1039 3001 1191 3054 :cqua
1216 2983 1480 3055 temperie
1503 2982 1702 3037 animal
1731 2980 1784 3035 in
1807 2980 1987 3036 medio

379 3100 449 3141 ex
478 3083 752 3140 contraria
772 3081 1035 3153 qualitate
1064 3088 1329 3145 servetur,
1359 3086 1625 3151 quatenus
1654 3092 1756 3133 nec
1794 3077 1989 3132 humo-

378 3191 496 3233 rem
524 3174 753 3243 desugat
791 3174 988 3229 caloris
1017 3172 1343 3227 abundantia
1364 3213 1378 3237 ,
1423 3187 1526 3227 nec
1555 3171 1792 3227 calorem
1834 3171 1991 3241 copia

382 3266 625 3322 humoris
654 3265 980 3335 exstinguat.
1015 3263 1106 3320 Vis
1131 3273 1308 3318 autem
1342 3264 1501 3318 tertia
1524 3278 1621 3333 per
1639 3262 1987 3333 semetipsam

2076 2078 2345 2147 qumdam,
2374 2077 2754 2147 palpebrarum
2796 2092 3014 2146 quoque
3052 2076 3325 2141 collectio,
3358 2076 3518 2132 simul
3559 2092 3681 2131 cum

2079 2168 2360 2223 intellectu
2416 2169 2743 2238 proveniens
2788 2176 3132 2224 cmterorum.
3194 2167 3460 2233 Quoniam
3520 2167 3682 2222 etiam

2082 2268 2262 2315 motus
2290 2260 2403 2329 ipse
2432 2259 2801 2314 membrorum
2833 2257 3012 2313 nervis
3041 2256 3474 2312 extendentibus
3500 2270 3683 2311 ac-re-
3728 2261 3742 2292 θ

2081 2351 2407 2415 laxantibus,
2435 2351 2601 2405 veluti
2627 2350 2949 2419 quibusdam
2981 2349 3244 2405 machinis
3292 2357 3550 2419 operatur
3588 2348 3684 2401 im~

2081 2442 2290 2514 pulsus,
2318 2449 2560 2512 potestas
2586 2450 2769 2496 autem
2801 2456 2897 2511 per
2923 2441 3038 2496 lucc
3062 2441 3114 2495 vi
3157 2456 3253 2495 sua
3298 2440 3476 2495 nitens
3519 2454 3684 2509 spon~

2084 2545 2302 2593 taneu:u
2333 2538 2475 2607 gerit
2521 2536 2823 2606 imperium,
2866 2552 2932 2592 ac
2957 2537 3266 2592 voluntario
3296 2537 3488 2607 spiritu
3533 2535 3684 2605 juxta

2083 2627 2370 2697 quamdam
2390 2636 2594 2683 naturae
2614 2629 3073 2698 dispensationem
3096 2629 3148 2683 in
3165 2630 3391 2698 singulis
3410 2629 3686 2699 proprium

2084 2720 2422 2775 demonstrat
2463 2718 2733 2775 effectum.
2769 2720 3025 2775 Radicem
3072 2721 3236 2790 igitur
3281 2729 3445 2790 atque
3484 2720 3686 2792 princi-

2085 2813 2233 2885 pium
2256 2812 2495 2867 omnium
2529 2820 2773 2867 motuum
2803 2812 2892 2882 qni
2922 2828 3021 2883 per
3062 2826 3257 2867 nervos
3286 2810 3429 2867 eilici
3457 2812 3687 2867 credun-

2088 2910 2196 2967 tur,
2220 2902 2587 2958 membranam
2614 2902 2761 2955 illam
2781 2918 2886 2972 qua
2907 2901 3191 2958 cerebrum
3219 2902 3529 2957 continetur
3546 2916 3688 2955 coni.

2089 3005 2308 3067 pactum
2336 2995 2517 3051 nervis
2546 3009 2668 3051 esse
2696 2994 3008 3065 perclaruit.
3036 2994 3154 3049 Non
3178 2995 3339 3063 igitur
3367 2994 3691 3048 arbitramur

2090 3086 2205 3157 jam
2234 3086 2501 3143 curiosius
2531 3101 2630 3141 nos
2661 3084 2859 3141 debere
2885 3086 3201 3156 perquirere
3221 3084 3289 3140 de
3305 3084 3501 3139 ell'ectu
3522 3097 3695 3139 mem-

2091 3178 2314 3233 brorum
2350 3176 2619 3241 animalis,
2650 3191 2773 3231 cum
2806 3175 3180 3245 hujuscemodi
3202 3183 3383 3230 motus
3413 3174 3484 3230 sit
3526 3174 3579 3228 in
3607 3188 3697 3229 ce~
3763 3175 3766 3183 ’

2094 3268 2241 3324 rebri
2282 3267 2607 3323 formatione
2650 3266 2976 3323 declaratus.
3006 3265 3162 3333 Quod
3210 3274 3392 3321 autem
3432 3265 3697 3320 maximus

383 3355 534 3426 juxta
560 3353 848 3425 quamdam
899 3353 1306 3422 congruentiam
1354 3362 1518 3423 atque
1563 3352 1988 3408 modulat?onem
2022 3348 2065 3410 C
2096 3360 2252 3429 vigor
2271 3358 2340 3413 ad
2367 3359 2625 3414 tuendam
2646 3359 2813 3413 vitam
2845 3357 3000 3414 nobis
3031 3373 3061 3412 a
3106 3358 3333 3415 cerebro
3368 3355 3698 3418 conferatur,

383 3447 628 3503 membra
664 3460 785 3514 qua:
826 3443 1080 3497 distincta
1126 3450 1253 3497 sunt
1299 3443 1573 3507 continet,
1624 3442 1737 3497 suis
1780 3458 1844 3499 ea
1891 3458 1989 3497 co-

384 3551 584 3613 aptans
629 3539 890 3605 vinculis,
940 3548 998 3593 et
1043 3539 1295 3593 omnibus
1360 3553 1667 3608 prmrogans
1727 3552 1823 3607 per
1873 3552 1993 3592 sese

387 3634 647 3689 mobilem
696 3640 1162 3701 spontaneamque
1208 3630 1494 3694 virtutem,
1550 3644 1673 3699 qua:
1724 3630 1772 3684 si
1818 3630 1991 3694 desit,

384 3727 627 3783 solutum
698 3732 757 3780 et
831 3722 1108 3778 immobile
1183 3736 1384 3792 corpus
1457 3721 1677 3787 existit,
1747 3721 1991 3776 ultronea

388 3814 610 3887 spiritus
686 3813 975 3868 vivacitate
1042 3820 1206 3881 atque
1281 3810 1570 3868 efﬁcientia
1636 3812 1993 3876 destitutum,

388 3907 666 3976 magisque
714 3904 865 3975 prius
926 3903 1215 3958 artificium
1268 3911 1433 3973 atque
1488 3904 1745 3958 molimen
1797 3912 1997 3958 nostra!

387 4008 597 4055 natura:
628 3999 680 4051 in
724 3999 837 4068 ipsa
880 3997 1128 4069 corporis
1176 3997 1487 4053 conditione
1531 3998 1750 4067 dignum
1799 4004 1883 4053 est
1916 3996 1998 4051 in-

389 4092 552 4147 tueri.
585 4090 719 4158 Quia
764 4091 906 4146 enim
953 4106 1117 4145 omne
1164 4090 1310 4159 quod
1356 4090 1547 4146 durum
1590 4098 1674 4148 est
1716 4091 2000 4147 sensibiles

389 4182 710 4240 eﬂicientias
735 4183 956 4238 omnino
980 4198 1088 4238 non
1108 4182 1320 4253 recipit,
1347 4183 1506 4238 sicuti
1526 4182 1772 4239 videmus
1795 4183 1847 4238 in
1869 4181 2000 4238 ossi-

390 4276 494 4331 bus
516 4276 716 4331 nostris
737 4283 793 4331 et
819 4276 871 4329 in
901 4274 1113 4332 frutetis
1143 4283 1308 4346 atque
1343 4276 1647 4341 arboribus,
1696 4277 1751 4331 in
1803 4276 2000 4345 quibus

391 4368 518 4421 vitae
542 4365 766 4437 quidem
810 4367 1023 4436 species
1068 4366 1314 4436 quaedam
1342 4368 1600 4434 cernitur,
1645 4368 1697 4420 in
1747 4383 1815 4422 eo
1853 4367 1999 4436 quod

391 4459 633 4515 nutritur
659 4467 716 4513 et
742 4458 963 4526 crescit,
986 4474 1089 4514 nec
1120 4467 1298 4514 tamen
1327 4458 1566 4513 admittit
1593 4459 1759 4513 ullmn
1781 4473 1999 4513 sensum

392 4548 630 4616 subjecti
658 4547 905 4602 durities.
946 4545 1118 4617 Hujus
1155 4548 1235 4603 rei
1274 4548 1445 4617 gratia
1482 4548 1772 4617 oportebat
1815 4563 1999 4618 quam-

393 4641 521 4697 dam
570 4638 950 4695 formationem
996 4640 1166 4693 instar
1214 4654 1355 4694 cera:
1407 4639 1587 4694 mollis
1635 4639 1688 4693 in
1742 4653 1998 4694 sensuum

2099 3465 2165 3505 ex
2189 3450 2465 3505 contrario
2494 3449 2766 3505 accidenti
2813 3449 3093 3504 evidenter
3119 3448 3451 3517 agnoscitur.
3479 3447 3615 3503 Nam
3655 3447 3700 3503 si

2097 3542 2292 3598 vulnus
2301 3540 2521 3611 aliquod
2536 3540 2618 3596 vel
2637 3541 2925 3596 scissuram
2948 3541 3257 3595 membrana
3278 3541 3387 3610 ipsa
3401 3538 3701 3610 pertulerit,

2099 3633 2250 3688 illico
2290 3648 2439 3688 mors
2478 3632 2804 3701 insequitur.
2850 3631 3101 3687 l‘assioni
3136 3631 3337 3701 quippe
3382 3646 3507 3686 cum
3556 3629 3701 3683 illata

2097 3722 2308 3779 vulneri
2338 3738 2440 3778 nec
2468 3722 2535 3777 ad
2557 3731 2816 3793 punctum
2849 3721 3111 3790 temporis
3158 3731 3349 3774 natura
3391 3721 3566 3790 possit
3605 3720 3704 3774 ob-

2097 3815 2331 3880 sistere,
2385 3811 2483 3869 sed
2544 3812 2709 3867 veluti
2763 3809 3113 3866 fundamento
3163 3812 3395 3879 quodam
3442 3811 3702 3879 subrupto

2096 3913 2273 3973 totum
2298 3904 2457 3960 simul
2479 3904 2764 3960 mdiiicium
2793 3920 2915 3959 cum
2940 3915 3093 3973 parte
3118 3903 3386 3973 dejicitur,
3419 3904 3538 3972 ejus
3569 3917 3702 3971 ergo

2099 3996 2410 4068 passionem
2441 3996 2610 4052 totius
2637 3995 2882 4066 corporis
2903 3995 3148 4064 sequitur
3193 3994 3480 4049 manifesta
3526 3995 3706 4064 perni-

2099 4089 2246 4146 cies:
2266 4090 2319 4145 in
2349 4088 2456 4145 hoc
2483 4087 2715 4159 proprias
2734 4088 2857 4143 vitm
2883 4102 3101 4143 causam
3123 4087 3345 4143 subesse
3374 4086 3521 4141 nullo
3546 4094 3707 4155 pacto

2100 4182 2408 4253 negandum
2437 4189 2542 4237 est.
2573 4180 2709 4236 Cum
2734 4196 2862 4236 vero
2892 4189 2946 4235 et
2970 4195 3158 4234 eorum
3198 4194 3319 4249 qua:
3348 4179 3601 4235 desinunt
3628 4180 3708 4232 vi-

2097 4290 2253 4342 vere,
2276 4274 2621 4342 restringitur
2660 4281 2867 4329 uaturaz
2916 4272 3107 4326 insitus
3143 4272 3312 4334 calor,
3346 4279 3402 4325 ct
3442 4270 3516 4325 ita
3560 4271 3709 4340 quod

2099 4378 2372 4425 mortuum
2396 4377 2480 4423 est
2498 4368 2751 4437 frigescit,
2776 4382 2999 4422 necesse
3024 4374 3107 4421 est
3133 4367 3294 4422 talem
3311 4382 3527 4423 causam
3553 4368 3710 4422 nobis

2100 4461 2265 4516 etiam
2316 4460 2372 4515 in
2420 4459 2602 4514 calore
2642 4457 2957 4525 subsistere,
2990 4458 3082 4526 qui
3123 4472 3246 4512 cum
3276 4455 3416 4515 desit
3461 4456 3711 4527 profecto

2100 4568 2250 4607 mors
2270 4551 2536 4622 sequitur,
2563 4558 2618 4605 et
2636 4550 2760 4606 ideo
2782 4549 2979 4606 caloris
2999 4550 3285 4620 prmsentia
3307 4550 3507 4605 animal
3526 4551 3712 4605 vivere

2102 4644 2467 4701 confitendum
2508 4651 2611 4700 est.
2667 4642 2839 4711 Hujus
2884 4652 3069 4699 autem
3101 4644 3181 4698 vis
3227 4653 3391 4715 atque
3428 4643 3707 4715 potentiae.

394 4735 719 4805 operatione
745 4733 996 4804 supponi,
1028 4748 1150 4802 quze
1175 4741 1361 4802 posset
1379 4733 1786 4788 occurrentibus
1812 4731 2000 4787 formis
2035 4725 2078 4784 Π
2106 4736 2362 4806 tanquam
2393 4734 2594 4791 fontem
2622 4736 2912 4805 quemdam
2939 4745 3104 4806 atque
3131 4736 3457 4807 principium
3479 4754 3574 4792 cor
3592 4753 3714 4792 esse

398 4825 661 4895 imprimi,
696 4839 871 4895 neque
898 4825 1065 4879 nimio
1094 4825 1322 4879 humore
1350 4825 1565 4879 resolvi.
1599 4823 1718 4879 Non
1740 4823 1884 4878 enim
1908 4839 2002 4893 po-

398 4926 507 4973 test
548 4919 603 4972 in
643 4917 865 4973 humido
907 4917 1053 4988 quod
1101 4917 1425 4986 imprimitur
1470 4914 1783 4985 perdurare,
1822 4928 2002 4985 neque

400 5009 604 5066 duritia
633 5013 793 5069 nimis
820 5013 991 5083 rigida
1024 5015 1169 5085 (quia
1196 5015 1338 5083 quod
1370 5015 1542 5070 nescit
1571 5002 1789 5081 cedere,
1822 5011 2005 5083 imagi-

401 5117 529 5159 nem
583 5105 769 5174 nequit
811 5107 1165 5177 impressione
1209 5107 1515 5175 excipere).
1566 5105 1673 5160 Sed
1708 5106 1849 5160 inter
1905 5104 2003 5159 has

405 5197 560 5253 hausit
587 5197 760 5251 media
787 5199 1034 5266 quaedam
1067 5199 1206 5252 inter
1229 5197 1662 5266 ﬂaccescentem,
1692 5198 1804 5253 sive
1832 5212 1897 5252 ac
1924 5196 2004 5251 ri-

403 5297 645 5359 gentem,
676 5304 746 5344 ne
773 5290 995 5359 Optimis
1024 5290 1284 5360 potentia:
1311 5289 1566 5357 motibus,
1589 5289 1713 5345 dico
1738 5287 2009 5344 sensibili.

404 5381 529 5447 bus,
548 5382 748 5436 animal
772 5382 1077 5438 orbaretur.
1105 5382 1370 5449 Quoniam
1401 5383 1560 5451 igitur
1579 5380 1725 5451 quod
1747 5379 1908 5435 molle
1928 5386 2011 5435 est

405 5480 464 5529 et
486 5471 665 5540 facile,
692 5472 793 5528 nisi
817 5488 998 5529 rerum
1025 5473 1319 5529 solidarum
1336 5473 1724 5544 cooperatione
1744 5472 2008 5537 firmetur,

402 5565 653 5639 profecto
689 5566 966 5623 immobile
1003 5576 1167 5639 atque
1211 5568 1577 5623 iudistinctum
1607 5574 1712 5632 est,
1734 5566 1889 5636 juxta
1913 5581 2012 5622 eos

405 5676 548 5732 quos
571 5660 856 5729 pulmones
877 5662 1116 5715 marinos
1145 5668 1359 5725 vocant,
1388 5660 1587 5714 idcirco
1617 5658 1784 5714 robur
1804 5658 2007 5713 ossium

404 5752 627 5822 corpori
655 5762 845 5807 natura
875 5753 1211 5823 perm'scuit,
1239 5768 1359 5823 qua:
1401 5753 1628 5808 invicem
1659 5767 1755 5822 per
1782 5767 2012 5807 concor-

405 5841 533 5898 dem
559 5842 986 5898 modulationem
1006 5843 1285 5912 copulans,
1313 5844 1530 5916 penitus
1550 5857 1839 5898 nervorqu
1860 5844 2014 5899 nexi-

408 5934 515 5990 bus
541 5948 834 6005 compages
855 5949 1043 5989 eorum
1066 5932 1453 6005 juncturasque
1487 5934 1830 6001 constrinxit,
1856 5943 1913 5990 et
1936 5934 2009 5989 ita

408 6026 496 6085 eis
519 6026 746 6086 modum
780 6026 1020 6085 sensibili
1050 6026 1236 6095 vigore
1280 6027 1591 6097 immiscuit,
1638 6043 1803 6089 carne
1846 6028 2011 6099 paulo

2109 4827 2502 4901 perspeximus,
2532 4842 2598 4882 ex
2629 4840 2739 4895 quo
2775 4825 2828 4880 iu
2856 4826 3077 4881 modum
3117 4825 3418 4883 fistularum
3458 4828 3714 4896 multipli—

2107 4937 2202 4979 ces
2230 4935 2378 4976 venre
2404 4935 2502 4990 per
2531 4936 2691 4977 omne
2718 4935 2918 4991 corpus
2945 4920 3177 4976 calidum
3218 4919 3467 4989 spiritum
3496 4918 3713 4974 ferven-

2109 5018 2329 5082 temque
2381 5010 2703 5067 dillundunt.
2754 5010 2826 5066 Et
2875 5011 3131 5079 quoniam
3184 5009 3485 5081 oportebat.
3534 5009 3715 5064 cibum

2108 5117 2219 5172 quo
2241 5118 2329 5171 lue
2348 5102 2636 5171 quemdam
2665 5101 2836 5157 calori
2866 5116 3131 5172 semper-a
3151 5108 3341 5156 natura
3368 5100 3568 5169 largiri,
3589 5102 3715 5169 quia

2108 5195 2191 5251 fas
2219 5211 2327 5250 non
2348 5204 2433 5251 est
2453 5196 2632 5266 ignem
2654 5194 2723 5250 ad
2743 5209 2864 5250 sese
2879 5194 3099 5258 durare,
3127 5193 3229 5248 nisi
3259 5193 3510 5262 congruis
3529 5208 3718 5262 pasca-

2110 5295 2202 5344 tur
2229 5288 2523 5356 alimentis,
2554 5288 2761 5344 idcirco
2784 5285 2886 5343 rivi
2913 5286 3188 5357 sanguinis
3212 5295 3463 5356 tanquam
3480 5285 3548 5341 de
3568 5285 3717 5340 fonte

2111 5380 2348 5451 quodam
2371 5379 2576 5450 jecoris
2600 5380 2786 5436 calore
2832 5379 3054 5449 spiritus
3081 5378 3405 5444 excitantur,
3435 5387 3493 5435 et
3521 5379 3718 5450 ubique

2112 5471 2275 5527 simul
2305 5487 2404 5541 per
2429 5487 2592 5527 omne
2615 5485 2817 5541 corpus
2855 5477 3169 5535 excurrunt,
3198 5484 3269 5524 ne
3300 5469 3527 5527 alterum
3559 5472 3717 5527 deso-

2112 5567 2257 5624 letur
2283 5568 2353 5624 ab
2382 5567 2577 5633 altero,
2610 5576 2668 5622 et
2698 5566 2791 5621 tali
2821 5565 2976 5625 initio
3001 5571 3193 5620 natura
3225 5562 3571 5634 depravetur.
3602 5566 3719 5624 Hoc

2113 5660 2290 5731 ipsum
2315 5675 2446 5717 vero
2472 5660 2669 5716 doceat
2714 5658 3045 5714 abstinentes
3074 5656 3511 5726 materiaejpsius
3536 5675 3719 5730 mqua-

2111 5751 2267 5807 litate
2295 5750 2576 5815 formatos,
2604 5748 2749 5820 quod
2771 5748 2998 5803 avaritia
3020 5747 3267 5818 quaedam
3294 5750 3601 5818 corruptiva
3650 5752 3719 5806 sit

2112 5844 2317 5915 passio,
2342 5851 2399 5900 et
2418 5843 2542 5916 quia
2572 5843 2691 5899 sine
2712 5840 2818 5897 ulla
2844 5840 3137 5910 indigentia
3168 5847 3253 5897 est
3280 5840 3394 5896 sola
3427 5841 3717 5903 Divinitas;

2114 5950 2239 5990 nam
2270 5944 2562 6006 paupertas
2590 5935 2826 5990 humana
2869 5932 3073 6002 indiget
3101 5933 3183 5987 bis
3209 5946 3329 6001 quae
3356 5948 3507 5987 suam
3532 5933 3720 5988 viden-

2117 6035 2206 6085 tur
2224 6027 2581 6087 substantiam
2603 6025 2906 6088 continere.
2931 6023 3137 6088 Idcirco
3162 6023 3331 6085 tribus
3352 6024 3433 6101 his
3461 6025 3718 6095 poteritiis
