  <div class='ocr_page' id='page_1' title='image "/cluster/home/n/w/nwhite01/storage/ocr_20150623/67/umn.31951002477360y/215.png"; bbox 0 0 4122 6556; ppageno 0'>
   <div class='ocr_carea' id='block_1_1' title="bbox 484 450 591 514">
    <p class='ocr_par' dir='ltr' id='par_1_1' title="bbox 484 450 591 514">
     <span class='ocr_line' id='line_1_1' title="bbox 484 450 591 514; baseline 0 0"><span class='ocrx_word' id='word_1_1' title='bbox 484 450 591 514; x_wconf 60' lang='grc' dir='ltr'><strong>ωε</strong></span> 
     </span>
    </p>
   </div>
   <div class='ocr_carea' id='block_1_2' title="bbox 1748 459 2472 524">
    <p class='ocr_par' dir='ltr' id='par_1_2' title="bbox 1748 459 2472 524">
     <span class='ocr_line' id='line_1_2' title="bbox 1748 459 2472 524; baseline 0.001 -4"><span class='ocrx_word' id='word_1_2' title='bbox 1748 464 2109 524; x_wconf 79' lang='lat' dir='ltr'><strong>DiONYSlUS</strong></span> <span class='ocrx_word' id='word_1_3' title='bbox 2148 459 2472 523; x_wconf 67' lang='lat' dir='ltr'><strong>EXIGUUS.</strong></span> 
     </span>
    </p>
   </div>
   <div class='ocr_carea' id='block_1_3' title="bbox 3683 469 3786 528">
    <p class='ocr_par' dir='ltr' id='par_1_3' title="bbox 3683 469 3786 528">
     <span class='ocr_line' id='line_1_3' title="bbox 3683 469 3786 528; baseline 0 -4"><span class='ocrx_word' id='word_1_4' title='bbox 3683 469 3786 528; x_wconf 55' lang='lat' dir='ltr'><strong>IN.</strong></span> 
     </span>
    </p>
   </div>
   <div class='ocr_carea' id='block_1_4' title="bbox 482 573 3787 653">
    <p class='ocr_par' dir='ltr' id='par_1_4' title="bbox 482 573 3787 653">
     <span class='ocr_line' id='line_1_4' title="bbox 482 573 3787 653; baseline 0.002 -21"><span class='ocrx_word' id='word_1_5' title='bbox 482 573 679 644; x_wconf 85' lang='lat' dir='ltr'><strong>quibus</strong></span> <span class='ocrx_word' id='word_1_6' title='bbox 704 574 1009 632; x_wconf 82' lang='lat' dir='ltr'><strong>universum</strong></span> <span class='ocrx_word' id='word_1_7' title='bbox 1051 585 1248 648; x_wconf 80' lang='lat' dir='ltr'><strong>corpus</strong></span> <span class='ocrx_word' id='word_1_8' title='bbox 1283 577 1573 647; x_wconf 73' lang='lat' dir='ltr'><strong>gubernari</strong></span> <span class='ocrx_word' id='word_1_9' title='bbox 1605 579 1978 650; x_wconf 79' lang='lat' dir='ltr'><strong>prtediximus,</strong></span> <span class='ocrx_word' id='word_1_10' title='bbox 2005 580 2086 635; x_wconf 88' lang='lat' dir='ltr'><strong>in-</strong></span> <span class='ocrx_word' id='word_1_11' title='bbox 2114 581 2165 643; x_wconf 74' lang='grc' dir='ltr'><strong>Α</strong></span> <span class='ocrx_word' id='word_1_12' title='bbox 2191 577 2336 634; x_wconf 87' lang='lat' dir='ltr'><strong>dium</strong></span> <span class='ocrx_word' id='word_1_13' title='bbox 2368 587 2648 650; x_wconf 66' lang='lat' dir='ltr'><strong>praestans.</strong></span> <span class='ocrx_word' id='word_1_14' title='bbox 2682 577 2814 634; x_wconf 75' lang='lat' dir='ltr'><strong>Nam</strong></span> <span class='ocrx_word' id='word_1_15' title='bbox 2845 579 2971 649; x_wconf 90' lang='lat' dir='ltr'><strong>quia</strong></span> <span class='ocrx_word' id='word_1_16' title='bbox 3001 578 3188 634; x_wconf 84' lang='lat' dir='ltr'><strong>talium</strong></span> <span class='ocrx_word' id='word_1_17' title='bbox 3211 579 3576 636; x_wconf 71' lang='lat' dir='ltr'><strong>membrorum</strong></span> <span class='ocrx_word' id='word_1_18' title='bbox 3615 583 3787 653; x_wconf 73' lang='lat' dir='ltr'><strong>magis</strong></span> 
     </span>
    </p>
   </div>
   <div class='ocr_carea' id='block_1_5' title="bbox 480 663 2086 744">
    <p class='ocr_par' dir='ltr' id='par_1_5' title="bbox 480 663 2086 744">
     <span class='ocr_line' id='line_1_5' title="bbox 480 663 2086 744; baseline 0.004 -24"><span class='ocrx_word' id='word_1_19' title='bbox 480 663 683 720; x_wconf 84' lang='lat' dir='ltr'><strong>lluente</strong></span> <span class='ocrx_word' id='word_1_20' title='bbox 709 666 1047 723; x_wconf 74' lang='lat' dir='ltr'><strong>extrinsecus</strong></span> <span class='ocrx_word' id='word_1_21' title='bbox 1076 668 1358 726; x_wconf 84' lang='lat' dir='ltr'><strong>materiam</strong></span> <span class='ocrx_word' id='word_1_22' title='bbox 1383 679 1571 726; x_wconf 88' lang='lat' dir='ltr'><strong>natura</strong></span> <span class='ocrx_word' id='word_1_23' title='bbox 1600 672 1881 744; x_wconf 82' lang='lat' dir='ltr'><strong>dispensat</strong></span> <span class='ocrx_word' id='word_1_24' title='bbox 1901 672 2086 728; x_wconf 52' lang='lat' dir='ltr'><strong>divera</strong></span> 
     </span>
    </p>
   </div>
   <div class='ocr_carea' id='block_1_6' title="bbox 479 755 2085 835">
    <p class='ocr_par' dir='ltr' id='par_1_6' title="bbox 479 755 2085 835">
     <span class='ocr_line' id='line_1_6' title="bbox 479 755 2085 835; baseline 0.012 -27"><span class='ocrx_word' id='word_1_25' title='bbox 479 755 556 808; x_wconf 80' lang='lat' dir='ltr'><strong>sis</strong></span> <span class='ocrx_word' id='word_1_26' title='bbox 599 756 928 825; x_wconf 73' lang='lat' dir='ltr'><strong>tramitibus,</strong></span> <span class='ocrx_word' id='word_1_27' title='bbox 980 757 1032 813; x_wconf 84' lang='lat' dir='ltr'><strong>id</strong></span> <span class='ocrx_word' id='word_1_28' title='bbox 1077 760 1228 830; x_wconf 81' lang='lat' dir='ltr'><strong>quod</strong></span> <span class='ocrx_word' id='word_1_29' title='bbox 1277 761 1502 833; x_wconf 77' lang='lat' dir='ltr'><strong>singulis</strong></span> <span class='ocrx_word' id='word_1_30' title='bbox 1553 765 1806 835; x_wconf 75' lang='lat' dir='ltr'><strong>congruit</strong></span> <span class='ocrx_word' id='word_1_31' title='bbox 1851 765 2085 826; x_wconf 82' lang='lat' dir='ltr'><strong>admini-</strong></span> 
     </span>
    </p>
   </div>
   <div class='ocr_carea' id='block_1_7' title="bbox 479 845 2086 926">
    <p class='ocr_par' dir='ltr' id='par_1_7' title="bbox 479 845 2086 926">
     <span class='ocr_line' id='line_1_7' title="bbox 479 845 2086 926; baseline 0.008 -28"><span class='ocrx_word' id='word_1_32' title='bbox 479 853 678 904; x_wconf 84' lang='lat' dir='ltr'><strong>strans.</strong></span> <span class='ocrx_word' id='word_1_33' title='bbox 707 845 842 908; x_wconf 83' lang='lat' dir='ltr'><strong>Nam</strong></span> <span class='ocrx_word' id='word_1_34' title='bbox 887 846 1026 904; x_wconf 88' lang='lat' dir='ltr'><strong>fonti</strong></span> <span class='ocrx_word' id='word_1_35' title='bbox 1072 852 1349 920; x_wconf 77' lang='lat' dir='ltr'><strong>sanguinis</strong></span> <span class='ocrx_word' id='word_1_36' title='bbox 1390 855 1483 925; x_wconf 81' lang='lat' dir='ltr'><strong>qui</strong></span> <span class='ocrx_word' id='word_1_37' title='bbox 1523 862 1603 910; x_wconf 87' lang='lat' dir='ltr'><strong>est</strong></span> <span class='ocrx_word' id='word_1_38' title='bbox 1623 855 1782 926; x_wconf 84' lang='lat' dir='ltr'>jecur</span> <span class='ocrx_word' id='word_1_39' title='bbox 1835 871 2086 912; x_wconf 80' lang='lat' dir='ltr'><strong>escarum</strong></span> 
     </span>
    </p>
   </div>
   <div class='ocr_carea' id='block_1_8' title="bbox 477 938 2087 1018">
    <p class='ocr_par' dir='ltr' id='par_1_8' title="bbox 477 938 2087 1018">
     <span class='ocr_line' id='line_1_8' title="bbox 477 938 2087 1018; baseline 0.009 -29"><span class='ocrx_word' id='word_1_40' title='bbox 477 938 914 995; x_wconf 81' lang='lat' dir='ltr'><strong>distributionem</strong></span> <span class='ocrx_word' id='word_1_41' title='bbox 944 942 1194 998; x_wconf 84' lang='lat' dir='ltr'><strong>contulit.</strong></span> <span class='ocrx_word' id='word_1_42' title='bbox 1235 943 1510 1018; x_wconf 78' lang='lat' dir='ltr'><strong>Quidquid</strong></span> <span class='ocrx_word' id='word_1_43' title='bbox 1543 957 1724 1002; x_wconf 86' lang='lat' dir='ltr'><strong>autem</strong></span> <span class='ocrx_word' id='word_1_44' title='bbox 1773 949 1868 1004; x_wconf 88' lang='lat' dir='ltr'><strong>tali</strong></span> <span class='ocrx_word' id='word_1_45' title='bbox 1901 949 2087 1018; x_wconf 87' lang='lat' dir='ltr'><strong>provi-</strong></span> 
     </span>
    </p>
   </div>
   <div class='ocr_carea' id='block_1_9' title="bbox 479 1027 2082 1110">
    <p class='ocr_par' dir='ltr' id='par_1_9' title="bbox 479 1027 2082 1110">
     <span class='ocr_line' id='line_1_9' title="bbox 479 1027 2082 1110; baseline 0.01 -30"><span class='ocrx_word' id='word_1_46' title='bbox 479 1027 630 1082; x_wconf 81' lang='lat' dir='ltr'><strong>aione</strong></span> <span class='ocrx_word' id='word_1_47' title='bbox 651 1043 746 1083; x_wconf 86' lang='lat' dir='ltr'><strong>sua</strong></span> <span class='ocrx_word' id='word_1_48' title='bbox 765 1043 983 1101; x_wconf 79' lang='lat' dir='ltr'><strong>semper</strong></span> <span class='ocrx_word' id='word_1_49' title='bbox 1010 1032 1207 1102; x_wconf 71' lang='lat' dir='ltr'><strong>ingerit</strong></span> <span class='ocrx_word' id='word_1_50' title='bbox 1232 1034 1300 1092; x_wconf 80' lang='lat' dir='ltr'><strong>ad</strong></span> <span class='ocrx_word' id='word_1_51' title='bbox 1322 1036 1528 1104; x_wconf 89' lang='lat' dir='ltr'><strong>jecoris</strong></span> <span class='ocrx_word' id='word_1_52' title='bbox 1558 1035 1753 1104; x_wconf 79' lang='lat' dir='ltr'><strong>iantes,</strong></span> <span class='ocrx_word' id='word_1_53' title='bbox 1787 1040 1916 1094; x_wconf 89' lang='lat' dir='ltr'><strong>item</strong></span> <span class='ocrx_word' id='word_1_54' title='bbox 1942 1055 2082 1110; x_wconf 73' lang='lat' dir='ltr'><strong>prte-</strong></span> 
     </span>
    </p>
   </div>
   <div class='ocr_carea' id='block_1_10' title="bbox 477 1117 2080 1195">
    <p class='ocr_par' dir='ltr' id='par_1_10' title="bbox 477 1117 2080 1195">
     <span class='ocr_line' id='line_1_10' title="bbox 477 1117 2080 1195; baseline 0.011 -27"><span class='ocrx_word' id='word_1_55' title='bbox 477 1123 634 1183; x_wconf 83' lang='lat' dir='ltr'><strong>parat</strong></span> <span class='ocrx_word' id='word_1_56' title='bbox 659 1131 728 1177; x_wconf 72' lang='lat' dir='ltr'><strong>ex</strong></span> <span class='ocrx_word' id='word_1_57' title='bbox 752 1117 941 1188; x_wconf 86' lang='lat' dir='ltr'><strong>jecore</strong></span> <span class='ocrx_word' id='word_1_58' title='bbox 985 1121 1242 1187; x_wconf 75' lang='lat' dir='ltr'><strong>derivari.</strong></span> <span class='ocrx_word' id='word_1_59' title='bbox 1288 1124 1755 1195; x_wconf 76' lang='lat' dir='ltr'><strong>Quemadmodum</strong></span> <span class='ocrx_word' id='word_1_60' title='bbox 1800 1130 1846 1184; x_wconf 88' lang='lat' dir='ltr'><strong>si</strong></span> <span class='ocrx_word' id='word_1_61' title='bbox 1888 1131 1982 1185; x_wconf 78' lang='lat' dir='ltr'><strong>nix</strong></span> <span class='ocrx_word' id='word_1_62' title='bbox 2025 1131 2080 1185; x_wconf 91' lang='lat' dir='ltr'><strong>in</strong></span> 
     </span>
    </p>
   </div>
   <div class='ocr_carea' id='block_1_11' title="bbox 475 1206 2082 1294">
    <p class='ocr_par' dir='ltr' id='par_1_11' title="bbox 475 1206 2082 1294">
     <span class='ocr_line' id='line_1_11' title="bbox 475 1206 2082 1294; baseline 0.012 -34"><span class='ocrx_word' id='word_1_63' title='bbox 475 1206 748 1269; x_wconf 76' lang='lat' dir='ltr'><strong>nmntibus</strong></span> <span class='ocrx_word' id='word_1_64' title='bbox 775 1211 1005 1269; x_wconf 79' lang='lat' dir='ltr'><strong>humore</strong></span> <span class='ocrx_word' id='word_1_65' title='bbox 1029 1223 1132 1271; x_wconf 85' lang='lat' dir='ltr'><strong>suo</strong></span> <span class='ocrx_word' id='word_1_66' title='bbox 1160 1216 1436 1286; x_wconf 72' lang='lat' dir='ltr'><strong>subjectos</strong></span> <span class='ocrx_word' id='word_1_67' title='bbox 1459 1223 1656 1291; x_wconf 81' lang='lat' dir='ltr'><strong>augeat</strong></span> <span class='ocrx_word' id='word_1_68' title='bbox 1675 1220 1874 1289; x_wconf 86' lang='lat' dir='ltr'><strong>fontes,</strong></span> <span class='ocrx_word' id='word_1_69' title='bbox 1904 1233 1962 1279; x_wconf 88' lang='lat' dir='ltr'><strong>et</strong></span> <span class='ocrx_word' id='word_1_70' title='bbox 1981 1239 2082 1294; x_wconf 89' lang='lat' dir='ltr'><strong>per</strong></span> 
     </span>
    </p>
   </div>
   <div class='ocr_carea' id='block_1_12' title="bbox 474 1297 2079 1388">
    <p class='ocr_par' dir='ltr' id='par_1_12' title="bbox 474 1297 2079 1388">
     <span class='ocr_line' id='line_1_12' title="bbox 474 1297 2079 1388; baseline 0.012 -37"><span class='ocrx_word' id='word_1_71' title='bbox 474 1297 644 1354; x_wconf 82' lang='lat' dir='ltr'><strong>altum</strong></span> <span class='ocrx_word' id='word_1_72' title='bbox 683 1300 752 1360; x_wconf 76' lang='lat' dir='ltr'><strong>ad</strong></span> <span class='ocrx_word' id='word_1_73' title='bbox 775 1302 1062 1366; x_wconf 83' lang='lat' dir='ltr'><strong>inferiores</strong></span> <span class='ocrx_word' id='word_1_74' title='bbox 1084 1321 1255 1364; x_wconf 85' lang='lat' dir='ltr'><strong>venas</strong></span> <span class='ocrx_word' id='word_1_75' title='bbox 1282 1309 1546 1385; x_wconf 79' lang='lat' dir='ltr'><strong>liquorem</strong></span> <span class='ocrx_word' id='word_1_76' title='bbox 1577 1315 1854 1388; x_wconf 78' lang='lat' dir='ltr'><strong>proprium</strong></span> <span class='ocrx_word' id='word_1_77' title='bbox 1897 1315 2079 1386; x_wconf 85' lang='lat' dir='ltr'><strong>depri-</strong></span> 
     </span>
    </p>
   </div>
   <div class='ocr_carea' id='block_1_13' title="bbox 471 1389 2077 1470">
    <p class='ocr_par' dir='ltr' id='par_1_13' title="bbox 471 1389 2077 1470">
     <span class='ocr_line' id='line_1_13' title="bbox 471 1389 2077 1470; baseline 0.008 -22"><span class='ocrx_word' id='word_1_78' title='bbox 471 1389 594 1456; x_wconf 77' lang='lat' dir='ltr'><strong>mit,</strong></span> <span class='ocrx_word' id='word_1_79' title='bbox 638 1393 819 1450; x_wconf 81' lang='lat' dir='ltr'><strong>cordis</strong></span> <span class='ocrx_word' id='word_1_80' title='bbox 864 1407 1044 1458; x_wconf 73' lang='lat' dir='ltr'><strong>autem</strong></span> <span class='ocrx_word' id='word_1_81' title='bbox 1090 1396 1338 1470; x_wconf 70' lang='lat' dir='ltr'><strong>perﬂatio</strong></span> <span class='ocrx_word' id='word_1_82' title='bbox 1394 1402 1554 1458; x_wconf 85' lang='lat' dir='ltr'><strong>vicini</strong></span> <span class='ocrx_word' id='word_1_83' title='bbox 1603 1405 1830 1462; x_wconf 84' lang='lat' dir='ltr'><strong>membri</strong></span> <span class='ocrx_word' id='word_1_84' title='bbox 1869 1391 2077 1462; x_wconf 77' lang='lat' dir='ltr'><strong>submi-</strong></span> 
     </span>
    </p>
   </div>
   <div class='ocr_carea' id='block_1_14' title="bbox 471 1480 2077 1574">
    <p class='ocr_par' dir='ltr' id='par_1_14' title="bbox 471 1480 2077 1574">
     <span class='ocr_line' id='line_1_14' title="bbox 471 1480 2077 1574; baseline 0.011 -37"><span class='ocrx_word' id='word_1_85' title='bbox 471 1480 736 1541; x_wconf 87' lang='lat' dir='ltr'><strong>nistratur</strong></span> <span class='ocrx_word' id='word_1_86' title='bbox 761 1484 980 1552; x_wconf 82' lang='lat' dir='ltr'><strong>eﬂ&#39;ectu,</strong></span> <span class='ocrx_word' id='word_1_87' title='bbox 999 1491 1147 1560; x_wconf 82' lang='lat' dir='ltr'><strong>quod</strong></span> <span class='ocrx_word' id='word_1_88' title='bbox 1179 1493 1484 1564; x_wconf 78' lang='lat' dir='ltr'><strong>appellatur</strong></span> <span class='ocrx_word' id='word_1_89' title='bbox 1507 1491 1729 1574; x_wconf 80' lang='lat' dir='ltr'><strong>quidem</strong></span> <span class='ocrx_word' id='word_1_90' title='bbox 1759 1498 1964 1568; x_wconf 91' lang='lat' dir='ltr'><strong>pulmo,</strong></span> <span class='ocrx_word' id='word_1_91' title='bbox 1990 1507 2077 1554; x_wconf 87' lang='lat' dir='ltr'><strong>est</strong></span> 
     </span>
    </p>
   </div>
   <div class='ocr_carea' id='block_1_15' title="bbox 471 1579 2076 1662">
    <p class='ocr_par' dir='ltr' id='par_1_15' title="bbox 471 1579 2076 1662">
     <span class='ocr_line' id='line_1_15' title="bbox 471 1579 2076 1662; baseline 0.011 -32"><span class='ocrx_word' id='word_1_92' title='bbox 471 1582 654 1630; x_wconf 81' lang='lat' dir='ltr'><strong>autem</strong></span> <span class='ocrx_word' id='word_1_93' title='bbox 683 1579 827 1637; x_wconf 85' lang='lat' dir='ltr'><strong>aeris</strong></span> <span class='ocrx_word' id='word_1_94' title='bbox 873 1583 1244 1652; x_wconf 83' lang='lat' dir='ltr'><strong>exceptorium</strong></span> <span class='ocrx_word' id='word_1_95' title='bbox 1275 1601 1373 1656; x_wconf 88' lang='lat' dir='ltr'><strong>per</strong></span> <span class='ocrx_word' id='word_1_96' title='bbox 1393 1588 1612 1644; x_wconf 80' lang='lat' dir='ltr'><strong>insitam</strong></span> <span class='ocrx_word' id='word_1_97' title='bbox 1653 1591 1910 1646; x_wconf 84' lang='lat' dir='ltr'><strong>arteriam</strong></span> <span class='ocrx_word' id='word_1_98' title='bbox 1953 1607 2076 1662; x_wconf 71' lang='lat' dir='ltr'><strong>qua:</strong></span> 
     </span>
    </p>
   </div>
   <div class='ocr_carea' id='block_1_16' title="bbox 471 1666 2073 1754">
    <p class='ocr_par' dir='ltr' id='par_1_16' title="bbox 471 1666 2073 1754">
     <span class='ocr_line' id='line_1_16' title="bbox 471 1666 2073 1754; baseline 0.013 -34"><span class='ocrx_word' id='word_1_99' title='bbox 471 1666 542 1726; x_wconf 83' lang='lat' dir='ltr'><strong>ad</strong></span> <span class='ocrx_word' id='word_1_100' title='bbox 571 1683 634 1722; x_wconf 92' lang='lat' dir='ltr'><strong>os</strong></span> <span class='ocrx_word' id='word_1_101' title='bbox 663 1684 834 1742; x_wconf 84' lang='lat' dir='ltr'><strong>usque</strong></span> <span class='ocrx_word' id='word_1_102' title='bbox 861 1673 1137 1750; x_wconf 69' lang='lat' dir='ltr'><strong>pertingit,</strong></span> <span class='ocrx_word' id='word_1_103' title='bbox 1169 1676 1357 1734; x_wconf 85' lang='lat' dir='ltr'><strong>ﬂatum</strong></span> <span class='ocrx_word' id='word_1_104' title='bbox 1389 1681 1726 1739; x_wconf 66' lang='lat' dir='ltr'><strong>extrinsecus</strong></span> <span class='ocrx_word' id='word_1_105' title='bbox 1755 1683 1986 1754; x_wconf 86' lang='lat' dir='ltr'><strong>ducens,</strong></span> <span class='ocrx_word' id='word_1_106' title='bbox 2019 1685 2073 1741; x_wconf 92' lang='lat' dir='ltr'><strong>in</strong></span> 
     </span>
    </p>
   </div>
   <div class='ocr_carea' id='block_1_17' title="bbox 469 1760 2076 1845">
    <p class='ocr_par' dir='ltr' id='par_1_17' title="bbox 469 1760 2076 1845">
     <span class='ocr_line' id='line_1_17' title="bbox 469 1760 2076 1845; baseline 0.014 -32"><span class='ocrx_word' id='word_1_107' title='bbox 469 1760 756 1833; x_wconf 84' lang='lat' dir='ltr'><strong>medioque</strong></span> <span class='ocrx_word' id='word_1_108' title='bbox 783 1780 883 1820; x_wconf 86' lang='lat' dir='ltr'><strong>cor</strong></span> <span class='ocrx_word' id='word_1_109' title='bbox 913 1767 1144 1835; x_wconf 89' lang='lat' dir='ltr'><strong>positum</strong></span> <span class='ocrx_word' id='word_1_110' title='bbox 1176 1769 1348 1831; x_wconf 84' lang='lat' dir='ltr'><strong>instar</strong></span> <span class='ocrx_word' id='word_1_111' title='bbox 1375 1772 1532 1842; x_wconf 73' lang='lat' dir='ltr'><strong>ignis,</strong></span> <span class='ocrx_word' id='word_1_112' title='bbox 1555 1775 1643 1845; x_wconf 89' lang='lat' dir='ltr'><strong>qui</strong></span> <span class='ocrx_word' id='word_1_113' title='bbox 1671 1775 1726 1830; x_wconf 87' lang='lat' dir='ltr'><strong>in</strong></span> <span class='ocrx_word' id='word_1_114' title='bbox 1767 1785 1921 1832; x_wconf 88' lang='lat' dir='ltr'><strong>motu</strong></span> <span class='ocrx_word' id='word_1_115' title='bbox 1951 1793 2076 1834; x_wconf 69' lang='lat' dir='ltr'><strong>vero</strong></span> 
     </span>
    </p>
   </div>
   <div class='ocr_carea' id='block_1_18' title="bbox 467 1859 2074 1937">
    <p class='ocr_par' dir='ltr' id='par_1_18' title="bbox 467 1859 2074 1937">
     <span class='ocr_line' id='line_1_18' title="bbox 467 1859 2074 1937; baseline 0.013 -31"><span class='ocrx_word' id='word_1_116' title='bbox 467 1860 620 1908; x_wconf 84' lang='lat' dir='ltr'><strong>satur</strong></span> <span class='ocrx_word' id='word_1_117' title='bbox 645 1864 702 1910; x_wconf 90' lang='lat' dir='ltr'><strong>et</strong></span> <span class='ocrx_word' id='word_1_118' title='bbox 729 1859 1046 1926; x_wconf 85' lang='lat' dir='ltr'><strong>operatione</strong></span> <span class='ocrx_word' id='word_1_119' title='bbox 1083 1863 1364 1932; x_wconf 86' lang='lat' dir='ltr'><strong>continua,</strong></span> <span class='ocrx_word' id='word_1_120' title='bbox 1403 1874 1461 1921; x_wconf 91' lang='lat' dir='ltr'><strong>ct</strong></span> <span class='ocrx_word' id='word_1_121' title='bbox 1503 1867 1678 1937; x_wconf 90' lang='lat' dir='ltr'><strong>ipsum</strong></span> <span class='ocrx_word' id='word_1_122' title='bbox 1727 1869 1845 1925; x_wconf 83' lang='lat' dir='ltr'><strong>sine</strong></span> <span class='ocrx_word' id='word_1_123' title='bbox 1890 1886 2074 1929; x_wconf 87' lang='lat' dir='ltr'><strong>cessa-</strong></span> 
     </span>
    </p>
   </div>
   <div class='ocr_carea' id='block_1_19' title="bbox 2189 671 3787 744">
    <p class='ocr_par' dir='ltr' id='par_1_19' title="bbox 2189 671 3787 744">
     <span class='ocr_line' id='line_1_19' title="bbox 2189 671 3787 744; baseline 0.005 -20"><span class='ocrx_word' id='word_1_124' title='bbox 2189 671 2464 741; x_wconf 84' lang='lat' dir='ltr'><strong>proprium</strong></span> <span class='ocrx_word' id='word_1_125' title='bbox 2488 683 2586 728; x_wconf 82' lang='lat' dir='ltr'><strong>cor</strong></span> <span class='ocrx_word' id='word_1_126' title='bbox 2610 685 2733 727; x_wconf 85' lang='lat' dir='ltr'><strong>esse</strong></span> <span class='ocrx_word' id='word_1_127' title='bbox 2759 671 3056 736; x_wconf 87' lang='lat' dir='ltr'><strong>retulimus,</strong></span> <span class='ocrx_word' id='word_1_128' title='bbox 3078 671 3228 741; x_wconf 80' lang='lat' dir='ltr'><strong>juxta</strong></span> <span class='ocrx_word' id='word_1_129' title='bbox 3252 671 3517 726; x_wconf 89' lang='lat' dir='ltr'><strong>redditam</strong></span> <span class='ocrx_word' id='word_1_130' title='bbox 3539 675 3787 744; x_wconf 83' lang='lat' dir='ltr'><strong>superius</strong></span> 
     </span>
    </p>
   </div>
   <div class='ocr_carea' id='block_1_20' title="bbox 2187 758 3785 835">
    <p class='ocr_par' dir='ltr' id='par_1_20' title="bbox 2187 758 3785 835">
     <span class='ocr_line' id='line_1_20' title="bbox 2187 758 3785 835; baseline 0.001 -20"><span class='ocrx_word' id='word_1_131' title='bbox 2187 761 2474 828; x_wconf 87' lang='lat' dir='ltr'><strong>rationem,</strong></span> <span class='ocrx_word' id='word_1_132' title='bbox 2505 758 2651 830; x_wconf 91' lang='lat' dir='ltr'><strong>quod</strong></span> <span class='ocrx_word' id='word_1_133' title='bbox 2676 759 2886 829; x_wconf 77' lang='lat' dir='ltr'><strong>singula</strong></span> <span class='ocrx_word' id='word_1_134' title='bbox 2914 760 3134 830; x_wconf 87' lang='lat' dir='ltr'><strong>spiritus</strong></span> <span class='ocrx_word' id='word_1_135' title='bbox 3156 759 3237 815; x_wconf 85' lang='lat' dir='ltr'><strong>sui</strong></span> <span class='ocrx_word' id='word_1_136' title='bbox 3264 761 3448 816; x_wconf 83' lang='lat' dir='ltr'><strong>calore</strong></span> <span class='ocrx_word' id='word_1_137' title='bbox 3475 762 3785 835; x_wconf 73' lang='lat' dir='ltr'><strong>confoveat,</strong></span> 
     </span>
    </p>
   </div>
   <div class='ocr_carea' id='block_1_21' title="bbox 2187 847 3786 920">
    <p class='ocr_par' dir='ltr' id='par_1_21' title="bbox 2187 847 3786 920">
     <span class='ocr_line' id='line_1_21' title="bbox 2187 847 3786 920; baseline 0.006 -18"><span class='ocrx_word' id='word_1_138' title='bbox 2187 849 2310 905; x_wconf 80' lang='lat' dir='ltr'><strong>ideo</strong></span> <span class='ocrx_word' id='word_1_139' title='bbox 2339 865 2437 920; x_wconf 90' lang='lat' dir='ltr'><strong>per</strong></span> <span class='ocrx_word' id='word_1_140' title='bbox 2465 850 2646 906; x_wconf 87' lang='lat' dir='ltr'><strong>omnia</strong></span> <span class='ocrx_word' id='word_1_141' title='bbox 2675 850 2804 905; x_wconf 91' lang='lat' dir='ltr'><strong>illud</strong></span> <span class='ocrx_word' id='word_1_142' title='bbox 2835 847 3265 907; x_wconf 73' lang='lat' dir='ltr'><strong>efﬁcacissimum</strong></span> <span class='ocrx_word' id='word_1_143' title='bbox 3294 850 3559 909; x_wconf 67' lang='lat' dir='ltr'><strong>inﬁtiator</strong></span> <span class='ocrx_word' id='word_1_144' title='bbox 3598 866 3786 913; x_wconf 85' lang='lat' dir='ltr'><strong>noster</strong></span> 
     </span>
    </p>
   </div>
   <div class='ocr_carea' id='block_1_22' title="bbox 2188 943 3784 1016">
    <p class='ocr_par' dir='ltr' id='par_1_22' title="bbox 2188 943 3784 1016">
     <span class='ocr_line' id='line_1_22' title="bbox 2188 943 3784 1016; baseline 0.004 -18"><span class='ocrx_word' id='word_1_145' title='bbox 2188 943 2435 1009; x_wconf 83' lang='lat' dir='ltr'><strong>instituit,</strong></span> <span class='ocrx_word' id='word_1_146' title='bbox 2465 943 2691 998; x_wconf 86' lang='lat' dir='ltr'><strong>utnulla</strong></span> <span class='ocrx_word' id='word_1_147' title='bbox 2719 958 2844 1013; x_wconf 86' lang='lat' dir='ltr'><strong>pars</strong></span> <span class='ocrx_word' id='word_1_148' title='bbox 2873 943 3048 997; x_wconf 88' lang='lat' dir='ltr'><strong>otiosa</strong></span> <span class='ocrx_word' id='word_1_149' title='bbox 3077 943 3159 997; x_wconf 81' lang='lat' dir='ltr'><strong>vel</strong></span> <span class='ocrx_word' id='word_1_150' title='bbox 3187 959 3387 999; x_wconf 88' lang='lat' dir='ltr'><strong>vacans</strong></span> <span class='ocrx_word' id='word_1_151' title='bbox 3413 945 3480 1000; x_wconf 87' lang='lat' dir='ltr'><strong>ad</strong></span> <span class='ocrx_word' id='word_1_152' title='bbox 3501 945 3784 1016; x_wconf 37' lang='lat' dir='ltr'><strong>dispensata</strong></span> 
     </span>
    </p>
   </div>
   <div class='ocr_carea' id='block_1_23' title="bbox 2185 1034 3783 1107">
    <p class='ocr_par' dir='ltr' id='par_1_23' title="bbox 2185 1034 3783 1107">
     <span class='ocr_line' id='line_1_23' title="bbox 2185 1034 3783 1107; baseline 0.001 -17"><span class='ocrx_word' id='word_1_153' title='bbox 2185 1036 2386 1090; x_wconf 80' lang='lat' dir='ltr'><strong>tionem</strong></span> <span class='ocrx_word' id='word_1_154' title='bbox 2425 1036 2594 1091; x_wconf 83' lang='lat' dir='ltr'><strong>totitts</strong></span> <span class='ocrx_word' id='word_1_155' title='bbox 2635 1035 2885 1105; x_wconf 85' lang='lat' dir='ltr'><strong>corporis</strong></span> <span class='ocrx_word' id='word_1_156' title='bbox 2915 1034 3278 1104; x_wconf 85' lang='lat' dir='ltr'><strong>approbetur,</strong></span> <span class='ocrx_word' id='word_1_157' title='bbox 3312 1046 3368 1090; x_wconf 89' lang='lat' dir='ltr'><strong>et</strong></span> <span class='ocrx_word' id='word_1_158' title='bbox 3416 1047 3539 1106; x_wconf 86' lang='lat' dir='ltr'><strong>post</strong></span> <span class='ocrx_word' id='word_1_159' title='bbox 3573 1045 3783 1107; x_wconf 76' lang='lat' dir='ltr'><strong>tergum</strong></span> 
     </span>
    </p>
   </div>
   <div class='ocr_carea' id='block_1_24' title="bbox 2181 1125 3784 1198">
    <p class='ocr_par' dir='ltr' id='par_1_24' title="bbox 2181 1125 3784 1198">
     <span class='ocr_line' id='line_1_24' title="bbox 2181 1125 3784 1198; baseline 0.002 -17"><span class='ocrx_word' id='word_1_160' title='bbox 2181 1127 2399 1198; x_wconf 80' lang='lat' dir='ltr'><strong>quidem</strong></span> <span class='ocrx_word' id='word_1_161' title='bbox 2428 1139 2585 1182; x_wconf 86' lang='lat' dir='ltr'><strong>suum</strong></span> <span class='ocrx_word' id='word_1_162' title='bbox 2617 1125 2927 1196; x_wconf 73' lang='lat' dir='ltr'><strong>pulmonem</strong></span> <span class='ocrx_word' id='word_1_163' title='bbox 2976 1141 3073 1196; x_wconf 87' lang='lat' dir='ltr'><strong>per</strong></span> <span class='ocrx_word' id='word_1_164' title='bbox 3099 1127 3417 1182; x_wconf 69' lang='lat' dir='ltr'><strong>cci-tinuum</strong></span> <span class='ocrx_word' id='word_1_165' title='bbox 3467 1138 3674 1183; x_wconf 82' lang='lat' dir='ltr'><strong>tnotnm</strong></span> <span class='ocrx_word' id='word_1_166' title='bbox 3715 1129 3784 1185; x_wconf 87' lang='lat' dir='ltr'><strong>ad</strong></span> 
     </span>
    </p>
   </div>
   <div class='ocr_carea' id='block_1_25' title="bbox 2181 1216 3784 1290">
    <p class='ocr_par' dir='ltr' id='par_1_25' title="bbox 2181 1216 3784 1290">
     <span class='ocr_line' id='line_1_25' title="bbox 2181 1216 3784 1290; baseline 0.002 -17"><span class='ocrx_word' id='word_1_167' title='bbox 2181 1229 2240 1273; x_wconf 87' lang='lat' dir='ltr'><strong>se</strong></span> <span class='ocrx_word' id='word_1_168' title='bbox 2263 1218 2604 1288; x_wconf 85' lang='lat' dir='ltr'><strong>pertrahens,</strong></span> <span class='ocrx_word' id='word_1_169' title='bbox 2633 1217 2811 1271; x_wconf 86' lang='lat' dir='ltr'><strong>aditus</strong></span> <span class='ocrx_word' id='word_1_170' title='bbox 2825 1216 2947 1285; x_wconf 84' lang='lat' dir='ltr'><strong>ejus</strong></span> <span class='ocrx_word' id='word_1_171' title='bbox 2977 1217 3235 1287; x_wconf 76' lang='lat' dir='ltr'><strong>expandit</strong></span> <span class='ocrx_word' id='word_1_172' title='bbox 3271 1218 3338 1272; x_wconf 87' lang='lat' dir='ltr'><strong>ad</strong></span> <span class='ocrx_word' id='word_1_173' title='bbox 3383 1221 3784 1290; x_wconf 83' lang='lat' dir='ltr'><strong>susceptionem</strong></span> 
     </span>
    </p>
   </div>
   <div class='ocr_carea' id='block_1_26' title="bbox 2181 1306 3784 1384">
    <p class='ocr_par' dir='ltr' id='par_1_26' title="bbox 2181 1306 3784 1384">
     <span class='ocr_line' id='line_1_26' title="bbox 2181 1306 3784 1384; baseline 0.005 -21"><span class='ocrx_word' id='word_1_174' title='bbox 2181 1310 2344 1375; x_wconf 76' lang='lat' dir='ltr'><strong>seris,</strong></span> <span class='ocrx_word' id='word_1_175' title='bbox 2389 1317 2716 1379; x_wconf 74' lang='lat' dir='ltr'><strong>rursumque</strong></span> <span class='ocrx_word' id='word_1_176' title='bbox 2755 1307 3064 1379; x_wconf 83' lang='lat' dir='ltr'><strong>deprimens</strong></span> <span class='ocrx_word' id='word_1_177' title='bbox 3099 1306 3271 1364; x_wconf 84' lang='lat' dir='ltr'><strong>eillari</strong></span> <span class='ocrx_word' id='word_1_178' title='bbox 3315 1311 3460 1383; x_wconf 84' lang='lat' dir='ltr'><strong>quod</strong></span> <span class='ocrx_word' id='word_1_179' title='bbox 3503 1323 3784 1384; x_wconf 88' lang='lat' dir='ltr'><strong>receptum</strong></span> 
     </span>
    </p>
   </div>
   <div class='ocr_carea' id='block_1_27' title="bbox 2180 1399 3784 1475">
    <p class='ocr_par' dir='ltr' id='par_1_27' title="bbox 2180 1399 3784 1475">
     <span class='ocr_line' id='line_1_27' title="bbox 2180 1399 3784 1475; baseline 0.004 -20"><span class='ocrx_word' id='word_1_180' title='bbox 2180 1410 2265 1457; x_wconf 89' lang='lat' dir='ltr'><strong>est</strong></span> <span class='ocrx_word' id='word_1_181' title='bbox 2292 1408 2579 1472; x_wconf 71' lang='lat' dir='ltr'><strong>prteparat.</strong></span> <span class='ocrx_word' id='word_1_182' title='bbox 2611 1401 2664 1454; x_wconf 89' lang='lat' dir='ltr'><strong>in</strong></span> <span class='ocrx_word' id='word_1_183' title='bbox 2703 1399 2980 1455; x_wconf 81' lang='lat' dir='ltr'><strong>anteriora</strong></span> <span class='ocrx_word' id='word_1_184' title='bbox 3023 1413 3153 1456; x_wconf 81' lang='lat' dir='ltr'><strong>vero</strong></span> <span class='ocrx_word' id='word_1_185' title='bbox 3196 1415 3294 1455; x_wconf 87' lang='lat' dir='ltr'><strong>sua</strong></span> <span class='ocrx_word' id='word_1_186' title='bbox 3342 1402 3538 1463; x_wconf 82' lang='lat' dir='ltr'><strong>ventri.</strong></span> <span class='ocrx_word' id='word_1_187' title='bbox 3568 1405 3784 1475; x_wconf 78' lang='lat' dir='ltr'><strong>penitus</strong></span> 
     </span>
    </p>
   </div>
   <div class='ocr_carea' id='block_1_28' title="bbox 2183 1490 3783 1566">
    <p class='ocr_par' dir='ltr' id='par_1_28' title="bbox 2183 1490 3783 1566">
     <span class='ocr_line' id='line_1_28' title="bbox 2183 1490 3783 1566; baseline 0.001 -15"><span class='ocrx_word' id='word_1_188' title='bbox 2183 1494 2474 1551; x_wconf 85' lang='lat' dir='ltr'><strong>imminens</strong></span> <span class='ocrx_word' id='word_1_189' title='bbox 2502 1490 2751 1548; x_wconf 77' lang='lat' dir='ltr'><strong>calefacit</strong></span> <span class='ocrx_word' id='word_1_190' title='bbox 2797 1490 2968 1558; x_wconf 85' lang='lat' dir='ltr'><strong>illum,</strong></span> <span class='ocrx_word' id='word_1_191' title='bbox 2999 1501 3056 1546; x_wconf 86' lang='lat' dir='ltr'><strong>et</strong></span> <span class='ocrx_word' id='word_1_192' title='bbox 3074 1490 3140 1546; x_wconf 89' lang='lat' dir='ltr'><strong>ad</strong></span> <span class='ocrx_word' id='word_1_193' title='bbox 3167 1493 3513 1560; x_wconf 76' lang='lat' dir='ltr'><strong>operationes</strong></span> <span class='ocrx_word' id='word_1_194' title='bbox 3537 1497 3783 1566; x_wconf 82' lang='lat' dir='ltr'><strong>proprias</strong></span> 
     </span>
    </p>
   </div>
   <div class='ocr_carea' id='block_1_29' title="bbox 2179 1587 3784 1659">
    <p class='ocr_par' dir='ltr' id='par_1_29' title="bbox 2179 1587 3784 1659">
     <span class='ocr_line' id='line_1_29' title="bbox 2179 1587 3784 1659; baseline 0 -14"><span class='ocrx_word' id='word_1_195' title='bbox 2179 1589 2414 1646; x_wconf 82' lang='lat' dir='ltr'><strong>habilem</strong></span> <span class='ocrx_word' id='word_1_196' title='bbox 2442 1588 2642 1653; x_wconf 82' lang='lat' dir='ltr'><strong>reddit,</strong></span> <span class='ocrx_word' id='word_1_197' title='bbox 2673 1602 2782 1643; x_wconf 89' lang='lat' dir='ltr'><strong>non</strong></span> <span class='ocrx_word' id='word_1_198' title='bbox 2807 1587 2876 1643; x_wconf 87' lang='lat' dir='ltr'><strong>ad</strong></span> <span class='ocrx_word' id='word_1_199' title='bbox 2906 1589 3331 1658; x_wconf 80' lang='lat' dir='ltr'><strong>resumptionem</strong></span> <span class='ocrx_word' id='word_1_200' title='bbox 3371 1590 3592 1659; x_wconf 87' lang='lat' dir='ltr'><strong>spiritus</strong></span> <span class='ocrx_word' id='word_1_201' title='bbox 3638 1590 3784 1645; x_wconf 77' lang='lat' dir='ltr'><strong>exci-</strong></span> 
     </span>
    </p>
   </div>
   <div class='ocr_carea' id='block_1_30' title="bbox 2179 1675 3783 1752">
    <p class='ocr_par' dir='ltr' id='par_1_30' title="bbox 2179 1675 3783 1752">
     <span class='ocr_line' id='line_1_30' title="bbox 2179 1675 3783 1752; baseline -0.001 -12"><span class='ocrx_word' id='word_1_202' title='bbox 2179 1697 2320 1748; x_wconf 86' lang='lat' dir='ltr'><strong>tans,</strong></span> <span class='ocrx_word' id='word_1_203' title='bbox 2343 1681 2442 1739; x_wconf 88' lang='lat' dir='ltr'><strong>sed</strong></span> <span class='ocrx_word' id='word_1_204' title='bbox 2471 1681 2538 1737; x_wconf 89' lang='lat' dir='ltr'><strong>ad</strong></span> <span class='ocrx_word' id='word_1_205' title='bbox 2587 1675 2968 1752; x_wconf 79' lang='lat' dir='ltr'><strong>exceptionem</strong></span> <span class='ocrx_word' id='word_1_206' title='bbox 3012 1681 3119 1737; x_wconf 85' lang='lat' dir='ltr'><strong>eihi</strong></span> <span class='ocrx_word' id='word_1_207' title='bbox 3159 1681 3381 1737; x_wconf 75' lang='lat' dir='ltr'><strong>sibimet</strong></span> <span class='ocrx_word' id='word_1_208' title='bbox 3425 1681 3783 1752; x_wconf 73' lang='lat' dir='ltr'><strong>competentia</strong></span> 
     </span>
    </p>
   </div>
   <div class='ocr_carea' id='block_1_31' title="bbox 2179 1770 3783 1846">
    <p class='ocr_par' dir='ltr' id='par_1_31' title="bbox 2179 1770 3783 1846">
     <span class='ocr_line' id='line_1_31' title="bbox 2179 1770 3783 1846; baseline -0.002 -14"><span class='ocrx_word' id='word_1_209' title='bbox 2179 1774 2483 1846; x_wconf 88' lang='lat' dir='ltr'><strong>impellens.</strong></span> <span class='ocrx_word' id='word_1_210' title='bbox 2515 1771 2768 1828; x_wconf 78' lang='lat' dir='ltr'><strong>Proxime</strong></span> <span class='ocrx_word' id='word_1_211' title='bbox 2796 1785 2928 1827; x_wconf 90' lang='lat' dir='ltr'><strong>vero</strong></span> <span class='ocrx_word' id='word_1_212' title='bbox 2945 1770 3244 1841; x_wconf 75' lang='lat' dir='ltr'><strong>jtmguntur</strong></span> <span class='ocrx_word' id='word_1_213' title='bbox 3271 1771 3523 1826; x_wconf 84' lang='lat' dir='ltr'><strong>introitus</strong></span> <span class='ocrx_word' id='word_1_214' title='bbox 3547 1785 3691 1828; x_wconf 75' lang='lat' dir='ltr'><strong>escze</strong></span> <span class='ocrx_word' id='word_1_215' title='bbox 3718 1786 3783 1829; x_wconf 74' lang='lat' dir='ltr'><strong>ae</strong></span> 
     </span>
    </p>
   </div>
   <div class='ocr_carea' id='block_1_32' title="bbox 2176 1861 3782 1939">
    <p class='ocr_par' dir='ltr' id='par_1_32' title="bbox 2176 1861 3782 1939">
     <span class='ocr_line' id='line_1_32' title="bbox 2176 1861 3782 1939; baseline -0.004 -16"><span class='ocrx_word' id='word_1_216' title='bbox 2176 1867 2416 1939; x_wconf 77' lang='lat' dir='ltr'><strong>Spiritus,</strong></span> <span class='ocrx_word' id='word_1_217' title='bbox 2448 1864 2504 1921; x_wconf 91' lang='lat' dir='ltr'><strong>in</strong></span> <span class='ocrx_word' id='word_1_218' title='bbox 2533 1863 2751 1933; x_wconf 77' lang='lat' dir='ltr'><strong>longum</strong></span> <span class='ocrx_word' id='word_1_219' title='bbox 2800 1863 3202 1933; x_wconf 79' lang='lat' dir='ltr'><strong>protenduntur</strong></span> <span class='ocrx_word' id='word_1_220' title='bbox 3243 1862 3383 1917; x_wconf 81' lang='lat' dir='ltr'><strong>alter</strong></span> <span class='ocrx_word' id='word_1_221' title='bbox 3427 1861 3494 1917; x_wconf 89' lang='lat' dir='ltr'><strong>ad</strong></span> <span class='ocrx_word' id='word_1_222' title='bbox 3525 1861 3782 1929; x_wconf 87' lang='lat' dir='ltr'><strong>alterum,</strong></span> 
     </span>
    </p>
   </div>
   <div class='ocr_carea' id='block_1_33' title="bbox 469 1942 3781 2035">
    <p class='ocr_par' dir='ltr' id='par_1_33' title="bbox 469 1942 3781 2035">
     <span class='ocr_line' id='line_1_33' title="bbox 469 1942 3781 2035; baseline 0 -27"><span class='ocrx_word' id='word_1_223' title='bbox 469 1942 621 2003; x_wconf 72' lang='grc' dir='ltr'><strong>ιῑοιιθ</strong></span> <span class='ocrx_word' id='word_1_224' title='bbox 659 1947 910 2003; x_wconf 70' lang='grc' dir='ltr'><strong>ωονοιὶπ</strong></span> <span class='ocrx_word' id='word_1_225' title='bbox 946 1960 1111 2022; x_wconf 74' lang='lat' dir='ltr'><strong>alque</strong></span> <span class='ocrx_word' id='word_1_226' title='bbox 1159 1964 1442 2026; x_wconf 81' lang='lat' dir='ltr'><strong>operatur,</strong></span> <span class='ocrx_word' id='word_1_227' title='bbox 1484 1967 1543 2014; x_wconf 91' lang='lat' dir='ltr'><strong>et</strong></span> <span class='ocrx_word' id='word_1_228' title='bbox 1589 1959 1751 2015; x_wconf 89' lang='lat' dir='ltr'><strong>sicuti</strong></span> <span class='ocrx_word' id='word_1_229' title='bbox 1799 1955 2073 2023; x_wconf 73' lang='lat' dir='ltr'><strong>fabrorum</strong></span> <span class='ocrx_word' id='word_1_230' title='bbox 2110 1975 2156 2035; x_wconf 74' lang='grc' dir='ltr'>Β</span> <span class='ocrx_word' id='word_1_231' title='bbox 2181 1972 2446 2029; x_wconf 63' lang='lat' dir='ltr'><strong>aequaque</strong></span> <span class='ocrx_word' id='word_1_232' title='bbox 2473 1969 2725 2010; x_wconf 87' lang='lat' dir='ltr'><strong>mensura</strong></span> <span class='ocrx_word' id='word_1_233' title='bbox 2759 1954 3026 2032; x_wconf 72' lang='lat' dir='ltr'><strong>superiori</strong></span> <span class='ocrx_word' id='word_1_234' title='bbox 3051 1955 3285 2010; x_wconf 77' lang='lat' dir='ltr'><strong>termino</strong></span> <span class='ocrx_word' id='word_1_235' title='bbox 3324 1953 3672 2023; x_wconf 82' lang='lat' dir='ltr'><strong>dirimuntur,</strong></span> <span class='ocrx_word' id='word_1_236' title='bbox 3709 1954 3781 2008; x_wconf 79' lang='lat' dir='ltr'><strong>ita</strong></span> 
     </span>
    </p>
   </div>
   <div class='ocr_carea' id='block_1_34' title="bbox 465 2031 2066 2127">
    <p class='ocr_par' dir='ltr' id='par_1_34' title="bbox 465 2031 2066 2127">
     <span class='ocr_line' id='line_1_34' title="bbox 465 2031 2066 2127; baseline 0.014 -38"><span class='ocrx_word' id='word_1_237' title='bbox 465 2031 626 2127; x_wconf 71' lang='lat' dir='ltr'><strong>folles</strong></span> <span class='ocrx_word' id='word_1_238' title='bbox 653 2036 914 2104; x_wconf 76' lang='lat' dir='ltr'><strong>efﬁciunt,</strong></span> <span class='ocrx_word' id='word_1_239' title='bbox 948 2044 1212 2115; x_wconf 80' lang='lat' dir='ltr'><strong>pertrahit</strong></span> <span class='ocrx_word' id='word_1_240' title='bbox 1240 2046 1306 2101; x_wconf 87' lang='lat' dir='ltr'><strong>ad</strong></span> <span class='ocrx_word' id='word_1_241' title='bbox 1336 2056 1510 2107; x_wconf 80' lang='lat' dir='ltr'><strong>semet</strong></span> <span class='ocrx_word' id='word_1_242' title='bbox 1535 2064 1602 2104; x_wconf 83' lang='lat' dir='ltr'><strong>ex</strong></span> <span class='ocrx_word' id='word_1_243' title='bbox 1642 2051 1924 2121; x_wconf 86' lang='lat' dir='ltr'><strong>adjacente</strong></span> <span class='ocrx_word' id='word_1_244' title='bbox 1950 2057 2066 2127; x_wconf 89' lang='lat' dir='ltr'><strong>spl-</strong></span> 
     </span>
    </p>
   </div>
   <div class='ocr_carea' id='block_1_35' title="bbox 463 2122 2065 2212">
    <p class='ocr_par' dir='ltr' id='par_1_35' title="bbox 463 2122 2065 2212">
     <span class='ocr_line' id='line_1_35' title="bbox 463 2122 2065 2212; baseline 0.015 -34"><span class='ocrx_word' id='word_1_245' title='bbox 463 2122 572 2179; x_wconf 84' lang='lat' dir='ltr'><strong>ritu</strong></span> <span class='ocrx_word' id='word_1_246' title='bbox 585 2129 1034 2198; x_wconf 84' lang='lat' dir='ltr'><strong>compressiones,</strong></span> <span class='ocrx_word' id='word_1_247' title='bbox 1055 2135 1461 2199; x_wconf 81' lang='lat' dir='ltr'><strong>extensionibus</strong></span> <span class='ocrx_word' id='word_1_248' title='bbox 1487 2139 1726 2210; x_wconf 86' lang='lat' dir='ltr'><strong>replens,</strong></span> <span class='ocrx_word' id='word_1_249' title='bbox 1755 2150 1810 2196; x_wconf 90' lang='lat' dir='ltr'><strong>et</strong></span> <span class='ocrx_word' id='word_1_250' title='bbox 1836 2122 1994 2212; x_wconf 81' lang='lat' dir='ltr'><strong>quod</strong></span> <span class='ocrx_word' id='word_1_251' title='bbox 2011 2146 2065 2203; x_wconf 89' lang='lat' dir='ltr'><strong>in</strong></span> 
     </span>
    </p>
   </div>
   <div class='ocr_carea' id='block_1_36' title="bbox 464 2219 2066 2302">
    <p class='ocr_par' dir='ltr' id='par_1_36' title="bbox 464 2219 2066 2302">
     <span class='ocr_line' id='line_1_36' title="bbox 464 2219 2066 2302; baseline 0.017 -32"><span class='ocrx_word' id='word_1_252' title='bbox 464 2231 527 2271; x_wconf 88' lang='lat' dir='ltr'><strong>se</strong></span> <span class='ocrx_word' id='word_1_253' title='bbox 554 2227 639 2272; x_wconf 89' lang='lat' dir='ltr'><strong>est</strong></span> <span class='ocrx_word' id='word_1_254' title='bbox 665 2219 878 2289; x_wconf 70' lang='lat' dir='ltr'><strong>igneum</strong></span> <span class='ocrx_word' id='word_1_255' title='bbox 915 2225 1129 2281; x_wconf 86' lang='lat' dir='ltr'><strong>arteriis</strong></span> <span class='ocrx_word' id='word_1_256' title='bbox 1158 2227 1530 2298; x_wconf 85' lang='lat' dir='ltr'><strong>adjacentibus</strong></span> <span class='ocrx_word' id='word_1_257' title='bbox 1558 2231 1834 2302; x_wconf 83' lang='lat' dir='ltr'><strong>refovens,</strong></span> <span class='ocrx_word' id='word_1_258' title='bbox 1862 2246 1918 2294; x_wconf 89' lang='lat' dir='ltr'><strong>et</strong></span> <span class='ocrx_word' id='word_1_259' title='bbox 1949 2239 2066 2297; x_wconf 73' lang='lat' dir='ltr'><strong>lucc</strong></span> 
     </span>
    </p>
   </div>
   <div class='ocr_carea' id='block_1_37' title="bbox 461 2307 2066 2394">
    <p class='ocr_par' dir='ltr' id='par_1_37' title="bbox 461 2307 2066 2394">
     <span class='ocr_line' id='line_1_37' title="bbox 461 2307 2066 2394; baseline 0.011 -23"><span class='ocrx_word' id='word_1_260' title='bbox 461 2307 647 2371; x_wconf 65' lang='lat' dir='ltr'><strong>facere</strong></span> <span class='ocrx_word' id='word_1_261' title='bbox 673 2328 782 2370; x_wconf 87' lang='lat' dir='ltr'><strong>non</strong></span> <span class='ocrx_word' id='word_1_262' title='bbox 805 2317 1054 2385; x_wconf 89' lang='lat' dir='ltr'><strong>quiescit,</strong></span> <span class='ocrx_word' id='word_1_263' title='bbox 1088 2319 1144 2376; x_wconf 90' lang='lat' dir='ltr'><strong>id</strong></span> <span class='ocrx_word' id='word_1_264' title='bbox 1180 2321 1404 2393; x_wconf 88' lang='lat' dir='ltr'><strong>quidem</strong></span> <span class='ocrx_word' id='word_1_265' title='bbox 1427 2327 1572 2394; x_wconf 91' lang='lat' dir='ltr'><strong>quod</strong></span> <span class='ocrx_word' id='word_1_266' title='bbox 1606 2330 1944 2387; x_wconf 89' lang='lat' dir='ltr'><strong>extrinsecus</strong></span> <span class='ocrx_word' id='word_1_267' title='bbox 1980 2340 2066 2390; x_wconf 90' lang='lat' dir='ltr'><strong>est</strong></span> 
     </span>
    </p>
   </div>
   <div class='ocr_carea' id='block_1_38' title="bbox 460 2405 2062 2488">
    <p class='ocr_par' dir='ltr' id='par_1_38' title="bbox 460 2405 2062 2488">
     <span class='ocr_line' id='line_1_38' title="bbox 460 2405 2062 2488; baseline 0.014 -33"><span class='ocrx_word' id='word_1_268' title='bbox 460 2414 562 2465; x_wconf 81' lang='lat' dir='ltr'><strong>per</strong></span> <span class='ocrx_word' id='word_1_269' title='bbox 578 2405 1032 2472; x_wconf 80' lang='lat' dir='ltr'><strong>resurrectionem</strong></span> <span class='ocrx_word' id='word_1_270' title='bbox 1052 2424 1117 2472; x_wconf 85' lang='lat' dir='ltr'><strong>ac</strong></span> <span class='ocrx_word' id='word_1_271' title='bbox 1141 2413 1556 2482; x_wconf 82' lang='lat' dir='ltr'><strong>respirationem</strong></span> <span class='ocrx_word' id='word_1_272' title='bbox 1584 2415 1654 2472; x_wconf 89' lang='lat' dir='ltr'><strong>ad</strong></span> <span class='ocrx_word' id='word_1_273' title='bbox 1676 2433 1798 2475; x_wconf 82' lang='lat' dir='ltr'><strong>sese</strong></span> <span class='ocrx_word' id='word_1_274' title='bbox 1818 2420 2062 2488; x_wconf 84' lang='lat' dir='ltr'><strong>trahens,</strong></span> 
     </span>
    </p>
   </div>
   <div class='ocr_carea' id='block_1_39' title="bbox 457 2494 2066 2588">
    <p class='ocr_par' dir='ltr' id='par_1_39' title="bbox 457 2494 2066 2588">
     <span class='ocr_line' id='line_1_39' title="bbox 457 2494 2066 2588; baseline 0.016 -39"><span class='ocrx_word' id='word_1_275' title='bbox 457 2494 603 2564; x_wconf 90' lang='lat' dir='ltr'><strong>quod</strong></span> <span class='ocrx_word' id='word_1_276' title='bbox 631 2506 812 2557; x_wconf 88' lang='lat' dir='ltr'><strong>autem</strong></span> <span class='ocrx_word' id='word_1_277' title='bbox 840 2501 1044 2561; x_wconf 86' lang='lat' dir='ltr'><strong>circum</strong></span> <span class='ocrx_word' id='word_1_278' title='bbox 1081 2520 1142 2561; x_wconf 87' lang='lat' dir='ltr'><strong>se</strong></span> <span class='ocrx_word' id='word_1_279' title='bbox 1167 2513 1276 2574; x_wconf 86' lang='lat' dir='ltr'><strong>est,</strong></span> <span class='ocrx_word' id='word_1_280' title='bbox 1305 2523 1400 2578; x_wconf 89' lang='lat' dir='ltr'><strong>per</strong></span> <span class='ocrx_word' id='word_1_281' title='bbox 1434 2514 1889 2582; x_wconf 88' lang='lat' dir='ltr'><strong>compressionem</strong></span> <span class='ocrx_word' id='word_1_282' title='bbox 1935 2518 2066 2588; x_wconf 82' lang='lat' dir='ltr'><strong>ipsis</strong></span> 
     </span>
    </p>
   </div>
   <div class='ocr_carea' id='block_1_40' title="bbox 456 2588 2064 2675">
    <p class='ocr_par' dir='ltr' id='par_1_40' title="bbox 456 2588 2064 2675">
     <span class='ocr_line' id='line_1_40' title="bbox 456 2588 2064 2675; baseline 0.014 -35"><span class='ocrx_word' id='word_1_283' title='bbox 456 2588 672 2652; x_wconf 84' lang='lat' dir='ltr'><strong>arteriis</strong></span> <span class='ocrx_word' id='word_1_284' title='bbox 701 2590 1048 2660; x_wconf 81' lang='lat' dir='ltr'><strong>interserens,</strong></span> <span class='ocrx_word' id='word_1_285' title='bbox 1081 2597 1228 2665; x_wconf 91' lang='lat' dir='ltr'><strong>quod</strong></span> <span class='ocrx_word' id='word_1_286' title='bbox 1258 2599 1390 2654; x_wconf 87' lang='lat' dir='ltr'><strong>mihi</strong></span> <span class='ocrx_word' id='word_1_287' title='bbox 1417 2599 1631 2658; x_wconf 83' lang='lat' dir='ltr'><strong>videtur</strong></span> <span class='ocrx_word' id='word_1_288' title='bbox 1669 2612 1725 2658; x_wconf 90' lang='lat' dir='ltr'><strong>et</strong></span> <span class='ocrx_word' id='word_1_289' title='bbox 1755 2605 2064 2675; x_wconf 90' lang='lat' dir='ltr'><strong>hujusmodi</strong></span> 
     </span>
    </p>
   </div>
   <div class='ocr_carea' id='block_1_41' title="bbox 455 2677 2064 2753">
    <p class='ocr_par' dir='ltr' id='par_1_41' title="bbox 455 2677 2064 2753">
     <span class='ocr_line' id='line_1_41' title="bbox 455 2677 2064 2753; baseline 0.015 -24"><span class='ocrx_word' id='word_1_290' title='bbox 455 2680 738 2745; x_wconf 82' lang='lat' dir='ltr'><strong>spontanei</strong></span> <span class='ocrx_word' id='word_1_291' title='bbox 769 2677 928 2737; x_wconf 82' lang='lat' dir='ltr'><strong>ﬂatus</strong></span> <span class='ocrx_word' id='word_1_292' title='bbox 965 2683 1104 2741; x_wconf 90' lang='lat' dir='ltr'><strong>hanc</strong></span> <span class='ocrx_word' id='word_1_293' title='bbox 1138 2687 1294 2742; x_wconf 88' lang='lat' dir='ltr'><strong>nobis</strong></span> <span class='ocrx_word' id='word_1_294' title='bbox 1334 2703 1554 2745; x_wconf 82' lang='lat' dir='ltr'><strong>causam</strong></span> <span class='ocrx_word' id='word_1_295' title='bbox 1595 2693 1717 2749; x_wconf 88' lang='lat' dir='ltr'><strong>sine</strong></span> <span class='ocrx_word' id='word_1_296' title='bbox 1756 2697 2064 2753; x_wconf 88' lang='lat' dir='ltr'><strong>cessatione</strong></span> 
     </span>
    </p>
   </div>
   <div class='ocr_carea' id='block_1_42' title="bbox 454 2768 2059 2856">
    <p class='ocr_par' dir='ltr' id='par_1_42' title="bbox 454 2768 2059 2856">
     <span class='ocr_line' id='line_1_42' title="bbox 454 2768 2059 2856; baseline 0.014 -35"><span class='ocrx_word' id='word_1_297' title='bbox 454 2768 770 2826; x_wconf 86' lang='lat' dir='ltr'><strong>subsistere.</strong></span> <span class='ocrx_word' id='word_1_298' title='bbox 800 2770 956 2844; x_wconf 67' lang='lat' dir='ltr'><strong>Stcpe</strong></span> <span class='ocrx_word' id='word_1_299' title='bbox 984 2776 1218 2849; x_wconf 87' lang='lat' dir='ltr'><strong>denique</strong></span> <span class='ocrx_word' id='word_1_300' title='bbox 1247 2794 1403 2836; x_wconf 87' lang='lat' dir='ltr'><strong>mens</strong></span> <span class='ocrx_word' id='word_1_301' title='bbox 1431 2781 1486 2836; x_wconf 90' lang='lat' dir='ltr'><strong>in</strong></span> <span class='ocrx_word' id='word_1_302' title='bbox 1515 2783 1634 2839; x_wconf 87' lang='lat' dir='ltr'><strong>aliis</strong></span> <span class='ocrx_word' id='word_1_303' title='bbox 1674 2797 1974 2856; x_wconf 86' lang='lat' dir='ltr'><strong>occupatur</strong></span> <span class='ocrx_word' id='word_1_304' title='bbox 2007 2798 2059 2844; x_wconf 87' lang='lat' dir='ltr'><strong>et</strong></span> 
     </span>
    </p>
   </div>
   <div class='ocr_carea' id='block_1_43' title="bbox 452 2861 2059 2946">
    <p class='ocr_par' dir='ltr' id='par_1_43' title="bbox 452 2861 2059 2946">
     <span class='ocr_line' id='line_1_43' title="bbox 452 2861 2059 2946; baseline 0.014 -34"><span class='ocrx_word' id='word_1_305' title='bbox 452 2861 774 2917; x_wconf 72' lang='lat' dir='ltr'><strong>ouiiiimodo.</strong></span> <span class='ocrx_word' id='word_1_306' title='bbox 794 2866 1155 2934; x_wconf 77' lang='lat' dir='ltr'><strong>conquiescit,</strong></span> <span class='ocrx_word' id='word_1_307' title='bbox 1177 2868 1232 2927; x_wconf 89' lang='lat' dir='ltr'><strong>in</strong></span> <span class='ocrx_word' id='word_1_308' title='bbox 1252 2885 1505 2929; x_wconf 83' lang='lat' dir='ltr'><strong>somnum</strong></span> <span class='ocrx_word' id='word_1_309' title='bbox 1535 2889 1769 2946; x_wconf 85' lang='lat' dir='ltr'><strong>corpore</strong></span> <span class='ocrx_word' id='word_1_310' title='bbox 1794 2876 2059 2945; x_wconf 86' lang='lat' dir='ltr'><strong>resoluto,</strong></span> 
     </span>
    </p>
   </div>
   <div class='ocr_carea' id='block_1_44' title="bbox 455 2949 2064 3040">
    <p class='ocr_par' dir='ltr' id='par_1_44' title="bbox 455 2949 2064 3040">
     <span class='ocr_line' id='line_1_44' title="bbox 455 2949 2064 3040; baseline 0.017 -40"><span class='ocrx_word' id='word_1_311' title='bbox 455 2949 612 3006; x_wconf 77' lang='lat' dir='ltr'><strong>llatus</strong></span> <span class='ocrx_word' id='word_1_312' title='bbox 643 2959 821 3010; x_wconf 88' lang='lat' dir='ltr'><strong>tamen</strong></span> <span class='ocrx_word' id='word_1_313' title='bbox 850 2955 943 3032; x_wconf 87' lang='lat' dir='ltr'><strong>qui</strong></span> <span class='ocrx_word' id='word_1_314' title='bbox 979 2955 1197 3017; x_wconf 79' lang='lat' dir='ltr'><strong>ducitur</strong></span> <span class='ocrx_word' id='word_1_315' title='bbox 1219 2974 1290 3016; x_wconf 83' lang='lat' dir='ltr'><strong>ex</strong></span> <span class='ocrx_word' id='word_1_316' title='bbox 1327 2977 1455 3018; x_wconf 89' lang='lat' dir='ltr'><strong>acre</strong></span> <span class='ocrx_word' id='word_1_317' title='bbox 1491 2964 1780 3033; x_wconf 86' lang='lat' dir='ltr'><strong>quiescere</strong></span> <span class='ocrx_word' id='word_1_318' title='bbox 1821 2983 1929 3023; x_wconf 88' lang='lat' dir='ltr'><strong>non</strong></span> <span class='ocrx_word' id='word_1_319' title='bbox 1971 2985 2064 3040; x_wconf 84' lang='lat' dir='ltr'><strong>po-</strong></span> 
     </span>
    </p>
   </div>
   <div class='ocr_carea' id='block_1_45' title="bbox 451 3047 2062 3129">
    <p class='ocr_par' dir='ltr' id='par_1_45' title="bbox 451 3047 2062 3129">
     <span class='ocr_line' id='line_1_45' title="bbox 451 3047 2062 3129; baseline 0.011 -30"><span class='ocrx_word' id='word_1_320' title='bbox 451 3053 579 3112; x_wconf 87' lang='lat' dir='ltr'><strong>test,</strong></span> <span class='ocrx_word' id='word_1_321' title='bbox 618 3060 722 3103; x_wconf 90' lang='lat' dir='ltr'><strong>nec</strong></span> <span class='ocrx_word' id='word_1_322' title='bbox 757 3047 1150 3124; x_wconf 86' lang='lat' dir='ltr'><strong>aliquantulum</strong></span> <span class='ocrx_word' id='word_1_323' title='bbox 1195 3053 1435 3129; x_wconf 86' lang='lat' dir='ltr'><strong>quidem,</strong></span> <span class='ocrx_word' id='word_1_324' title='bbox 1469 3069 1803 3128; x_wconf 84' lang='lat' dir='ltr'><strong>cooperante</strong></span> <span class='ocrx_word' id='word_1_325' title='bbox 1848 3061 1903 3116; x_wconf 89' lang='lat' dir='ltr'><strong>in</strong></span> <span class='ocrx_word' id='word_1_326' title='bbox 1953 3062 2062 3119; x_wconf 87' lang='lat' dir='ltr'><strong>hoc</strong></span> 
     </span>
    </p>
   </div>
   <div class='ocr_carea' id='block_1_46' title="bbox 449 3141 2060 3221">
    <p class='ocr_par' dir='ltr' id='par_1_46' title="bbox 449 3141 2060 3221">
     <span class='ocr_line' id='line_1_46' title="bbox 449 3141 2060 3221; baseline 0.011 -32"><span class='ocrx_word' id='word_1_327' title='bbox 449 3141 626 3205; x_wconf 77' lang='lat' dir='ltr'><strong>ipsum</strong></span> <span class='ocrx_word' id='word_1_328' title='bbox 669 3147 986 3207; x_wconf 58' lang='lat' dir='ltr'><strong>spontaneo:</strong></span> <span class='ocrx_word' id='word_1_329' title='bbox 1030 3143 1328 3204; x_wconf 75' lang='lat' dir='ltr'><strong>voluntatis</strong></span> <span class='ocrx_word' id='word_1_330' title='bbox 1372 3148 1618 3203; x_wconf 88' lang='lat' dir='ltr'><strong>arbitrio.</strong></span> <span class='ocrx_word' id='word_1_331' title='bbox 1668 3149 1875 3221; x_wconf 84' lang='lat' dir='ltr'><strong>Opinor</strong></span> <span class='ocrx_word' id='word_1_332' title='bbox 1915 3152 2060 3206; x_wconf 91' lang='lat' dir='ltr'><strong>enim</strong></span> 
     </span>
    </p>
   </div>
   <div class='ocr_carea' id='block_1_47' title="bbox 449 3227 2060 3310">
    <p class='ocr_par' dir='ltr' id='par_1_47' title="bbox 449 3227 2060 3310">
     <span class='ocr_line' id='line_1_47' title="bbox 449 3227 2060 3310; baseline 0.012 -30"><span class='ocrx_word' id='word_1_333' title='bbox 449 3227 578 3296; x_wconf 86' lang='lat' dir='ltr'><strong>quia</strong></span> <span class='ocrx_word' id='word_1_334' title='bbox 616 3242 716 3283; x_wconf 91' lang='lat' dir='ltr'><strong>cor</strong></span> <span class='ocrx_word' id='word_1_335' title='bbox 754 3230 1012 3300; x_wconf 86' lang='lat' dir='ltr'><strong>pulmone</strong></span> <span class='ocrx_word' id='word_1_336' title='bbox 1061 3235 1416 3298; x_wconf 77' lang='lat' dir='ltr'><strong>convolutum</strong></span> <span class='ocrx_word' id='word_1_337' title='bbox 1463 3247 1628 3310; x_wconf 87' lang='lat' dir='ltr'><strong>atque</strong></span> <span class='ocrx_word' id='word_1_338' title='bbox 1666 3241 2060 3299; x_wconf 84' lang='lat' dir='ltr'><strong>circumdatum</strong></span> 
     </span>
    </p>
   </div>
   <div class='ocr_carea' id='block_1_48' title="bbox 446 3319 2056 3402">
    <p class='ocr_par' dir='ltr' id='par_1_48' title="bbox 446 3319 2056 3402">
     <span class='ocr_line' id='line_1_48' title="bbox 446 3319 2056 3402; baseline 0.011 -32"><span class='ocrx_word' id='word_1_339' title='bbox 446 3331 518 3378; x_wconf 76' lang='lat' dir='ltr'><strong>ex</strong></span> <span class='ocrx_word' id='word_1_340' title='bbox 539 3319 831 3387; x_wconf 85' lang='lat' dir='ltr'><strong>posteriori</strong></span> <span class='ocrx_word' id='word_1_341' title='bbox 855 3322 936 3375; x_wconf 89' lang='lat' dir='ltr'><strong>sui</strong></span> <span class='ocrx_word' id='word_1_342' title='bbox 959 3332 1113 3392; x_wconf 70' lang='lat' dir='ltr'><strong>parte</strong></span> <span class='ocrx_word' id='word_1_343' title='bbox 1143 3326 1590 3394; x_wconf 89' lang='lat' dir='ltr'><strong>rcspirationibus</strong></span> <span class='ocrx_word' id='word_1_344' title='bbox 1611 3337 1666 3384; x_wconf 90' lang='lat' dir='ltr'><strong>et</strong></span> <span class='ocrx_word' id='word_1_345' title='bbox 1694 3331 2056 3402; x_wconf 81' lang='lat' dir='ltr'><strong>compressio-</strong></span> 
     </span>
    </p>
   </div>
   <div class='ocr_carea' id='block_1_49' title="bbox 447 3408 2057 3484">
    <p class='ocr_par' dir='ltr' id='par_1_49' title="bbox 447 3408 2057 3484">
     <span class='ocr_line' id='line_1_49' title="bbox 447 3408 2057 3484; baseline 0.011 -22"><span class='ocrx_word' id='word_1_346' title='bbox 447 3408 608 3471; x_wconf 84' lang='lat' dir='ltr'><strong>nibus</strong></span> <span class='ocrx_word' id='word_1_347' title='bbox 635 3411 748 3467; x_wconf 86' lang='lat' dir='ltr'><strong>suis</strong></span> <span class='ocrx_word' id='word_1_348' title='bbox 790 3412 1096 3476; x_wconf 82' lang='lat' dir='ltr'><strong>membrum</strong></span> <span class='ocrx_word' id='word_1_349' title='bbox 1125 3425 1363 3484; x_wconf 81' lang='lat' dir='ltr'><strong>moveat,</strong></span> <span class='ocrx_word' id='word_1_350' title='bbox 1396 3427 1454 3472; x_wconf 89' lang='lat' dir='ltr'><strong>et</strong></span> <span class='ocrx_word' id='word_1_351' title='bbox 1481 3421 1864 3476; x_wconf 86' lang='lat' dir='ltr'><strong>attractionem</strong></span> <span class='ocrx_word' id='word_1_352' title='bbox 1913 3423 2057 3479; x_wconf 87' lang='lat' dir='ltr'><strong>acris</strong></span> 
     </span>
    </p>
   </div>
   <div class='ocr_carea' id='block_1_50' title="bbox 447 3501 2054 3582">
    <p class='ocr_par' dir='ltr' id='par_1_50' title="bbox 447 3501 2054 3582">
     <span class='ocr_line' id='line_1_50' title="bbox 447 3501 2054 3582; baseline 0.009 -28"><span class='ocrx_word' id='word_1_353' title='bbox 447 3501 904 3577; x_wconf 77' lang='lat' dir='ltr'><strong>entissionemque</strong></span> <span class='ocrx_word' id='word_1_354' title='bbox 927 3504 1027 3575; x_wconf 83' lang='lat' dir='ltr'><strong>ipsi</strong></span> <span class='ocrx_word' id='word_1_355' title='bbox 1049 3505 1293 3574; x_wconf 87' lang='lat' dir='ltr'><strong>pulmoni</strong></span> <span class='ocrx_word' id='word_1_356' title='bbox 1321 3509 1676 3577; x_wconf 89' lang='lat' dir='ltr'><strong>machinetur,</strong></span> <span class='ocrx_word' id='word_1_357' title='bbox 1707 3511 1801 3582; x_wconf 86' lang='lat' dir='ltr'><strong>qui</strong></span> <span class='ocrx_word' id='word_1_358' title='bbox 1836 3512 2054 3569; x_wconf 47' lang='lat' dir='ltr'><strong>rarissib</strong></span> 
     </span>
    </p>
   </div>
   <div class='ocr_carea' id='block_1_51' title="bbox 445 3596 2057 3663">
    <p class='ocr_par' dir='ltr' id='par_1_51' title="bbox 445 3596 2057 3663">
     <span class='ocr_line' id='line_1_51' title="bbox 445 3596 2057 3663; baseline 0.009 -15"><span class='ocrx_word' id='word_1_359' title='bbox 445 3605 569 3651; x_wconf 76' lang='lat' dir='ltr'><strong>Inus</strong></span> <span class='ocrx_word' id='word_1_360' title='bbox 596 3602 759 3663; x_wconf 80' lang='lat' dir='ltr'><strong>atque</strong></span> <span class='ocrx_word' id='word_1_361' title='bbox 785 3596 1108 3658; x_wconf 87' lang='lat' dir='ltr'><strong>multicavus</strong></span> <span class='ocrx_word' id='word_1_362' title='bbox 1135 3599 1316 3654; x_wconf 88' lang='lat' dir='ltr'><strong>omnia</strong></span> <span class='ocrx_word' id='word_1_363' title='bbox 1361 3616 1458 3656; x_wconf 85' lang='lat' dir='ltr'><strong>sua</strong></span> <span class='ocrx_word' id='word_1_364' title='bbox 1488 3603 1651 3659; x_wconf 85' lang='lat' dir='ltr'><strong>veluti</strong></span> <span class='ocrx_word' id='word_1_365' title='bbox 1680 3603 1944 3663; x_wconf 80' lang='lat' dir='ltr'><strong>foramina</strong></span> <span class='ocrx_word' id='word_1_366' title='bbox 1987 3604 2057 3662; x_wconf 88' lang='lat' dir='ltr'><strong>ad</strong></span> 
     </span>
    </p>
   </div>
   <div class='ocr_carea' id='block_1_52' title="bbox 443 3687 2053 3767">
    <p class='ocr_par' dir='ltr' id='par_1_52' title="bbox 443 3687 2053 3767">
     <span class='ocr_line' id='line_1_52' title="bbox 443 3687 2053 3767; baseline 0.005 -23"><span class='ocrx_word' id='word_1_367' title='bbox 443 3687 672 3751; x_wconf 69' lang='lat' dir='ltr'><strong>tundunt</strong></span> <span class='ocrx_word' id='word_1_368' title='bbox 697 3699 860 3760; x_wconf 85' lang='lat' dir='ltr'><strong>atque</strong></span> <span class='ocrx_word' id='word_1_369' title='bbox 880 3691 1247 3755; x_wconf 81' lang='lat' dir='ltr'><strong>summitatem</strong></span> <span class='ocrx_word' id='word_1_370' title='bbox 1295 3695 1508 3751; x_wconf 78' lang='lat' dir='ltr'><strong>arteria:</strong></span> <span class='ocrx_word' id='word_1_371' title='bbox 1536 3695 1803 3767; x_wconf 87' lang='lat' dir='ltr'><strong>patefacta</strong></span> <span class='ocrx_word' id='word_1_372' title='bbox 1834 3698 2053 3761; x_wconf 87' lang='lat' dir='ltr'><strong>retinet,</strong></span> 
     </span>
    </p>
   </div>
   <div class='ocr_carea' id='block_1_53' title="bbox 441 3786 2056 3863">
    <p class='ocr_par' dir='ltr' id='par_1_53' title="bbox 441 3786 2056 3863">
     <span class='ocr_line' id='line_1_53' title="bbox 441 3786 2056 3863; baseline 0.006 -24"><span class='ocrx_word' id='word_1_373' title='bbox 441 3790 500 3839; x_wconf 81' lang='lat' dir='ltr'><strong>et</strong></span> <span class='ocrx_word' id='word_1_374' title='bbox 527 3793 838 3840; x_wconf 86' lang='lat' dir='ltr'><strong>coarctatus</strong></span> <span class='ocrx_word' id='word_1_375' title='bbox 862 3786 1078 3854; x_wconf 87' lang='lat' dir='ltr'><strong>quidem</strong></span> <span class='ocrx_word' id='word_1_376' title='bbox 1108 3789 1419 3846; x_wconf 87' lang='lat' dir='ltr'><strong>necessario</strong></span> <span class='ocrx_word' id='word_1_377' title='bbox 1447 3789 1692 3860; x_wconf 87' lang='lat' dir='ltr'><strong>spiritum</strong></span> <span class='ocrx_word' id='word_1_378' title='bbox 1722 3791 1818 3863; x_wconf 90' lang='lat' dir='ltr'><strong>qui</strong></span> <span class='ocrx_word' id='word_1_379' title='bbox 1859 3792 1916 3854; x_wconf 90' lang='lat' dir='ltr'><strong>in</strong></span> <span class='ocrx_word' id='word_1_380' title='bbox 1943 3791 2056 3848; x_wconf 82' lang='lat' dir='ltr'><strong>suis</strong></span> 
     </span>
    </p>
   </div>
   <div class='ocr_carea' id='block_1_54' title="bbox 442 3874 2051 3960">
    <p class='ocr_par' dir='ltr' id='par_1_54' title="bbox 442 3874 2051 3960">
     <span class='ocr_line' id='line_1_54' title="bbox 442 3874 2051 3960; baseline 0.007 -32"><span class='ocrx_word' id='word_1_381' title='bbox 442 3874 647 3929; x_wconf 87' lang='lat' dir='ltr'><strong>residet</strong></span> <span class='ocrx_word' id='word_1_382' title='bbox 676 3876 870 3937; x_wconf 80' lang='lat' dir='ltr'><strong>finibus</strong></span> <span class='ocrx_word' id='word_1_383' title='bbox 890 3877 1064 3945; x_wconf 85' lang='lat' dir='ltr'><strong>elicit,</strong></span> <span class='ocrx_word' id='word_1_384' title='bbox 1095 3879 1299 3939; x_wconf 82' lang='lat' dir='ltr'><strong>cedens</strong></span> <span class='ocrx_word' id='word_1_385' title='bbox 1340 3888 1522 3940; x_wconf 85' lang='lat' dir='ltr'><strong>autem</strong></span> <span class='ocrx_word' id='word_1_386' title='bbox 1551 3883 1714 3952; x_wconf 85' lang='lat' dir='ltr'><strong>atque</strong></span> <span class='ocrx_word' id='word_1_387' title='bbox 1744 3898 2051 3960; x_wconf 78' lang='lat' dir='ltr'><strong>rarescens,</strong></span> 
     </span>
    </p>
   </div>
   <div class='ocr_carea' id='block_1_55' title="bbox 438 3967 2051 4043">
    <p class='ocr_par' dir='ltr' id='par_1_55' title="bbox 438 3967 2051 4043">
     <span class='ocr_line' id='line_1_55' title="bbox 438 3967 2051 4043; baseline 0.009 -24"><span class='ocrx_word' id='word_1_388' title='bbox 438 3980 736 4034; x_wconf 73' lang='lat' dir='ltr'><strong>rursusque</strong></span> <span class='ocrx_word' id='word_1_389' title='bbox 759 3967 1039 4025; x_wconf 81' lang='lat' dir='ltr'><strong>attrabeits</strong></span> <span class='ocrx_word' id='word_1_390' title='bbox 1067 3984 1248 4028; x_wconf 87' lang='lat' dir='ltr'><strong>aerem</strong></span> <span class='ocrx_word' id='word_1_391' title='bbox 1279 3985 1380 4041; x_wconf 87' lang='lat' dir='ltr'><strong>per</strong></span> <span class='ocrx_word' id='word_1_392' title='bbox 1406 3971 1720 4028; x_wconf 85' lang='lat' dir='ltr'><strong>distantiam</strong></span> <span class='ocrx_word' id='word_1_393' title='bbox 1766 3984 2051 4043; x_wconf 82' lang='lat' dir='ltr'><strong>movetur;</strong></span> 
     </span>
    </p>
   </div>
   <div class='ocr_carea' id='block_1_56' title="bbox 437 4060 2049 4137">
    <p class='ocr_par' dir='ltr' id='par_1_56' title="bbox 437 4060 2049 4137">
     <span class='ocr_line' id='line_1_56' title="bbox 437 4060 2049 4137; baseline 0.005 -21"><span class='ocrx_word' id='word_1_394' title='bbox 437 4069 500 4116; x_wconf 87' lang='lat' dir='ltr'><strong>et</strong></span> <span class='ocrx_word' id='word_1_395' title='bbox 530 4060 688 4131; x_wconf 88' lang='lat' dir='ltr'><strong>hujus</strong></span> <span class='ocrx_word' id='word_1_396' title='bbox 718 4079 830 4125; x_wconf 80' lang='lat' dir='ltr'><strong>non</strong></span> <span class='ocrx_word' id='word_1_397' title='bbox 846 4063 1166 4125; x_wconf 71' lang='lat' dir='ltr'><strong>voluntarite</strong></span> <span class='ocrx_word' id='word_1_398' title='bbox 1195 4065 1568 4135; x_wconf 85' lang='lat' dir='ltr'><strong>respirationis</strong></span> <span class='ocrx_word' id='word_1_399' title='bbox 1597 4067 1712 4123; x_wconf 74' lang='lat' dir='ltr'><strong>bzec</strong></span> <span class='ocrx_word' id='word_1_400' title='bbox 1739 4081 1902 4124; x_wconf 84' lang='lat' dir='ltr'><strong>causa</strong></span> <span class='ocrx_word' id='word_1_401' title='bbox 1943 4076 2049 4137; x_wconf 79' lang='lat' dir='ltr'><strong>est,</strong></span> 
     </span>
    </p>
   </div>
   <div class='ocr_carea' id='block_1_57' title="bbox 437 4154 2052 4229">
    <p class='ocr_par' dir='ltr' id='par_1_57' title="bbox 437 4154 2052 4229">
     <span class='ocr_line' id='line_1_57' title="bbox 437 4154 2052 4229; baseline 0.007 -23"><span class='ocrx_word' id='word_1_402' title='bbox 437 4155 588 4221; x_wconf 79' lang='lat' dir='ltr'><strong>quod</strong></span> <span class='ocrx_word' id='word_1_403' title='bbox 629 4154 682 4208; x_wconf 89' lang='lat' dir='ltr'><strong>id</strong></span> <span class='ocrx_word' id='word_1_404' title='bbox 711 4154 858 4223; x_wconf 88' lang='lat' dir='ltr'><strong>quod</strong></span> <span class='ocrx_word' id='word_1_405' title='bbox 896 4155 949 4210; x_wconf 91' lang='lat' dir='ltr'><strong>in</strong></span> <span class='ocrx_word' id='word_1_406' title='bbox 987 4155 1144 4212; x_wconf 88' lang='lat' dir='ltr'><strong>nobis</strong></span> <span class='ocrx_word' id='word_1_407' title='bbox 1178 4157 1392 4225; x_wconf 82' lang='lat' dir='ltr'><strong>igneum</strong></span> <span class='ocrx_word' id='word_1_408' title='bbox 1434 4167 1519 4217; x_wconf 86' lang='lat' dir='ltr'><strong>est</strong></span> <span class='ocrx_word' id='word_1_409' title='bbox 1572 4167 1738 4229; x_wconf 84' lang='lat' dir='ltr'><strong>atque</strong></span> <span class='ocrx_word' id='word_1_410' title='bbox 1783 4158 2052 4223; x_wconf 75' lang='lat' dir='ltr'><strong>fervidum</strong></span> 
     </span>
    </p>
   </div>
   <div class='ocr_carea' id='block_1_58' title="bbox 441 4244 2052 4322">
    <p class='ocr_par' dir='ltr' id='par_1_58' title="bbox 441 4244 2052 4322">
     <span class='ocr_line' id='line_1_58' title="bbox 441 4244 2052 4322; baseline 0.006 -24"><span class='ocrx_word' id='word_1_411' title='bbox 441 4244 684 4312; x_wconf 88' lang='lat' dir='ltr'><strong>quietum</strong></span> <span class='ocrx_word' id='word_1_412' title='bbox 713 4259 839 4307; x_wconf 82' lang='lat' dir='ltr'><strong>esse</strong></span> <span class='ocrx_word' id='word_1_413' title='bbox 863 4263 970 4301; x_wconf 85' lang='lat' dir='ltr'><strong>non</strong></span> <span class='ocrx_word' id='word_1_414' title='bbox 996 4247 1186 4318; x_wconf 89' lang='lat' dir='ltr'><strong>possit.</strong></span> <span class='ocrx_word' id='word_1_415' title='bbox 1218 4247 1354 4305; x_wconf 81' lang='lat' dir='ltr'><strong>Nam</strong></span> <span class='ocrx_word' id='word_1_416' title='bbox 1381 4249 1508 4322; x_wconf 85' lang='lat' dir='ltr'><strong>quia</strong></span> <span class='ocrx_word' id='word_1_417' title='bbox 1527 4251 1805 4321; x_wconf 81' lang='lat' dir='ltr'><strong>proprium</strong></span> <span class='ocrx_word' id='word_1_418' title='bbox 1853 4251 2052 4308; x_wconf 86' lang='lat' dir='ltr'><strong>caloris</strong></span> 
     </span>
    </p>
   </div>
   <div class='ocr_carea' id='block_1_59' title="bbox 441 4336 2048 4412">
    <p class='ocr_par' dir='ltr' id='par_1_59' title="bbox 441 4336 2048 4412">
     <span class='ocr_line' id='line_1_59' title="bbox 441 4336 2048 4412; baseline 0.01 -26"><span class='ocrx_word' id='word_1_419' title='bbox 441 4345 527 4388; x_wconf 69' lang='lat' dir='ltr'><strong>est</strong></span> <span class='ocrx_word' id='word_1_420' title='bbox 555 4336 799 4406; x_wconf 79' lang='lat' dir='ltr'><strong>Operatio</strong></span> <span class='ocrx_word' id='word_1_421' title='bbox 826 4346 1028 4405; x_wconf 85' lang='lat' dir='ltr'><strong>motus,</strong></span> <span class='ocrx_word' id='word_1_422' title='bbox 1049 4337 1210 4408; x_wconf 84' lang='lat' dir='ltr'><strong>hujus</strong></span> <span class='ocrx_word' id='word_1_423' title='bbox 1230 4348 1410 4396; x_wconf 88' lang='lat' dir='ltr'><strong>autem</strong></span> <span class='ocrx_word' id='word_1_424' title='bbox 1440 4342 1764 4412; x_wconf 87' lang='lat' dir='ltr'><strong>principium</strong></span> <span class='ocrx_word' id='word_1_425' title='bbox 1801 4343 1854 4398; x_wconf 94' lang='lat' dir='ltr'><strong>in</strong></span> <span class='ocrx_word' id='word_1_426' title='bbox 1882 4344 2048 4402; x_wconf 87' lang='lat' dir='ltr'><strong>corde</strong></span> 
     </span>
    </p>
   </div>
   <div class='ocr_carea' id='block_1_60' title="bbox 437 4431 2048 4506">
    <p class='ocr_par' dir='ltr' id='par_1_60' title="bbox 437 4431 2048 4506">
     <span class='ocr_line' id='line_1_60' title="bbox 437 4431 2048 4506; baseline 0.002 -18"><span class='ocrx_word' id='word_1_427' title='bbox 437 4445 565 4488; x_wconf 77' lang='lat' dir='ltr'><strong>esse</strong></span> <span class='ocrx_word' id='word_1_428' title='bbox 595 4431 986 4500; x_wconf 65' lang='lat' dir='ltr'><strong>perspeximus,</strong></span> <span class='ocrx_word' id='word_1_429' title='bbox 1029 4441 1091 4494; x_wconf 90' lang='lat' dir='ltr'><strong>ut</strong></span> <span class='ocrx_word' id='word_1_430' title='bbox 1128 4434 1274 4504; x_wconf 92' lang='lat' dir='ltr'><strong>quod</strong></span> <span class='ocrx_word' id='word_1_431' title='bbox 1319 4434 1449 4504; x_wconf 77' lang='lat' dir='ltr'><strong>juge</strong></span> <span class='ocrx_word' id='word_1_432' title='bbox 1495 4435 1548 4490; x_wconf 89' lang='lat' dir='ltr'><strong>in</strong></span> <span class='ocrx_word' id='word_1_433' title='bbox 1593 4435 1699 4496; x_wconf 87' lang='lat' dir='ltr'><strong>boc</strong></span> <span class='ocrx_word' id='word_1_434' title='bbox 1738 4435 2048 4506; x_wconf 73' lang='lat' dir='ltr'><strong>agitationis</strong></span> 
     </span>
    </p>
   </div>
   <div class='ocr_carea' id='block_1_61' title="bbox 435 4521 2046 4600">
    <p class='ocr_par' dir='ltr' id='par_1_61' title="bbox 435 4521 2046 4600">
     <span class='ocr_line' id='line_1_61' title="bbox 435 4521 2046 4600; baseline 0.008 -27"><span class='ocrx_word' id='word_1_435' title='bbox 435 4529 547 4586; x_wconf 80' lang='lat' dir='ltr'><strong>est,</strong></span> <span class='ocrx_word' id='word_1_436' title='bbox 579 4521 969 4580; x_wconf 86' lang='lat' dir='ltr'><strong>indesinentem</strong></span> <span class='ocrx_word' id='word_1_437' title='bbox 995 4525 1136 4585; x_wconf 88' lang='lat' dir='ltr'><strong>aeris</strong></span> <span class='ocrx_word' id='word_1_438' title='bbox 1164 4527 1544 4586; x_wconf 86' lang='lat' dir='ltr'><strong>attractionem</strong></span> <span class='ocrx_word' id='word_1_439' title='bbox 1584 4527 2046 4600; x_wconf 81' lang='lat' dir='ltr'><strong>emissionemth</strong></span> 
     </span>
    </p>
   </div>
   <div class='ocr_carea' id='block_1_62' title="bbox 437 4611 2044 4692">
    <p class='ocr_par' dir='ltr' id='par_1_62' title="bbox 437 4611 2044 4692">
     <span class='ocr_line' id='line_1_62' title="bbox 437 4611 2044 4692; baseline 0.011 -31"><span class='ocrx_word' id='word_1_440' title='bbox 437 4627 541 4683; x_wconf 75' lang='lat' dir='ltr'><strong>per</strong></span> <span class='ocrx_word' id='word_1_441' title='bbox 561 4611 794 4668; x_wconf 78' lang='lat' dir='ltr'><strong>cilicium</strong></span> <span class='ocrx_word' id='word_1_442' title='bbox 823 4614 1095 4685; x_wconf 81' lang='lat' dir='ltr'><strong>pulmonis</strong></span> <span class='ocrx_word' id='word_1_443' title='bbox 1125 4625 1404 4687; x_wconf 84' lang='lat' dir='ltr'><strong>operatur,</strong></span> <span class='ocrx_word' id='word_1_444' title='bbox 1435 4627 1728 4690; x_wconf 85' lang='lat' dir='ltr'><strong>propterea</strong></span> <span class='ocrx_word' id='word_1_445' title='bbox 1753 4621 1799 4677; x_wconf 90' lang='lat' dir='ltr'><strong>si</strong></span> <span class='ocrx_word' id='word_1_446' title='bbox 1825 4622 2044 4692; x_wconf 84' lang='lat' dir='ltr'><strong>quando</strong></span> 
     </span>
    </p>
   </div>
   <div class='ocr_carea' id='block_1_63' title="bbox 435 4707 2043 4784">
    <p class='ocr_par' dir='ltr' id='par_1_63' title="bbox 435 4707 2043 4784">
     <span class='ocr_line' id='line_1_63' title="bbox 435 4707 2043 4784; baseline 0.006 -23"><span class='ocrx_word' id='word_1_447' title='bbox 435 4713 629 4761; x_wconf 81' lang='lat' dir='ltr'><strong>contra</strong></span> <span class='ocrx_word' id='word_1_448' title='bbox 669 4713 915 4766; x_wconf 78' lang='lat' dir='ltr'><strong>naturam</strong></span> <span class='ocrx_word' id='word_1_449' title='bbox 941 4707 1092 4764; x_wconf 84' lang='lat' dir='ltr'><strong>calor</strong></span> <span class='ocrx_word' id='word_1_450' title='bbox 1110 4711 1396 4777; x_wconf 81' lang='lat' dir='ltr'><strong>excrescit,</strong></span> <span class='ocrx_word' id='word_1_451' title='bbox 1428 4709 1587 4770; x_wconf 86' lang='lat' dir='ltr'><strong>ﬂatus</strong></span> <span class='ocrx_word' id='word_1_452' title='bbox 1613 4728 1802 4770; x_wconf 88' lang='lat' dir='ltr'><strong>eorum</strong></span> <span class='ocrx_word' id='word_1_453' title='bbox 1830 4714 1922 4784; x_wconf 89' lang='lat' dir='ltr'><strong>qui</strong></span> <span class='ocrx_word' id='word_1_454' title='bbox 1960 4713 2043 4770; x_wconf 79' lang='lat' dir='ltr'><strong>fe-</strong></span> 
     </span>
    </p>
   </div>
   <div class='ocr_carea' id='block_1_64' title="bbox 437 4798 2047 4876">
    <p class='ocr_par' dir='ltr' id='par_1_64' title="bbox 437 4798 2047 4876">
     <span class='ocr_line' id='line_1_64' title="bbox 437 4798 2047 4876; baseline 0.005 -21"><span class='ocrx_word' id='word_1_455' title='bbox 437 4799 622 4856; x_wconf 75' lang='lat' dir='ltr'><strong>nribus</strong></span> <span class='ocrx_word' id='word_1_456' title='bbox 648 4801 838 4860; x_wconf 83' lang='lat' dir='ltr'><strong>creber</strong></span> <span class='ocrx_word' id='word_1_457' title='bbox 874 4798 1130 4870; x_wconf 78' lang='lat' dir='ltr'><strong>efﬁcitur,</strong></span> <span class='ocrx_word' id='word_1_458' title='bbox 1157 4802 1324 4859; x_wconf 84' lang='lat' dir='ltr'><strong>veluti</strong></span> <span class='ocrx_word' id='word_1_459' title='bbox 1372 4813 1701 4876; x_wconf 86' lang='lat' dir='ltr'><strong>properante</strong></span> <span class='ocrx_word' id='word_1_460' title='bbox 1748 4806 1916 4864; x_wconf 84' lang='lat' dir='ltr'><strong>corde</strong></span> <span class='ocrx_word' id='word_1_461' title='bbox 1955 4823 2047 4865; x_wconf 85' lang='lat' dir='ltr'><strong>stt-</strong></span> 
     </span>
    </p>
   </div>
   <div class='ocr_carea' id='block_1_65' title="bbox 433 4893 2046 4969">
    <p class='ocr_par' dir='ltr' id='par_1_65' title="bbox 433 4893 2046 4969">
     <span class='ocr_line' id='line_1_65' title="bbox 433 4893 2046 4969; baseline 0.006 -22"><span class='ocrx_word' id='word_1_462' title='bbox 433 4894 770 4969; x_wconf 86' lang='lat' dir='ltr'><strong>perpositam</strong></span> <span class='ocrx_word' id='word_1_463' title='bbox 793 4894 898 4951; x_wconf 87' lang='lat' dir='ltr'><strong>sibi</strong></span> <span class='ocrx_word' id='word_1_464' title='bbox 925 4893 1195 4953; x_wconf 83' lang='lat' dir='ltr'><strong>ﬂammam</strong></span> <span class='ocrx_word' id='word_1_465' title='bbox 1218 4898 1344 4953; x_wconf 88' lang='lat' dir='ltr'><strong>novi</strong></span> <span class='ocrx_word' id='word_1_466' title='bbox 1389 4898 1611 4969; x_wconf 85' lang='lat' dir='ltr'><strong>spiritus</strong></span> <span class='ocrx_word' id='word_1_467' title='bbox 1636 4900 2046 4963; x_wconf 77' lang='lat' dir='ltr'><strong>continuatione</strong></span> 
     </span>
    </p>
   </div>
   <div class='ocr_carea' id='block_1_66' title="bbox 430 4987 2044 5062">
    <p class='ocr_par' dir='ltr' id='par_1_66' title="bbox 430 4987 2044 5062">
     <span class='ocr_line' id='line_1_66' title="bbox 430 4987 2044 5062; baseline 0.003 -20"><span class='ocrx_word' id='word_1_468' title='bbox 430 4987 781 5058; x_wconf 76' lang='lat' dir='ltr'><strong>restringere.</strong></span> <span class='ocrx_word' id='word_1_469' title='bbox 805 4987 914 5046; x_wconf 87' lang='lat' dir='ltr'><strong>Sed</strong></span> <span class='ocrx_word' id='word_1_470' title='bbox 933 4990 1189 5060; x_wconf 86' lang='lat' dir='ltr'><strong>quoniam</strong></span> <span class='ocrx_word' id='word_1_471' title='bbox 1219 4991 1564 5062; x_wconf 88' lang='lat' dir='ltr'><strong>pauperrima</strong></span> <span class='ocrx_word' id='word_1_472' title='bbox 1583 4991 1829 5062; x_wconf 62' lang='lat' dir='ltr'><strong>quaedam</strong></span> <span class='ocrx_word' id='word_1_473' title='bbox 1860 5000 2044 5048; x_wconf 83' lang='lat' dir='ltr'><strong>nostra</strong></span> 
     </span>
    </p>
   </div>
   <div class='ocr_carea' id='block_1_67' title="bbox 433 5084 2043 5156">
    <p class='ocr_par' dir='ltr' id='par_1_67' title="bbox 433 5084 2043 5156">
     <span class='ocr_line' id='line_1_67' title="bbox 433 5084 2043 5156; baseline 0.004 -20"><span class='ocrx_word' id='word_1_474' title='bbox 433 5089 629 5138; x_wconf 87' lang='lat' dir='ltr'><strong>natura</strong></span> <span class='ocrx_word' id='word_1_475' title='bbox 654 5088 764 5151; x_wconf 89' lang='lat' dir='ltr'><strong>est,</strong></span> <span class='ocrx_word' id='word_1_476' title='bbox 791 5090 846 5138; x_wconf 86' lang='lat' dir='ltr'><strong>et</strong></span> <span class='ocrx_word' id='word_1_477' title='bbox 871 5084 1122 5142; x_wconf 70' lang='lat' dir='ltr'><strong>ominibus</strong></span> <span class='ocrx_word' id='word_1_478' title='bbox 1145 5099 1268 5156; x_wconf 69' lang='lat' dir='ltr'><strong>qua:</strong></span> <span class='ocrx_word' id='word_1_479' title='bbox 1293 5084 1362 5139; x_wconf 86' lang='lat' dir='ltr'><strong>ad</strong></span> <span class='ocrx_word' id='word_1_480' title='bbox 1400 5099 1552 5140; x_wconf 86' lang='lat' dir='ltr'><strong>suam</strong></span> <span class='ocrx_word' id='word_1_481' title='bbox 1600 5085 2043 5142; x_wconf 86' lang='lat' dir='ltr'><strong>constitutionem</strong></span> 
     </span>
    </p>
   </div>
   <div class='ocr_carea' id='block_1_68' title="bbox 430 5177 2042 5251">
    <p class='ocr_par' dir='ltr' id='par_1_68' title="bbox 430 5177 2042 5251">
     <span class='ocr_line' id='line_1_68' title="bbox 430 5177 2042 5251; baseline 0.004 -24"><span class='ocrx_word' id='word_1_482' title='bbox 430 5177 707 5246; x_wconf 75' lang='lat' dir='ltr'><strong>pertinent</strong></span> <span class='ocrx_word' id='word_1_483' title='bbox 733 5177 999 5247; x_wconf 66' lang='lat' dir='ltr'><strong>indigens,</strong></span> <span class='ocrx_word' id='word_1_484' title='bbox 1033 5185 1140 5234; x_wconf 88' lang='lat' dir='ltr'><strong>n0n</strong></span> <span class='ocrx_word' id='word_1_485' title='bbox 1171 5179 1346 5235; x_wconf 80' lang='lat' dir='ltr'><strong>soluat</strong></span> <span class='ocrx_word' id='word_1_486' title='bbox 1375 5180 1582 5251; x_wconf 78' lang='lat' dir='ltr'><strong>proprii</strong></span> <span class='ocrx_word' id='word_1_487' title='bbox 1607 5181 1750 5236; x_wconf 83' lang='lat' dir='ltr'><strong>aeris</strong></span> <span class='ocrx_word' id='word_1_488' title='bbox 1777 5195 1844 5236; x_wconf 81' lang='lat' dir='ltr'><strong>ac</strong></span> <span class='ocrx_word' id='word_1_489' title='bbox 1879 5180 2042 5251; x_wconf 82' lang='lat' dir='ltr'><strong>spiri-</strong></span> 
     </span>
    </p>
   </div>
   <div class='ocr_carea' id='block_1_69' title="bbox 431 5269 2044 5344">
    <p class='ocr_par' dir='ltr' id='par_1_69' title="bbox 431 5269 2044 5344">
     <span class='ocr_line' id='line_1_69' title="bbox 431 5269 2044 5344; baseline 0.002 -19"><span class='ocrx_word' id='word_1_490' title='bbox 431 5280 521 5333; x_wconf 84' lang='lat' dir='ltr'><strong>tus</strong></span> <span class='ocrx_word' id='word_1_491' title='bbox 548 5270 832 5342; x_wconf 89' lang='lat' dir='ltr'><strong>penuriam</strong></span> <span class='ocrx_word' id='word_1_492' title='bbox 867 5271 1068 5342; x_wconf 82' lang='lat' dir='ltr'><strong>patitur</strong></span> <span class='ocrx_word' id='word_1_493' title='bbox 1107 5273 1253 5344; x_wconf 89' lang='lat' dir='ltr'><strong>(nam</strong></span> <span class='ocrx_word' id='word_1_494' title='bbox 1286 5269 1446 5330; x_wconf 79' lang='lat' dir='ltr'><strong>ﬂatus</strong></span> <span class='ocrx_word' id='word_1_495' title='bbox 1484 5273 1578 5343; x_wconf 87' lang='lat' dir='ltr'><strong>qui</strong></span> <span class='ocrx_word' id='word_1_496' title='bbox 1605 5272 1844 5334; x_wconf 83' lang='lat' dir='ltr'><strong>calorem</strong></span> <span class='ocrx_word' id='word_1_497' title='bbox 1895 5273 2044 5328; x_wconf 78' lang='lat' dir='ltr'><strong>levet</strong></span> 
     </span>
    </p>
   </div>
   <div class='ocr_carea' id='block_1_70' title="bbox 425 5363 2040 5434">
    <p class='ocr_par' dir='ltr' id='par_1_70' title="bbox 425 5363 2040 5434">
     <span class='ocr_line' id='line_1_70' title="bbox 425 5363 2040 5434; baseline 0.001 -19"><span class='ocrx_word' id='word_1_498' title='bbox 425 5363 725 5426; x_wconf 80' lang='lat' dir='ltr'><strong>internum,</strong></span> <span class='ocrx_word' id='word_1_499' title='bbox 749 5363 817 5418; x_wconf 87' lang='lat' dir='ltr'><strong>ad</strong></span> <span class='ocrx_word' id='word_1_500' title='bbox 845 5363 1094 5426; x_wconf 87' lang='lat' dir='ltr'><strong>animalis</strong></span> <span class='ocrx_word' id='word_1_501' title='bbox 1113 5364 1582 5420; x_wconf 81' lang='lat' dir='ltr'><strong>conservationem</strong></span> <span class='ocrx_word' id='word_1_502' title='bbox 1595 5363 1802 5434; x_wconf 71' lang='lat' dir='ltr'><strong>jugiter</strong></span> <span class='ocrx_word' id='word_1_503' title='bbox 1829 5364 2040 5420; x_wconf 41' lang='lat' dir='ltr'><strong>extring-</strong></span> 
     </span>
    </p>
   </div>
   <div class='ocr_carea' id='block_1_71' title="bbox 427 5452 2040 5524">
    <p class='ocr_par' dir='ltr' id='par_1_71' title="bbox 427 5452 2040 5524">
     <span class='ocr_line' id='line_1_71' title="bbox 427 5452 2040 5524; baseline 0.002 -16"><span class='ocrx_word' id='word_1_504' title='bbox 427 5467 590 5508; x_wconf 83' lang='lat' dir='ltr'><strong>secus</strong></span> <span class='ocrx_word' id='word_1_505' title='bbox 620 5452 841 5523; x_wconf 75' lang='lat' dir='ltr'><strong>inﬂuit),</strong></span> <span class='ocrx_word' id='word_1_506' title='bbox 887 5454 982 5510; x_wconf 87' lang='lat' dir='ltr'><strong>sed</strong></span> <span class='ocrx_word' id='word_1_507' title='bbox 1017 5455 1182 5511; x_wconf 83' lang='lat' dir='ltr'><strong>etiam</strong></span> <span class='ocrx_word' id='word_1_508' title='bbox 1228 5453 1611 5511; x_wconf 68' lang='lat' dir='ltr'><strong>alimentorum</strong></span> <span class='ocrx_word' id='word_1_509' title='bbox 1649 5453 1890 5515; x_wconf 82' lang='lat' dir='ltr'><strong>subsidia</strong></span> <span class='ocrx_word' id='word_1_510' title='bbox 1920 5469 2040 5524; x_wconf 69' lang='lat' dir='ltr'><strong>quae</strong></span> 
     </span>
    </p>
   </div>
   <div class='ocr_carea' id='block_1_72' title="bbox 429 5547 2041 5622">
    <p class='ocr_par' dir='ltr' id='par_1_72' title="bbox 429 5547 2041 5622">
     <span class='ocr_line' id='line_1_72' title="bbox 429 5547 2041 5622; baseline 0.001 -19"><span class='ocrx_word' id='word_1_511' title='bbox 429 5547 676 5616; x_wconf 85' lang='lat' dir='ltr'><strong>corporis</strong></span> <span class='ocrx_word' id='word_1_512' title='bbox 703 5548 915 5618; x_wconf 79' lang='lat' dir='ltr'><strong>pondus</strong></span> <span class='ocrx_word' id='word_1_513' title='bbox 955 5548 1216 5619; x_wconf 83' lang='lat' dir='ltr'><strong>allevent,</strong></span> <span class='ocrx_word' id='word_1_514' title='bbox 1253 5549 1496 5606; x_wconf 87' lang='lat' dir='ltr'><strong>exterius</strong></span> <span class='ocrx_word' id='word_1_515' title='bbox 1539 5548 1646 5606; x_wconf 84' lang='lat' dir='ltr'><strong>sibi</strong></span> <span class='ocrx_word' id='word_1_516' title='bbox 1687 5548 2041 5622; x_wconf 83' lang='lat' dir='ltr'><strong>providenter</strong></span> 
     </span>
    </p>
   </div>
   <div class='ocr_carea' id='block_1_73' title="bbox 427 5641 2036 5714">
    <p class='ocr_par' dir='ltr' id='par_1_73' title="bbox 427 5641 2036 5714">
     <span class='ocr_line' id='line_1_73' title="bbox 427 5641 2036 5714; baseline 0.002 -21"><span class='ocrx_word' id='word_1_517' title='bbox 427 5641 825 5708; x_wconf 87' lang='lat' dir='ltr'><strong>accommodat,</strong></span> <span class='ocrx_word' id='word_1_518' title='bbox 878 5641 1078 5700; x_wconf 85' lang='lat' dir='ltr'><strong>idcirco</strong></span> <span class='ocrx_word' id='word_1_519' title='bbox 1129 5643 1266 5701; x_wconf 87' lang='lat' dir='ltr'><strong>cibis</strong></span> <span class='ocrx_word' id='word_1_520' title='bbox 1323 5651 1382 5700; x_wconf 85' lang='lat' dir='ltr'><strong>et</strong></span> <span class='ocrx_word' id='word_1_521' title='bbox 1428 5642 1648 5714; x_wconf 84' lang='lat' dir='ltr'><strong>potibus</strong></span> <span class='ocrx_word' id='word_1_522' title='bbox 1684 5641 2036 5713; x_wconf 78' lang='lat' dir='ltr'><strong>indigentiam</strong></span> 
     </span>
    </p>
   </div>
   <div class='ocr_carea' id='block_1_74' title="bbox 428 5733 2035 5806">
    <p class='ocr_par' dir='ltr' id='par_1_74' title="bbox 428 5733 2035 5806">
     <span class='ocr_line' id='line_1_74' title="bbox 428 5733 2035 5806; baseline 0.002 -22"><span class='ocrx_word' id='word_1_523' title='bbox 428 5745 584 5786; x_wconf 86' lang='lat' dir='ltr'><strong>suam</strong></span> <span class='ocrx_word' id='word_1_524' title='bbox 633 5733 888 5802; x_wconf 88' lang='lat' dir='ltr'><strong>supplere</strong></span> <span class='ocrx_word' id='word_1_525' title='bbox 936 5734 1246 5802; x_wconf 84' lang='lat' dir='ltr'><strong>contendit,</strong></span> <span class='ocrx_word' id='word_1_526' title='bbox 1304 5736 1684 5806; x_wconf 87' lang='lat' dir='ltr'><strong>appetitoriam</strong></span> <span class='ocrx_word' id='word_1_527' title='bbox 1743 5733 2035 5803; x_wconf 89' lang='lat' dir='ltr'><strong>quamdam</strong></span> 
     </span>
    </p>
   </div>
   <div class='ocr_carea' id='block_1_75' title="bbox 427 5826 2036 5899">
    <p class='ocr_par' dir='ltr' id='par_1_75' title="bbox 427 5826 2036 5899">
     <span class='ocr_line' id='line_1_75' title="bbox 427 5826 2036 5899; baseline 0.001 -19"><span class='ocrx_word' id='word_1_528' title='bbox 427 5826 538 5880; x_wconf 79' lang='lat' dir='ltr'><strong>vim</strong></span> <span class='ocrx_word' id='word_1_529' title='bbox 580 5826 698 5893; x_wconf 88' lang='lat' dir='ltr'><strong>ejus</strong></span> <span class='ocrx_word' id='word_1_530' title='bbox 744 5828 822 5883; x_wconf 87' lang='lat' dir='ltr'><strong>rei</strong></span> <span class='ocrx_word' id='word_1_531' title='bbox 865 5843 983 5896; x_wconf 80' lang='lat' dir='ltr'><strong>quae</strong></span> <span class='ocrx_word' id='word_1_532' title='bbox 1028 5829 1202 5898; x_wconf 84' lang='lat' dir='ltr'><strong>deest,</strong></span> <span class='ocrx_word' id='word_1_533' title='bbox 1244 5838 1299 5883; x_wconf 92' lang='lat' dir='ltr'><strong>et</strong></span> <span class='ocrx_word' id='word_1_534' title='bbox 1338 5830 1704 5899; x_wconf 80' lang='lat' dir='ltr'><strong>expulsoriam</strong></span> <span class='ocrx_word' id='word_1_535' title='bbox 1751 5827 1870 5898; x_wconf 89' lang='lat' dir='ltr'><strong>ejus</strong></span> <span class='ocrx_word' id='word_1_536' title='bbox 1915 5839 2036 5896; x_wconf 67' lang='lat' dir='ltr'><strong>quae</strong></span> 
     </span>
    </p>
   </div>
   <div class='ocr_carea' id='block_1_76' title="bbox 427 5916 2035 5990">
    <p class='ocr_par' dir='ltr' id='par_1_76' title="bbox 427 5916 2035 5990">
     <span class='ocr_line' id='line_1_76' title="bbox 427 5916 2035 5990; baseline -0.001 -17"><span class='ocrx_word' id='word_1_537' title='bbox 427 5916 717 5989; x_wconf 65' lang='lat' dir='ltr'><strong>superﬂuit</strong></span> <span class='ocrx_word' id='word_1_538' title='bbox 745 5920 1066 5987; x_wconf 84' lang='lat' dir='ltr'><strong>corporibus</strong></span> <span class='ocrx_word' id='word_1_539' title='bbox 1085 5921 1350 5984; x_wconf 85' lang='lat' dir='ltr'><strong>inserens,</strong></span> <span class='ocrx_word' id='word_1_540' title='bbox 1373 5934 1474 5975; x_wconf 90' lang='lat' dir='ltr'><strong>nec</strong></span> <span class='ocrx_word' id='word_1_541' title='bbox 1503 5921 1779 5975; x_wconf 85' lang='lat' dir='ltr'><strong>minimam</strong></span> <span class='ocrx_word' id='word_1_542' title='bbox 1804 5933 1904 5990; x_wconf 83' lang='lat' dir='ltr'><strong>per</strong></span> <span class='ocrx_word' id='word_1_543' title='bbox 1929 5918 2035 5972; x_wconf 88' lang='lat' dir='ltr'><strong>hoc</strong></span> 
     </span>
    </p>
   </div>
   <div class='ocr_carea' id='block_1_77' title="bbox 432 6009 2034 6090">
    <p class='ocr_par' dir='ltr' id='par_1_77' title="bbox 432 6009 2034 6090">
     <span class='ocr_line' id='line_1_77' title="bbox 432 6009 2034 6090; baseline -0.003 -18"><span class='ocrx_word' id='word_1_544' title='bbox 432 6018 640 6073; x_wconf 68' lang='lat' dir='ltr'><strong>uatum</strong></span> <span class='ocrx_word' id='word_1_545' title='bbox 677 6009 1116 6090; x_wconf 71' lang='lat' dir='ltr'><strong>cooperationem</strong></span> <span class='ocrx_word' id='word_1_546' title='bbox 1157 6011 1226 6070; x_wconf 72' lang='lat' dir='ltr'><strong>ad</strong></span> <span class='ocrx_word' id='word_1_547' title='bbox 1278 6011 1566 6071; x_wconf 79' lang='lat' dir='ltr'><strong>fovendum</strong></span> <span class='ocrx_word' id='word_1_548' title='bbox 1616 6013 1797 6070; x_wconf 84' lang='lat' dir='ltr'><strong>cordis</strong></span> <span class='ocrx_word' id='word_1_549' title='bbox 1844 6011 2034 6067; x_wconf 87' lang='lat' dir='ltr'><strong>incen-</strong></span> 
     </span>
    </p>
   </div>
   <div class='ocr_carea' id='block_1_78' title="bbox 2169 2045 3778 2120">
    <p class='ocr_par' dir='ltr' id='par_1_78' title="bbox 2169 2045 3778 2120">
     <span class='ocr_line' id='line_1_78' title="bbox 2169 2045 3778 2120; baseline -0.006 -13"><span class='ocrx_word' id='word_1_550' title='bbox 2169 2060 2353 2107; x_wconf 88' lang='lat' dir='ltr'><strong>tamen</strong></span> <span class='ocrx_word' id='word_1_551' title='bbox 2380 2057 2442 2104; x_wconf 86' lang='lat' dir='ltr'><strong>ut</strong></span> <span class='ocrx_word' id='word_1_552' title='bbox 2468 2047 2797 2120; x_wconf 87' lang='lat' dir='ltr'><strong>copulentur</strong></span> <span class='ocrx_word' id='word_1_553' title='bbox 2824 2045 3079 2113; x_wconf 84' lang='lat' dir='ltr'><strong>invicem,</strong></span> <span class='ocrx_word' id='word_1_554' title='bbox 3111 2053 3170 2101; x_wconf 82' lang='lat' dir='ltr'><strong>et</strong></span> <span class='ocrx_word' id='word_1_555' title='bbox 3189 2052 3297 2100; x_wconf 82' lang='lat' dir='ltr'><strong>uno</strong></span> <span class='ocrx_word' id='word_1_556' title='bbox 3317 2045 3496 2099; x_wconf 82' lang='lat' dir='ltr'><strong>aditus</strong></span> <span class='ocrx_word' id='word_1_557' title='bbox 3520 2059 3620 2100; x_wconf 83' lang='lat' dir='ltr'><strong>ore</strong></span> <span class='ocrx_word' id='word_1_558' title='bbox 3638 2045 3778 2099; x_wconf 82' lang='lat' dir='ltr'><strong>clau-</strong></span> 
     </span>
    </p>
   </div>
   <div class='ocr_carea' id='block_1_79' title="bbox 2165 2135 3778 2208">
    <p class='ocr_par' dir='ltr' id='par_1_79' title="bbox 2165 2135 3778 2208">
     <span class='ocr_line' id='line_1_79' title="bbox 2165 2135 3778 2208; baseline -0.004 -9"><span class='ocrx_word' id='word_1_559' title='bbox 2165 2145 2384 2200; x_wconf 86' lang='lat' dir='ltr'><strong>dantur.</strong></span> <span class='ocrx_word' id='word_1_560' title='bbox 2419 2139 2574 2197; x_wconf 87' lang='lat' dir='ltr'><strong>Unde</strong></span> <span class='ocrx_word' id='word_1_561' title='bbox 2623 2139 2716 2195; x_wconf 90' lang='lat' dir='ltr'><strong>ille</strong></span> <span class='ocrx_word' id='word_1_562' title='bbox 2754 2137 2970 2208; x_wconf 90' lang='lat' dir='ltr'><strong>quidem</strong></span> <span class='ocrx_word' id='word_1_563' title='bbox 3013 2147 3172 2204; x_wconf 74' lang='lat' dir='ltr'><strong>escae,</strong></span> <span class='ocrx_word' id='word_1_564' title='bbox 3207 2135 3293 2192; x_wconf 89' lang='lat' dir='ltr'><strong>hic</strong></span> <span class='ocrx_word' id='word_1_565' title='bbox 3338 2145 3518 2190; x_wconf 83' lang='lat' dir='ltr'><strong>autem</strong></span> <span class='ocrx_word' id='word_1_566' title='bbox 3558 2137 3778 2206; x_wconf 74' lang='lat' dir='ltr'><strong>spiritus</strong></span> 
     </span>
    </p>
   </div>
   <div class='ocr_carea' id='block_1_80' title="bbox 2166 2226 3779 2305">
    <p class='ocr_par' dir='ltr' id='par_1_80' title="bbox 2166 2226 3779 2305">
     <span class='ocr_line' id='line_1_80' title="bbox 2166 2226 3779 2305; baseline -0.007 -12"><span class='ocrx_word' id='word_1_567' title='bbox 2166 2237 2440 2305; x_wconf 77' lang='lat' dir='ltr'><strong>ingressus</strong></span> <span class='ocrx_word' id='word_1_568' title='bbox 2479 2229 2728 2298; x_wconf 89' lang='lat' dir='ltr'><strong>eillcitur,</strong></span> <span class='ocrx_word' id='word_1_569' title='bbox 2778 2229 2874 2287; x_wconf 87' lang='lat' dir='ltr'><strong>sed</strong></span> <span class='ocrx_word' id='word_1_570' title='bbox 2924 2229 2978 2284; x_wconf 88' lang='lat' dir='ltr'><strong>in</strong></span> <span class='ocrx_word' id='word_1_571' title='bbox 3021 2229 3145 2284; x_wconf 84' lang='lat' dir='ltr'><strong>altis</strong></span> <span class='ocrx_word' id='word_1_572' title='bbox 3194 2226 3435 2284; x_wconf 78' lang='lat' dir='ltr'><strong>efﬁcitur</strong></span> <span class='ocrx_word' id='word_1_573' title='bbox 3479 2229 3779 2284; x_wconf 73' lang='lat' dir='ltr'><strong>recessibus</strong></span> 
     </span>
    </p>
   </div>
   <div class='ocr_carea' id='block_1_81' title="bbox 2164 2319 3777 2394">
    <p class='ocr_par' dir='ltr' id='par_1_81' title="bbox 2164 2319 3777 2394">
     <span class='ocr_line' id='line_1_81' title="bbox 2164 2319 3777 2394; baseline -0.008 -10"><span class='ocrx_word' id='word_1_574' title='bbox 2164 2328 2461 2394; x_wconf 88' lang='lat' dir='ltr'><strong>viscerum,</strong></span> <span class='ocrx_word' id='word_1_575' title='bbox 2495 2337 2839 2394; x_wconf 89' lang='lat' dir='ltr'><strong>nequaquam</strong></span> <span class='ocrx_word' id='word_1_576' title='bbox 2871 2322 2972 2377; x_wconf 88' lang='lat' dir='ltr'><strong>iste</strong></span> <span class='ocrx_word' id='word_1_577' title='bbox 2996 2320 3396 2390; x_wconf 76' lang='lat' dir='ltr'><strong>conjugationis</strong></span> <span class='ocrx_word' id='word_1_578' title='bbox 3425 2319 3607 2375; x_wconf 82' lang='lat' dir='ltr'><strong>aditus</strong></span> <span class='ocrx_word' id='word_1_579' title='bbox 3647 2335 3777 2384; x_wconf 57' lang='lat' dir='ltr'><strong>con.</strong></span> 
     </span>
    </p>
   </div>
   <div class='ocr_carea' id='block_1_82' title="bbox 2165 2412 3778 2490">
    <p class='ocr_par' dir='ltr' id='par_1_82' title="bbox 2165 2412 3778 2490">
     <span class='ocr_line' id='line_1_82' title="bbox 2165 2412 3778 2490; baseline -0.004 -13"><span class='ocrx_word' id='word_1_580' title='bbox 2165 2427 2348 2477; x_wconf 83' lang='lat' dir='ltr'><strong>sertos</strong></span> <span class='ocrx_word' id='word_1_581' title='bbox 2369 2433 2469 2490; x_wconf 90' lang='lat' dir='ltr'><strong>per</strong></span> <span class='ocrx_word' id='word_1_582' title='bbox 2493 2417 2675 2474; x_wconf 89' lang='lat' dir='ltr'><strong>omnia</strong></span> <span class='ocrx_word' id='word_1_583' title='bbox 2697 2422 3030 2487; x_wconf 80' lang='lat' dir='ltr'><strong>perseverat,</strong></span> <span class='ocrx_word' id='word_1_584' title='bbox 3063 2427 3190 2472; x_wconf 88' lang='lat' dir='ltr'><strong>nam</strong></span> <span class='ocrx_word' id='word_1_585' title='bbox 3222 2413 3274 2468; x_wconf 85' lang='lat' dir='ltr'><strong>in</strong></span> <span class='ocrx_word' id='word_1_586' title='bbox 3294 2412 3476 2469; x_wconf 71' lang='lat' dir='ltr'><strong>ll‘lelll&#39;ﬂ</strong></span> <span class='ocrx_word' id='word_1_587' title='bbox 3494 2414 3778 2483; x_wconf 79' lang='lat' dir='ltr'><strong>utriusque</strong></span> 
     </span>
    </p>
   </div>
   <div class='ocr_carea' id='block_1_83' title="bbox 2164 2500 3776 2580">
    <p class='ocr_par' dir='ltr' id='par_1_83' title="bbox 2164 2500 3776 2580">
     <span class='ocr_line' id='line_1_83' title="bbox 2164 2500 3776 2580; baseline -0.003 -16"><span class='ocrx_word' id='word_1_588' title='bbox 2164 2509 2273 2567; x_wconf 84' lang='lat' dir='ltr'><strong>line</strong></span> <span class='ocrx_word' id='word_1_589' title='bbox 2299 2524 2394 2566; x_wconf 92' lang='lat' dir='ltr'><strong>cor</strong></span> <span class='ocrx_word' id='word_1_590' title='bbox 2413 2508 2678 2580; x_wconf 89' lang='lat' dir='ltr'><strong>positum.</strong></span> <span class='ocrx_word' id='word_1_591' title='bbox 2715 2500 2806 2561; x_wconf 87' lang='lat' dir='ltr'><strong>ille</strong></span> <span class='ocrx_word' id='word_1_592' title='bbox 2835 2504 3054 2575; x_wconf 73' lang='lat' dir='ltr'><strong>quidem</strong></span> <span class='ocrx_word' id='word_1_593' title='bbox 3077 2502 3319 2559; x_wconf 76' lang='lat' dir='ltr'><strong>aﬂlatum</strong></span> <span class='ocrx_word' id='word_1_594' title='bbox 3363 2503 3490 2560; x_wconf 82' lang='lat' dir='ltr'><strong>hinc</strong></span> <span class='ocrx_word' id='word_1_595' title='bbox 3535 2504 3674 2559; x_wconf 84' lang='lat' dir='ltr'><strong>alter</strong></span> <span class='ocrx_word' id='word_1_596' title='bbox 3711 2503 3776 2559; x_wconf 82' lang='lat' dir='ltr'><strong>ad</strong></span> 
     </span>
    </p>
   </div>
   <div class='ocr_carea' id='block_1_84' title="bbox 2165 2595 3775 2678">
    <p class='ocr_par' dir='ltr' id='par_1_84' title="bbox 2165 2595 3775 2678">
     <span class='ocr_line' id='line_1_84' title="bbox 2165 2595 3775 2678; baseline -0.003 -20"><span class='ocrx_word' id='word_1_597' title='bbox 2165 2602 2535 2678; x_wconf 89' lang='lat' dir='ltr'><strong>recipiendum</strong></span> <span class='ocrx_word' id='word_1_598' title='bbox 2565 2600 2744 2657; x_wconf 89' lang='lat' dir='ltr'><strong>cibum</strong></span> <span class='ocrx_word' id='word_1_599' title='bbox 2777 2597 2982 2664; x_wconf 85' lang='lat' dir='ltr'><strong>tribuit,</strong></span> <span class='ocrx_word' id='word_1_600' title='bbox 3015 2595 3326 2651; x_wconf 81' lang='lat' dir='ltr'><strong>facultatem</strong></span> <span class='ocrx_word' id='word_1_601' title='bbox 3353 2596 3459 2664; x_wconf 90' lang='lat' dir='ltr'><strong>sui,</strong></span> <span class='ocrx_word' id='word_1_602' title='bbox 3489 2603 3617 2666; x_wconf 87' lang='lat' dir='ltr'><strong>apte</strong></span> <span class='ocrx_word' id='word_1_603' title='bbox 3644 2611 3775 2653; x_wconf 89' lang='lat' dir='ltr'><strong>vero</strong></span> 
     </span>
    </p>
   </div>
   <div class='ocr_carea' id='block_1_85' title="bbox 2163 2687 3772 2762">
    <p class='ocr_par' dir='ltr' id='par_1_85' title="bbox 2163 2687 3772 2762">
     <span class='ocr_line' id='line_1_85' title="bbox 2163 2687 3772 2762; baseline -0.006 -11"><span class='ocrx_word' id='word_1_604' title='bbox 2163 2703 2357 2751; x_wconf 87' lang='lat' dir='ltr'><strong>natura</strong></span> <span class='ocrx_word' id='word_1_605' title='bbox 2407 2694 2566 2762; x_wconf 77' lang='lat' dir='ltr'><strong>ignea</strong></span> <span class='ocrx_word' id='word_1_606' title='bbox 2625 2691 2910 2745; x_wconf 83' lang='lat' dir='ltr'><strong>materiam</strong></span> <span class='ocrx_word' id='word_1_607' title='bbox 2964 2703 3126 2758; x_wconf 88' lang='lat' dir='ltr'><strong>quam</strong></span> <span class='ocrx_word' id='word_1_608' title='bbox 3183 2695 3467 2743; x_wconf 87' lang='lat' dir='ltr'><strong>consumat</strong></span> <span class='ocrx_word' id='word_1_609' title='bbox 3525 2687 3772 2759; x_wconf 84' lang='lat' dir='ltr'><strong>inquirit,</strong></span> 
     </span>
    </p>
   </div>
   <div class='ocr_carea' id='block_1_86' title="bbox 2163 2781 3771 2855">
    <p class='ocr_par' dir='ltr' id='par_1_86' title="bbox 2163 2781 3771 2855">
     <span class='ocr_line' id='line_1_86' title="bbox 2163 2781 3771 2855; baseline -0.004 -15"><span class='ocrx_word' id='word_1_610' title='bbox 2163 2783 2311 2855; x_wconf 86' lang='lat' dir='ltr'><strong>quod</strong></span> <span class='ocrx_word' id='word_1_611' title='bbox 2339 2783 2504 2840; x_wconf 85' lang='lat' dir='ltr'><strong>etiam</strong></span> <span class='ocrx_word' id='word_1_612' title='bbox 2534 2783 2678 2838; x_wconf 87' lang='lat' dir='ltr'><strong>circa</strong></span> <span class='ocrx_word' id='word_1_613' title='bbox 2713 2781 2962 2837; x_wconf 85' lang='lat' dir='ltr'><strong>ciborum</strong></span> <span class='ocrx_word' id='word_1_614' title='bbox 2991 2787 3361 2850; x_wconf 63' lang='lat' dir='ltr'><strong>sttsceptorem</strong></span> <span class='ocrx_word' id='word_1_615' title='bbox 3388 2787 3631 2834; x_wconf 77' lang='lat' dir='ltr'><strong>ventrem</strong></span> <span class='ocrx_word' id='word_1_616' title='bbox 3672 2795 3771 2834; x_wconf 80' lang='lat' dir='ltr'><strong>ne-</strong></span> 
     </span>
    </p>
   </div>
   <div class='ocr_carea' id='block_1_87' title="bbox 2165 2870 3770 2946">
    <p class='ocr_par' dir='ltr' id='par_1_87' title="bbox 2165 2870 3770 2946">
     <span class='ocr_line' id='line_1_87' title="bbox 2165 2870 3770 2946; baseline -0.006 -13"><span class='ocrx_word' id='word_1_617' title='bbox 2165 2877 2404 2934; x_wconf 87' lang='lat' dir='ltr'><strong>cessario</strong></span> <span class='ocrx_word' id='word_1_618' title='bbox 2438 2873 2713 2946; x_wconf 87' lang='lat' dir='ltr'><strong>producit.</strong></span> <span class='ocrx_word' id='word_1_619' title='bbox 2737 2872 2795 2928; x_wconf 89' lang='lat' dir='ltr'><strong>in</strong></span> <span class='ocrx_word' id='word_1_620' title='bbox 2824 2879 3086 2942; x_wconf 83' lang='lat' dir='ltr'><strong>quantum</strong></span> <span class='ocrx_word' id='word_1_621' title='bbox 3129 2885 3361 2940; x_wconf 88' lang='lat' dir='ltr'><strong>namque</strong></span> <span class='ocrx_word' id='word_1_622' title='bbox 3402 2872 3596 2941; x_wconf 71' lang='lat' dir='ltr'><strong>igneus</strong></span> <span class='ocrx_word' id='word_1_623' title='bbox 3633 2870 3770 2925; x_wconf 44' lang='lat' dir='ltr'><strong>vicis</strong></span> 
     </span>
    </p>
   </div>
   <div class='ocr_carea' id='block_1_88' title="bbox 2163 2961 3792 3041">
    <p class='ocr_par' dir='ltr' id='par_1_88' title="bbox 2163 2961 3792 3041">
     <span class='ocr_line' id='line_1_88' title="bbox 2163 2961 3792 3041; baseline -0.003 -19"><span class='ocrx_word' id='word_1_624' title='bbox 2163 2968 2336 3023; x_wconf 83' lang='lat' dir='ltr'><strong>nitate</strong></span> <span class='ocrx_word' id='word_1_625' title='bbox 2367 2965 2567 3023; x_wconf 84' lang='lat' dir='ltr'><strong>caloris</strong></span> <span class='ocrx_word' id='word_1_626' title='bbox 2594 2963 2844 3027; x_wconf 75' lang='lat' dir='ltr'><strong>efficitur,</strong></span> <span class='ocrx_word' id='word_1_627' title='bbox 2869 2963 2922 3018; x_wconf 92' lang='lat' dir='ltr'><strong>in</strong></span> <span class='ocrx_word' id='word_1_628' title='bbox 2954 2970 3162 3018; x_wconf 87' lang='lat' dir='ltr'><strong>tantum</strong></span> <span class='ocrx_word' id='word_1_629' title='bbox 3193 2962 3362 3030; x_wconf 80' lang='lat' dir='ltr'><strong>magis</strong></span> <span class='ocrx_word' id='word_1_630' title='bbox 3389 2961 3542 3017; x_wconf 90' lang='lat' dir='ltr'><strong>cibos</strong></span> <span class='ocrx_word' id='word_1_631' title='bbox 3570 2961 3660 3030; x_wconf 88' lang='lat' dir='ltr'><strong>qui</strong></span> <span class='ocrx_word' id='word_1_632' title='bbox 3685 2977 3792 3041; x_wconf 28' lang='lat' dir='ltr'><strong>can</strong></span> 
     </span>
    </p>
   </div>
   <div class='ocr_carea' id='block_1_89' title="bbox 2161 3053 3769 3128">
    <p class='ocr_par' dir='ltr' id='par_1_89' title="bbox 2161 3053 3769 3128">
     <span class='ocr_line' id='line_1_89' title="bbox 2161 3053 3769 3128; baseline -0.003 -12"><span class='ocrx_word' id='word_1_633' title='bbox 2161 3060 2336 3116; x_wconf 85' lang='lat' dir='ltr'><strong>iorem</strong></span> <span class='ocrx_word' id='word_1_634' title='bbox 2368 3059 2607 3115; x_wconf 89' lang='lat' dir='ltr'><strong>nutriant</strong></span> <span class='ocrx_word' id='word_1_635' title='bbox 2633 3071 2851 3128; x_wconf 87' lang='lat' dir='ltr'><strong>semper</strong></span> <span class='ocrx_word' id='word_1_636' title='bbox 2871 3056 3136 3126; x_wconf 85' lang='lat' dir='ltr'><strong>exposcit.</strong></span> <span class='ocrx_word' id='word_1_637' title='bbox 3160 3053 3330 3124; x_wconf 87' lang='lat' dir='ltr'><strong>Hujus</strong></span> <span class='ocrx_word' id='word_1_638' title='bbox 3350 3063 3532 3110; x_wconf 87' lang='lat' dir='ltr'><strong>autem</strong></span> <span class='ocrx_word' id='word_1_639' title='bbox 3554 3053 3769 3111; x_wconf 83' lang='lat' dir='ltr'><strong>deside-</strong></span> 
     </span>
    </p>
   </div>
   <div class='ocr_carea' id='block_1_90' title="bbox 2161 3145 3768 3220">
    <p class='ocr_par' dir='ltr' id='par_1_90' title="bbox 2161 3145 3768 3220">
     <span class='ocr_line' id='line_1_90' title="bbox 2161 3145 3768 3220; baseline -0.003 -14"><span class='ocrx_word' id='word_1_640' title='bbox 2161 3151 2305 3217; x_wconf 80' lang='lat' dir='ltr'><strong>rium</strong></span> <span class='ocrx_word' id='word_1_641' title='bbox 2357 3149 2747 3220; x_wconf 77' lang='lat' dir='ltr'><strong>congruentius</strong></span> <span class='ocrx_word' id='word_1_642' title='bbox 2813 3146 3114 3218; x_wconf 86' lang='lat' dir='ltr'><strong>appetitum</strong></span> <span class='ocrx_word' id='word_1_643' title='bbox 3191 3160 3470 3201; x_wconf 85' lang='lat' dir='ltr'><strong>vocamus.</strong></span> <span class='ocrx_word' id='word_1_644' title='bbox 3523 3145 3582 3200; x_wconf 89' lang='lat' dir='ltr'><strong>Si</strong></span> <span class='ocrx_word' id='word_1_645' title='bbox 3639 3161 3768 3202; x_wconf 86' lang='lat' dir='ltr'><strong>vero</strong></span> 
     </span>
    </p>
   </div>
   <div class='ocr_carea' id='block_1_91' title="bbox 2161 3235 3767 3309">
    <p class='ocr_par' dir='ltr' id='par_1_91' title="bbox 2161 3235 3767 3309">
     <span class='ocr_line' id='line_1_91' title="bbox 2161 3235 3767 3309; baseline -0.004 -10"><span class='ocrx_word' id='word_1_646' title='bbox 2161 3243 2522 3299; x_wconf 86' lang='lat' dir='ltr'><strong>sulllcientem</strong></span> <span class='ocrx_word' id='word_1_647' title='bbox 2552 3240 2841 3296; x_wconf 88' lang='lat' dir='ltr'><strong>materiam</strong></span> <span class='ocrx_word' id='word_1_648' title='bbox 2868 3247 3060 3293; x_wconf 86' lang='lat' dir='ltr'><strong>venter</strong></span> <span class='ocrx_word' id='word_1_649' title='bbox 3083 3236 3378 3309; x_wconf 86' lang='lat' dir='ltr'><strong>acceperit,</strong></span> <span class='ocrx_word' id='word_1_650' title='bbox 3411 3253 3514 3293; x_wconf 89' lang='lat' dir='ltr'><strong>nec</strong></span> <span class='ocrx_word' id='word_1_651' title='bbox 3541 3237 3620 3293; x_wconf 90' lang='lat' dir='ltr'><strong>sic</strong></span> <span class='ocrx_word' id='word_1_652' title='bbox 3649 3235 3767 3306; x_wconf 89' lang='lat' dir='ltr'><strong>qui-</strong></span> 
     </span>
    </p>
   </div>
   <div class='ocr_carea' id='block_1_92' title="bbox 2162 3323 3767 3403">
    <p class='ocr_par' dir='ltr' id='par_1_92' title="bbox 2162 3323 3767 3403">
     <span class='ocr_line' id='line_1_92' title="bbox 2162 3323 3767 3403; baseline -0.002 -14"><span class='ocrx_word' id='word_1_653' title='bbox 2162 3333 2286 3389; x_wconf 88' lang='lat' dir='ltr'><strong>dem</strong></span> <span class='ocrx_word' id='word_1_654' title='bbox 2316 3333 2454 3403; x_wconf 72' lang='lat' dir='ltr'><strong>ignis</strong></span> <span class='ocrx_word' id='word_1_655' title='bbox 2474 3330 2720 3403; x_wconf 87' lang='lat' dir='ltr'><strong>operatio</strong></span> <span class='ocrx_word' id='word_1_656' title='bbox 2749 3328 3108 3399; x_wconf 76' lang='lat' dir='ltr'><strong>conquiescit.</strong></span> <span class='ocrx_word' id='word_1_657' title='bbox 3146 3323 3281 3382; x_wconf 80' lang='lat' dir='ltr'><strong>Nam</strong></span> <span class='ocrx_word' id='word_1_658' title='bbox 3312 3327 3767 3398; x_wconf 76' lang='lat' dir='ltr'><strong>quemadmodum</strong></span> 
     </span>
    </p>
   </div>
   <div class='ocr_carea' id='block_1_93' title="bbox 2163 3417 3766 3489">
    <p class='ocr_par' dir='ltr' id='par_1_93' title="bbox 2163 3417 3766 3489">
     <span class='ocr_line' id='line_1_93' title="bbox 2163 3417 3766 3489; baseline -0.002 -8"><span class='ocrx_word' id='word_1_659' title='bbox 2163 3425 2221 3481; x_wconf 91' lang='lat' dir='ltr'><strong>in</strong></span> <span class='ocrx_word' id='word_1_660' title='bbox 2262 3422 2586 3483; x_wconf 87' lang='lat' dir='ltr'><strong>conﬂatorio</strong></span> <span class='ocrx_word' id='word_1_661' title='bbox 2611 3420 3064 3479; x_wconf 85' lang='lat' dir='ltr'><strong>coadunationem</strong></span> <span class='ocrx_word' id='word_1_662' title='bbox 3087 3417 3377 3489; x_wconf 84' lang='lat' dir='ltr'><strong>quamdam</strong></span> <span class='ocrx_word' id='word_1_663' title='bbox 3403 3419 3568 3474; x_wconf 81' lang='lat' dir='ltr'><strong>totius</strong></span> <span class='ocrx_word' id='word_1_664' title='bbox 3603 3426 3766 3477; x_wconf 73' lang='lat' dir='ltr'><strong>iuste»</strong></span> 
     </span>
    </p>
   </div>
   <div class='ocr_carea' id='block_1_94' title="bbox 2161 3509 3764 3588">
    <p class='ocr_par' dir='ltr' id='par_1_94' title="bbox 2161 3509 3764 3588">
     <span class='ocr_line' id='line_1_94' title="bbox 2161 3509 3764 3588; baseline -0.004 -16"><span class='ocrx_word' id='word_1_665' title='bbox 2161 3517 2256 3574; x_wconf 73' lang='lat' dir='ltr'><strong>rite</strong></span> <span class='ocrx_word' id='word_1_666' title='bbox 2283 3515 2513 3588; x_wconf 78' lang='lat' dir='ltr'><strong>perlicit,</strong></span> <span class='ocrx_word' id='word_1_667' title='bbox 2544 3513 2931 3582; x_wconf 81' lang='lat' dir='ltr'><strong>resolvensque</strong></span> <span class='ocrx_word' id='word_1_668' title='bbox 2958 3510 3207 3566; x_wconf 87' lang='lat' dir='ltr'><strong>universa</strong></span> <span class='ocrx_word' id='word_1_669' title='bbox 3233 3517 3395 3580; x_wconf 88' lang='lat' dir='ltr'><strong>atque</strong></span> <span class='ocrx_word' id='word_1_670' title='bbox 3414 3509 3764 3580; x_wconf 79' lang='lat' dir='ltr'><strong>permiscens,</strong></span> 
     </span>
    </p>
   </div>
   <div class='ocr_carea' id='block_1_95' title="bbox 2159 3599 3765 3673">
    <p class='ocr_par' dir='ltr' id='par_1_95' title="bbox 2159 3599 3765 3673">
     <span class='ocr_line' id='line_1_95' title="bbox 2159 3599 3765 3673; baseline -0.003 -12"><span class='ocrx_word' id='word_1_671' title='bbox 2159 3607 2328 3666; x_wconf 86' lang='lat' dir='ltr'><strong>veluti</strong></span> <span class='ocrx_word' id='word_1_672' title='bbox 2355 3605 2693 3665; x_wconf 87' lang='lat' dir='ltr'><strong>excolatorio</strong></span> <span class='ocrx_word' id='word_1_673' title='bbox 2716 3602 2950 3673; x_wconf 90' lang='lat' dir='ltr'><strong>quodam</strong></span> <span class='ocrx_word' id='word_1_674' title='bbox 2987 3601 3054 3656; x_wconf 89' lang='lat' dir='ltr'><strong>ad</strong></span> <span class='ocrx_word' id='word_1_675' title='bbox 3093 3599 3483 3672; x_wconf 85' lang='lat' dir='ltr'><strong>subsequentes</strong></span> <span class='ocrx_word' id='word_1_676' title='bbox 3527 3599 3765 3656; x_wconf 86' lang='lat' dir='ltr'><strong>refundit</strong></span> 
     </span>
    </p>
   </div>
   <div class='ocr_carea' id='block_1_96' title="bbox 2158 3690 3765 3767">
    <p class='ocr_par' dir='ltr' id='par_1_96' title="bbox 2158 3690 3765 3767">
     <span class='ocr_line' id='line_1_96' title="bbox 2158 3690 3765 3767; baseline -0.008 -9"><span class='ocrx_word' id='word_1_677' title='bbox 2158 3702 2356 3767; x_wconf 88' lang='lat' dir='ltr'><strong>aditus,</strong></span> <span class='ocrx_word' id='word_1_678' title='bbox 2408 3699 2534 3755; x_wconf 89' lang='lat' dir='ltr'><strong>dein</strong></span> <span class='ocrx_word' id='word_1_679' title='bbox 2579 3695 2908 3767; x_wconf 76' lang='lat' dir='ltr'><strong>grossiorem</strong></span> <span class='ocrx_word' id='word_1_680' title='bbox 2931 3703 3140 3764; x_wconf 88' lang='lat' dir='ltr'><strong>partem</strong></span> <span class='ocrx_word' id='word_1_681' title='bbox 3167 3708 3199 3747; x_wconf 83' lang='lat' dir='ltr'><strong>a</strong></span> <span class='ocrx_word' id='word_1_682' title='bbox 3227 3690 3522 3748; x_wconf 86' lang='lat' dir='ltr'><strong>sinceriore</strong></span> <span class='ocrx_word' id='word_1_683' title='bbox 3561 3691 3765 3748; x_wconf 85' lang='lat' dir='ltr'><strong>discer-</strong></span> 
     </span>
    </p>
   </div>
   <div class='ocr_carea' id='block_1_97' title="bbox 2155 3783 3763 3857">
    <p class='ocr_par' dir='ltr' id='par_1_97' title="bbox 2155 3783 3763 3857">
     <span class='ocr_line' id='line_1_97' title="bbox 2155 3783 3763 3857; baseline -0.007 -8"><span class='ocrx_word' id='word_1_684' title='bbox 2155 3806 2314 3856; x_wconf 78' lang='lat' dir='ltr'><strong>nens,</strong></span> <span class='ocrx_word' id='word_1_685' title='bbox 2355 3789 2660 3848; x_wconf 71' lang='lat' dir='ltr'><strong>tenuiorem</strong></span> <span class='ocrx_word' id='word_1_686' title='bbox 2705 3785 2924 3857; x_wconf 90' lang='lat' dir='ltr'><strong>quidem</strong></span> <span class='ocrx_word' id='word_1_687' title='bbox 2965 3783 3318 3840; x_wconf 81' lang='lat' dir='ltr'><strong>substantiam</strong></span> <span class='ocrx_word' id='word_1_688' title='bbox 3361 3797 3461 3852; x_wconf 87' lang='lat' dir='ltr'><strong>per</strong></span> <span class='ocrx_word' id='word_1_689' title='bbox 3500 3783 3763 3852; x_wconf 79' lang='lat' dir='ltr'><strong>quosdam</strong></span> 
     </span>
    </p>
   </div>
   <div class='ocr_carea' id='block_1_98' title="bbox 2155 3876 3764 3952">
    <p class='ocr_par' dir='ltr' id='par_1_98' title="bbox 2155 3876 3764 3952">
     <span class='ocr_line' id='line_1_98' title="bbox 2155 3876 3764 3952; baseline -0.004 -11"><span class='ocrx_word' id='word_1_690' title='bbox 2155 3887 2406 3942; x_wconf 88' lang='lat' dir='ltr'><strong>tramites</strong></span> <span class='ocrx_word' id='word_1_691' title='bbox 2435 3883 2500 3938; x_wconf 90' lang='lat' dir='ltr'><strong>ad</strong></span> <span class='ocrx_word' id='word_1_692' title='bbox 2525 3881 2724 3952; x_wconf 85' lang='lat' dir='ltr'><strong>jecoris</strong></span> <span class='ocrx_word' id='word_1_693' title='bbox 2751 3877 2968 3935; x_wconf 87' lang='lat' dir='ltr'><strong>deducit</strong></span> <span class='ocrx_word' id='word_1_694' title='bbox 3016 3878 3315 3947; x_wconf 73' lang='lat' dir='ltr'><strong>ingressus,</strong></span> <span class='ocrx_word' id='word_1_695' title='bbox 3347 3876 3591 3932; x_wconf 88' lang='lat' dir='ltr'><strong>limosam</strong></span> <span class='ocrx_word' id='word_1_696' title='bbox 3631 3891 3764 3934; x_wconf 72' lang='lat' dir='ltr'><strong>vero</strong></span> 
     </span>
    </p>
   </div>
   <div class='ocr_carea' id='block_1_99' title="bbox 2159 3971 3758 4041">
    <p class='ocr_par' dir='ltr' id='par_1_99' title="bbox 2159 3971 3758 4041">
     <span class='ocr_line' id='line_1_99' title="bbox 2159 3971 3758 4041; baseline -0.006 -7"><span class='ocrx_word' id='word_1_697' title='bbox 2159 3978 2522 4034; x_wconf 69' lang='lat' dir='ltr'><strong>l‘nculentiam</strong></span> <span class='ocrx_word' id='word_1_698' title='bbox 2556 3975 2622 4030; x_wconf 92' lang='lat' dir='ltr'><strong>ad</strong></span> <span class='ocrx_word' id='word_1_699' title='bbox 2656 3974 2876 4029; x_wconf 84' lang='lat' dir='ltr'><strong>latiores</strong></span> <span class='ocrx_word' id='word_1_700' title='bbox 2920 3971 3300 4028; x_wconf 85' lang='lat' dir='ltr'><strong>intestinorum</strong></span> <span class='ocrx_word' id='word_1_701' title='bbox 3347 3971 3525 4027; x_wconf 86' lang='lat' dir='ltr'><strong>aditus</strong></span> <span class='ocrx_word' id='word_1_702' title='bbox 3571 3971 3758 4041; x_wconf 86' lang='lat' dir='ltr'><strong>tradit,</strong></span> 
     </span>
    </p>
   </div>
   <div class='ocr_carea' id='block_1_100' title="bbox 2149 4063 3759 4142">
    <p class='ocr_par' dir='ltr' id='par_1_100' title="bbox 2149 4063 3759 4142">
     <span class='ocr_line' id='line_1_100' title="bbox 2149 4063 3759 4142; baseline -0.004 -18"><span class='ocrx_word' id='word_1_703' title='bbox 2149 4085 2319 4142; x_wconf 86' lang='lat' dir='ltr'><strong>quam</strong></span> <span class='ocrx_word' id='word_1_704' title='bbox 2350 4067 2740 4139; x_wconf 77' lang='lat' dir='ltr'><strong>multiplicibus</strong></span> <span class='ocrx_word' id='word_1_705' title='bbox 2767 4063 3128 4119; x_wconf 87' lang='lat' dir='ltr'><strong>voluminibus</strong></span> <span class='ocrx_word' id='word_1_706' title='bbox 3173 4078 3396 4118; x_wconf 87' lang='lat' dir='ltr'><strong>versans</strong></span> <span class='ocrx_word' id='word_1_707' title='bbox 3431 4077 3544 4118; x_wconf 83' lang='lat' dir='ltr'><strong>non</strong></span> <span class='ocrx_word' id='word_1_708' title='bbox 3591 4079 3759 4134; x_wconf 75' lang='lat' dir='ltr'><strong>parre</strong></span> 
     </span>
    </p>
   </div>
   <div class='ocr_carea' id='block_1_101' title="bbox 2149 4155 3758 4234">
    <p class='ocr_par' dir='ltr' id='par_1_101' title="bbox 2149 4155 3758 4234">
     <span class='ocr_line' id='line_1_101' title="bbox 2149 4155 3758 4234; baseline -0.003 -18"><span class='ocrx_word' id='word_1_709' title='bbox 2149 4171 2409 4234; x_wconf 84' lang='lat' dir='ltr'><strong>tempore</strong></span> <span class='ocrx_word' id='word_1_710' title='bbox 2447 4161 2626 4216; x_wconf 86' lang='lat' dir='ltr'><strong>cibum</strong></span> <span class='ocrx_word' id='word_1_711' title='bbox 2666 4158 2721 4212; x_wconf 87' lang='lat' dir='ltr'><strong>in</strong></span> <span class='ocrx_word' id='word_1_712' title='bbox 2761 4155 3062 4212; x_wconf 84' lang='lat' dir='ltr'><strong>visceribus</strong></span> <span class='ocrx_word' id='word_1_713' title='bbox 3099 4156 3326 4220; x_wconf 86' lang='lat' dir='ltr'><strong>retinet,</strong></span> <span class='ocrx_word' id='word_1_714' title='bbox 3357 4157 3434 4210; x_wconf 89' lang='lat' dir='ltr'><strong>uti</strong></span> <span class='ocrx_word' id='word_1_715' title='bbox 3483 4170 3554 4211; x_wconf 89' lang='lat' dir='ltr'><strong>ne</strong></span> <span class='ocrx_word' id='word_1_716' title='bbox 3605 4165 3758 4211; x_wconf 84' lang='lat' dir='ltr'><strong>recto</strong></span> 
     </span>
    </p>
   </div>
   <div class='ocr_carea' id='block_1_102' title="bbox 2149 4248 3756 4321">
    <p class='ocr_par' dir='ltr' id='par_1_102' title="bbox 2149 4248 3756 4321">
     <span class='ocr_line' id='line_1_102' title="bbox 2149 4248 3756 4321; baseline -0.004 -11"><span class='ocrx_word' id='word_1_717' title='bbox 2149 4269 2317 4311; x_wconf 84' lang='lat' dir='ltr'><strong>cursu</strong></span> <span class='ocrx_word' id='word_1_718' title='bbox 2345 4252 2553 4307; x_wconf 86' lang='lat' dir='ltr'><strong>facilius</strong></span> <span class='ocrx_word' id='word_1_719' title='bbox 2581 4249 2792 4321; x_wconf 89' lang='lat' dir='ltr'><strong>pulsum</strong></span> <span class='ocrx_word' id='word_1_720' title='bbox 2818 4263 2948 4304; x_wconf 84' lang='lat' dir='ltr'><strong>mox</strong></span> <span class='ocrx_word' id='word_1_721' title='bbox 2979 4248 3176 4302; x_wconf 82' lang='lat' dir='ltr'><strong>animal</strong></span> <span class='ocrx_word' id='word_1_722' title='bbox 3224 4248 3524 4320; x_wconf 75' lang='lat' dir='ltr'><strong>&quot;appetitum</strong></span> <span class='ocrx_word' id='word_1_723' title='bbox 3562 4248 3756 4304; x_wconf 75' lang='lat' dir='ltr'><strong>edendi</strong></span> 
     </span>
    </p>
   </div>
   <div class='ocr_carea' id='block_1_103' title="bbox 2151 4341 3760 4413">
    <p class='ocr_par' dir='ltr' id='par_1_103' title="bbox 2151 4341 3760 4413">
     <span class='ocr_line' id='line_1_103' title="bbox 2151 4341 3760 4413; baseline -0.004 -11"><span class='ocrx_word' id='word_1_724' title='bbox 2151 4352 2516 4410; x_wconf 82' lang='lat' dir='ltr'><strong>commoveat,</strong></span> <span class='ocrx_word' id='word_1_725' title='bbox 2543 4352 2600 4398; x_wconf 88' lang='lat' dir='ltr'><strong>et</strong></span> <span class='ocrx_word' id='word_1_726' title='bbox 2622 4343 2778 4413; x_wconf 88' lang='lat' dir='ltr'><strong>juxta</strong></span> <span class='ocrx_word' id='word_1_727' title='bbox 2808 4349 3058 4396; x_wconf 80' lang='lat' dir='ltr'><strong>naturam</strong></span> <span class='ocrx_word' id='word_1_728' title='bbox 3101 4341 3583 4409; x_wconf 85' lang='lat' dir='ltr'><strong>irrationabilium,</strong></span> <span class='ocrx_word' id='word_1_729' title='bbox 3626 4357 3760 4396; x_wconf 76' lang='lat' dir='ltr'><strong>nun-</strong></span> 
     </span>
    </p>
   </div>
   <div class='ocr_carea' id='block_1_104' title="bbox 2149 4431 3754 4510">
    <p class='ocr_par' dir='ltr' id='par_1_104' title="bbox 2149 4431 3754 4510">
     <span class='ocr_line' id='line_1_104' title="bbox 2149 4431 3754 4510; baseline -0.002 -18"><span class='ocrx_word' id='word_1_730' title='bbox 2149 4452 2312 4510; x_wconf 79' lang='lat' dir='ltr'><strong>quam</strong></span> <span class='ocrx_word' id='word_1_731' title='bbox 2344 4438 2507 4492; x_wconf 84' lang='lat' dir='ltr'><strong>homo</strong></span> <span class='ocrx_word' id='word_1_732' title='bbox 2537 4436 2604 4490; x_wconf 89' lang='lat' dir='ltr'><strong>ab</strong></span> <span class='ocrx_word' id='word_1_733' title='bbox 2633 4435 2735 4489; x_wconf 88' lang='lat' dir='ltr'><strong>hac</strong></span> <span class='ocrx_word' id='word_1_734' title='bbox 2755 4433 3115 4504; x_wconf 86' lang='lat' dir='ltr'><strong>occupatione</strong></span> <span class='ocrx_word' id='word_1_735' title='bbox 3136 4432 3379 4488; x_wconf 79' lang='lat' dir='ltr'><strong>desistat.</strong></span> <span class='ocrx_word' id='word_1_736' title='bbox 3406 4431 3473 4487; x_wconf 83' lang='lat' dir='ltr'><strong>Et</strong></span> <span class='ocrx_word' id='word_1_737' title='bbox 3499 4433 3754 4503; x_wconf 79' lang='lat' dir='ltr'><strong>quoniam</strong></span> 
     </span>
    </p>
   </div>
   <div class='ocr_carea' id='block_1_105' title="bbox 2145 4524 3756 4600">
    <p class='ocr_par' dir='ltr' id='par_1_105' title="bbox 2145 4524 3756 4600">
     <span class='ocr_line' id='line_1_105' title="bbox 2145 4524 3756 4600; baseline -0.004 -15"><span class='ocrx_word' id='word_1_738' title='bbox 2145 4529 2317 4600; x_wconf 85' lang='lat' dir='ltr'><strong>jccnri</strong></span> <span class='ocrx_word' id='word_1_739' title='bbox 2375 4527 2612 4582; x_wconf 78' lang='lat' dir='ltr'><strong>maxime</strong></span> <span class='ocrx_word' id='word_1_740' title='bbox 2666 4525 2865 4580; x_wconf 88' lang='lat' dir='ltr'><strong>caloris</strong></span> <span class='ocrx_word' id='word_1_741' title='bbox 2907 4525 3224 4596; x_wconf 83' lang='lat' dir='ltr'><strong>cooperatio</strong></span> <span class='ocrx_word' id='word_1_742' title='bbox 3269 4538 3390 4579; x_wconf 86' lang='lat' dir='ltr'><strong>esse</strong></span> <span class='ocrx_word' id='word_1_743' title='bbox 3445 4524 3756 4585; x_wconf 83' lang='lat' dir='ltr'><strong>necessaria</strong></span> 
     </span>
    </p>
   </div>
   <div class='ocr_carea' id='block_1_106' title="bbox 2151 4614 3758 4692">
    <p class='ocr_par' dir='ltr' id='par_1_106' title="bbox 2151 4614 3758 4692">
     <span class='ocr_line' id='line_1_106' title="bbox 2151 4614 3758 4692; baseline -0.002 -18"><span class='ocrx_word' id='word_1_744' title='bbox 2151 4621 2438 4692; x_wconf 82' lang='lat' dir='ltr'><strong>probatur,</strong></span> <span class='ocrx_word' id='word_1_745' title='bbox 2463 4626 2527 4675; x_wconf 79' lang='lat' dir='ltr'><strong>&#39;ut</strong></span> <span class='ocrx_word' id='word_1_746' title='bbox 2552 4619 2748 4672; x_wconf 89' lang='lat' dir='ltr'><strong>humor</strong></span> <span class='ocrx_word' id='word_1_747' title='bbox 2775 4623 3082 4672; x_wconf 84' lang='lat' dir='ltr'><strong>verteretur</strong></span> <span class='ocrx_word' id='word_1_748' title='bbox 3112 4615 3164 4670; x_wconf 91' lang='lat' dir='ltr'><strong>in</strong></span> <span class='ocrx_word' id='word_1_749' title='bbox 3188 4614 3526 4683; x_wconf 76' lang='lat' dir='ltr'><strong>sanguinem,</strong></span> <span class='ocrx_word' id='word_1_750' title='bbox 3545 4615 3648 4671; x_wconf 86' lang='lat' dir='ltr'><strong>hoc</strong></span> <span class='ocrx_word' id='word_1_751' title='bbox 3665 4630 3758 4670; x_wconf 81' lang='lat' dir='ltr'><strong>att-</strong></span> 
     </span>
    </p>
   </div>
   <div class='ocr_carea' id='block_1_107' title="bbox 2151 4705 3755 4778">
    <p class='ocr_par' dir='ltr' id='par_1_107' title="bbox 2151 4705 3755 4778">
     <span class='ocr_line' id='line_1_107' title="bbox 2151 4705 3755 4778; baseline -0.004 -10"><span class='ocrx_word' id='word_1_752' title='bbox 2151 4723 2261 4768; x_wconf 84' lang='lat' dir='ltr'><strong>tem</strong></span> <span class='ocrx_word' id='word_1_753' title='bbox 2291 4710 2589 4773; x_wconf 85' lang='lat' dir='ltr'><strong>membrum</strong></span> <span class='ocrx_word' id='word_1_754' title='bbox 2629 4724 2659 4763; x_wconf 87' lang='lat' dir='ltr'><strong>a</strong></span> <span class='ocrx_word' id='word_1_755' title='bbox 2687 4707 2853 4765; x_wconf 90' lang='lat' dir='ltr'><strong>corde</strong></span> <span class='ocrx_word' id='word_1_756' title='bbox 2893 4707 3047 4778; x_wconf 83' lang='lat' dir='ltr'><strong>juxta</strong></span> <span class='ocrx_word' id='word_1_757' title='bbox 3093 4707 3420 4777; x_wconf 85' lang='lat' dir='ltr'><strong>positionem</strong></span> <span class='ocrx_word' id='word_1_758' title='bbox 3465 4705 3755 4762; x_wconf 76' lang='lat' dir='ltr'><strong>intervallo</strong></span> 
     </span>
    </p>
   </div>
   <div class='ocr_carea' id='block_1_108' title="bbox 2153 4797 3756 4870">
    <p class='ocr_par' dir='ltr' id='par_1_108' title="bbox 2153 4797 3756 4870">
     <span class='ocr_line' id='line_1_108' title="bbox 2153 4797 3756 4870; baseline -0.003 -12"><span class='ocrx_word' id='word_1_759' title='bbox 2153 4821 2260 4858; x_wconf 87' lang='lat' dir='ltr'><strong>non</strong></span> <span class='ocrx_word' id='word_1_760' title='bbox 2285 4802 2509 4863; x_wconf 77' lang='lat' dir='ltr'><strong>minimo</strong></span> <span class='ocrx_word' id='word_1_761' title='bbox 2535 4800 2845 4870; x_wconf 84' lang='lat' dir='ltr'><strong>disparatur</strong></span> <span class='ocrx_word' id='word_1_762' title='bbox 2891 4799 3019 4867; x_wconf 91' lang='lat' dir='ltr'><strong>(nec</strong></span> <span class='ocrx_word' id='word_1_763' title='bbox 3040 4798 3241 4853; x_wconf 88' lang='lat' dir='ltr'><strong>etenim</strong></span> <span class='ocrx_word' id='word_1_764' title='bbox 3281 4813 3408 4854; x_wconf 86' lang='lat' dir='ltr'><strong>reor</strong></span> <span class='ocrx_word' id='word_1_765' title='bbox 3440 4797 3603 4853; x_wconf 87' lang='lat' dir='ltr'><strong>fuisse</strong></span> <span class='ocrx_word' id='word_1_766' title='bbox 3629 4814 3756 4867; x_wconf 86' lang='lat' dir='ltr'><strong>pos-</strong></span> 
     </span>
    </p>
   </div>
   <div class='ocr_carea' id='block_1_109' title="bbox 2148 4889 3757 4964">
    <p class='ocr_par' dir='ltr' id='par_1_109' title="bbox 2148 4889 3757 4964">
     <span class='ocr_line' id='line_1_109' title="bbox 2148 4889 3757 4964; baseline -0.001 -14"><span class='ocrx_word' id='word_1_767' title='bbox 2148 4896 2306 4956; x_wconf 81' lang='lat' dir='ltr'><strong>sibile</strong></span> <span class='ocrx_word' id='word_1_768' title='bbox 2347 4903 2408 4949; x_wconf 93' lang='lat' dir='ltr'><strong>ut</strong></span> <span class='ocrx_word' id='word_1_769' title='bbox 2461 4893 2783 4964; x_wconf 76' lang='lat' dir='ltr'><strong>procipium</strong></span> <span class='ocrx_word' id='word_1_770' title='bbox 2836 4890 3108 4960; x_wconf 82' lang='lat' dir='ltr'><strong>quoddam</strong></span> <span class='ocrx_word' id='word_1_771' title='bbox 3164 4899 3331 4959; x_wconf 82' lang='lat' dir='ltr'><strong>atque</strong></span> <span class='ocrx_word' id='word_1_772' title='bbox 3377 4890 3528 4946; x_wconf 86' lang='lat' dir='ltr'><strong>radix</strong></span> <span class='ocrx_word' id='word_1_773' title='bbox 3576 4889 3757 4948; x_wconf 67' lang='lat' dir='ltr'><strong>vitalis</strong></span> 
     </span>
    </p>
   </div>
   <div class='ocr_carea' id='block_1_110' title="bbox 2145 4983 3753 5060">
    <p class='ocr_par' dir='ltr' id='par_1_110' title="bbox 2145 4983 3753 5060">
     <span class='ocr_line' id='line_1_110' title="bbox 2145 4983 3753 5060; baseline -0.006 -14"><span class='ocrx_word' id='word_1_774' title='bbox 2145 4988 2407 5060; x_wconf 73' lang='lat' dir='ltr'><strong>potentia:</strong></span> <span class='ocrx_word' id='word_1_775' title='bbox 2455 4986 2678 5044; x_wconf 86' lang='lat' dir='ltr'><strong>alterius</strong></span> <span class='ocrx_word' id='word_1_776' title='bbox 2715 4993 3097 5057; x_wconf 74' lang='lat' dir='ltr'><strong>angustaretur</strong></span> <span class='ocrx_word' id='word_1_777' title='bbox 3141 4985 3421 5041; x_wconf 82' lang='lat' dir='ltr'><strong>vicinitate</strong></span> <span class='ocrx_word' id='word_1_778' title='bbox 3450 4983 3753 5054; x_wconf 80' lang='lat' dir='ltr'><strong>principii),</strong></span> 
     </span>
    </p>
   </div>
   <div class='ocr_carea' id='block_1_111' title="bbox 2148 5074 3757 5150">
    <p class='ocr_par' dir='ltr' id='par_1_111' title="bbox 2148 5074 3757 5150">
     <span class='ocr_line' id='line_1_111' title="bbox 2148 5074 3757 5150; baseline -0.003 -15"><span class='ocrx_word' id='word_1_779' title='bbox 2148 5095 2218 5135; x_wconf 86' lang='lat' dir='ltr'><strong>ne</strong></span> <span class='ocrx_word' id='word_1_780' title='bbox 2259 5077 2390 5150; x_wconf 87' lang='lat' dir='ltr'><strong>quid</strong></span> <span class='ocrx_word' id='word_1_781' title='bbox 2422 5090 2601 5133; x_wconf 89' lang='lat' dir='ltr'><strong>tamen</strong></span> <span class='ocrx_word' id='word_1_782' title='bbox 2629 5077 2682 5133; x_wconf 90' lang='lat' dir='ltr'><strong>in</strong></span> <span class='ocrx_word' id='word_1_783' title='bbox 2709 5075 3117 5146; x_wconf 83' lang='lat' dir='ltr'><strong>dispensatione</strong></span> <span class='ocrx_word' id='word_1_784' title='bbox 3146 5077 3392 5146; x_wconf 72' lang='lat' dir='ltr'><strong>corporis</strong></span> <span class='ocrx_word' id='word_1_785' title='bbox 3422 5091 3519 5145; x_wconf 89' lang='lat' dir='ltr'><strong>per</strong></span> <span class='ocrx_word' id='word_1_786' title='bbox 3557 5074 3757 5130; x_wconf 73' lang='lat' dir='ltr'><strong>distan-</strong></span> 
     </span>
    </p>
   </div>
   <div class='ocr_carea' id='block_1_112' title="bbox 2145 5169 3755 5240">
    <p class='ocr_par' dir='ltr' id='par_1_112' title="bbox 2145 5169 3755 5240">
     <span class='ocr_line' id='line_1_112' title="bbox 2145 5169 3755 5240; baseline -0.001 -14"><span class='ocrx_word' id='word_1_787' title='bbox 2145 5173 2280 5226; x_wconf 85' lang='lat' dir='ltr'><strong>tiam</strong></span> <span class='ocrx_word' id='word_1_788' title='bbox 2309 5170 2497 5230; x_wconf 71' lang='lat' dir='ltr'><strong>calidat</strong></span> <span class='ocrx_word' id='word_1_789' title='bbox 2541 5169 2859 5226; x_wconf 78' lang='lat' dir='ltr'><strong>substantia:</strong></span> <span class='ocrx_word' id='word_1_790' title='bbox 2899 5176 3237 5240; x_wconf 86' lang='lat' dir='ltr'><strong>peccaretur,</strong></span> <span class='ocrx_word' id='word_1_791' title='bbox 3265 5178 3465 5224; x_wconf 85' lang='lat' dir='ltr'><strong>trames</strong></span> <span class='ocrx_word' id='word_1_792' title='bbox 3493 5181 3755 5224; x_wconf 77' lang='lat' dir='ltr'><strong>nervosus</strong></span> 
     </span>
    </p>
   </div>
   <div class='ocr_carea' id='block_1_113' title="bbox 2145 5259 3752 5334">
    <p class='ocr_par' dir='ltr' id='par_1_113' title="bbox 2145 5259 3752 5334">
     <span class='ocr_line' id='line_1_113' title="bbox 2145 5259 3752 5334; baseline -0.004 -14"><span class='ocrx_word' id='word_1_793' title='bbox 2145 5278 2312 5334; x_wconf 84' lang='lat' dir='ltr'><strong>quem</strong></span> <span class='ocrx_word' id='word_1_794' title='bbox 2340 5262 2597 5327; x_wconf 79' lang='lat' dir='ltr'><strong>arteriam</strong></span> <span class='ocrx_word' id='word_1_795' title='bbox 2622 5260 2678 5317; x_wconf 90' lang='lat' dir='ltr'><strong>hi</strong></span> <span class='ocrx_word' id='word_1_796' title='bbox 2706 5261 2800 5332; x_wconf 91' lang='lat' dir='ltr'><strong>qui</strong></span> <span class='ocrx_word' id='word_1_797' title='bbox 2827 5260 2974 5316; x_wconf 89' lang='lat' dir='ltr'><strong>circa</strong></span> <span class='ocrx_word' id='word_1_798' title='bbox 3002 5260 3158 5316; x_wconf 87' lang='lat' dir='ltr'><strong>istam</strong></span> <span class='ocrx_word' id='word_1_799' title='bbox 3184 5270 3310 5315; x_wconf 90' lang='lat' dir='ltr'><strong>sunt</strong></span> <span class='ocrx_word' id='word_1_800' title='bbox 3335 5259 3632 5330; x_wconf 84' lang='lat' dir='ltr'><strong>prudentes</strong></span> <span class='ocrx_word' id='word_1_801' title='bbox 3650 5276 3752 5330; x_wconf 84' lang='lat' dir='ltr'><strong>ap-</strong></span> 
     </span>
    </p>
   </div>
   <div class='ocr_carea' id='block_1_114' title="bbox 2143 5350 3752 5428">
    <p class='ocr_par' dir='ltr' id='par_1_114' title="bbox 2143 5350 3752 5428">
     <span class='ocr_line' id='line_1_114' title="bbox 2143 5350 3752 5428; baseline -0.006 -15"><span class='ocrx_word' id='word_1_802' title='bbox 2143 5357 2372 5428; x_wconf 86' lang='lat' dir='ltr'><strong>pellant,</strong></span> <span class='ocrx_word' id='word_1_803' title='bbox 2402 5355 2680 5426; x_wconf 80' lang='lat' dir='ltr'><strong>excipiens</strong></span> <span class='ocrx_word' id='word_1_804' title='bbox 2708 5369 2737 5407; x_wconf 87' lang='lat' dir='ltr'><strong>a</strong></span> <span class='ocrx_word' id='word_1_805' title='bbox 2770 5351 2936 5409; x_wconf 90' lang='lat' dir='ltr'><strong>corde</strong></span> <span class='ocrx_word' id='word_1_806' title='bbox 2957 5351 3254 5409; x_wconf 82' lang='lat' dir='ltr'><strong>ferventem</strong></span> <span class='ocrx_word' id='word_1_807' title='bbox 3281 5352 3528 5422; x_wconf 87' lang='lat' dir='ltr'><strong>spiritum</strong></span> <span class='ocrx_word' id='word_1_808' title='bbox 3557 5350 3752 5422; x_wconf 85' lang='lat' dir='ltr'><strong>perdu-</strong></span> 
     </span>
    </p>
   </div>
   <div class='ocr_carea' id='block_1_115' title="bbox 2148 5441 3751 5520">
    <p class='ocr_par' dir='ltr' id='par_1_115' title="bbox 2148 5441 3751 5520">
     <span class='ocr_line' id='line_1_115' title="bbox 2148 5441 3751 5520; baseline -0.007 -12"><span class='ocrx_word' id='word_1_809' title='bbox 2148 5452 2216 5508; x_wconf 87' lang='lat' dir='ltr'><strong>cit</strong></span> <span class='ocrx_word' id='word_1_810' title='bbox 2243 5447 2310 5504; x_wconf 90' lang='lat' dir='ltr'><strong>ad</strong></span> <span class='ocrx_word' id='word_1_811' title='bbox 2328 5448 2503 5518; x_wconf 88' lang='lat' dir='ltr'><strong>jecur,</strong></span> <span class='ocrx_word' id='word_1_812' title='bbox 2537 5445 2753 5520; x_wconf 89' lang='lat' dir='ltr'><strong>illicque</strong></span> <span class='ocrx_word' id='word_1_813' title='bbox 2777 5443 2933 5513; x_wconf 74' lang='lat' dir='ltr'><strong>juxta</strong></span> <span class='ocrx_word' id='word_1_814' title='bbox 2964 5443 3166 5500; x_wconf 87' lang='lat' dir='ltr'><strong>aditum</strong></span> <span class='ocrx_word' id='word_1_815' title='bbox 3195 5460 3304 5513; x_wconf 88' lang='lat' dir='ltr'><strong>quo</strong></span> <span class='ocrx_word' id='word_1_816' title='bbox 3349 5443 3568 5500; x_wconf 84' lang='lat' dir='ltr'><strong>humida</strong></span> <span class='ocrx_word' id='word_1_817' title='bbox 3612 5441 3751 5498; x_wconf 84' lang='lat' dir='ltr'><strong>reci-</strong></span> 
     </span>
    </p>
   </div>
   <div class='ocr_carea' id='block_1_116' title="bbox 2047 5533 3749 5612">
    <p class='ocr_par' dir='ltr' id='par_1_116' title="bbox 2047 5533 3749 5612">
     <span class='ocr_line' id='line_1_116' title="bbox 2047 5533 3749 5612; baseline -0.004 -16"><span class='ocrx_word' id='word_1_818' title='bbox 2047 5539 2055 5548; x_wconf 85' lang='lat'><strong>&#39;</strong></span> <span class='ocrx_word' id='word_1_819' title='bbox 2147 5542 2367 5612; x_wconf 78' lang='lat' dir='ltr'><strong>piantur</strong></span> <span class='ocrx_word' id='word_1_820' title='bbox 2405 5539 2676 5604; x_wconf 79' lang='lat' dir='ltr'><strong>adnexus,</strong></span> <span class='ocrx_word' id='word_1_821' title='bbox 2722 5545 2780 5593; x_wconf 80' lang='lat' dir='ltr'><strong>et</strong></span> <span class='ocrx_word' id='word_1_822' title='bbox 2826 5534 3148 5593; x_wconf 83' lang='lat' dir='ltr'><strong>calefacieus</strong></span> <span class='ocrx_word' id='word_1_823' title='bbox 3187 5533 3434 5591; x_wconf 86' lang='lat' dir='ltr'><strong>eamdem</strong></span> <span class='ocrx_word' id='word_1_824' title='bbox 3474 5533 3749 5590; x_wconf 84' lang='lat' dir='ltr'><strong>humidam</strong></span> 
     </span>
    </p>
   </div>
   <div class='ocr_carea' id='block_1_117' title="bbox 2141 5624 3752 5700">
    <p class='ocr_par' dir='ltr' id='par_1_117' title="bbox 2141 5624 3752 5700">
     <span class='ocr_line' id='line_1_117' title="bbox 2141 5624 3752 5700; baseline -0.007 -10"><span class='ocrx_word' id='word_1_825' title='bbox 2141 5632 2524 5694; x_wconf 83' lang='lat' dir='ltr'><strong>substantiam,</strong></span> <span class='ocrx_word' id='word_1_826' title='bbox 2541 5629 2740 5700; x_wconf 86' lang='lat' dir='ltr'><strong>ali-quid</strong></span> <span class='ocrx_word' id='word_1_827' title='bbox 2763 5629 2811 5684; x_wconf 91' lang='lat' dir='ltr'><strong>ei</strong></span> <span class='ocrx_word' id='word_1_828' title='bbox 2834 5628 3153 5686; x_wconf 87' lang='lat' dir='ltr'><strong>continuato</strong></span> <span class='ocrx_word' id='word_1_829' title='bbox 3174 5627 3354 5683; x_wconf 86' lang='lat' dir='ltr'><strong>calore</strong></span> <span class='ocrx_word' id='word_1_830' title='bbox 3378 5626 3530 5692; x_wconf 65' lang='lat' dir='ltr'><strong>igniti</strong></span> <span class='ocrx_word' id='word_1_831' title='bbox 3551 5624 3752 5695; x_wconf 75' lang='lat' dir='ltr'><strong>vigoris</strong></span> 
     </span>
    </p>
   </div>
   <div class='ocr_carea' id='block_1_118' title="bbox 2145 5719 3748 5793">
    <p class='ocr_par' dir='ltr' id='par_1_118' title="bbox 2145 5719 3748 5793">
     <span class='ocr_line' id='line_1_118' title="bbox 2145 5719 3748 5793; baseline -0.006 -12"><span class='ocrx_word' id='word_1_832' title='bbox 2145 5725 2436 5784; x_wconf 89' lang='lat' dir='ltr'><strong>interserit.</strong></span> <span class='ocrx_word' id='word_1_833' title='bbox 2463 5723 2599 5779; x_wconf 85' lang='lat' dir='ltr'><strong>Hinc</strong></span> <span class='ocrx_word' id='word_1_834' title='bbox 2624 5751 2639 5773; x_wconf 14' lang='lat'><strong>:7</strong></span> <span class='ocrx_word' id='word_1_835' title='bbox 2649 5723 2832 5793; x_wconf 85' lang='lat' dir='ltr'><strong>pecies</strong></span> <span class='ocrx_word' id='word_1_836' title='bbox 2853 5721 3127 5790; x_wconf 78' lang='lat' dir='ltr'><strong>sanguinis</strong></span> <span class='ocrx_word' id='word_1_837' title='bbox 3148 5719 3314 5775; x_wconf 89' lang='lat' dir='ltr'><strong>rubro</strong></span> <span class='ocrx_word' id='word_1_838' title='bbox 3334 5719 3518 5775; x_wconf 85' lang='lat' dir='ltr'><strong>calore</strong></span> <span class='ocrx_word' id='word_1_839' title='bbox 3540 5733 3748 5787; x_wconf 68' lang='lat' dir='ltr'><strong>respero</strong></span> 
     </span>
    </p>
   </div>
   <div class='ocr_carea' id='block_1_119' title="bbox 2140 5812 3742 5886">
    <p class='ocr_par' dir='ltr' id='par_1_119' title="bbox 2140 5812 3742 5886">
     <span class='ocr_line' id='line_1_119' title="bbox 2140 5812 3742 5886; baseline -0.004 -14"><span class='ocrx_word' id='word_1_840' title='bbox 2140 5821 2301 5886; x_wconf 77' lang='lat' dir='ltr'><strong>gitur,</strong></span> <span class='ocrx_word' id='word_1_841' title='bbox 2328 5817 2526 5873; x_wconf 81' lang='lat' dir='ltr'><strong>eximie</strong></span> <span class='ocrx_word' id='word_1_842' title='bbox 2564 5832 2695 5871; x_wconf 89' lang='lat' dir='ltr'><strong>vero</strong></span> <span class='ocrx_word' id='word_1_843' title='bbox 2725 5815 2961 5871; x_wconf 79' lang='lat' dir='ltr'><strong>connexi</strong></span> <span class='ocrx_word' id='word_1_844' title='bbox 2987 5813 3186 5884; x_wconf 78' lang='lat' dir='ltr'><strong>gemini</strong></span> <span class='ocrx_word' id='word_1_845' title='bbox 3233 5813 3450 5882; x_wconf 89' lang='lat' dir='ltr'><strong>quidem</strong></span> <span class='ocrx_word' id='word_1_846' title='bbox 3501 5812 3658 5866; x_wconf 88' lang='lat' dir='ltr'><strong>rivuli</strong></span> <span class='ocrx_word' id='word_1_847' title='bbox 3689 5812 3742 5866; x_wconf 90' lang='lat' dir='ltr'><strong>in</strong></span> 
     </span>
    </p>
   </div>
   <div class='ocr_carea' id='block_1_120' title="bbox 2141 5905 3745 5979">
    <p class='ocr_par' dir='ltr' id='par_1_120' title="bbox 2141 5905 3745 5979">
     <span class='ocr_line' id='line_1_120' title="bbox 2141 5905 3745 5979; baseline -0.004 -14"><span class='ocrx_word' id='word_1_848' title='bbox 2141 5911 2360 5965; x_wconf 87' lang='lat' dir='ltr'><strong>modum</strong></span> <span class='ocrx_word' id='word_1_849' title='bbox 2407 5907 2704 5963; x_wconf 80' lang='lat' dir='ltr'><strong>ﬁstularum</strong></span> <span class='ocrx_word' id='word_1_850' title='bbox 2751 5908 3030 5979; x_wconf 88' lang='lat' dir='ltr'><strong>proprium</strong></span> <span class='ocrx_word' id='word_1_851' title='bbox 3069 5905 3265 5976; x_wconf 79' lang='lat' dir='ltr'><strong>singuli</strong></span> <span class='ocrx_word' id='word_1_852' title='bbox 3311 5913 3608 5975; x_wconf 80' lang='lat' dir='ltr'><strong>receptant,</strong></span> <span class='ocrx_word' id='word_1_853' title='bbox 3657 5905 3745 5959; x_wconf 88' lang='lat' dir='ltr'><strong>ille</strong></span> 
     </span>
    </p>
   </div>
   <div class='ocr_carea' id='block_1_121' title="bbox 2139 5996 3741 6076">
    <p class='ocr_par' dir='ltr' id='par_1_121' title="bbox 2139 5996 3741 6076">
     <span class='ocr_line' id='line_1_121' title="bbox 2139 5996 3741 6076; baseline -0.008 -17"><span class='ocrx_word' id='word_1_854' title='bbox 2139 6003 2360 6076; x_wconf 87' lang='lat' dir='ltr'><strong>quidem</strong></span> <span class='ocrx_word' id='word_1_855' title='bbox 2407 6001 2676 6073; x_wconf 80' lang='lat' dir='ltr'><strong>spiritum,</strong></span> <span class='ocrx_word' id='word_1_856' title='bbox 2732 6000 2818 6057; x_wconf 87' lang='lat' dir='ltr'><strong>hic</strong></span> <span class='ocrx_word' id='word_1_857' title='bbox 2847 6009 3027 6057; x_wconf 87' lang='lat' dir='ltr'><strong>autem</strong></span> <span class='ocrx_word' id='word_1_858' title='bbox 3055 5997 3394 6070; x_wconf 76' lang='lat' dir='ltr'><strong>sanguinein,</strong></span> <span class='ocrx_word' id='word_1_859' title='bbox 3427 6013 3536 6069; x_wconf 80' lang='lat' dir='ltr'><strong>quo</strong></span> <span class='ocrx_word' id='word_1_860' title='bbox 3590 5996 3684 6071; x_wconf 55' lang='grc' dir='ltr'><strong><em>ιλιι</em></strong></span> <span class='ocrx_word' id='word_1_861' title='bbox 3711 6010 3741 6042; x_wconf 68' lang='lat' dir='ltr'><strong>:v</strong></span> 
     </span>
    </p>
   </div>
  </div>
