4122 6572
326 563 430 619 405

1131 546 1311 601 LIBRI
1352 545 1439 600 DE
1477 538 1866 604 CREATIONE
1906 526 2185 594 llOItllNlS
2226 533 2810 593 ΙΝΤΕΠΡΒΕΤᾹΤΙΟ.

3532 520 3653 609 ωε·

324 668 469 729 facili
512 670 731 727 ltumida
777 662 1077 723 substantia
1124 669 1270 715 motu
1320 659 1517 713 caloris
1556 664 1833 712 excurrat.
1864 650 1931 705 Et
1962 649 2015 710 Δ
2039 659 2217 706 autem
2246 660 2304 706 et
2322 651 2453 721 piris
2478 649 2818 705 dulcedinem
2850 647 3035 714 refert,
3067 663 3168 704 nec
3194 662 3303 704 non
3338 662 3434 718 per
3474 659 3647 702 vitem,

323 774 572 824 recreato
610 780 706 834 per
734 767 908 816 totum
938 770 1189 826 corpore,
1221 752 1594 822 multipliciter
1619 748 1934 804 dissemine~

325 870 416 917 tttr
444 861 497 914 in
530 858 684 928 plura
712 853 1006 909 rivulorum
1036 847 1323 919 principia,
1349 861 1468 916 qua:
1495 854 1625 902 sunt
1652 858 1750 914 per
1773 855 1935 897 omne

326 965 530 1021 corpus
556 947 799 1012 inscissa,
830 942 1096 1014 permixta
1122 954 1253 993 vero
1282 938 1441 992 simul
1467 936 1709 990 vitalium
1738 943 1943 1005 poten-.

332 1043 531 1097 tiarum
561 1037 670 1093 duo
699 1034 983 1107 principia,
1017 1031 1131 1085 sive
1173 1028 1317 1099 quod
1359 1028 1617 1091 calorem,
1649 1040 1744 1079 seu
1786 1021 1935 1093 quod

328 1141 615 1195 humorem
647 1149 744 1204 per
762 1144 963 1199 corpus
983 1127 1179 1194 ubique
1202 1122 1525 1185 diffundunt,
1551 1121 1699 1174 velut
1722 1115 1943 1186 aliquod

329 1227 561 1295 vectigal
591 1226 656 1280 de
697 1223 807 1280 suis
853 1217 1239 1279 necessarium,
1272 1214 1431 1283 eique
1471 1209 1838 1293 principaliter
1886 1207 1941 1261 in

334 1319 483 1374 Vitali
508 1317 638 1386 jugo
667 1313 968 1385 prmminet,
992 1308 1387 1365 administrant.
1420 1303 1547 1360 llmc
1571 1311 1751 1381 autem
1781 1301 1861 1355 vis
1886 1301 1937 1354 in

336 1409 666 1467 membranis
696 1405 903 1461 cerebri
929 1417 1048 1458 esse
1076 1398 1423 1469 conspicitur,
1457 1411 1525 1451 ex
1554 1409 1660 1465 qua
1698 1393 1942 1446 omnium

339 1510 520 1557 motus
570 1497 924 1554 articulorum
971 1491 1317 1560 conglobatio
1368 1488 1642 1556 totiusque
1708 1481 1944 1539 ultronei

338 1610 382 1662 si
407 1593 561 1647 iritus
583 1592 736 1658 vigor
761 1587 985 1656 singulis
1007 1584 1263 1639 membris
1284 1582 1558 1651 inspersos
1582 1576 1858 1633 efficacem
1881 1589 1945 1629 ac

339 1699 460 1738 sese
491 1689 799 1735 moventem
820 1686 1094 1738 terrenam
1128 1683 1367 1729 nostram
1405 1680 1638 1727 statuam
1669 1684 1738 1724 ex
1765 1668 1945 1737 aliqua

342 1771 742 1829 machinatione
805 1770 1163 1824 demonstrat.
1217 1764 1352 1820 Nam
1426 1762 1623 1818 caloris
1665 1758 1812 1829 quod
1863 1765 1951 1812 est

344 1862 774 1927 numdissinmm,
804 1869 857 1915 et
881 1857 1122 1913 humoris
1151 1855 1295 1927 quod
1322 1853 1692 1909 tenuissimum
1721 1858 1827 1912 est,
1849 1862 1950 1918 per

343 1962 629 2024 utramque
652 1953 760 2008 vim
793 1951 1125 2007 admixtione
1166 1948 1395 2019 quadam
1443 1961 1507 2001 ac
1554 1943 1949 2014 temperatione

2036 743 2249 811 botrus,
2296 752 2352 797 et
2377 759 2447 797 ex
2486 757 2554 797 eo
2590 743 2777 797 vinum
2810 740 3015 805 defluit,
3066 749 3124 796 et
3170 738 3299 795 mali
3340 754 3554 804 succus,
3584 749 3649 793 et

2038 851 2177 891 rosa:
2205 836 2388 900 rubor,
2419 834 2731 903 candorque
2778 834 2897 901 lilii,
2939 842 2990 888 et
3037 832 3193 887 violze
3221 830 3533 893 caeruleum,
3582 839 3645 885 et

2040 926 2402 997 hyacinthina:
2448 926 2807 994 tinctumque
2856 937 3226 994 purpureum,
3294 930 3349 977 et
3392 922 3652 977 universa.

2038 1032 2376 1086 qttt'ccunque
2404 1033 2472 1071 ex
2505 1033 2613 1071 uno
2641 1016 2942 1083 eodemque
2970 1016 3198 1069 humore
3222 1014 3294 1069 de
3323 1021 3464 1069 terra
3510 1013 3651 1070 oriri.

2042 1110 2423 1178 COttSpiClmuS,
2459 1110 2509 1163 in
2544 1116 2722 1163 tantas
2742 1108 3072 1163 differentias
3112 1107 3266 1176 juxta
3313 1105 3542 1161 formam
3590 1116 3655 1159 et,

2042 1192 2275 1271 speciem
2319 1201 2744 1272 qualitatcmque
2792 1208 3095 1254 vertuntur.
3142 1198 3271 1254 Tale
3317 1198 3448 1268 quid
3489 1206 3546 1253 et
3592 1198 3663 1255 in:

2044 1301 2232 1346 nostro
2263 1293 2369 1347 boe
2392 1293 2637 1346 animato
2664 1304 2796 1359 agro
2826 1291 3145 1346 mirabiliter
3174 1306 3206 1345 a
3237 1300 3428 1346 natura
3464 1288 3647 1360 perfe-

2044 1394 2189 1440 ctum
2217 1392 2318 1446 est,
2363 1383 2475 1438 imo
2521 1384 2702 1453 potius
2741 1397 2772 1437 a
2820 1382 3047 1437 Domino
3098 1380 3394 1437 formatore
3441 1390 3665 1435 natura}

2045 1486 2266 1544 nostnc,
2290 1491 2411 1530 ossa
2439 1476 2676 1542 scilicet,
2700 1475 2984 1544 cartilago,
3014 1489 3185 1536 vente,
3208 1475 3444 1540 arteriae,
3471 1475 3665 1542 nervi,

2040 1568 2334 1639 junctum,
2362 1582 2511 1631 caro,
2554 1566 2714 1628 cutis,
2757 1566 2965 1630 arvina,
3020 1564 3269 1631 musculi,
3301 1566 3501 1636 capilli,
3551 1583 3651 1621 un-

2047 1676 2200 1731 gues,
2227 1661 2393 1728 oculi,
2422 1675 2604 1725 nares,
2647 1673 2915 1728 auresque
2953 1667 3015 1715 et
3059 1658 3313 1714 universa
3358 1659 3506 1714 mille
3553 1673 3659 1729 per.

2050 1756 2167 1812 haec
2192 1754 2299 1809 alia
2321 1753 2546 1810 diversis
2567 1752 2986 1823 proprietatibus
3014 1751 3083 1805 ab
3115 1750 3344 1806 invicem
3368 1757 3615 1820 separata
3633 1787 3668 1813 ,_

2052 1863 2159 1902 una
2204 1846 2418 1917 species
2459 1846 2727 1911 alimenti,
2752 1844 2910 1915 juxta
2948 1854 3159 1899 naturae
3199 1860 3311 1901 sua:
3345 1843 3625 1899 similitudi

2054 1956 2178 1996 nem
2208 1942 2561 2004 nutrimenta,
2605 1940 2681 1994 ita
2725 1946 2787 1993 ut
2820 1937 3081 2007 subjectis
3122 1937 3347 2007 singulis
3389 1934 3605 1992 accedet
3630 1948 3675 1987 ι

344 2046 649 2101 cnadunata
680 2044 960 2099 cerebrum
991 2042 1233 2095 nutritmt
1260 2055 1323 2094 ac
1349 2039 1626 2092 refnrvcnt
1651 2049 1748 2104 per
1777 2047 1946 2102 vapo-
1981 2025 2031 2087 Β
2057 2033 2396 2099 alimentum,
2420 2033 2726 2099 cuicunque
2754 2029 2997 2085 membro
3021 2029 3654 2100 propinquaverit,juxta

344 2154 453 2200 res,
487 2154 554 2192 ex
602 2152 711 2205 quo
741 2151 924 2190 rursus
965 2135 1029 2187 ad
1077 2133 1127 2186 id
1170 2131 1315 2201 quod
1361 2140 1445 2185 est
1472 2129 1655 2199 purius
1693 2124 1952 2182 exltalitio

349 2240 570 2288 tenuata
602 2238 860 2300 perunget
893 2228 1168 2293 membra;
1202 2241 1323 2279 nam
1373 2224 1462 2277 illa
1510 2222 1737 2277 cerebro
1778 2219 1954 2274 conti-

350 2333 565 2387 nentur,
597 2334 714 2391 qua:
740 2320 904 2374 etiam
938 2319 1006 2372 de
1035 2316 1404 2387 superioribus
1439 2312 1493 2367 in
1534 2310 1858 2384 profundum
1898 2308 1953 2363 in

349 2416 570 2469 modum
597 2412 784 2467 fistula:
815 2411 1146 2481 pertingens,
1187 2416 1243 2463 et
1269 2422 1369 2477 per
1409 2405 1716 2474 juncturam
1763 2415 1955 2456 conseo

349 2518 581 2577 quentes
608 2520 727 2559 sese
755 2513 916 2573 atque
949 2502 1205 2556 insertam
1254 2499 1354 2554 sibi
1398 2494 1689 2553 medullam
1732 2507 1957 2564 prorsus

351 2596 673 2659 extendens,
716 2596 769 2648 in
800 2593 956 2648 finem
1006 2593 1171 2648 totius
1222 2592 1389 2661 spinae
1435 2588 1582 2644 dorsi
1624 2587 1838 2651 desinit,
1891 2599 1956 2641 ac

351 2688 550 2742 deinde
576 2688 787 2741 ossib;:s
818 2696 979 2754 atque
1027 2685 1207 2739 nervis
1246 2698 1346 2738 nec
1385 2696 1492 2736 non
1540 2693 1862 2751 compagem
1891 2693 1959 2733 ac

353 2779 711 2833 medullarum
755 2778 1031 2848 principiis
1059 2776 1224 2832 veluti
1272 2774 1489 2844 quidam
1540 2774 1723 2841 auriga
1771 2770 1961 2842 prtcsi-

356 2871 514 2934 dens,
553 2870 780 2941 singulis
811 2869 875 2923 ad
898 2870 1187 2924 stationem
1220 2867 1301 2923 vel
1331 2875 1539 2922 motum
1570 2866 1825 2920 virtutem
1858 2864 1961 2919 im-

358 2972 655 3036 petumque
698 2960 941 3029 largitur.
986 2959 1191 3014 Idcirco
1240 2960 1369 3013 mihi
1418 2959 1632 3013 videtur
1668 2965 1724 3012 et
1762 2956 1963 3013 certius

355 3054 635 3124 accepisée
658 3054 956 3106 munimen.
989 3051 1119 3106 Nam
1152 3051 1203 3106 in
1225 3052 1403 3122 capite
1422 3051 1635 3121 quidem
1660 3050 1965 3120 duplicibus

357 3148 570 3204 ossibus
600 3147 858 3217 probatur
883 3161 1002 3201 esse
1025 3146 1379 3214 circumdata,
1413 3147 1463 3200 in
1494 3146 1649 3201 nodis
1672 3153 1854 3201 autem
1877 3143 1965 3199 vel

360 3237 417 3293 in
440 3237 748 3292 eminentiis
791 3244 1064 3291 costarum
1104 3243 1264 3305 atque
1305 3234 1690 3305 multiplicibus
1719 3237 1807 3290 vix
1857 3236 1967 3291 for-

362 3344 451 3384 ma
505 3328 971 3401 complexionibus
1022 3328 1240 3398 insuper
1277 3327 1422 3383 omni
1453 3327 1746 3382 stabilitate
1782 3342 1967 3382 serva-

364 3430 455 3476 tur
481 3436 579 3490 per
606 3397 852 3474 eamdem
883 3397 1186 3475 custodiam
1232 3434 1338 3490 qua
1377 3419 1688 3474 continetur
1739 3417 1791 3471 id
1820 3416 1968 3487 quod

2073 3443 2258 3492 noster
2284 3434 2545 3489 abductus
2569 3441 2673 3501 est,
2696 3432 3012 3495 dum.altius
3041 3447 3127 3501 op.
3148 3446 3207 3484 ra
3247 3436 3452 3484 natum
3486 3440 3675 3497 prose-

363 3514 585 3570 tertium
615 3520 697 3567 est
723 3512 992 3566 obtinens.
1029 3511 1291 3567 Similiter
1320 3519 1504 3566 autem
1525 3511 1646 3579 quis
1674 3510 1778 3564 hoc
1798 3511 1964 3564 etiam

365 3607 433 3662 de
463 3606 627 3662 corde
650 3605 923 3674 eonjiciet,
954 3604 1100 3675 quod
1130 3607 1269 3660 sicut
1295 3605 1539 3675 qumdam
1575 3604 1768 3658 domus
1817 3612 1966 3658 certa

363 3699 510 3753 mole
541 3697 793 3761 solidata,
827 3700 899 3751 ita
930 3714 1026 3752 cor
1054 3697 1258 3752 ossium
1290 3698 1528 3752 munitur
1547 3697 1969 3765 circumquaque

365 3792 646 3863 prandiis.
675 3791 730 3845 In
756 3791 1055 3860 posteriore
1083 3806 1312 3858 namque
1340 3791 1420 3845 Sui
1451 3798 1604 3859 parte.
1643 3788 1795 3859 spina
1820 3788 1969 3845 dorsi

363 3892 424 3941 et
450 3884 684 3952 scapulis
710 3885 960 3952 utrinque
990 3884 1247 3948 vallatur;
1274 3898 1370 3952 per
1395 3891 1623 3951 utraque
1644 3897 1772 3937 vero
1798 3882 1968 3936 latera

365 3984 641 4032 costarum
673 3976 888 4031 vinculo
930 3976 1183 4044 nectitur,
1233 3977 1378 4045 quod
1429 3976 1661 4031 medium
1692 3974 1809 4044 ejus
1854 3990 1970 4028 am-

364 4068 523 4124 biens
547 4069 615 4123 ab
643 4070 789 4123 onmi
838 4070 1089 4140 passione
1118 4069 1359 4125 defendit
1384 4088 1399 4136 ;
1424 4070 1476 4124 in
1522 4070 1800 4126 anteriore
1842 4084 1971 4125 vero

367 4161 488 4230 ejus
530 4168 719 4230 pectus
744 4169 802 4215 ει
823 4160 1033 4231 jugatio
1061 4162 1187 4216 colli
1232 4163 1460 4216 demissa
1492 4162 1727 4216 molliter
1777 4162 1825 4216 ei
1874 4175 1974 4231 per

366 4252 553 4306 omnia
598 4253 873 4306 munimen
915 4252 1153 4322 impertit
1194 4254 1449 4308 adversus
1483 4270 1546 4308 ea
1592 4269 1711 4323 qu:e
1749 4260 1975 4324 possunt

366 4345 708 4401 extrinsecus
734 4342 932 4398 inferre
954 4345 1280 4401 molestiam.
1316 4345 1380 4398 Et
1402 4347 1538 4401 sicut
1566 4347 1618 4398 in
1649 4347 1972 4415 agricultura

367 4436 746 4506 ρντειιίεῐηιιις,
775 4451 895 4490 cum
922 4437 1000 4491 vel
1035 4436 1234 4493 imbres
1268 4452 1336 4493 ex
1379 4439 1626 4505 nubibus,
1660 4440 1746 4493 vel
1776 4438 1974 4495 fluenta

370 4527 668 4581 rivulormn
699 4527 1061 4583 madefaciant
1100 4528 1152 4583 id
1183 4530 1326 4599 quod
1354 4530 1656 4599 subjectum
1688 4538 1789 4595 est,
1825 4539 1976 4588 ortus

370 4628 554 4673 autem
582 4620 800 4689 quidam
831 4622 1079 4678 relationi
1110 4630 1329 4689 nostnc,
1361 4624 1506 4679 verbi
1536 4626 1737 4692 gratia,
1771 4642 1974 4696 διψρο-

372 4723 554 4777 natur,
580 4713 681 4782 qui
712 4714 857 4769 mille
887 4715 1228 4772 diversitates
1254 4718 1505 4772 arbormn
1544 4717 1975 4788 multiplicesque

371 4806 585 4874 species
613 4822 800 4861 carum
849 4822 1030 4862 rerum
1060 4823 1197 4877 quas
1239 4817 1385 4864 terra
1428 4809 1675 4879 producit
1720 4812 1975 4877 enutriat,

373 4912 605 4965 quarum
638 4907 691 4951 et
714 4897 881 4952 forma
912 4907 967 4954 et
993 4900 1223 4969 qualitas
1249 4902 1553 4970 colorisque
1592 4904 1895 4972 proprietas
1925 4904 1976 4957 in

375 4991 604 5044 multam
634 4991 941 5046 distantiam
981 5010 1100 5063 qua:
1141 5003 1223 5047 rst
1260 4996 1313 5049 in
1355 4995 1575 5063 singulis
1606 4997 1974 5066 approbetur:

374 5098 501 5138 eum
539 5085 647 5139 sint
677 5085 835 5153 igitur
862 5101 981 5156 qum
1028 5088 1077 5141 in
1125 5104 1233 5143 ttno
1272 5102 1402 5156 agro
1451 5091 1642 5143 fnuner
1673 5105 1809 5143 unus
1848 5103 1981 5142 enu-

378 5176 527 5241 triat,
559 5186 617 5230 ut
646 5187 773 5247 puta
806 5177 884 5232 vis
923 5179 1021 5233 ista
1052 5195 1171 5249 qua:
1212 5181 1417 5249 singula
1461 5196 1687 5251 qumque
1735 5180 1978 5235 madefa-

376 5269 527 5323 ciens
553 5269 664 5334 alit,
690 5284 817 5333 una,
841 5272 1044 5337 uttlixi,
1070 5271 1315 5341 quaedam
1339 5274 1676 5345 simplexque
1702 5275 1755 5329 in
1779 5289 1873 5329 sua
1891 5290 1982 5330 na-

378 5370 497 5414 tura
530 5370 631 5427 rst,
682 5378 868 5418 earum
902 5378 1032 5419 vero
1061 5380 1242 5421 rerum
1276 5381 1396 5436 qua":
1444 5367 1753 5422 nutriuntur
1780 5382 1847 5422 ex
1888 5367 1980 5424 illa

375 5452 684 5524 proprietas
708 5453 759 5508 in
789 5455 1031 5511 diversas
1066 5457 1278 5527 species
1306 5458 1702 5529 qualitatesque
1748 5474 1980 5514 conver-

374 5547 532 5612 titur,
560 5546 663 5600 hoc
693 5546 866 5617 ipsum
890 5549 1184 5604 ‘amarescit
1210 5549 1263 5603 in
1289 5548 1577 5615 absinthio,
1606 5559 1660 5605 et
1681 5550 1735 5605 in
1764 5566 1981 5606 succum

374 5646 742 5692 commutatur
790 5638 981 5695 cicuta:
1028 5639 1382 5708 mortiferum,
1433 5650 1487 5697 et
1526 5642 1577 5697 in
1622 5643 1728 5697 alio
1767 5656 1984 5713 quoque

378 5728 523 5783 aliud
558 5727 700 5796 facit,
733 5731 785 5786 in
816 5732 1081 5802 balsamo,
1113 5733 1163 5787 in
1189 5749 1381 5800 croco,
1430 5733 1482 5788 in
1516 5750 1805 5805 papavere.
1850 5733 1982 5789 Nam

377 5819 574 5874 horam
598 5821 743 5876 aliud
774 5831 855 5877 est
883 5823 1133 5891 calidum,
1165 5825 1307 5881 aliud
1347 5825 1616 5895 frigidum,
1664 5827 1809 5882 aliud
1853 5843 1987 5884 vero

377 5916 617 5967 mediam
635 5915 922 5981 quamdam
947 5916 1261 5985 qualitatem
1280 5920 1535 5989 possidet.
1553 5917 1608 5972 ln
1632 5920 1783 5974 lauro
1801 5922 1983 5987 etiam,

380 6015 438 6061 et
466 6012 521 6060 tn
551 6004 796 6071 lentisco.
831 6015 994 6079 atque
1024 6006 1283 6067 similibus
1311 6008 1637 6067 odoriferam
1660 6019 1757 6068 est.
1794 6011 1849 6068 la
1874 6012 1985 6069 ficis

2055 2125 2184 2181 illud
2217 2124 2378 2179 etiam
2401 2129 2784 2185 commutatur,
2813 2121 3195 2191 propriamque
3221 2127 3525 2175 censi-rtaut
3549 2121 3675 2173 vius

2054 2219 2139 2274 sui
2170 2218 2387 2287 vigoris.
2416 2216 2754 2286 impartiens.
2788 2211 2854 2267 Si
2896 2213 3037 2268 enim
3090 2213 3155 2266 ad
3206 2213 3486 2267 oculorum
3540 2211 3675 2265 lora-

2054 2310 2382 2384 pervenerit,
2407 2325 2596 2365 eorum
2622 2311 2745 2364 usui
2768 2316 3125 2379 temperatur,
3155 2315 3211 2363 et
3256 2321 3382 2376 erga
3432 2308 3664 2380 pupilla-

2054 2421 2175 2461 rum
2205 2406 2417 2461 tunicas
2454 2405 2851 2475 palpebrasque
2895 2402 3170 2457 dividitur.
3216 2400 3275 2456 Si
3320 2401 3534 2455 auditus
3575 2401 3662 2454 ἰησ-

2056 2496 2291 2560 fluxerit,
2322 2495 2530 2549 aurium
2559 2504 2767 2549 natura:
2792 2508 2891 2564 pro
2907 2508 3005 2549 sua
3030 2494 3289 2564 qualitate
3316 2493 3589 2557 miscetur,
3608 2500 3662 2549 et

2058 2593 2123 2648 ad
2147 2594 2296 2648 labra
2320 2594 2544 2647 veniens
2573 2589 2807 2646 efficitur
2837 2590 3071 2657 labrum,
3094 2598 3149 2643 et
3177 2590 3230 2641 in
3262 2587 3659 2656 osse'compin-

2058 2688 2222 2756 gitur,
2278 2694 2335 2740 et
2382 2685 2433 2739 in
2474 2683 2714 2738 medulla
2744 2681 3029 2749 mollescit,
3062 2689 3119 2735 et
3165 2679 3408 2734 firmatur
3437 2679 3491 2733 in
3538 2694 3664 2732 ner-

2061 2779 2162 2843 vis,
2191 2783 2248 2832 et
2284 2777 2338 2832 in
2368 2772 2653 2845 superficie
2693 2774 2835 2829 cutis
2868 2772 3202 2838 extenditur,
3244 2779 3300 2826 et
3350 2770 3542 2824 transit
3596 2768 3664 2824 ad

2061 2887 2286 2942 ungues,
2318 2879 2374 2927 et
2401 2870 2715 2940 capillorum
2740 2876 2991 2925 exortum
3017 2867 3387 2922 tenuissimum
3424 2879 3524 2934 per
3565 2879 3664 2917 ex-

2062 2964 2368 3019 balationes
2412 2962 2931 3032 congruentissimas
2973 2959 3200 3031 perficit,
3233 2975 3351 3030 qua:
3398 2955 3667 3027 siquidem

2064 3072 2163 3129 per
2199 3065 2470 3111 tortuosos
2510 3064 2793 3127 emergunt
2834 3055 3046 3122 aditus,
3098 3054 3395 3123 crispantes
3444 3048 3668 3119 capillos

2064 3152 2408 3222 rcﬂcxosque
2456 3160 2749 3221 generant;
2798 3151 2842 3205 si
2894 3165 3022 3206 vero
3072 3164 3171 3220 per
3199 3156 3378 3202 rectos
3426 3145 3671 3199 tramites

2068 3264 2331 3318 vaporum
2363 3247 2523 3302 fuerit
2552 3247 2692 3300 facta
2726 3245 3055 3316 progressio.
3086 3242 3335 3313 producti
3383 3238 3560 3312 capilli
3589 3236 3671 3293 di-

2071 3342 2315 3410 rr-etique
2359 3347 2673 3395 nascuntur.
2705 3338 2812 3395 Sed
2853 3338 3078 3393 multum
3109 3352 3139 3391 a
3170 3335 3450 3406 proposito
3489 3348 3671 3389 sermo

2066 3529 2305 3599 quimur,
2340 3527 2522 3582 conati
2551 3527 2856 3581 describere
2903 3524 3138 3595 qualiter
3170 3522 3323 3577 nobis
3356 3529 3412 3575 et
3454 3535 3519 3574 ex
3551 3519 3672 3586 qui-

2072 3623 2173 3677 bus
2200 3627 2453 3677 constant
2476 3620 2706 3686 singula,
2734 3619 2849 3673 sive
2878 3633 2998 3688 qua;
3022 3616 3087 3670 ad
3117 3617 3315 3670 bonam
3346 3612 3535 3676 vitam,
3576 3626 3690 3667 seu:

2071 3714 2234 3769 etiam
2266 3727 2599 3782 quzecunque
2628 3726 2747 3765 cum
2776 3710 2859 3764 his
2889 3710 2991 3763 alia
3016 3708 3169 3777 juxta
3218 3707 3443 3776 primam
3473 3704 3671 3759 seriem

2072 3814 2272 3860 nostra:
2335 3802 2619 3859 divisionis
2680 3817 2801 3857 esse
2873 3800 3269 3871 perspeximus.
3328 3796 3687 3865 Propositum

2076 3912 2305 3967 namque
2334 3897 2491 3951 nobis
2519 3902 2637 3950 erat
2665 3892 2951 3949 ostendere
2980 3890 3335 3947 semcntinam
3373 3887 3515 3941 hanc
3544 3902 3676 3941 con-

2073 3989 2368 4044 etitutionis
2391 3996 2588 4044 nostra:
2616 3986 2917 4051 ma;eriam,
2951 3998 3125 4053 neque
3154 3983 3530 4051 incorporeum
3558 3993 3689 4033 esse.

2076 4082 2333 4148 animam,
2368 4093 2546 4149 neque
2573 4094 2775 4148 corpus
2803 4076 3080 4135 exanime,
3104 4073 3197 4128 sed
3221 4090 3289 4128 ex
3319 4071 3454 4125 vivis
3480 4071 3682 4124 anima-

2077 4176 2255 4244 tisque
2301 4170 2620 4241 corporibus
2649 4169 2829 4224 vivum
2861 4157 3025 4238 atque
3064 4165 3359 4219 animatum
3399 4162 3451 4215 in
3502 4161 3677 4230 prima

2078 4262 2403 4318 formatione
2438 4260 2660 4331 deponi,
2690 4258 2833 4329 quod
2864 4257 3141 4327 excipiens
3184 4255 3418 4309 humana
3458 4258 3691 4318 natura,

2077 4357 2244 4411 veluti
2295 4355 2607 4409 alimentum
2648 4350 2917 4424 quoddam
2958 4349 3213 4405 fomentis
3261 4347 3391 4402 illud
3443 4346 3681 4417 propriis

2079 4447 2532 4515 nutrimentisque
2560 4445 2857 4501 contineat.
2887 4442 2946 4497 ω
2973 4450 3153 4496 atttem
3196 4440 3350 4510 juxta
3395 4448 3695 4506 utramque-

2078 4549 2289 4611 partem
2338 4545 2704 4607 congruenter
2755 4535 3061 4600 reducetur,
3114 4540 3171 4587 et
3220 4532 3554 4586 incrementa
3600 4530 3680 4584 rei

2078 4634 2358 4703 utriusque
2387 4630 2669 4702 percipiat.
2696 4628 2817 4684 Mox
2842 4644 2939 4700 per
2964 4630 3104 4682 bane
3132 4624 3478 4680 artificiosam
3518 4633 3685 4692 atque
3766 4646 3767 4649 η

2082 4711 2525 4799 disciplinabilem
2574 4723 2955 4779 formationem
2992 4729 3303 4779 conscrtmn
3353 4723 3546 4776 anima:
3591 4721 3685 4774 dc-

2082 4826 2349 4873 monstrat
2396 4814 2669 4882 cfleetum,
2716 4815 2775 4871 in
2829 4813 3017 4885 primis
3069 4814 3288 4883 quidem
3332 4820 3683 4882 apparentem

2083 4909 2385 4973 obscurius,
2416 4907 2643 4978 proinde
2674 4924 2797 4963 cum
2838 4906 3182 4965 instrumenti
3210 4903 3546 4976 perfectione
3590 4920 3683 4957 re-

2083 4998 2378 5065 lucentem,
2409 5000 2550 5055 sicut
2573 5000 2626 5054 in
2655 4998 3019 5068 sculptoribus
3048 4996 3287 5067 lapidum
3315 4996 3679 5065 pervidemus,

2082 5093 2508 5163 dispositumque
2530 5100 2611 5147 est
2631 5090 2821 5146 artifici
2851 5089 3085 5160 specictn
3110 5087 3456 5159 prmformare
3478 5088 3685 5140 anima-

2083 5185 2149 5240 lis
2176 5184 2400 5254 alicujus
2431 5184 2484 5238 in
2517 5183 2711 5254 lapide.
2745 5182 2859 5238 [loc
2888 5190 3069 5241 autem
3107 5181 3198 5249 qui
3237 5179 3537 5250 proposuit,
3570 5179 3684 5247 pri-

2084 5293 2231 5333 mum
2258 5276 2475 5347 quidem
2508 5274 2740 5346 lapidem
2775 5288 2804 5327 a
2835 5272 3059 5327 materia
3090 5270 3317 5339 Cognata
3362 5268 3684 5339 proscindit,

2084 5365 2281 5421 deinde
2306 5364 2423 5434 ejus
2451 5363 2719 5435 superﬂua
2744 5347 3159 5429 circumcidens,
3188 5375 3288 5430 per
3329 5359 3687 5415 mutationem

2084 5459 2272 5528 primas
2303 5454 2634 5525 figurationis
2662 5454 2716 5510 id
2759 5453 2903 5525 quod
2938 5452 3227 5524 proposuit
3263 5450 3567 5517 adumbrat,
3614 5448 3686 5505 ita

2086 5562 2149 5607 ut
2177 5559 2432 5622 expertus
2458 5550 2623 5604 etiam
2653 5564 2753 5619 per
2776 5548 2830 5604 id
2857 5547 3001 5618 quod
3054 5546 3685 5618 apparctpintentionem

2060 5645 2308 5700 artificis
2356 5644 2473 5698 sine
2513 5641 2830 5698 difficultate
2864 5641 3143 5712 conjiciat.
3175 5641 3379 5696 Rursus
3410 5640 3689 5711 explicans

2090 5737 2320 5807 amplius
2350 5734 2418 5789 ad
2456 5733 2862 5789 similitudinem
2903 5735 3022 5804 ejus
3068 5734 3224 5804 cujus
3270 5733 3410 5804 gerit
3451 5732 3709 5787 studium.

2090 5845 2309 5900 prorsus
2337 5828 2560 5893 accedit,
2596 5836 2706 5881 tum
2738 5825 2932 5884 deinde
2961 5829 3014 5882 in
3057 5829 3167 5897 ipsa
3199 5827 3423 5882 materia
3448 5826 3709 5894 speciem

2088 5922 2374 5992 diligenter
2400 5920 2715 5991 integreque
2738 5918 3136 5977 demonstrans.
3170 5927 3342 5973 artrm
3378 5916 3597 5971 deducit
3624 5914 3703 5970 ad

2092 6014 2271 6082 linem,
2304 6020 2361 6069 et
2387 6020 2469 6070 est
2498 6013 2583 6070 leo
2611 6013 2697 6071 vel
2737 6011 2921 6072 homo.
2965 6012 3042 6068 vel
3096 6009 3297 6079 aliquid
3335 6006 3499 6073 aliud,
3544 6003 3689 6075 quod
