4122 6552
457 463 565 523 £07

1766 456 2124 515 DIONYSIUS
2164 455 2490 516 EXICUUS.

3656 454 3762 513 £08

448 538 659 637 iactum
686 534 755 635 ab
782 580 986 636 artiﬂce
1016 577 1106 636 fue
1137 578 1195 643 it,
1217 576 1310 647 qui
1331 585 1456 634 ante
1476 576 1755 649 paululum
1781 576 1920 649 lapis
1940 583 2058 632 erat
2088 576 2138 639 Α
2162 588 2294 630 vero
2313 589 2434 646 quae
2462 574 2584 631 vitae
2604 574 2931 648 participant
2957 583 3013 632 et
3052 574 3283 632 naturali
3323 583 3474 632 motu
3502 586 3763 647 vegctrn.

457 673 723 739 informis,
752 688 861 728 non
889 672 1034 742 quod
1066 673 1292 727 materia
1332 673 1405 728 sit
1431 671 1743 727 oblitterata
1796 685 1893 741 per
1931 684 2057 740 spe-

453 767 619 832 ciem,
647 765 742 822 sed
770 766 916 837 quod
942 766 1155 837 species
1188 781 1287 837 per
1312 774 1483 822 artem
1529 764 1771 820 materia:
1800 762 2060 833 probetur

457 855 739 927 impressa.
772 855 889 912 Hoc
918 856 1081 912 modo
1108 857 1230 928 quis
1257 856 1402 913 etde
1427 856 1607 911 anima
1639 858 1907 927 cogitans,
1940 854 2057 910 nul.

457 945 669 1004 latenus
697 960 729 1000 a
757 946 979 1003 rationis
1009 948 1225 1004 tramite
1250 947 1508 1011 deviabit,
1540 956 1899 1020 naturamque
1920 962 2059 1003 cun-

454 1043 603 1091 ctam
632 1034 977 1092 artificiosius
1005 1052 1269 1109 operans.
1301 1038 1653 1109 ejusdemque
1681 1038 1897 1109 generis
1944 1053 2062 1093 ma-

456 1126 650 1181 teriam
679 1126 781 1183 sibi
809 1142 1050 1196 sumens,
1077 1131 1255 1186 vivam
1281 1138 1517 1186 statuam
1546 1130 1618 1186 de
1663 1131 1901 1187 hominis
1933 1147 2063 1203 por-

457 1220 609 1274 tione
636 1217 915 1277 formavit.
942 1221 1095 1278 Sicut
1121 1224 1267 1278 enim
1296 1223 1491 1295 lapidis
1518 1225 1891 1295 operationem
1932 1226 2062 1282 sub-

457 1321 644 1368 secuta
673 1322 761 1370 est
781 1315 1009 1385 species,
1044 1316 1097 1372 in
1126 1317 1314 1388 primis
1339 1317 1557 1389 quidem
1596 1319 1899 1388 obscurior,
1938 1330 2063 1391 post

457 1413 643 1463 autem
670 1407 963 1477 perfectior
1007 1424 1129 1466 cum
1169 1410 1344 1482 ipsum
1373 1427 1512 1483 opus
1554 1422 1638 1468 est
1671 1413 2058 1469 terminatum:

458 1495 541 1553 sic
570 1506 625 1554 et
666 1499 719 1554 in
742 1500 1017 1570 sculptura
1047 1502 1208 1570 hujus
1235 1504 1580 1560 instrumenti
1621 1505 1832 1575 species
1878 1505 2063 1561 decla-

459 1596 615 1644 ratur
634 1589 831 1645 animm
860 1592 1215 1661 preportione
1260 1594 1488 1663 subjecti
1530 1594 1845 1667 imperfecta
1877 1596 1930 1650 in
1960 1596 2064 1651 im-

459 1678 721 1748 perfecto,
741 1689 796 1736 et
811 1681 867 1736 in
887 1682 1128 1752 perfecto
1141 1684 1345 1757 integra
1364 1689 1713 1758 perfectaque
1741 1687 2058 1744 subsistens.

459 1768 569 1824 Sed
595 1769 649 1825 in
672 1771 899 1827 exordio
911 1773 1152 1843 perfecta
1171 1785 1309 1845 erat,
1337 1778 1438 1834 nisi
1468 1794 1566 1849 per
1592 1779 1852 1835 malitiam
1873 1778 2063 1836 fuisset

460 1866 654 1917 natura
682 1861 887 1918 vitiata.
911 1862 1147 1937 Ideoque
1165 1868 1496 1936 communio,
1516 1884 1634 1938 qua:
1654 1869 1724 1925 ad
1752 1872 2063 1941 passibilem

459 1952 861 2025 animaiemque
886 1959 1293 2026 generationem
1319 1961 1478 2017 nobis
1504 1964 1754 2033 accessit,
1792 1965 1846 2019 in
1866 1965 2064 2022 contir-

461 2043 702 2101 tuatione
749 2055 935 2102 nostra
976 2064 1086 2105 non
1123 2052 1372 2121 protinus
1405 2054 1625 2111 elucere
1654 2055 1890 2112 divinam
1935 2056 2067 2114 facit

462 2134 777 2204 imaginem,
806 2137 905 2193 sed
933 2140 1020 2194 via
1048 2141 1285 2210 quadam
1321 2147 1710 2217 consequentia
1755 2162 1854 2218 per
1894 2159 2068 2203 mate-

464 2225 625 2283 riales
677 2228 873 2285 anima:
918 2231 1284 2302 proprietates
1339 2234 1504 2291 homo
1553 2235 1618 2291 ad
1674 2237 2064 2308 perfectionem

463 2320 1095 2392 musummationemqne
1136 2323 1465 2395 perducitur.
1506 2325 1891 2398 Hujuseemodi
1933 2345 2067 2387 vero

465 2408 659 2477 dogma
688 2419 746 2466 et
772 2411 964 2470 beatus
986 2413 1280 2485 Apostolus
1308 2416 1363 2473 in
1393 2417 1634 2489 Epistola
1662 2420 1730 2476 ad
1754 2420 2067 2481 Corinthios

466 2503 717 2570 insinuat,
767 2503 957 2561 dicens
992 2523 1005 2558 :
1047 2504 1175 2561 Cum
1219 2524 1384 2565 essent
1409 2512 1675 2581 parvulus,
1724 2522 1783 2567 ut
1820 2515 2066 2585 parvulus

461 2593 729 2664 loquebar,
761 2606 816 2649 ul
833 2598 1078 2667 parvulus
1088 2599 1371 2669 capiebam,
1395 2611 1452 2658 ut
1469 2604 1714 2674 parvulus
1734 2606 2030 2679 cogitabam
2046 2623 2065 2662 :

457 2686 670 2752 quando
692 2689 863 2759 factus
887 2706 1001 2745 sum
1020 2692 1118 2759 uir,
1146 2695 1387 2749 euacuavi
1410 2710 1525 2766 qua:
1542 2705 1693 2751 erant
1710 2697 1935 2767 paruuli,
1958 2714 2067 2754 non

465 2776 608 2849 quod
637 2778 741 2836 alia
772 2779 824 2833 iu
858 2779 975 2835 viro
1002 2779 1247 2851 perfecto
1270 2783 1540 2839 subintret
1560 2793 1757 2854 praeter
1781 2786 1926 2841 illam
1949 2802 2069 2858 quae

464 2870 868 2942 intelligebatur
894 2872 949 2929 in
980 2874 1226 2943 parvulo,
1259 2882 1321 2929 ut
1353 2876 1575 2945 puerilis
1619 2886 1915 2934 evacuetur
1952 2879 2070 2935 ani-

471 2977 605 3026 mus,
647 2970 703 3016 et
732 2961 899 3019 virilis
928 2963 1280 3021 nihilominus
1308 2964 1596 3034 inseratur,
1638 2966 1736 3023 sed
1780 2967 1926 3025 idem
1955 2968 2071 3040 ipse

459 3057 515 3108 ii
546 3056 642 3110 illo
670 3056 888 3125 quidem
929 3057 1278 3129 imperfectus
1308 3068 1412 3129 est,
1455 3061 1508 3117 in
1538 3061 1644 3119 hoc
1671 3071 1853 3120 autem
1898 3064 2073 3137 perfe-

465 3144 664 3199 ctionis
692 3160 803 3201 sum
823 3145 1157 3203 demonstrat
1181 3148 1469 3218 effectum;
1492 3152 1633 3210 sicut
1658 3153 1800 3210 enim
1821 3169 2071 3226 quaecun-

467 3252 577 3308 que
624 3249 920 3295 nascuntur
946 3248 1002 3296 et
1039 3251 1311 3310 crescunt,
1356 3244 1541 3301 vivere
1584 3246 1835 3311 fatemur,
1887 3250 2068 3305 omnia

2164 673 2271 730 tur,
2313 664 2619 721 nullatenus
2646 666 2894 721 exanima
2917 682 3038 723 esse
3056 667 3178 736 quis
3198 666 3415 732 dixerit,
3448 685 3552 725 nec
3582 679 3761 727 tamen

2161 756 2303 813 hanc
2326 757 2487 813 talem
2514 757 2681 813 vitam
2712 756 2965 829 perfecta:
3011 758 3204 814 animm
3229 757 3461 815 dicimus
3489 775 3608 817 esse
3637 778 3763 834 par-

2165 850 2402 921 ticipem,
2434 850 2668 922 denique
2695 850 2749 907 in
2775 851 3020 920 virgultis
3043 851 3223 906 vitalis
3240 851 3487 922 quadam
3515 854 3764 923 operatio

2162 942 2341 998 delata
2373 958 2545 1014 usque
2586 942 2655 999 ad
2702 952 2910 999 motum
2959 944 3270 1001 sensibilem
3324 948 3610 1017 pervenire
3650 964 3759 1002 non

2163 1040 2371 1110 potuit;
2404 1038 2643 1109 itemque
2680 1054 2778 1111 per
2825 1048 3174 1108 augmentum
3223 1040 3472 1097 animalis
3518 1042 3761 1113 quaedam

2164 1130 2408 1202 potentia
2441 1129 2899 1186 irrationabilibus
2927 1132 3171 1200 veniens,
3203 1146 3303 1187 nec
3331 1132 3443 1202 ipsa
3474 1133 3764 1205 perfectio-

2166 1235 2289 1277 nem
2324 1230 2412 1279 est
2438 1229 2733 1278 consecuta
2782 1222 3039 1289 rationis,
3083 1231 3139 1277 et
3177 1223 3483 1280 intellectus
3530 1226 3760 1295 gratiam

2165 1314 2389 1369 omnino
2413 1330 2520 1369 non
2550 1314 2808 1384 capiens:
2838 1312 3038 1370 idcirco
3067 1330 3249 1373 veram
3278 1323 3438 1385 atque
3468 1314 3764 1386 perfectam

2165 1404 2401 1461 hominis
2445 1405 2685 1460 animam
2733 1421 2854 1462 esse
2899 1406 3221 1470 deﬁnimus,
3271 1423 3393 1476 qua:
3440 1410 3619 1477 vigere
3667 1425 3763 1479 per

2166 1511 2357 1555 omnes
2383 1495 2609 1553 eﬂ'ectus
2647 1498 2980 1567 agnoscitur.
3019 1498 3077 1553 Si
3117 1499 3243 1568 quid
3285 1516 3414 1556 vero
3467 1500 3612 1557 aliud
3643 1504 3764 1559 vita:

2165 1588 2470 1660 participat,
2514 1603 2612 1660 per
2665 1590 2980 1644 abusionem
3022 1591 3309 1660 quamdam
3358 1596 3763 1651 consuetudinis

2165 1680 2463 1737 animatum
2492 1695 2613 1736 esse
2641 1679 2976 1752 profitemur,
3002 1697 3110 1737 non
3133 1683 3277 1753 quod
3309 1684 3549 1754 perfecta
3580 1687 3631 1741 iu
3662 1688 3765 1746 hoc

2165 1771 2238 1827 sit
2262 1771 2460 1838 anima,
2492 1771 2587 1828 sed
2616 1772 2762 1843 quod
2803 1782 2983 1843 partes
3012 1774 3066 1829 in
3116 1790 3182 1830 ea
3225 1777 3469 1845 quaedam
3516 1780 3764 1836 animalis

2168 1864 2503 1936 operationis
2531 1866 2785 1932 existant,
2822 1882 2944 1937 qua:
2972 1868 3137 1923 etiam
3184 1870 3340 1925 nobis
3372 1870 3526 1940 juxta
3571 1874 3762 1943 mysti-

2098 1961 2142 2022 B
2167 1969 2286 2011 cam
2316 1955 2641 2025 Iegislatoris
2670 1955 2838 2029 Moysi
2870 1957 3206 2025 relationem,
3231 1975 3393 2028 quam
3421 1961 3490 2016 de
3532 1962 3765 2019 hominis

2166 2048 2520 2117 generatione
2542 2048 2788 2119 protulit,
2819 2058 3044 2120 propter
3072 2053 3506 2108 communionem
3547 2056 3766 2124 passibi-

2166 2138 2337 2194 Iitatis
2388 2139 2686 2196 accessisse
2737 2140 3137 2210 cognoscimus.
3196 2140 3430 2212 Ideoque
3478 2145 3764 2201 consilium

2166 2232 2417 2303 pnebens
2444 2231 2636 2287 beatus
2665 2229 2863 2287 Paulus
2913 2231 2996 2286 his
3038 2232 3220 2302 quise
3264 2234 3449 2290 audire
3493 2244 3763 2306 poterant,

2168 2321 2561 2396 perfectionem
2609 2323 2801 2379 suadet
2830 2325 3089 2395 arripere,
3122 2324 3449 2395 modumque
3492 2343 3602 2396 quo
3650 2346 3768 2398 pro-

2169 2418 2405 2490 positum
2436 2418 2609 2489 possit
2646 2418 2863 2487 assequi
2917 2418 3177 2489 supponit
3205 2426 3262 2475 et
3296 2419 3466 2475 dicit:
3500 2419 3766 2477 Extrema:

2168 2525 2258 2566 eos
2284 2517 2504 2565 veterem
2532 2510 2790 2564 hominem
2828 2524 2946 2563 cum
2983 2509 3183 2565 actibus
3228 2512 3359 2579 suis,
3403 2522 3453 2565 et
3498 2513 3767 2569 induentcs

2169 2618 2356 2657 novum
2371 2603 2455 2675 qui
2477 2614 2755 2659 renouatur
2779 2602 2832 2657 in
2854 2604 3172 2675 agnitionem
3189 2604 3467 2658 secundum
3490 2606 3767 2676 imaginem

2169 2697 2284 2768 ejus
2300 2694 2387 2767 qui
2405 2695 2596 2749 creavit
2611 2712 2749 2749 eum.
2762 2694 2867 2750 Sed
2881 2703 3219 2751 revertamur
3238 2712 3422 2751 rursus
3442 2696 3507 2750 ad
3527 2698 3670 2751 illam
3682 2698 3766 2754 di-

2169 2786 2350 2841 vinam
2366 2785 2594 2854 gratiam
2624 2801 2730 2856 qua
2751 2786 2956 2842 creavit
2971 2786 3023 2841 in
3036 2786 3303 2857 principio
3316 2786 3457 2842 Dens
3474 2789 3763 2855 hominem,

2170 2878 2261 2950 qui
2274 2879 2437 2934 dixit:
2458 2877 2740 2934 Faciamus
2757 2879 3013 2934 hominem
3035 2879 3104 2933 ad
3127 2881 3403 2952 imaginem
3416 2882 3765 2935 etsimilitudi—

2171 2987 2289 3026 nem
2303 2980 2560 3035 nostram,
2581 2970 2666 3024 cui
2683 2980 2759 3026 est
2773 2970 2941 3039 gloria
2962 2970 3012 3025 iu
3026 2970 3215 3025 saecula
3229 2972 3567 3026 saeculorum.
3578 2976 3765 3027 Amen.

2245 3064 2431 3120 Sancti
2453 3060 2691 3134 Gregorii
2735 3060 2966 3133 Νεμεθηὶ
3005 3064 3234 3134 episcopi
3268 3062 3332 3116 de
3367 3061 3608 3134 [magiae
3652 3062 3769 3118 libri

2174 3156 2487 3211 continentis
2543 3155 2909 3226 subsequentia
2964 3171 3142 3209 eorum
3189 3172 3305 3224 qua:
3350 3172 3382 3208 a
3424 3157 3597 3227 fratre
3658 3153 3767 3227 ejus

2174 3249 2325 3305 beato
2354 3248 2551 3304 Basilio
2579 3249 2635 3303 in
2670 3246 3007 3303 llexameron
3036 3259 3156 3303 sunt
3179 3248 3381 3313 relicta,
3413 3248 3555 3320 ﬁnis.

1484 3467 1759 3542 νιΤΑ
1819 3468 2218 3564 ΞΑΝΟΤΙ
2268 3466 2828 3541 PACHOMII

1609 3626 1643 3665 Δ
1682 3622 1978 3668 οιοηγειο
2015 3621 2247 3667 LATINI!
2284 3620 2654 3667 ΑυοιιΝΑτΑ.

981 3725 1157 3797 (Ilanc
1186 3726 1364 3784 Vitam
1388 3727 1549 3785 simul
1576 3744 1642 3785 ac
1679 3728 1828 3785 Vitas
1859 3728 2082 3786 Patrum
2110 3727 2399 3802 Rosweydi
2428 3727 2483 3784 in
2515 3726 2620 3783 line
2648 3725 2786 3782 sexti
2815 3726 2994 3782 saeculi
3024 3727 3316 3798 dabimus.)

474 3819 1037 3846 .——————_—__

1775 3890 2434 3957 INTERPRETATIO
2773 3941 2780 3949 .

1216 4034 1810 4108 ORATIONIS
1870 4031 2268 4107 PBOCLI
2321 4032 2465 4105 DE
2516 4029 3053 4104 DEIPARA.

916 4172 1112 4245 (Quam
1139 4172 1334 4242 legesis
1355 4173 1498 4228 inter
1524 4186 1692 4244 opera
1721 4170 1875 4229 Marii
1904 4170 2242 4238 Mercatoris,
2275 4166 2597 4237 Patrologia':
2625 4173 2760 4221 tom.
2788 4164 3020 4229 XLVIII,
3048 4164 3154 4218 col.
3192 4160 3343 4230 775.)

472 4288 3765 4321 _______________________________________,_________________

991 4366 1273 4421 DIONYSII
1310 4365 1530 4420 EXIGUI
1566 4366 1628 4417 IN
1653 4365 2014 4420 ΕΡιδΤοιΑΜ
2049 4365 2105 4415 S.
2130 4363 2359 4415 PROCLI
2389 4365 2425 4413 Α
2453 4362 2529 4414 SE
2565 4361 2797 4413 LATINE
2830 4360 3257 4412 'I‘RANSLA'I'AJ

1916 4468 2371 4534 PRJEFATIO.

1973 4573 2281 4592 *⁸-

548 4639 833 4712 Dionysius
860 4637 1097 4707 Exiguus
1124 4636 1418 4703 Romanus,
1448 4634 1724 4690 Felieiano
1751 4632 1982 4690 Pastori.

546 4730 923 4788 Veneralionis
938 4736 1130 4786 vestra:
1141 4727 1384 4799 iussione
1404 4725 1785 4789 commonitus,
1810 4723 1870 4778 Β.
1897 4720 2074 4778 Procli

475 4822 1093 4893 Constantinpolitanze
1119 4820 1266 4876 urbis
1292 4819 1533 4891 episcopi
1560 4819 1770 4874 litteras
1796 4815 1863 4871 ad
1892 4814 2077 4872 Arme-

476 4917 599 4973 nios
625 4914 943 4982 destinatas,
990 4911 1183 4968 Latino
1210 4910 1429 4983 eloquio
1458 4908 1652 4967 vestris
1680 4907 1897 4963 auribus
1920 4906 2076 4963 exhi-

474 5008 607 5065 bere
632 5004 839 5071 curavi,
873 5019 980 5059 non
1007 5018 1197 5075 parum
1224 5000 1576 5074 prmsentibus
1593 4998 1868 5054 mstimans
1900 4996 2080 5069 profu-

476 5108 644 5165 tnras,
674 5095 890 5168 quando
913 5110 1034 5153 eam
1054 5109 1198 5153 nunc
1216 5092 1469 5151 Ecclesiis
1488 5099 1704 5148 moveat
1722 5091 2075 5162 quaestionem

475 5202 608 5247 tunc
633 5190 849 5262 repulsa
892 5188 1189 5255 temeritas,
1228 5201 1350 5258 quae
1391 5185 1493 5242 sub
1539 5183 1726 5240 colore
1761 5181 2079 5253 religionem

475 5285 699 5346 molitur
738 5291 1006 5345 evertere.
1062 5279 1422 5351 Temporibus
1469 5278 1725 5335 antistitis
1768 5276 2077 5342 memorati,

476 5375 785 5436 Theodosio
804 5375 1136 5446 imperatore
1153 5378 1377 5441 regente
1394 5384 1567 5440 remp.
1584 5384 1681 5439 per
1694 5367 1904 5441 Syriam
1917 5375 2083 5439 atque

477 5472 816 5536 Armeniam,
847 5466 1095 5540 discipuli
1125 5461 1399 5523 Theodori
1426 5461 1824 5534 Mopsuesteme
1850 5459 2083 5515 civitatis

478 5566 749 5637 episcopi,
785 5578 1008 5636 pravam
1036 5560 1227 5629 ﬁdem,
1257 5567 1514 5629 corrupto
1543 5553 1814 5628 symbolo,
1858 5552 2080 5609 rudibus

480 5658 694 5729 populis
719 5656 899 5713 exorsi
927 5662 1055 5715 sunt
1082 5653 1356 5719 intimare,
1387 5647 1679 5705 calliditate
1707 5643 2076 5709 subtilissima,

480 5750 543 5810 Β.
596 5749 914 5807 Trinitatem
968 5748 1049 5803 sic
1093 5746 1253 5801 unius
1304 5741 1554 5800 essentia!
1598 5738 1974 5810 prmdicantes,
2023 5742 2083 5790 ut

480 5839 753 5897 Christum
771 5838 1053 5895 Dominum
1072 5844 1317 5893 nostrum
1335 5834 1673 5891 conditorem
1693 5829 2055 5885 universitatis
2068 5870 2084 5896 ,

488 5946 654 5994 unum
700 5945 769 5992 ex
810 5928 1072 5990 Trinitate
1117 5927 1420 5988 nullatenus
1452 5922 1750 6007 faterentur
1781 5939 1795 6000 _:
1827 5918 1968 5981 unde
1996 5932 2071 5979 se-

2103 4634 2148 4697 c
2179 4628 2446 4700 quebatur
2470 4626 2585 4683 haec
2629 4627 2809 4697 inepta
2840 4640 2951 4681 sua:
2996 4623 3315 4680 temeritatis
3345 4622 3668 4688 absurditas,
3717 4631 3779 4678 ut

2179 4720 2304 4790 quia
2322 4717 2594 4776 Christum
2616 4724 2830 4772 constat
2850 4732 3036 4772 verum
3052 4731 3176 4772 esse
3192 4716 3358 4771 Deum
3372 4724 3446 4771 ac
3467 4714 3777 4781 Dominum,

2179 4819 2415 4881 quatuor
2443 4825 2703 4881 personas
2732 4808 2785 4864 in
2820 4810 2989 4865 tribus
3027 4818 3352 4873 astruerent,
3409 4808 3651 4877 duosque
3682 4807 3781 4862 Dei

2181 4900 2323 4957 illius
2360 4902 2548 4974 procul
2590 4900 2754 4956 dubio
2784 4899 3164 4971 prmdicarcnt.
3214 4899 3322 4955 Sed
3349 4900 3475 4956 huic
3513 4899 3782 4970 impietati

2179 4993 2317 5051 mire
2352 4991 2592 5065 pontifex
2639 4992 2910 5049 antefatns
2950 4990 3240 5058 obsistens,
3287 4991 3475 5046 docuit
3502 4990 3781 5046 Christum

2182 5084 2467 5143 Dominum
2522 5093 2767 5140 nostrum
2821 5092 2880 5140 et
2927 5084 2981 5139 in
3029 5083 3294 5156 principio
3348 5083 3578 5139 Verbum
3633 5082 3781 5153 apud

2181 5178 2382 5245 Deum,
2432 5177 2602 5234 Deum
2634 5176 2867 5238 Verbum
2904 5193 3070 5232 unum
3095 5175 3165 5232 de
3192 5175 3457 5233 Trinitate
3484 5190 3635 5237 esse;
3682 5190 3784 5245 per

2181 5284 2343 5339 quem
2392 5270 2573 5325 omnia
2601 5269 2744 5325 facta
2784 5277 2943 5336 sunt,
2991 5267 3051 5325 Β.
3102 5266 3271 5343 Paulo
3315 5276 3553 5326 testante
3587 5285 3600 5320 :
3632 5266 3782 5323 Unus

2184 5358 2441 5418 Dominus
2488 5356 2645 5414 lctus
2690 5356 2958 5425 Christus,
3011 5375 3105 5429 per
3130 5374 3278 5429 quem
3318 5359 3528 5423 omnia;
3578 5366 3635 5412 et
3681 5370 3784 5425 pro

2183 5452 2358 5510 salute
2410 5460 2618 5518 nostra,
2684 5450 2935 5507 eumdem
2987 5434 3174 5507 verum
3230 5450 3503 5506 hominem
3556 5449 3783 5515 factum,

2186 5560 2354 5601 unum
2398 5542 2662 5602 mansisse
2708 5542 2931 5608 Filium;
2981 5558 3083 5597 nec
3124 5550 3369 5613 quartam
3419 5541 3473 5596 in
3517 5539 3785 5595 Trinitate

2189 5637 2427 5695 crevisse
2453 5651 2765 5707 personant.
2797 5633 2865 5690 Et
2893 5634 3017 5702 quia
3063 5649 3206 5689 nunc
3251 5633 3322 5688 ob
3349 5632 3619 5701 aliquibus
3647 5630 3787 5700 inje—

2188 5739 2334 5786 ctum
2361 5728 2696 5800 scrupulum,
2714 5726 2783 5783 de
2810 5743 2938 5784 vera
2962 5727 3064 5783 lide
3091 5727 3408 5799 trepidatur,
3432 5737 3793 5794 unumquem-

2190 5824 2321 5879 libet
2359 5838 2428 5878 ex
2463 5819 2526 5877 Β.
2574 5820 2840 5876 Trinitate
2878 5820 3232 5893 pronuntiare
3268 5816 3581 5887 diifugiunt;
3622 5824 3681 5871 et
3719 5828 3791 5870 ne

2190 5916 2510 5978 divisionem
2534 5914 2784 5973 Trinitati
2814 5913 3095 5977 videantur
3123 5913 3317 5970 inferre
3339 5922 3466 5980 rost
3494 5909 3790 5967 auctorita-
