4122 6528
385 392 493 450 ws
1108 379 1467 459 “meroes
1511 404 1571 464 s.
1615 404 1861 464 rnocu
1900 405 1994 463 AD
2033 402 2386 465 summos
2419 407 3000 473 INTERPRE'I’ATIO.
3587 425 3694 483 no

385 520 497 568 tem
524 511 877 608 apostolicam
910 513 1141 586 idipsum
1167 529 1590 591 excoquentem,
1619 523 1990 595 multipliciter
2014 524 2338 589 Adicamus
2388 530 2534 599 quod
2590 529 2753 587 Pater
2800 533 3051 605 genuerit
3102 533 3371 607 Verbum,
3420 538 3528 595 hoc
3588 548 3696 608 est,

385 603 778 698 veneraliilium
807 604 1029 662 Patrum
1061 608 1389 667 testimonils
1412 616 1780 685 approbatum
1808 624 1896 673 est
1921 615 1995 671 ob
2099 618 2451 689 sapientiam;
2482 636 2761 692 perquam
2790 603 2928 680 facta
2957 632 3086 681 sunt
3111 626 3326 694 omnia;
3355 603 3699 698 unigenitum

382 697 786 757 distinctionem
804 716 1318 773 pensonarum,cnm
1334 708 1805 781 ratiopoposcerit
1825 727 1993 767 unum
2096 709 2314 779 Filium,
2361 729 2499 769 unus
2526 731 2721 781 unum,
2752 727 3058 773 comternus
3084 728 3448 789 comternum,
3471 697 3703 778 summe

383 802 453 843 ex
483 789 656 845 tribus
704 790 936 847 ﬁdeliter
974 809 1135 863 posse
1176 796 1459 866 przcdicari
1494 816 1509 853 :
1538 801 1775 857 maxime
1801 809 1994 857 contra

383 878 707 947 Sabellium,
732 883 822 953 qui
851 893 1097 943 sanctam
1123 886 1450 947 Trinitatem
1480 893 1641 949 unius
1668 893 1846 951 credit
1873 908 1997 949 esse

322 1054 327 1057 ἤ
384 986 652 1043 persoum,
702 990 934 1047 eamque
961 978 1273 1040 nominibus
1301 989 1514 1039 tantum
1558 983 1825 1041 fatentur
1851 999 1993 1052 esse,

387 1078 499 1119 non
543 1063 735 1132 rebus;
783 1082 948 1138 quam
995 1084 1097 1125 nos
1143 1071 1302 1128 unius
1350 1083 1677 1131 venerantes
1723 1074 1993 1142 essentia,

385 1168 744 1224 personarum
770 1157 1114 1217 solummodo
1141 1163 1454 1233 cognitione
1481 1164 1858 1222 discernimus.
1884 1165 1992 1222 Nec

385 1247 540 1302 storii
586 1262 807 1321 quoque
844 1253 1230 1321 sectatoribus,
1278 1256 1380 1313 hac
1416 1256 1522 1312 ﬁde
1552 1257 1857 1325 salutifera,
1911 1258 1996 1312 ni-

386 1337 683 1394 hilominus
708 1341 1016 1411 ohviamus;
1065 1345 1158 1416 qui
1186 1344 1458 1402 Christum
1491 1347 1795 1403 Dominum'
1824 1365 1990 1404 lllllllll

386 1428 457 1485 de
502 1430 763 1488 Trinitate
811 1434 1033 1490 minime
1070 1435 1419 1504 conﬁtentur,
1470 1437 1600 1493 dum
1647 1448 1841 1508 negant
1898 1440 1995 1496 Dei

391 1518 629 1577 Verbum
650 1538 717 1578 ex
738 1524 897 1580 beata
923 1524 1139 1597 Virgine
1161 1529 1459 1584 secundum
1484 1544 1705 1585 carnem
1728 1531 1993 1598 genitum,

386 1622 692 1685 ceteraque
738 1631 840 1687 pro
882 1616 1260 1690 redemptione
1323 1620 1547 1676 humani
1600 1622 1816 1689 generis
1872 1637 1996 1679 er-se

388 1719 725 1776 perpessum.
775 1707 1170 1765 Nonnullorum
1208 1711 1375 1767 etiam
1404 1712 1720 1782 opinionem
1750 1716 1993 1769 auctori-

388 1805 502 1854 tate
527 1807 752 1869 paterna
782 1802 1083 1873 redarguit,
1113 1804 1205 1876 qui
1233 1821 1402 1860 unum
1444 1820 1514 1861 ex
1544 1806 1717 1863 tribus
1742 1821 1992 1863 asseren-

2096 802 2273 860 bonus
2296 804 2580 875 :cqnaliter
2626 806 2849 879 bonum.
2903 807 2969 863 Et
2995 808 3143 879 mind
3171 810 3408 880 Spiritus
3454 821 3703 880 sanctus,

2093 895 2256 951 simul
2284 903 2341 950 et
2381 895 2555 952 Patris
2596 907 2654 952 et
2691 898 2810 955 Filii
2848 901 2919 954 sit
2939 900 3193 971 Spiritus,
3238 910 3295 957 et
3324 903 3439 972 ipse
3466 904 3703 958 consub-

2096 988 2364 1043 stantialis
2390 998 2446 1045 et
2472 998 2777 1047 coaeternus
2821 994 3087 1049 ambobus
3119 1012 3134 1047 :
3164 1003 3328 1064 atque
3370 996 3476 1050 hoc
3523 1004 3699 1051 totum

2098 1073 2331 1132 Trinitas
2367 1078 2468 1145 sit,
2518 1088 2739 1152 propter
2786 1083 3179 1153 proprietatem
3209 1099 3599 1153 personarum,
3643 1090 3702 1139 et

2096 1182 2236 1224 unus
2252 1169 2411 1232 Deus.
2440 1181 2665 1241 propter
2684 1172 3097 1242 inseparabilem
3119 1175 3482 1230 divinitatem.
3511 1195 3529 1228 ο
3558 1174 3695 1232 Ecce

2094 1258 2288 1315 doctor
2314 1262 2799 1317 excellentissimus
2828 1273 2990 1334 atque
3018 1265 3307 1331 veridicus,
3351 1281 3465 1320 rem
3495 1266 3562 1321 de
3589 1282 3694 1336 qua

2095 1351 2273 1421 agitur
2292 1361 2480 1423 aperte
2501 1353 2854 1423 distinguens,
2881 1354 3203 1411 Trinitatem
3225 1356 3375 1421 dicit,
3412 1373 3523 1411 non
3573 1372 3702 1426 pro-

2095 1451 2219 1514 pter
2258 1444 2651 1509 substantiam,
2682 1447 2776 1501 sed
2808 1456 3033 1517 propter
3062 1463 3322 1520 personas
3364 1449 3701 1504 conﬁdenter

2094 1537 2363 1606 exposuit.
2424 1536 2551 1596 Hmc
2596 1546 2781 1594 autem
2833 1540 3106 1596 confessio
3145 1556 3248 1603 nos
3291 1541 3362 1595 ab
3410 1541 3676 1596 hmmticis

2094 1624 2313 1691 Judzeis,
2346 1628 2745 1701 gentilibusque
2770 1629 3049 1696 discernit,
3078 1630 3171 1699 qui
3200 1628 3518 1685 Trinitatem
3543 1630 3707 1684 unius

2095 1719 2345 1773 essentize
2375 1718 2751 1788 praedicamus,
2772 1735 2897 1775 cum
2919 1734 3113 1777 omnes
3135 1720 3211 1774 illi
3234 1727 3328 1774 aut
3350 1734 3489 1790 pene
3507 1735 3702 1774 omnes

2096 1828 2263 1869 unum
2284 1813 2458 1869 Deum
2486 1829 2546 1871 se
2573 1815 2757 1871 colere
2784 1816 3076 1878 fateantur,
3109 1814 3206 1870 sed
3233 1815 3550 1887 mysterium
3581 1812 3703 1867 Tri-

388 1896 489 1956 tes,
539 1906 707 1947 unum
742 1907 810 1948 ex
841 1891 1108 1952 Trinitate
1134 1895 1321 1952 dicere
1344 1897 1489 1952 nulla
1516 1898 1730 1954 ratione
1758 1914 1993 1953 consen-

2101 1906 2286 1962 nitatis
2313 1914 2408 1960 aut
2437 1920 2544 1962 non
2574 1915 2724 1963 recte
2751 1907 3132 1978 pronuntiant,
3173 1913 3268 1960 aut
3296 1918 3522 1975 prorsus
3550 1905 3704 1972 igno-

388 1982 531 2038 tiunt
578 2001 592 2038 :
643 1986 737 2056 qui
784 1988 1111 2044 vocabulum
1157 1988 1436 2046 Trinitatis
1483 2006 1593 2045 non
1638 2005 1991 2062 personarum

385 2090 509 2133 esse
534 2077 977 2147 signiﬁcativum,
1001 2081 1099 2138 sed
1121 2082 1437 2138 substantias
1462 2084 1829 2153 suspicantur.
1860 2081 1991 2149 Qni-

385 2167 507 2232 bus,
560 2169 685 2226 licet
711 2172 779 2229 ad
808 2173 1251 2231 informationem
1296 2176 1413 2232 veri
1457 2175 1708 2232 debuerit
1733 2173 1991 2231 sufﬁcere

384 2263 680 2332 appellatio
728 2265 844 2335 ipsa
874 2282 995 2337 qua:
1033 2267 1142 2323 vim
1172 2268 1396 2339 pluralis
1440 2268 1653 2323 numeri
1704 2282 1990 2333 resonans,

388 2372 498 2412 non
527 2359 840 2423 essentiam,
872 2361 967 2415 sed
993 2375 1259 2431 personas
1282 2361 1654 2416 indubitanter
1681 2368 1992 2432 expromat,

385 2463 459 2505 ne
488 2459 669 2505 tamen
699 2451 928 2509 ulterius
968 2452 1111 2508 inter
1136 2452 1439 2509 catholicos
1466 2453 1748 2508 contentio
1774 2451 1995 2506 vitanda

385 2543 660 2601 coalescat
690 2546 750 2600 Β.
782 2546 1098 2616 Augustini,
1126 2562 1294 2602 unum
1320 2546 1390 2603 de
1419 2546 1603 2601 multis
1629 2545 1994 2601 testimonium

385 2634 515 2692 huic
535 2637 836 2706 prmfationi
859 2655 1047 2696 amore
1070 2648 1272 2696 sancta:
1294 2637 1569 2707 religionis
1588 2637 1878 2701 adnexuit;
1902 2635 1997 2705 qui

386 2726 443 2782 in
468 2728 753 2785 undecimo
778 2729 847 2785 de
868 2730 1098 2786 Civitate
1121 2731 1217 2786 Dei
1242 2731 1381 2786 libro
1402 2731 1476 2785 ita
1497 2730 1565 2786 de
1594 2729 1698 2785 hac
1723 2745 1784 2785 re
1808 2728 1997 2800 paucis

387 2819 661 2890 eloquitur
688 2839 701 2875 :
738 2841 756 2874 ‹
785 2819 1069 2879 Credimus
1098 2831 1154 2877 et
1182 2831 1449 2888 tenemus,
1502 2829 1559 2877 et
1591 2821 1823 2878 ﬁdeliter
1851 2835 1993 2891 pra:-

2098 2006 2243 2053 rant.
2272 1997 2331 2053 Si
2352 2010 2483 2066 ergo
2505 1996 2740 2053 Trinitas
2767 2014 2875 2053 non
2900 2011 3163 2068 personas
3184 1996 3426 2065 exponit.
3458 1994 3555 2050 sed
3576 1996 3706 2049 sub-

2096 2090 2382 2155 stantiam,
2435 2097 2520 2145 est
2555 2098 2737 2145 autem
2773 2105 2880 2144 una
2918 2088 3218 2145 substantia
3255 2086 3555 2149 Trinitatis,
3600 2086 3731 2141 erit.

2099 2193 2230 2249 ergo
2244 2179 2540 2235 secundum
2557 2181 2688 2235 istos
2707 2179 3005 2235 substantia
3028 2179 3189 2235 unius
3206 2177 3539 2239 substantias,
3555 2174 3704 2244 quod
3798 2205 3802 2209 ι

2100 2271 2265 2325 nimis
2290 2269 2549 2341 probatur
2577 2269 2888 2325 absurdum.
2934 2268 3142 2324 Idcirco
3170 2266 3462 2335 colligitur,
3514 2273 3574 2318 ut
3608 2280 3705 2333 ap-

2099 2360 2321 2430 pellatio
2346 2358 2625 2414 Trinitatis
2645 2359 2804 2415 unius
2829 2357 3079 2414 essentize
3104 2364 3216 2411 tres
3260 2368 3520 2425 personas
3545 2355 3704 2407 unius

2100 2451 2510 2521 omnipotentitt:
2557 2459 2722 2519 atque
2770 2448 3069 2504 divinitatis
3116 2447 3373 2502 insinuet.
3430 2443 3541 2499 Sed
3588 2442 3702 2512 jam

2100 2541 2293 2598 beatus
2322 2540 2543 2595 Proclus
2573 2540 2627 2594 in
2669 2539 2904 2594 medium
2941 2538 3168 2608 prodeat
3196 2554 3221 2599 :7
3240 2536 3447 2589 laturus
3485 2541 3543 2588 et
3590 2534 3704 2601 ipse

2103 2632 2465 2690 testimonium
2493 2630 2737 2693 veritati,
2764 2645 2925 2701 quem
2954 2629 3219 2696 benignis,
3250 2642 3466 2698 precor,
3508 2624 3703 2678 animis

2100 2726 2348 2781 audiatis.
2372 2722 2688 2779 Orationum
2709 2719 3281 2789 vcstmumtiﬁragia
3299 2733 3397 2789 pro
3413 2717 3519 2772 hoc
3535 2727 3703 2785 opere

2100 2817 2231 2872 mihi
2261 2815 2561 2887 rependere
2576 2813 2833 2884 jubeatis.

391 2910 3693 2942 Μ

1122 2976 1408 3039 PROCLI
1452 2968 2397 3041 CONSTANTINOPOLITANI
2443 2968 2548 3027 AD
2595 2963 3004 3027 AliMENlOS

1522 3095 1663 3165 DE
1719 3091 1981 3163 FIDE
2042 3086 2625 3169 EPISTOLA,

1547 3220 1847 3264 DIONYBIO
1878 3218 2120 3262 ειιϐυο
2156 3217 2424 3261 INTERPB
2438 3216 2580 3259 ΕΤΕ.

465 3300 560 3359 Dei
590 3301 870 3358 amantiss.
899 3311 948 3358 et
972 3303 1370 3361 venerabilihns
1392 3303 1662 3375 episcopis
1683 3309 1739 3358 et
1763 3301 1989 3373 presby-
2020 3301 2069 3366 ο
2099 3308 2301 3367 rantes,
2331 3300 2704 3368 habentesque
2725 3311 2942 3352 sensum
2970 3296 3087 3352 sine
3104 3302 3320 3351 rectore
3343 3294 3697 3366 praecipitem,

392 3395 545 3461 teris,
577 3404 632 3451 et
657 3394 1091 3451 arcliimandritis
1119 3396 1437 3451 orthodoxa:
1478 3404 1680 3451 sancta:
1710 3409 1807 3464 per
1830 3400 2000 3448 totam

392 3485 705 3541 Armeniam
736 3484 1012 3551 Ecclesiae,
1048 3483 1273 3541 Proclus
1302 3486 1355 3541 in
1387 3485 1615 3541 Domino
1643 3483 1897 3538 salutem.

466 3576 584 3632 Non
633 3575 1005 3644 mediocriter,
1054 3576 1270 3647 fratres,
1318 3576 1564 3633 confudit
1611 3576 1850 3630 animum
1897 3589 1999 3629 no-

390 3681 563 3728 strum
584 3712 600 3738 ,
630 3680 687 3729 ct
708 3688 944 3729 mturare
966 3674 1297 3729 validissimo
1319 3673 1581 3729 sauciavit
1603 3688 1787 3727 rumor
1813 3671 2001 3725 novel-

392 3767 570 3822 lornm
601 3768 802 3822 erroris
831 3767 1160 3822 zizaniorum
1190 3783 1312 3839 quae
1354 3782 1528 3837 nuper
1555 3774 1752 3821 vestrae
1787 3764 1997 3834 regioni

390 3858 772 3913 callidissimus
816 3866 1025 3913 natura:
1073 3858 1440 3913 communium
1489 3856 1740 3912 inimicus
1782 3854 1999 3911 insevit.

390 3944 810 4002 [intolerabiliter
837 3948 979 4003 enim
1008 3948 1177 4004 tristis
1217 3948 1429 4002 auditus
1458 3946 1740 4003 consuevit
1765 3947 2000 4001 animant

394 4039 706 4104 vulnerare,
748 4053 868 4108 qua:
892 4038 1202 4107 hujusmodi
1233 4038 1675 4093 meditationibus
1701 4037 1999 4091 exercitata

397 4144 511 4184 non
543 4127 731 4195 fuerit,
767 4136 1028 4199 tantoque
1057 4128 1416 4199 perniciosius
1439 4127 1712 4197 jaculatur
1742 4126 1799 4182 in
1831 4128 2001 4182 altum

393 4221 502 4275 tela
530 4219 794 4289 deﬁgens,
840 4228 1046 4289 quanto
1075 4219 1364 4276 discrimen
1408 4232 1517 4275 non
1547 4233 1747 4290 corpus
1773 4217 2001 4289 appetit,

391 4311 490 4368 sed
534 4320 736 4366 statum
786 4313 984 4369 mentis
1025 4324 1340 4382 expugnare
1382 4310 1691 4375 contendit,
1747 4309 2004 4380 Opinione

394 4405 784 4472 disseminans,
834 4404 1207 4461 venerandum
1261 4402 1390 4459 fidei
1442 4402 1861 4467 vestimentum,
1910 4409 2006 4456 aut

392 4497 676 4552 discissum
701 4495 1140 4568 lacrymabiliter,
1171 4502 1265 4550 aut
1280 4495 1422 4551 furto
1443 4493 1660 4564 penitus
1681 4508 1802 4549 esse
1824 4492 2003 4550 subla-

396 4597 531 4643 tum.
565 4587 751 4642 Omnis
771 4589 990 4659 quidem
1011 4588 1182 4644 virtus
1203 4587 1535 4659 expetenda,
1560 4587 1626 4643 iis
1646 4587 1841 4658 quibus
1862 4587 2001 4644 ratio

2101 3392 2525 3463 cogitationibus
2580 3392 2826 3446 nituntur
2879 3389 3129 3453 incertis,
3185 3388 3313 3444 nihil
3366 3388 3417 3442 in
3466 3388 3531 3444 iis
3583 3403 3703 3457 (pun

2101 3486 2399 3541 decernunt
2416 3492 2613 3555 praater
2631 3482 2832 3538 ﬂuxam
2848 3490 2903 3537 et
2924 3480 3228 3536 instabilem
3253 3486 3500 3534 naturam
3523 3492 3702 3532 rerum

2058 3644 2065 3649 ε
2099 3575 2387 3632 visibilium
2412 3584 2833 3646 perscrutantes,
2864 3588 3006 3628 vera:
3028 3580 3208 3626 autem
3232 3570 3704 3641 contemplationis

2102 3668 2355 3725 intuitum
2381 3667 2663 3723 autcausis
2686 3665 3073 3736 temporalibus
3092 3663 3353 3719 habentes
3365 3662 3703 3733 implicitum,

2103 3768 2197 3815 aut
2216 3758 2490 3814 erroribus
2512 3758 2864 3813 obcaecatum.
2891 3755 3055 3809 Aiunt
3078 3755 3220 3809 enim
3236 3761 3470 3823 quatuor
3489 3754 3704 3823 species

2103 3866 2223 3908 esse
2246 3851 2479 3916 virtutis,
2511 3848 2565 3905 id
2592 3856 2693 3914 est,
2721 3847 3005 3917 justitiam,
3035 3845 3403 3917 prudentiam,
3433 3843 3705 3902 fortitudi-

2104 3960 2261 4011 nem,
2315 3941 2762 4015 temperantiam;
2809 3954 2930 4010 qna:
2978 3939 3106 3995 licet
3163 3939 3319 3994 bonae
3360 3937 3499 4004 sint,
3554 3937 3703 3990 humi

2103 4043 2286 4090 tamen
2315 4041 2549 4105 repunt,
2596 4041 2653 4088 et
2680 4046 2805 4102 erga
2835 4040 3050 4088 terrena
3091 4029 3349 4100 projectze
3375 4034 3525 4093 sunt,
3576 4027 3705 4083 dum

2103 4127 2357 4183 inferiora
2375 4125 2580 4182 caelesti
2601 4123 2813 4195 fastigio
2836 4122 3279 4193 comprobantur.
3306 4112 3705 4175 Fortitudinem

2105 4234 2341 4288 namque
2369 4217 2650 4284 dixerunt,
2693 4217 2894 4272 luctam
2922 4215 3180 4270 adversus
3209 4228 3463 4278 carnem;
3497 4219 3705 4280 tempe-

2104 4313 2359 4382 rantiam,
2400 4327 2520 4381 qum
2541 4310 2608 4366 de
2630 4308 2919 4365 aﬁectuum
2951 4307 3112 4363 sumit
3142 4304 3515 4375 subjugatione
3537 4304 3705 4359 victo-

2105 4406 2280 4473 riam;
2306 4403 2670 4475 prudentiam,
2703 4415 2823 4471 quae
2844 4400 2897 4454 in
2922 4398 3338 4455 conversatione
3358 4394 3498 4450 civili
3520 4401 3705 4463 optata

2106 4498 2352 4554 continet
2371 4495 2614 4551 instituta
2634 4511 2649 4561 ;
2668 4492 2934 4563 justitiam
2952 4492 3213 4562 optimam
3235 4489 3704 4559 aequiportionem.

2107 4589 2264 4645 Hunc
2290 4595 2492 4654 autem,
2525 4566 2585 4641 ut
2610 4584 2959 4657 putabantur,
3007 4583 3131 4637 vitae
3159 4581 3402 4637 ordinem
3433 4580 3549 4647 lege
3578 4592 3699 4632 san-

397 4696 505 4734 non
533 4688 619 4735 est
643 4682 803 4737 rebus
832 4681 1201 4737 materialihus
1229 4682 1540 4749 obscurata,
1572 4682 1860 4752 omnisque
1886 4696 2003 4736 ma-
2033 4673 2080 4733 D
2107 4687 2333 4745 xerunt,
2383 4678 2798 4734 immoderatum
2842 4683 3007 4746 atque
3058 4672 3302 4728 illicitum
3349 4671 3708 4741 reprimentes

396 4773 512 4829 litia
540 4774 682 4829 bene
726 4774 1086 4830 sentientibus
1117 4789 1226 4829 non
1272 4774 1544 4829 immerito
1575 4772 1826 4845 fugienda
1850 4772 1996 4842 judi-

394 4876 575 4934 catur,
624 4872 682 4919 nt
730 4873 859 4938 pote
902 4880 1024 4935 quae
1052 4880 1083 4921 e
1111 4865 1333 4936 regione
1379 4864 1699 4921 adversetur
1726 4864 1997 4932 essentiae,

397 4956 511 5028 ipsa
536 4966 728 5012 contra
750 4967 996 5012 naturam
1018 4956 1134 5013 sine
1156 4956 1493 5012 dubitatione
1513 4956 1813 5013 subsistens
1835 4972 1849 5010 :
1876 4970 1999 5010 nam

396 5049 537 5103 sicut
552 5047 601 5102 id
616 5047 761 5118 quod
779 5047 1118 5103 utilissimum
1135 5055 1220 5103 est
1235 5046 1544 5103 necessarie
1563 5045 1997 5115 custodiendum,

399 5138 472 5195 ita
502 5140 646 5210 quod
673 5156 782 5195 non
810 5139 1067 5211 expedit,
1123 5138 1217 5195 sed
1246 5139 1506 5210 probatur
1532 5138 1852 5205 adversum,
1908 5144 2005 5193 aut

399 5249 521 5287 cum
566 5242 764 5303 pnnsto
804 5243 915 5299 est,
965 5231 1367 5302 repellendum,
1418 5237 1514 5285 aut
1555 5230 1602 5286 si
1638 5230 1900 5286 metuitur
1933 5244 2006 5286 ne

398 5323 639 5389 accidat,
680 5322 913 5378 sollicite
941 5322 1375 5393 prmcavendum.
1408 5320 1635 5377 Virtutis
1660 5321 1844 5392 itaque
1878 5334 2004 5391 spe-

395 5416 509 5471 cies
565 5415 829 5485 plurimm.
885 5413 1037 5470 llanc
1082 5422 1266 5469 autem
1313 5413 1460 5469 varie
1510 5411 1838 5468 deﬁnierunt
1887 5411 2005 5470 sive

397 5506 647 5575 gentiles,
677 5521 816 5575 quos
843 5521 998 5561 error
1025 5504 1302 5576 praefocat,
1336 5504 1625 5574 lumenque
1652 5503 2003 5560 discretionis

397 5614 589 5653 eorum
617 5598 885 5667 ignoratio
912 5598 1211 5653 divinitatis
1240 5598 1528 5665 obscurat;
1559 5612 1657 5654 seu
1682 5594 1997 5662 Christiani,

395 5691 486 5760 qui
536 5689 638 5744 lide
675 5699 825 5745 recta
871 5690 1068 5747 mentis
1114 5690 1305 5750 oculos
1348 5689 1676 5746 illuminatos
1710 5688 2000 5755 habentes,

396 5780 567 5838 Solem
610 5779 834 5850 justitia:
879 5796 978 5852 per
1022 5779 1417 5839 confessionem
1456 5779 1655 5836 clarius
1700 5778 1997 5836 intuentur.

397 5870 476 5927 illi
506 5884 740 5950 namque
778 5872 833 5931 in
861 5872 975 5935 tuis
1004 5872 1244 5933 consiliis
1280 5872 1429 5933 velut
1469 5872 1523 5934 in
1552 5871 1791 5953 tenebris
1832 5872 1996 5929 ober-

2106 4770 2414 4842 hujusmodi
2457 4768 2865 4826 deﬁnitionibus
2912 4767 3233 4837 appetitum.
3268 4764 3448 4819 Altum
3490 4777 3621 4817 vero
3654 4769 3707 4816 et

2103 4864 2358 4941 praesenti
2389 4864 2496 4920 vita
2525 4862 2828 4929 sublimius,
2880 4874 3057 4928 neque
3094 4859 3359 4927 cogitare,
3408 4870 3580 4924 neque
3609 4844 3707 4908 dc-

2108 4971 2359 5029 promere
2388 4956 2691 5019 valuerunt,
2717 4953 2812 5008 sed
2843 4951 3116 5021 insipienti
3142 4958 3197 5005 et
3222 4949 3513 5004 obscurato
3540 4944 3708 5000 corde

2106 5049 2219 5103 nixi
2266 5054 2395 5103 sunt
2420 5047 2672 5100 virtutem
2692 5087 2707 5109 ,
2758 5052 3017 5115 quantum
3047 5042 3111 5096 ad
3139 5056 3219 5106 se,
3263 5038 3557 5094 visibilihus
3588 5041 3709 5091 tan-

2106 5135 2387 5192 tummodo
2430 5136 2592 5190 rebus
2636 5134 2934 5201 includere,
2984 5132 3115 5187 nihil
3156 5129 3207 5185 ei
3250 5129 3546 5183 tribuentes
3592 5126 3708 5180 exi-

2107 5228 2274 5283 mium
2295 5267 2311 5294 ,
2360 5233 2417 5282 et
2442 5225 2650 5282 caelesti
2683 5225 3020 5279 habitatione
3049 5220 3397 5305 condignam.
3444 5217 3546 5285 Qui
3576 5231 3709 5272 vero

2105 5335 2207 5392 per
2235 5318 2393 5375 ﬁdem
2422 5318 2754 5373 illuminatos
2783 5315 2984 5371 habent
3022 5311 3211 5368 oculos
3239 5309 3436 5373 cordis,
3476 5322 3708 5378 quorum

2106 5410 2303 5483 prmsul
2347 5416 2512 5478 atque
2539 5408 2795 5480 magister
2824 5413 2908 5460 est
2950 5400 3294 5457 beatissimus
3321 5397 3538 5467 Paulus,
3584 5411 3708 5453 eam

2105 5502 2370 5560 deﬁniunt
2397 5516 2518 5557 esse
2557 5500 2809 5555 virtutem
2852 5505 2973 5566 Quae
3016 5509 3117 5549 nos
3163 5492 3231 5548 ad
3273 5490 3445 5547 Deum
3491 5504 3709 5562 semper

2106 5593 2347 5659 elevans,
2396 5590 2713 5648 ordinanter
2757 5587 2895 5656 regit
2922 5587 2978 5642 in
3027 5586 3208 5641 terris.
3258 5581 3358 5640 llic
3401 5582 3567 5653 igitur
3610 5596 3709 5653 per

2107 5686 2290 5747 omnia
2316 5684 2641 5742 venerabilis
2684 5681 2975 5753 Apostolus
3007 5678 3204 5735 multas
3228 5677 3447 5749 quidt'm
3494 5678 3708 5748 species

2107 5779 2321 5837 virtutis
2348 5783 2659 5844 enumerat,
2690 5776 2785 5834 sed
2815 5775 3085 5849 praecipue
3113 5773 3292 5840 ﬁdem,
3323 5788 3496 5844 spem,
3530 5772 3705 5829 chari-

2107 5879 2275 5929 tatem
2325 5868 2674 5929 commendat
2723 5876 2736 5923 ὲ
2785 5882 3013 5944 quarum
3059 5864 3191 5924 ﬁdes
3241 5878 3404 5941 supra
3456 5870 3705 5921 naturam
