4122 6524
431 391 490 444 dri
505 389 524 444 I

1734 383 2094 444 DION'YSIUS
2131 383 2289 442 EXIG
2299 379 2454 442 UUS.

3633 379 3691 443 ll
3701 390 3746 445 θ’

433 503 626 556 merita
681 500 989 556 hominibus
1031 499 1175 554 bona
1227 498 1472 566 largitur,
1527 497 1884 554 invisibilibus
1929 502 2102 560 eosA
2132 498 2294 567 igitur
2335 496 2723 554 indormitabili
2773 511 2902 553 cura
2953 511 3251 564 servemus,
3299 496 3369 552 ad
3427 498 3517 554 the
3548 515 3764 558 aurum-

434 596 753 658 ndmisceus,
807 595 897 664 qui
927 592 1107 648 adhuc
1147 591 1533 662 multiplicibus
1561 591 1796 647 obnoxia
1827 593 2038 663 passio-

437 689 595 742 nibus
623 687 931 742 indumenta
959 683 1364 742 circumferunt.
1414 683 1514 752 Qui
1545 685 1690 740 enim
1719 685 2036 757 angelorum

436 778 872 846 reliquarumque
903 792 1289 846 corporearum
1319 776 1578 830 virtutum
1627 786 1876 830 naturam
1907 792 2054 848 pro--

437 870 596 939 positi
617 870 950 925 sublimitate
969 869 1237 934 nesciunt,
1271 868 1466 922 horum
1496 868 1834 938 disciplinam
1859 868 2039 923 homi-

437 963 594 1017 nibus
618 963 710 1032 qui
741 962 1054 1029 gradiuntur
1084 963 1234 1017 humi
1268 970 1325 1016 et
1371 963 1686 1017 volutantur
1719 963 1775 1017 in
1819 961 2042 1032 pulvere

438 1053 571 1108 lldes
595 1055 876 1120 attribuit;
925 1054 1089 1120 regali
1125 1054 1325 1108 throno
1355 1063 1411 1107 et
1444 1053 1697 1109 invisibili
1743 1054 1832 1121 qui
1867 1061 2039 1118 caret,

439 1145 588 1199 omni
621 1146 789 1199 forma
823 1160 922 1199 nos
951 1145 1232 1208 exhibens,
1283 1153 1596 1215 certamque
1627 1144 2050 1199 illustratioucm'

437 1244 646 1289 natura:
691 1235 948 1290 increatze
989 1249 1206 1304 semper
1247 1234 1365 1289 sine
1408 1235 1558 1288 initio
1601 1235 1868 1288 manentis
1916 1234 2048 1289 insi-

438 1341 633 1382 ouans.
683 1325 816 1391 Qua:
855 1326 1019 1379 etiam
1067 1324 1272 1392 fulgore
1311 1341 1412 1378 suo
1445 1339 1661 1379 sensum
1706 1324 2045 1380 materialem

437 1419 754 1485 discutiens,
777 1433 1130 1489 crassumque
1149 1431 1212 1472 ac
1230 1417 1550 1472 nebulosum
1575 1417 1822 1472 intuitum
1847 1425 2046 1472 nostra:

441 1510 641 1565 mentis
677 1524 1012 1580 esp-ignaua,
1056 1523 1183 1578 erga
1223 1508 1312 1562 illa
1357 1509 1502 1564 clare
1541 1509 1878 1578 conspicere,
1923 1523 2048 1577 qua:

440 1611 570 1657 tunc
608 1616 676 1656 ex
719 1610 874 1671 parte
914 1609 1141 1671 possunt
1168 1599 1338 1655 videri
1377 1614 1498 1654 cum
1526 1608 1822 1653 censentur
1857 1598 2055 1652 invisi-

440 1694 592 1760 lilia,
619 1703 680 1749 et
696 1693 1082 1764 comprehendi
1103 1709 1226 1748 cum
1255 1691 1645 1749 inaccessibilia
1670 1706 1790 1747 esse
1813 1691 2052 1747 credun-

443 1797 551 1844 tur.
601 1788 740 1859 Spes
786 1798 968 1845 autem
1017 1804 1126 1844 non
1168 1789 1386 1857 dignata
1435 1789 1679 1855 somniis,
1729 1800 1788 1844 ut
1828 1788 2043 1854 dicitur,

2142 587 2264 643 ﬁdei
2289 589 2488 644 mentis
2507 589 2696 648 oculos
2720 589 2922 659 jugitcr
2948 591 3245 648 elevantes.
3296 591 3435 659 Quid
3466 601 3644 648 autent
3669 594 3742 651 de

2139 679 2436 750 Scripturis
2491 682 2819 752 accepimus,
2874 683 2976 739 nisi
3030 683 3177 754 quod
3235 684 3377 740 Deus
3424 687 3594 741 verbo
3641 701 3766 741 suo

2141 774 2398 830 mundum
2425 775 2700 839 condidit,
2753 789 2810 831 et
2839 786 3146 832 creaturam
3176 793 3299 848 qum
3327 795 3432 834 non
3463 789 3581 835 erat
3611 797 3740 852 pru-

2140 866 2292 921 duxit
2317 881 2384 922 ex
2416 867 2586 922 nihilo
2609 869 2632 923 2
2659 867 2726 922 Et
2763 869 2889 939 quia
2922 871 3156 925 naturali
3186 871 3305 941 lege
3331 873 3600 928 rationale
3627 875 3742 928 ani-

2141 957 2249 1012 mal
2291 956 2610 1022 honoravit,
2661 961 2823 1015 datur
2862 962 2912 1016 ei
2952 961 3297 1027 mandatum,
3347 964 3579 1033 utquod
3626 972 3744 1019 erat
3818 1019 3842 1042 ,

2143 1049 2428 1119 optimum
2459 1066 2566 1105 non
2614 1051 2807 1107 lateret
2853 1055 2970 1121 ejus
3023 1054 3332 1119 arbitrium,
3386 1056 3479 1110 sed
3531 1057 3743 1112 meliori

2092 1210 2096 1214 ι
2144 1141 2426 1212 proposito
2460 1143 2621 1198 noxia
2665 1144 2982 1200 declinaret.
3025 1144 3093 1198 Et
3128 1147 3271 1214 quod
3319 1147 3408 1202 ille
3446 1156 3745 1217 spontanea

2144 1233 2425 1289 voluntate
2450 1235 2504 1288 in
2532 1235 2807 1292 deteriora
2847 1238 3152 1308 prolapsus,
3203 1255 3270 1294 ex
3303 1240 3463 1296 terris
3507 1241 3746 1311 paradisi

2146 1339 2244 1394 per
2259 1325 2871 1397 inobedientiamjactus
2886 1337 2988 1393 est,
3003 1329 3154 1398 quod
3173 1330 3404 1402 denique
3421 1347 3519 1402 per
3543 1341 3746 1403 patres,

2147 1419 2499 1490 patriarchas,
2547 1420 2753 1490 legem,
2810 1421 3024 1489 iudices
3052 1432 3109 1478 et
3137 1423 3447 1494 prophetas,
3497 1433 3746 1480 naturam

2147 1508 2238 1579 qui
2285 1506 2537 1562 formavit
2576 1509 2858 1573 instruxit,
2915 1518 2975 1564 ut
3012 1520 3230 1581 peccata
3260 1514 3476 1583 quidem
3505 1523 3744 1579 caveret,

2149 1599 2216 1654 ad
2249 1597 2488 1654 facienda
2515 1616 2646 1655 vero
2673 1617 2794 1671 quae
2822 1612 2968 1656 recta
2995 1611 3122 1657 sunt
3148 1604 3566 1659 sollicitudinem
3594 1620 3749 1673 gere-

2150 1699 2253 1754 ret,
2279 1691 2356 1746 sic
2383 1700 2443 1744 ut
2471 1690 2664 1748 delicta
2697 1693 2982 1762 imperium
3011 1711 3229 1765 quoque
3258 1696 3412 1751 nobis
3443 1699 3746 1753 volentibus

2151 1781 2483 1850 obtinerent,
2514 1791 2568 1837 et
2597 1782 2794 1838 horum
2818 1799 2981 1840 causa
3005 1785 3252 1842 diabolus
3273 1787 3324 1841 in
3352 1799 3554 1842 naturae
3576 1789 3748 1842 dcem-

445 1883 730 1943 inhasrere,
757 1883 850 1938 sed
876 1884 1080 1937 credita
1110 1882 1323 1936 fortiter
1338 1883 1594 1948 retinens,
1619 1883 2047 1951 inprmsentibus
2080 1873 2122 1932 ll
2153 1875 2290 1928 viret
2331 1875 2551 1929 exitium
2585 1893 2598 1929 :
2627 1884 2690 1929 ut
2725 1885 2856 1946 pote
2903 1893 3025 1932 cum
3068 1877 3153 1932 lex
3205 1879 3463 1936 naturalis
3506 1881 3760 1940 obsoleta-

443 1973 547 2027 sibi
579 1972 756 2028 futura
783 1973 894 2041 jam
926 1982 1215 2041 prmparat,
1247 1981 1305 2026 et
1329 1973 1394 2026 ad
1438 1971 1827 2027 excludeudam
1856 1972 2050 2026 dubie-

453 2071 648 2128 tatem,
673 2064 817 2134 quod
840 2079 943 2119 nec
971 2065 1140 2127 adest,
1172 2073 1428 2133 tanquam
1461 2077 1701 2134 praesens
1720 2064 2053 2132 cogitatione

446 2155 849 2224 complectitur,
901 2155 1003 2212 sub
1051 2164 1273 2225 aspectu
1311 2169 1453 2224 pene
1501 2169 1624 2224 qua:
1671 2154 2054 2224 praestolamur

445 2245 513 2299 ad
533 2246 724 2300 lucens
745 2245 990 2301 adversa.
1019 2245 1097 2301 De
1115 2245 1312 2315 quibus
1332 2261 1456 2315 spes
1471 2245 1858 2315 impedimenta
1883 2253 2054 2299 trauss

445 2336 726 2406 grediens,
781 2337 1179 2407 propemodum
1234 2335 1536 2391 visibilibus
1592 2335 1757 2390 rebus
1811 2351 1874 2390 ea
1932 2351 2054 2407 quae

447 2427 824 2482 desiderantur
871 2428 1131 2494 adnectit,
1186 2426 1386 2482 ﬂuxam
1435 2429 1699 2496 temporis
1737 2429 2052 2484 inanitatem

447 2517 756 2572 futurorum
801 2517 1094 2574 dilectione
1141 2533 1366 2588 prorsus
1402 2533 1756 2588 exsuperans.
1805 2517 2054 2575 Charitas

447 2621 582 2662 vero
629 2614 833 2662 sancite
880 2608 1158 2676 religionis
1187 2617 1388 2664 nostra;
1414 2609 1626 2664 culmen
1657 2619 1712 2664 et
1739 2618 1902 2680 caput
1948 2617 2051 2665 est.

446 2697 554 2753 Per
583 2698 725 2754 hanc
765 2699 911 2754 enim
941 2699 1108 2767 Deus,
1138 2714 1262 2753 cum
1287 2713 1530 2769 ιιι-πέδης
1571 2699 1774 2768 iugiter
1817 2707 1966 2754 esset
2001 2699 2055 2754 in

446 2791 630 2854 terris,
663 2791 730 2846 ad
757 2807 856 2846 nos
881 2807 980 2861 per
1006 2807 1224 2847 carnem
1254 2793 1442 2847 venire
1473 2792 1726 2860 dignatus
1753 2801 1857 2847 est.
1893 2790 2056 2849 Utrae

452 2895 560 2951 que
590 2879 754 2950 igitur
776 2883 972 2937 merito
997 2881 1099 2936 sibi
1128 2883 1480 2937 consentiunt
1505 2899 1518 2935 :
1550 2883 1681 2938 fides
1709 2883 1852 2937 enim
1875 2882 2058 2937 chari-

454 2971 582 3026 tatis
604 2980 688 3027 est
706 2973 1004 3041 speculum,
1035 2981 1092 3028 et
1119 2973 1358 3028 charitas
1386 2971 1506 3028 ﬁdei
1531 2973 1797 3043 probatur
1824 2973 2060 3028 existere

448 3059 868 3118 ﬁrmamentum.
894 3061 1177 3119 Credimus
1203 3065 1346 3134 quod
1374 3064 1516 3119 Deus
1550 3064 1785 3121 Verbum
1809 3065 2057 3136 impassi-

448 3153 635 3208 biliter
674 3154 987 3210 incarnatus
1029 3162 1145 3220 est;
1193 3163 1249 3209 et
1291 3155 1380 3226 pie
1409 3154 1723 3211 credimus:
1755 3155 1871 3210 haec
1914 3155 2057 3210 enim

2156 1965 2516 2024 sordesceret.
2550 1975 2605 2020 et
2628 1967 2828 2036 scripta
2849 1969 3221 2037 prteritricatio
3249 1977 3590 2039 retorperet;
3625 1985 3751 2038 pro-
3801 2000 3806 2007 -

2155 2055 2334 2126 phetm
2354 2072 2571 2125 quoque
2594 2058 2734 2112 sicut
2757 2059 3005 2114 homines
3023 2068 3307 2114 monerent
3329 2075 3450 2130 qua:
3477 2069 3758 2130 oporteret

2158 2146 2272 2203 fieri
2293 2186 2308 2210 ,
2362 2147 2459 2202 sed
2507 2148 2576 2203 ab
2605 2149 2922 2204 imminente
2953 2150 3192 2219 pernicie
3220 2151 3451 2206 liberare
3481 2167 3589 2205 non
3636 2167 3756 2220 pos-

2155 2248 2308 2305 sent;
2336 2241 2474 2294 Deus
2499 2240 2668 2296 forma
2691 2257 2904 2309 carens,
2931 2243 3049 2297 sine
3069 2243 3224 2299 initio
3242 2244 3757 2314 incircumscriptus,

2156 2338 2215 2386 et
2237 2331 2585 2400 omnipotens
2611 2331 2842 2387 Verbum
2876 2334 2927 2387 in
2959 2349 3125 2389 carne
3153 2335 3376 2389 veniens
3403 2335 3585 2408 (adest
3615 2336 3759 2390 enim

2157 2421 2234 2476 illi
2277 2436 2438 2492 posse
2481 2421 2630 2491 quod
2674 2423 2828 2490 vult),
2879 2425 3110 2496 sumpsit
3163 2425 3390 2481 formant
3438 2428 3579 2481 servi
3631 2442 3761 2480 curo

2157 2512 2351 2578 factus,
2408 2521 2568 2567 natus
2605 2529 2672 2568 ex
2707 2514 2944 2584 Virgine,
2993 2516 3182 2571 volens
3228 2517 3428 2586 ubique
3460 2527 3762 2572 n~oustrare

2157 2603 2286 2671 quia
2333 2603 2627 2658 secundum
2661 2605 2943 2660 veritatem
2992 2604 3108 2661 ﬁeri
3152 2606 3316 2662 homo
3367 2607 3619 2676 dignatus
3656 2614 3760 2660 est.

2158 2694 2416 2750 Naturam
2438 2695 2700 2764 siquidem
2726 2712 3072 2767 corpoream,
3096 2708 3148 2753 et
3173 2699 3418 2767 exordia,
3447 2708 3502 2754 ct
3524 2700 3758 2764 habitus,

2159 2786 2550 2856 passionesque
2605 2789 2914 2844 necessario
2968 2790 3387 2861 subsequuntur.
3447 2789 3562 2846 Non
3616 2790 3761 2846 enim

2160 2877 2293 2932 dicit
2320 2879 2650 2946 evangelista
2681 2878 2862 2942 (loco.
2895 2877 2944 2952 t)
2974 2881 3119 2949 quod
3176 2882 3228 2935 in
3269 2881 3545 2936 hominem
3577 2881 3755 2951 perfer

2161 2973 2309 3020 etum
2336 2966 2477 3022 Deus
2499 2967 2770 3036 ingressus
2798 2977 2906 3035 est,
2932 2970 3059 3039 quia
3086 2969 3258 3026 factus
3286 2980 3372 3028 est
3398 2988 3524 3027 caro
3553 2981 3759 3027 natura:

2163 3067 2364 3114 nostra:
2392 3059 2689 3130 primordia
2719 3062 2831 3132 ipsa
2863 3064 3203 3133 contingens.
3233 3066 3386 3122 Sicut
3425 3067 3566 3122 enim
3599 3068 3762 3122 homo

2165 3151 2483 3207 naturaliter
2500 3152 2678 3207 editus
2696 3170 2800 3208 non
2825 3156 3007 3210 statim
3033 3156 3276 3226 procedit
3297 3159 3612 3226 operatione
3635 3157 3780 3228 per?

452 3242 586 3300 lldes
623 3245 812 3302 salutis
843 3258 1042 3300 nostra:
1099 3245 1506 3302 fundamentum
1539 3262 1660 3304 esse
1689 3247 2057 3318 cognoscitur.
2085 3256 2134 3321 ς
2165 3239 2356 3308 fectus,
2407 3244 2502 3300 Sed
2541 3245 2772 3314 primum
2813 3245 2928 3315 ipsa
2967 3247 3233 3317 depositio
3276 3249 3497 3305 seminis
3535 3249 3762 3307 efﬁcitur

450 3331 660 3388 Idcirco
691 3349 814 3390 eum
854 3335 948 3404 qui
978 3344 1201 3406 propter
1229 3352 1330 3391 nos
1365 3337 1604 3406 suscepit
1637 3337 1869 3392 formam
1911 3336 2052 3392 servi

450 3424 746 3493 diligimus,
789 3425 884 3495 qui
927 3441 1030 3482 nec
1075 3435 1280 3484 naturai
1309 3443 1419 3482 sure
1452 3427 1611 3482 ullam
1641 3427 2055 3482 mutabilitatem

451 3517 739 3581 sustinuit,
789 3531 887 3572 nec
917 3526 1264 3586 augmentum
1295 3517 1545 3572 Triuitati
1575 3518 1822 3574 accessit.
1868 3514 2056 3573 Omnis

453 3605 636 3674 itaque
662 3602 1002 3662 Christianus
1024 3609 1114 3678 qui
1144 3625 1251 3663 non
1282 3617 1366 3664 e.~t
1391 3609 1543 3664 dives
1573 3609 1695 3674 lidc,
1725 3624 1841 3678 spe,
1872 3607 2054 3663 chari-

453 3711 584 3765 tate,
617 3702 668 3758 id
693 3703 836 3774 quod
865 3703 1062 3778 dicitur
1088 3721 1196 3760 non
1223 3713 1340 3768 est;
1388 3705 1504 3770 sed,
1536 3705 1637 3760 etsi
1664 3706 1878 3760 videtur
1897 3720 2054 3759 suum

453 3793 720 3862 castigare
760 3794 1143 3866 corpusculum
1190 3803 1250 3851 et
1293 3796 1489 3850 animm
1536 3795 1876 3867 passionibus
1918 3796 2058 3850 liber

449 3901 593 3951 esse,
647 3887 699 3940 in
745 3888 1003 3942 moralem
1045 3887 1418 3942 tantummodo
1461 3890 1715 3943 virtutem
1748 3888 1849 3943 iste
1888 3885 2055 3957 proii-

447 3977 620 4041 ciens,
671 3994 1010 4050 nequaquam
1038 3995 1299 4035 coronam
1329 3981 1568 4036 victoriae
1597 3981 1966 4050 consequitur,
1999 3991 2058 4036 ut

453 4079 585 4141 pote
613 4070 705 4138 qui
736 4087 843 4124 non
873 4071 940 4125 ad
971 4072 1117 4128 illam
1141 4086 1362 4142 semper
1389 4073 1720 4141 agnitionem
1754 4072 2058 4131 Divinitatis

455 4160 789 4225 ostenderit,
837 4176 958 4230 quae
987 4153 1222 4216 coronas
1252 4161 1439 4218 tribuit
1481 4162 1545 4219 iis
1590 4163 1682 4232 qui
1713 4161 1924 4219 fortiter
1961 4181 2060 4235 per

454 4250 709 4306 virtutem
739 4251 1031 4307 luctantur.
1059 4252 1296 4323 Ideoque
1324 4253 1455 4310 lides
1476 4267 1598 4326 qua:
1625 4254 1866 4310 omnium
1898 4256 2060 4326 (sicut

405 4339 410 4343 ’
451 4342 703 4412 prmdixi)
733 4343 1000 4399 bonorum
1028 4354 1192 4416 caput
1220 4355 1334 4412 est,
1379 4331 1627 4402 servetur
1655 4345 1878 4416 intacta,
1928 4347 2058 4402 nihil

456 4434 703 4490 humanis
730 4435 1203 4492 adinventionibus
1231 4422 1510 4494 dissonum
1540 4437 1853 4508 praeferens,
1899 4437 2060 4494 nullis

455 4525 696 4599 profanis
742 4544 937 4584 vocmn
986 4529 1317 4584 novitatibus
1365 4529 1621 4586 turbida:
1655 4546 1777 4600 quae
1831 4546 2058 4587 manens

2160 3348 2310 3399 caro,
2350 3333 2544 3389 deinde
2573 3350 2831 3404 processu
2862 3339 3121 3408 temporis
3148 3340 3256 3395 vim
3287 3341 3450 3396 sumit
3475 3356 3595 3410 qum
3626 3357 3762 3400 con:

2159 3426 2576 3482 summationem
2619 3442 2872 3484 sensuum
2915 3431 3399 3502 operationumque
3436 3433 3760 3487 contineat:

2159 3521 2233 3576 ita
2279 3521 2420 3577 Deus
2451 3521 2684 3578 Verbum
2724 3523 2836 3594 ipsa
2867 3524 3014 3579 initia
3045 3533 3100 3580 et
3127 3526 3362 3581 radicem
3396 3527 3644 3582 humana:
3673 3527 3761 3581 in-

2157 3613 2453 3668 stitutionis
2497 3615 2786 3681 attingens,
2841 3616 3071 3684 primum
3121 3619 3292 3672 factus
3333 3625 3418 3672 est
3455 3633 3600 3683 caro,
3653 3635 3758 3673 non

2157 3719 2470 3769 conversus,
2503 3706 2647 3774 quod
2674 3707 2832 3771 absit,
2862 3708 2912 3760 in
2939 3723 3176 3763 carnem.
3220 3707 3415 3763 Mansit
3444 3709 3586 3764 enim
3619 3709 3755 3765 divi~

2158 3796 2302 3851 nitas
2325 3795 2470 3850 onnii
2494 3797 2850 3852 mutabilitate
2871 3798 3137 3867 superior,
3163 3799 3286 3868 quia
3310 3800 3534 3853 mutatio
3560 3809 3763 3854 natura:

2161 3887 2377 3944 ﬂuentis
2398 3897 2482 3943 est
2505 3890 2717 3958 passio;
2750 3890 2892 3946 illius
2919 3899 3096 3947 autem
3124 3891 3376 3960 perennis
3396 3892 3762 3963 sempiterna:-

2159 3997 2265 4052 que
2291 3982 2361 4035 ita
2388 3996 2448 4036 se
2477 3980 2726 4035 habentis
2755 3983 3004 4037 essentia:
3027 3983 3301 4053 preprium
3329 3991 3426 4045 est,
3464 3992 3519 4037 ut
3549 3983 3761 4036 incom-

2159 4073 2434 4128 mutabilis
2453 4082 2780 4142 perseveret.
2811 4071 3061 4144 Utrisque
3080 4075 3241 4142 igitur
3261 4075 3454 4129 divime
3471 4073 3763 4144 Scriptura:

2161 4171 2373 4219 utentes
2411 4164 2652 4229 vocibus,
2686 4164 2913 4220 dicimus
2941 4167 3063 4236 quia
3091 4175 3148 4221 et
3177 4183 3305 4222 caro
3334 4165 3506 4221 factus
3535 4175 3617 4221 est
3637 4207 3652 4230 ,
3705 4173 3760 4222 et

2161 4254 2389 4311 formam
2440 4257 2582 4311 servi
2630 4259 2860 4328 accepit.
2917 4258 2994 4313 Ex
3045 4268 3296 4330 utroque,
3351 4259 3440 4328 pie
3492 4260 3763 4314 intellecta

2159 4348 2367 4403 semina
2397 4347 2553 4402 nobis
2579 4348 2771 4403 salutis
2793 4349 3030 4406 existunt
3054 4365 3068 4402 :
3092 4363 3190 4420 per
3214 4348 3266 4403 id
3294 4349 3436 4404 enim
3465 4348 3609 4418 quod
3635 4347 3764 4403 Ver-

2164 4440 2292 4494 bum
2318 4454 2446 4494 caro
2477 4437 2674 4494 factum
2703 4447 2808 4505 est,
2839 4439 3168 4495 individuum
3191 4455 3415 4496 suunua:
3437 4440 3604 4507 ipsius
3632 4438 3763 4494 adu-

2163 4531 2399 4587 nationis
2420 4532 2752 4600 evangelista
2776 4533 3036 4588 declarat.
3069 4535 3220 4589 Sicut
3249 4533 3393 4588 enim
3422 4532 3763 4602 singularitas

456 4614 596 4672 infra
626 4618 964 4684 evangelicos
1000 4627 1162 4688 atque
1190 4621 1520 4690 apostolicos
1551 4624 1830 4688 terminos,
1865 4623 2062 4678 nullius
2087 4644 2138 4706 ι)
2165 4622 2217 4677 in
2263 4623 2396 4678 duas
2437 4625 2841 4694 singularitates
2887 4625 3062 4681 dirimi
3112 4643 3218 4682 non
3249 4635 3428 4698 potest
3459 4628 3678 4698 (alioqui
3711 4629 3762 4682 in

455 4707 722 4779 pervicaci
754 4705 936 4762 furore
967 4709 1214 4764 violetur.
1270 4709 1498 4780 Propter
1525 4712 1665 4766 hanc
1693 4711 1839 4767 enim
1864 4712 2054 4766 salvati

456 4813 664 4865 sumus,
693 4807 749 4854 et
798 4799 923 4855 huic
954 4799 1004 4854 in
1051 4800 1375 4870 baptismate
1407 4801 1584 4870 lingua
1614 4801 2053 4870 subscripsimus.

455 4886 695 4943 Altitudo
716 4888 980 4960 siquidem
1008 4889 1128 4944 lidei
1153 4898 1406 4946 cunctam
1431 4890 1755 4958 insurgentis
1772 4889 2053 4946 audaciam

455 4981 926 5052 temeritatemque
970 4986 1290 5054 prosternit,
1349 5001 1449 5040 nec
1484 4986 1771 5040 humanam
1822 4995 2052 5052 tantum,

454 5073 548 5128 sed
579 5081 634 5127 et
663 5073 874 5128 illorum
904 5075 994 5142 qui
1027 5083 1219 5130 natura
1250 5083 1306 5129 et
1334 5076 1650 5145 incorporea
1676 5076 2054 5139 sublimautur,

454 5163 516 5220 Β.
546 5162 716 5218 Paulo
737 5166 950 5220 dicente
980 5163 1122 5236 (Gal.
1151 5167 1200 5234 ι)
1234 5184 1246 5219 :
1277 5166 1382 5218 Aut
1407 5166 1451 5220 si
1476 5182 1594 5232 nos,
1625 5174 1718 5220 aut
1741 5166 1964 5235 angelus
1987 5165 2056 5222 de

453 5256 605 5312 caelis
631 5252 1079 5326 evangﬂizaverit
1107 5257 1261 5311 vobis
1287 5265 1482 5327 pr.eter
1506 5257 1556 5312 id
1580 5257 1722 5326 quod
1747 5258 2052 5327 accepistis,

453 5349 741 5426 anathema
792 5349 885 5405 sit.
946 5349 1252 5404 Ministrare
1304 5364 1537 5418 namque
1592 5359 1919 5420 prmecptum
1974 5358 2058 5404 es‘t

452 5443 669 5512 angelo,
699 5459 807 5499 non
825 5442 1017 5512 dogma
1039 5457 1390 5513 componere.
1425 5440 1489 5495 Et
1513 5427 1874 5512 periculosum
1898 5442 2056 5497 nimis

455 5542 536 5588 est
567 5533 810 5603 singulis,
839 5551 946 5588 non
978 5535 1041 5590 iis
1070 5536 1267 5605 quibus
1294 5537 1529 5590 ordinati
1559 5543 1684 5590 sunt
1713 5550 2053 5605 permanere,

453 5623 550 5682 Sed
579 5632 837 5694 appetere
867 5625 1006 5680 velle
1034 5642 1198 5695 supra
1227 5643 1534 5683 mensuram
1564 5641 1685 5696 qua:
1711 5626 1930 5680 minime
1962 5642 2058 5679 na-

457 5725 590 5771 tura:
617 5732 876 5772 concessa
907 5727 1048 5773 sunt.
1098 5719 1330 5790 Ideoque
1357 5720 1457 5776 etsi
1481 5719 1779 5775 substantia
1810 5716 2060 5787 prmforat

455 5807 584 5876 quid
615 5805 719 5862 fide
748 5808 965 5876 dignum
992 5823 1110 5863 esse
1140 5808 1410 5872 videatur,
1463 5825 1568 5864 non
1599 5810 1701 5863 erit
1730 5806 2060 5879 rcceptibilis

570 5898 1171 5968 "mvprmdicationis
1201 5897 1500 5968 respondit.
1552 5897 1705 5966 Quod
1748 5896 2055 5970 accepimus

2166 4714 2264 4769 has
2308 4715 2498 4779 divisa,
2540 4714 2654 4782 jam
2684 4732 2792 4770 non
2827 4716 2930 4770 erit
2957 4717 3319 4784 singularitas,
3365 4717 3458 4773 sed
3493 4718 3762 4786 duaiitas),

2168 4805 2239 4858 ita
2295 4804 2436 4875 quod
2492 4821 2654 4860 unum
2701 4815 2785 4862 est
2835 4806 2988 4874 juxta
3045 4824 3310 4863 summam
3358 4809 3763 4873 adunatiunem,

2166 4911 2504 4966 nequaquam
2537 4897 2588 4950 in
2619 4895 2726 4951 duo
2755 4898 2956 4968 poterit
3004 4898 3109 4953 ulla
3140 4900 3350 4955 ratione
3392 4900 3602 4969 partiri.
3657 4899 3761 4955 l’er

2169 4987 2219 5041 id
2249 4997 2426 5041 autent
2456 4988 2602 5058 quod
2644 4987 2871 5047 formam
2901 4991 3043 5046 servi
3088 4992 3402 5061 assumpsit,
3454 5002 3655 5046 natura:
3683 4993 3764 5046 di-

2169 5079 2303 5134 vina:
2336 5079 2849 5136 incommutabilitas
2897 5081 3178 5136 intimatur
3210 5100 3225 5138 :
3258 5084 3382 5153 quia
3432 5100 3594 5139 omne
3623 5085 3766 5155 quod

2169 5170 2255 5235 fit,
2307 5178 2400 5224 aut
2428 5185 2494 5225 ex
2525 5186 2592 5225 eo
2621 5171 2764 5240 quod
2803 5172 3060 5228 existeret
3091 5173 3290 5230 factum
3318 5185 3430 5238 est,
3485 5184 3542 5229 ut
3570 5179 3765 5230 cndu."

2149 5260 2308 5337 quod
2356 5270 2484 5314 ante
2515 5277 2621 5316 non
2664 5271 2810 5328 erat;
2855 5272 2946 5315 aut
2991 5281 3056 5318 ex
3100 5280 3165 5319 eo
3194 5265 3473 5333 quodest,
3525 5267 3575 5319 in
3625 5267 3765 5320 aliud

2164 5354 2514 5419 convertitur,
2576 5363 2633 5408 ut
2679 5351 2877 5408 ﬂuenta
2932 5355 3028 5410 Nili
3072 5356 3303 5412 ﬂuminis
3355 5359 3404 5412 in
3451 5361 3766 5422 sanguinem

2165 5457 2513 5502 commutata.
2539 5446 2642 5501 Sed
2663 5456 2885 5516 uterque
2904 5449 3090 5503 modus
3115 5451 3304 5504 dit-inm.
3326 5453 3423 5505 sub
3458 5455 3769 5521 tantimpru-

2163 5535 2320 5590 batur
2347 5531 2672 5604 incongruus
2709 5554 2720 5591 :
2757 5554 2877 5589 nam
2911 5555 3012 5593 nec
3040 5556 3104 5592 ex
3139 5541 3258 5594 ullis
3279 5543 3617 5596 exstantibus
3645 5560 3769 5610 pro-

2162 5629 2353 5690 cessit,
2387 5645 2604 5698 semper
2636 5629 2752 5683 sine
2785 5631 2937 5683 initio
2967 5648 3325 5700 permanens;
3361 5651 3459 5687 nec
3490 5651 3554 5689 ex
3587 5635 3765 5701 aliqua

2165 5719 2387 5772 materia
2413 5735 2708 5774 conversus
2731 5730 2813 5774 est
2837 5721 2978 5774 Deus
3008 5722 3241 5776 Verbum
3270 5725 3317 5777 in
3346 5742 3440 5779 sua
3469 5727 3767 5779 incommu-

2168 5808 2430 5864 tabilitatc
2481 5809 2795 5878 persistens.
2854 5811 3061 5868 idcirco
3109 5831 3209 5884 per
3255 5815 3370 5871 lucc
3433 5825 3488 5871 ct
3542 5817 3767 5874 Deitatis

2168 5899 2790 5972 incommutabilitatem,
2812 5910 2867 5958 et
2884 5901 3214 5962 individuum
3232 5901 3556 5964 sacramenti
3581 5909 3762 5964 divina
