4122 6502
354 334 461 392 M3

1074 329 1431 390 Eptsrou:
1470 333 1528 389 s.
1570 327 1817 390 rnocu
1856 325 1944 386 AC
1985 296 2339 385 sunt:me
2374 327 2952 388 tNTERPRETATiO.

3544 341 3666 403 ΙΝ,

349 452 625 525 Scriptura
654 458 901 510 testatur,
933 451 1080 521 quod
1108 448 1310 506 factum
1341 426 1427 506 est
1454 449 1862 511 demonstrans,
1892 449 1949 497 et
1975 440 2029 502 Δ
2056 440 2265 496 tntione
2294 445 2499 508 mundi,
2551 454 2655 517 qua
2688 446 2740 501 in
2771 446 2910 502 hanc
2942 447 3106 502 vitam
3135 457 3350 506 constat
3375 451 3651 512 hominem

348 544 494 615 quod
525 543 815 613 assumpsit
846 542 1122 598 insinuans
1150 559 1164 597 :
1193 550 1253 597 ut
1280 558 1378 613 per
1404 542 1670 613 primum,
1709 536 1950 606 singulm

349 636 565 691 ritatem
595 645 801 689 naturae
844 649 1091 705 persona
1122 635 1400 706 utriusque
1446 632 1816 697 commendet,
1852 645 1954 701 per

349 726 580 782 alterum
613 741 743 781 vero
773 726 1369 781 ineommutabilitatem
1406 725 1718 782 substantiae
1755 720 1954 779 divina

350 818 683 890 pronuntiet.
717 818 860 874 Deus
884 818 1049 887 igitur
1070 816 1304 874 Verbum
1328 816 1501 873 factus
1519 827 1606 873 est
1634 817 1797 870 homo
1822 830 1951 885 per-

352 911 549 978 fectus,
578 926 685 966 non
710 912 987 965 immutata
1010 918 1203 966 natura
1232 912 1466 976 deitatis,
1499 910 1825 979 astipulante
1851 908 1951 962 mi-

353 1006 542 1060 raculo
569 1006 713 1076 quod
749 1002 1157 1075 intelligentiam
1184 1012 1385 1060 nostrae
1440 1003 1636 1057 mentis
1688 999 1899 1057 excedit
1932 1018 1946 1054 :

252 1158 273 1176 ,
355 1097 583 1166 itiipsmn
617 1098 943 1167 percipimus
965 1095 1090 1165 ﬁde,
1123 1111 1230 1152 non
1254 1095 1605 1163 inquisitione
1624 1095 1947 1165 colligimus.

352 1187 419 1243 Et
450 1189 623 1244 facins
646 1190 810 1243 homo
838 1197 1101 1258 cognatus
1126 1188 1426 1244 secundum
1466 1200 1719 1252 carnem,
1766 1185 1951 1255 generi

350 1282 583 1338 salutem
615 1282 799 1335 tribuit
824 1296 921 1351 per
945 1279 1350 1336 similitudinem
1379 1278 1711 1350 pass-ianum,
1743 1275 1953 1348 peccati

352 1372 571 1443 quidem
594 1372 837 1426 debitum
858 1371 1099 1436 solvens,
1128 1370 1257 1426 dum
1277 1385 1399 1441 qua:
1420 1378 1548 1425 sunt
1575 1368 1809 1425 hominis
1830 1383 1955 1439 per-

353 1472 542 1536 pessus
566 1478 667 1532 pro
706 1463 956 1519 omnibus
984 1462 1233 1527 moritur,
1284 1462 1568 1518 destructis
1599 1470 1781 1517 autem
1825 1476 1951 1517 eum

349 1556 442 1625 qui
473 1555 709 1609 habebat
726 1555 919 1610 mortis
947 1554 1254 1625 imperium,
1288 1554 1341 1609 id
1368 1561 1453 1610 est
1472 1550 1782 1621 diabolum;
1812 1555 1955 1610 sicut

242 1700 259 1709 ,
350 1650 690 1718 tenuissimus
723 1650 868 1706 Deus
898 1668 912 1705 :
945 1650 1079 1719 legis
1105 1651 1269 1705 etiam
1298 1652 1444 1721 quod
1473 1658 1590 1707 erat
1620 1651 1955 1721 impossible

352 1740 480 1794 ierit
507 1755 628 1795 esse
658 1742 934 1811 possibile,
985 1757 1202 1798 onmem
1249 1742 1522 1813 implendo
1560 1741 1845 1810 justitiam,
1897 1748 1955 1796 et

2059 551 2178 593 esse
2200 537 2523 607 projectum,
2545 539 2692 594 aliud
2714 541 2817 595 iter
2835 540 3120 609 quisquam
3136 552 3334 611 printer
3355 544 3460 599 hoc
3474 549 3655 603 carnis

2059 627 2336 697 ingressus
2362 638 2465 695 est,
2497 630 2786 686 ostendant
2810 631 3159 700 contentiosi,
3190 641 3247 693 et.
3276 644 3405 691 tunc
3433 635 3653 693 demum

2055 734 2153 774 sua
2175 719 2527 776 deliramenta
2557 730 2869 777 contexant.
2905 721 2960 777 Si
2985 738 3112 779 vero
3138 724 3241 780 ista
3262 734 3389 781 sunt
3408 742 3653 784 coturnu-

2057 812 2141 867 nis
2158 820 2362 867 natura:
2382 812 2673 882 primordia
2694 831 2706 865 :
2729 813 2868 867 Deus
2887 822 3065 870 autem
3090 814 3326 871 Verbum
3351 820 3649 875 secundmn

2054 907 2340 960 veritatem
2366 906 2537 961 factus
2559 915 2643 961 est
2665 905 2828 963 homo
2861 924 2873 960 :
2906 908 3225 965 conﬁtentes
3253 919 3522 978 naturam,
3554 928 3652 968 cur

2056 998 2357 1068 vituperant
2379 998 2719 1068 passionem?
2734 997 2972 1054 Alterum
2990 1001 3357 1072 igitureligant
3372 1019 3402 1058 e
3417 1004 3646 1072 duobus,

2055 1102 2149 1147 aut
2163 1092 2542 1148 erubescentes
2562 1091 2630 1148 de
2650 1092 3012 1157 contumeliis,
3027 1094 3277 1163 abjurent
3298 1106 3564 1164 naturam,
3589 1111 3642 1151 et

2055 1178 2336 1237 Maniclttei
2367 1182 2568 1237 morbis
2595 1180 2771 1238 aifecti
2801 1198 2922 1239 cum
2967 1184 3146 1255 impiis
3173 1184 3519 1256 deputentur,
3557 1200 3647 1243 aut
3661 1236 3675 1271 ι

2054 1270 2101 1328 si
2130 1272 2339 1328 lucrum
2366 1273 2512 1345 quod
2534 1280 2705 1329 estex
2738 1274 3110 1333 incarnatione
3137 1279 3437 1349 suscipiunt
3477 1280 3648 1336 faten-

2054 1369 2139 1423 tes
2184 1363 2563 1430 substantiam,
2613 1379 2721 1419 non
2753 1364 3152 1424 confundantur
3203 1367 3272 1423 de
3309 1370 3650 1440 passionibus

2055 1471 2176 1527 quze
2214 1456 2571 1511 substantiam
2617 1466 3041 1526 consequuntur.
3099 1459 3351 1515 Admiror
3378 1471 3434 1517 et
3461 1478 3649 1518 eormn

2055 1547 2382 1603 dementiam
2412 1549 2504 1618 qui
2534 1562 2673 1603 nova
2702 1548 3038 1620 deceptionis
3065 1550 3255 1606 itinera
3285 1552 3605 1622 gradiuntur
3634 1572 3655 1608 ε»

2056 1648 2158 1709 ego
2209 1653 2442 1711 namque
2480 1652 2643 1694 unum
2688 1636 2902 1708 Filium,
2954 1642 3096 1697 sicut
3136 1641 3362 1699 edoctus
3404 1660 3522 1700 sum
3563 1645 3651 1716 pie

2057 1740 2415 1800 cogno‘seens,
2460 1740 2619 1802 quem
2672 1730 2767 1787 Dei
2795 1727 2957 1787 Verbi
2988 1734 3254 1789 incarnati
3293 1736 3651 1792 Slibaio'lllliﬂf]

350 1830 663 1886 substantiae
679 1840 876 1887 nostrae
896 1834 1178 1903 pristinam
1192 1833 1528 1888 nobilitatem
1544 1833 1950 1901 claritatemque

2059 1838 2178 1880 esse
2207 1820 2494 1894 profiteor:
2524 1839 2630 1879 uno
2657 1832 2839 1878 autem
2870 1826 3135 1881 existente
3164 1841 3230 1882 eo
3252 1826 3345 1896 qui
3374 1830 3650 1899 passiones

350 1924 588 1977 restituit
631 1938 728 1994 per
757 1924 860 1980 hoc
903 1925 1049 1996 quod
1081 1927 1245 1982 homo
1294 1925 1471 1981 laetus
1501 1934 1610 1993 est,
1660 1924 1951 1979 honoravit

348 2027 475 2067 eum
504 2029 665 2082 quem
698 2015 811 2086 ipse
842 2016 909 2071 de
942 2025 1082 2072 terra
1114 2017 1463 2073 formaverat.
1497 2014 1646 2071 Unus
1673 2017 1840 2085 igitur
1866 2021 1952 2069 est

349 2102 540 2173 Filius,
571 2122 705 2161 unus
733 2116 816 2161 est
845 2107 1104 2164 Dominus
1134 2127 1148 2163 :
1183 2108 1502 2164 Trinitatem
1531 2122 1764 2177 namque
1793 2107 1950 2162 unius

350 2198 600 2252 essentia:
627 2198 964 2266 co..litemur,
994 2209 1242 2271 quartam
1271 2201 1575 2257 nullatenus
1604 2200 1950 2256 admittentes

350 2289 406 2343 in
437 2288 700 2346 Trinitate
742 2307 1051 2361 personam.
1101 2292 1236 2359 Sed,
1286 2301 1346 2347 ut
1386 2293 1638 2359 diximus,
1693 2306 1830 2348 unus
1867 2300 1951 2347 est

350 2381 518 2436 Filius
557 2383 673 2438 sine
728 2384 882 2438 initio
927 2384 995 2439 de
1028 2385 1185 2440 Patre
1224 2393 1404 2453 natus,
1458 2400 1556 2455 per
1597 2399 1760 2455 quem
1808 2382 1948 2439 facta

349 2476 627 2533 credimus
667 2478 867 2532 sateula
900 2496 913 2533 :
947 2493 1126 2533 ramus
1153 2492 1222 2534 ex
1262 2479 1445 2534 radice
1481 2478 1951 2548 consempiternus

349 2565 420 2621 de
449 2565 611 2622 Patre
634 2577 788 2624 ortus
815 2567 1072 2625 ineffabili
1102 2570 1282 2636 modo,
1326 2570 1550 2627 verbum
1580 2570 1780 2625 mentis
1806 2570 1948 2624 inse.

348 2659 665 2729 parabiliter
693 2661 1009 2730 procedens,
1038 2672 1094 2716 et
1124 2663 1311 2717 intime
1342 2674 1684 2732 permanens.
1708 2661 1839 2716 Nam
1866 2668 1951 2714 ct-

350 2751 395 2805 si
428 2753 480 2804 in
512 2752 666 2807 terris
696 2754 841 2808 visus
869 2762 971 2820 est,
1004 2754 1101 2810 sed
1131 2766 1239 2809 non
1265 2763 1344 2809 est
1376 2770 1406 2809 a
1431 2755 1677 2825 genitore
1704 2754 1907 2817 divisus
1931 2771 1945 2809 :

351 2842 441 2897 hic
481 2844 651 2898 voluit
678 2844 888 2900 salvare
916 2860 1077 2915 quem
1106 2847 1378 2916 condidit,
1430 2847 1675 2916 quinimo
1700 2848 1949 2916 salvavit,

351 2933 589 2997 vulvam,
613 2948 953 2989 communem
977 2944 1183 2991 natura;
1199 2937 1418 3006 jannam
1434 2978 1449 3002 ,
1480 2939 1765 3007 dignanter
1790 2938 1949 2993 inha-

350 3023 552 3089 bitans,
584 3039 743 3093 quam
770 3035 826 3080 et
850 3042 947 3081 sua
977 3028 1335 3083 sanctiticavit
1364 3031 1673 3100 praesentia,
1707 3036 1762 3085 et
1804 3030 1950 3086 nati-

352 3116 521 3171 vitate
548 3117 777 3186 signavit
814 3128 1055 3189 partum,
1086 3121 1178 3190 qui
1207 3137 1369 3192 supra
1410 3131 1660 3178 naturam
1698 3131 1815 3187 est,
1864 3122 1950 3177 in-

2056 1915 2276 1986 pertulit
2322 1925 2486 1984 atque
2526 1916 2785 1971 miracula
2834 1926 3090 1985 Operalus
3129 1925 3245 1987 est,
3291 1938 3396 1993 qua
3444 1924 3650 1983 ratione

2054 2008 2321 2063 diviniora
2342 2008 2596 2069 reticent,
2648 2008 3023 2066 humilioribus
3051 2010 3355 2081 derogant?
3394 2013 3465 2069 Ut
3507 2016 3650 2071 cnim

2056 2096 2215 2154 ﬁdem
2245 2094 2445 2154 faceret
2482 2098 2717 2154 Verbum
2750 2109 2972 2155 manens
3001 2101 3146 2171 quod
3174 2113 3321 2170 erat,
3371 2104 3544 2159 factus
3571 2116 3652 2161 cst

2054 2200 2184 2248 ear'o
2237 2192 2416 2264 (Joah.
2468 2193 2538 2264 ι),
2586 2192 2640 2247 id
2686 2196 2768 2247 est
2817 2192 2991 2249 infans
3039 2203 3095 2249 et
3142 2195 3307 2250 homo
3358 2198 3650 2269 perfectu',

2053 2292 2205 2341 tanto
2247 2294 2593 2342 sacramento
2636 2280 2779 2341 nulla
2820 2290 3174 2344 conversione
3213 2289 3454 2357 violato;
3510 2291 3649 2346 idem

2053 2379 2169 2449 ipse
2197 2379 2511 2450 perﬁciebat
2540 2379 2800 2435 miracula
2839 2389 2893 2434 et
2924 2381 3147 2449 injurias
3175 2384 3506 2450 sustinebat,
3556 2402 3654 2454 per

2050 2471 2430 2542 signaquidem
2459 2470 2638 2526 divina
2669 2472 2930 2527 mansisse
2951 2472 3002 2526 id
3027 2474 3170 2543 quod
3198 2483 3317 2528 erat
3343 2475 3646 2541 insinuans,

2052 2580 2151 2636 per
2178 2564 2456 2635 passiones
2493 2572 2673 2618 autem
2705 2564 2901 2618 tactum
2934 2563 3078 2633 quod
3119 2563 3447 2620 formaverat
3476 2569 3652 2623 mani-

2052 2650 2278 2712 festans.
2320 2653 2497 2710 Unum
2528 2655 2686 2722 igitur
2713 2656 2959 2709 emmlem
2992 2654 3184 2710 Filium
3216 2657 3568 2726 prmdicamtts
3598 2670 3651 2713 ‹·ι

2056 2744 2231 2802 Patris
2258 2747 2774 2815 consempiternum,
2823 2754 2880 2800 et
2905 2746 2954 2800 in
2983 2746 3286 2803 novissimis
3317 2750 3651 2820 temporibus

2054 2836 2559 2903 incantatum,nihil
2592 2836 2949 2891 adulterinum
2981 2838 3175 2893 divinm
3205 2848 3408 2893 natura:
3438 2840 3652 2911 penitus

2055 2932 2356 2987 inserentes
2387 2949 2400 2984 :
2434 2946 2541 2984 non
2587 2931 2728 2983 enim
2763 2938 2940 2999 potest
2967 2944 3086 2984 esse
3136 2929 3335 2999 aliquid
3363 2931 3416 2985 in
3449 2930 3645 2985 throno

2055 3022 2403 3095 superﬂuum.
2454 3021 2560 3079 Sed
2609 3021 2735 3077 illud
2781 3024 2907 3077 mihi
2959 3034 3331 3093 smpenumero
3376 3025 3651 3096 vulgatum

2056 3106 2287 3171 fortasse
2315 3114 2623 3184 subjiciant,
2654 3123 2935 3171 nectentcs
2955 3116 3297 3186 syllogismos
3327 3114 3654 3172 inﬁrmiores

350 3209 915 3277 comprehensibiliter
944 3208 1142 3267 factum
1165 3212 1440 3269 hominem
1467 3228 1526 3269 se
1549 3215 1948 3270 demonstrans.
1978 3209 2027 3277 ο
2057 3226 2269 3265 aranete
2300 3209 2405 3265 tela
2435 3229 2446 3263 :
2473 3204 2528 3264 Si
2558 3206 2791 3263 Trinitas
2820 3218 2901 3265 est
2930 3210 3089 3265 unius
3106 3211 3373 3272 essentne,
3408 3209 3653 3280 profecto

351 3297 468 3354 Non
511 3300 669 3369 igitur
696 3302 833 3358 alter
860 3310 945 3359 est
971 3303 1235 3373 Christus,
1266 3315 1323 3360 et
1357 3305 1495 3363 alter
1521 3305 1663 3362 Deus
1689 3304 1952 3373 Verbum,

350 3392 497 3460 quod
524 3392 693 3460 absit;
721 3393 858 3449 duos
877 3395 1023 3450 enim
1051 3395 1189 3451 ﬁlios
1212 3406 1403 3453 natura
1423 3396 1604 3453 divina
1626 3410 1737 3453 non
1761 3399 1949 3454 novit:

352 3490 493 3536 mins
516 3485 850 3552 unigenitum
876 3488 1089 3555 genuit;
1138 3488 1229 3544 ubi
1258 3491 1403 3545 enim
1444 3505 1551 3546 non
1578 3499 1662 3547 est
1689 3504 1954 3560 generan-

352 3577 487 3629 tium
518 3577 734 3647 capulo,
781 3580 890 3636 illic
932 3581 1248 3651 qualitatem
1295 3596 1405 3638 non
1452 3583 1660 3653 poteris
1710 3582 1954 3639 invenire

354 3671 714 3727 nasreutinm.
766 3671 823 3727 in
854 3674 1071 3730 nomine
1096 3674 1223 3731 Jesu
1253 3674 1451 3732 Christi
1478 3682 1638 3732 omne
1690 3689 1830 3747 genu
1858 3677 1950 3732 lle-

352 3760 520 3816 etitnr
540 3761 864 3832 caelestium,
893 3767 1229 3822 terrestrium
1252 3776 1307 3823 et
1326 3765 1659 3824 infernarum
1675 3767 1838 3838 (Phil.
1865 3766 1948 3840 ιι).

351 3851 411 3906 Si
442 3853 580 3906 alter
607 3863 688 3909 est
715 3853 960 3913 Christus
1005 3866 1202 3928 praeter
1239 3858 1445 3927 Deum,
1497 3874 1719 3916 necesse
1763 3868 1847 3917 est
1894 3869 1954 3917 ut

355 3958 521 4013 rttt‘lls
551 3944 716 3999 homo
744 3947 815 4001 sit
840 3947 1103 4016 Christus,
1150 3959 1205 4006 et
1233 3951 1507 4020 quomodo
1529 3967 1653 4008 eum
1684 3952 1825 4008 ultra
1857 3970 1953 4008 na-

353 4047 486 4089 tura:
517 4039 766 4093 meritum
798 4040 1040 4096 cmlestia
1069 4052 1413 4111 venerantur,
1464 4053 1521 4101 et
1560 4046 1611 4101 ei
1642 4046 1735 4115 qui
1775 4045 1955 4102 minor

349 4137 435 4181 est
463 4142 604 4195 genu
633 4129 889 4186 nectent?
916 4132 1200 4200 Quomodo
1229 4134 1392 4190 etiam
1420 4136 1751 4206 propheticis
1776 4144 1955 4192 alten-

349 4220 527 4274 dimus
557 4222 789 4278 oraculis
819 4224 1178 4282 clamantibus
1224 4228 1483 4298 quoniam
1514 4228 1870 4286 Deus'noster
1897 4231 1951 4286 in

350 4314 513 4368 tetris
541 4314 709 4381 visus,
753 4325 808 4371 et
835 4332 957 4372 eum
986 4317 1296 4376 hominibus
1323 4330 1676 4379 conversatus
1703 4331 1789 4379 est
1815 4322 1951 4394 (Ba-

348 4404 498 4457 rac/1.
539 4405 657 4474 in)?
701 4405 973 4462 Visionem
1004 4423 1236 4479 namque
1262 4409 1390 4466 dicit
1420 4412 1686 4483 propheta
1724 4412 1956 4469 manife-

348 4497 639 4550 stationem
670 4513 789 4565 qute
818 4498 870 4553 in
900 4513 1063 4555 carne
1092 4500 1231 4557 facta
1258 4512 1360 4569 est,
1392 4509 1449 4558 et
1475 4503 1949 4559 conversationem

2057 3296 2294 3377 Trinitas
2322 3302 2666 3378 impassihilis
2707 3312 3007 3374 permanet.
3061 3302 3214 3371 Quod
3243 3306 3286 3359 si
3335 3302 3569 3360 Trinitas
3598 3314 3653 3363 et

2055 3396 2199 3452 Deus
2223 3395 2456 3453 Verbum
2479 3390 2742 3451 Trinitate
2771 3396 3130 3466 Conspicitur,
3161 3396 3502 3467 impassibilis
3524 3412 3652 3467 per-

2054 3498 2270 3550 manet,
2326 3498 2383 3543 et
2431 3488 2574 3559 Deus
2622 3482 2855 3543 Verbum
2904 3487 3247 3557 impassibilis
3299 3488 3648 3559 approbatur.

2054 3582 2207 3649 Quod
2232 3581 2277 3636 si
2302 3580 2443 3635 Deus
2467 3576 2703 3635 Verbum
2733 3578 3076 3649 impassibilis
3103 3588 3203 3642 est,
3237 3578 3542 3633 invenietur
3560 3578 3652 3648 qui

2053 3672 2343 3728 cruciﬁxus
2372 3680 2455 3726 est
2481 3672 2622 3726 alter
2658 3670 2875 3741 praeter
2898 3666 3275 3741 impassibilem
3305 3668 3475 3724 Deum
3517 3669 3653 3724 Ver-

2052 3765 2201 3820 bum.
2221 3763 2361 3820 Vere
2386 3763 2520 3818 telas
2543 3771 2732 3817 texunt
2758 3777 2969 3817 aranea:
2988 3761 3078 3831 qui
3103 3762 3202 3816 ista
3226 3760 3569 3831 depromunt;
3598 3762 3653 3817 in

2055 3855 2209 3925 aquis
2254 3853 2496 3909 scribunt
2532 3853 2622 3922 qui
2662 3851 3059 3923 propositiones
3091 3851 3452 3921 ineptissimas
3481 3851 3648 3906 medi-

2055 3955 2268 4015 tantur;
2290 3948 2381 4018 qui
2399 3963 2520 4003 cum
2534 3961 2593 4001 se
2610 3944 2853 4001 dicerent
2870 3944 3160 4015 sapientes,
3183 3944 3330 4000 stulti
3356 3941 3478 3998 facti
3501 3956 3649 4011 sunt,

2054 4051 2109 4098 et
2129 4043 2472 4098 obscuratum
2495 4048 2581 4096 est
2604 4039 2861 4110 insipiens
2871 4052 2967 4094 eor
2989 4052 3175 4093 eorum
3193 4037 3368 4109 (Rom.
3385 4041 3423 4108 ι)
3444 4056 3455 4090 :
3478 4038 3655 4108 lippus

2054 4137 2197 4192 enim
2219 4136 2407 4191 oculus
2432 4135 2564 4189 solis
2591 4134 2769 4189 radios
2797 4146 2928 4204 pore
2952 4148 3057 4187 non
3085 4132 3296 4202 recipit,
3331 4141 3386 4185 et
3412 4133 3657 4187 intirnms

2054 4227 2263 4283 animus
2291 4226 2629 4281 altitudinem
2660 4224 2782 4280 ﬁdei
2813 4240 2921 4279 non
2952 4224 3097 4279 valet
3127 4224 3343 4278 intueri.
3392 4223 3529 4289 Quid
3555 4225 3652 4292 igi-

2056 4333 2144 4377 tur
2170 4319 2240 4374 ad
2264 4319 2364 4374 ista
2395 4335 2494 4373 nos
2510 4319 2737 4373 dicimus
2760 4316 3047 4386 ?quoniam
3077 4315 3370 4371 seeundum
3386 4316 3652 4369 rationem

2054 4412 2280 4468 Deitatis
2310 4392 2754 4466 sancta‘Tribitas
2779 4420 2835 4463 et
2860 4410 3015 4463 unius
3062 4416 3141 4463 est
3172 4408 3438 4474 essentite,
3473 4416 3528 4462 et
3562 4408 3655 4461 im-

2055 4503 2324 4575 rossibilis
2353 4510 2683 4572 perseverat.
2718 4500 2826 4556 Nec
2854 4500 2996 4555 enim
3025 4499 3268 4555 dicentes
3293 4499 3483 4556 Filium
3531 4515 3654 4569 pas-

348 4602 453 4652 qua
501 4589 874 4658 temporaliter
911 4606 1031 4646 cum
1081 4592 1389 4650 hominibus
1431 4604 1796 4651 commoratus
1843 4604 1944 4660 est,
1980 4598 2031 4658 D
2053 4610 2192 4661 sum,
2227 4595 2438 4649 ratione
2469 4592 2687 4650 deitatis
2738 4608 2862 4646 eum
2916 4607 3137 4663 passum
3160 4592 3443 4654 sentimus,
3474 4593 3654 4649 divina

347 4678 503 4742 cujus
530 4678 648 4732 sine
679 4680 875 4734 invidia
906 4682 1121 4738 bonitas
1148 4683 1367 4754 pietatis
1392 4698 1503 4740 suae
1532 4684 1826 4741 declaravit
1856 4686 1951 4740 ad-

346 4779 571 4822 ventum
605 4771 765 4839 :qnia
790 4771 931 4827 sicut
957 4775 1320 4846 omnipotens,
1354 4784 1410 4832 et
1435 4777 1579 4848 quod
1610 4785 1726 4833 erat
1755 4777 1954 4833 mansit

345 4869 573 4929 propter
613 4875 690 4923 se,
743 4870 799 4916 et
840 4865 985 4934 quod
1020 4866 1190 4921 voluit
1232 4865 1407 4923 factus
1447 4877 1529 4925 est
1569 4877 1793 4941 propter
1828 4885 1948 4927 nos.

345 4952 505 5019 Quod
535 4954 580 5008 si
610 4952 750 5010 forte
785 4971 1021 5025 unquam
1063 4958 1301 5014 scandaii
1343 4974 1563 5016 causam
1605 4969 1954 5018 commovent

346 5045 587 5101 infantiae
616 5046 939 5115 rudimenta,
996 5048 1130 5105 etin
1156 5051 1384 5123 praesepi
1428 5052 1734 5123 reclinatio,
1784 5061 1948 5123 atque

347 5153 403 5191 ιιι
444 5147 688 5211 tempore
713 5142 1011 5198 secundum
1037 5155 1258 5200 carnem
1284 5145 1577 5217 profectus,
1626 5161 1731 5203 nec
1753 5163 1861 5202 non
1890 5153 1946 5203 et

343 5232 492 5301 quod
518 5233 797 5290 dormierit
824 5236 877 5291 in
909 5237 1055 5307 navi,
1084 5238 1229 5309 quod
1260 5253 1324 5294 ex
1354 5238 1547 5295 itinere
1577 5236 1827 5310 fatigatus
1850 5239 1947 5307 sit,

338 5323 489 5392 quasi
520 5335 639 5393 post
664 5326 864 5394 jejunia
888 5330 1156 5397 esurierit,
1188 5330 1385 5400 illaque
1406 5331 1587 5385 omnia
1608 5346 1729 5402 quae
1750 5346 1944 5387 secun-

337 5415 468 5468 dum
501 5418 782 5473 veritatem
832 5421 977 5476 facto
1026 5422 1231 5478 homini
1274 5422 1615 5492 contigerunt
1646 5442 1658 5478 :
1691 5424 1941 5480 neverint

336 5507 431 5575 qui
478 5504 579 5562 ista
628 5512 1061 5579 reprehendunt,
1118 5512 1262 5585 quod
1307 5514 1597 5569 humanam
1642 5523 1836 5584 negent
1887 5516 1941 5573 in

335 5596 557 5650 Christo
589 5608 863 5669 naturam;
898 5612 1155 5672 negantes
1184 5612 1362 5659 autem
1395 5612 1664 5672 naturam,
1706 5605 1940 5678 disposi-

337 5690 472 5744 tioni
506 5692 725 5746 niinime
765 5692 1026 5762 credunt;
1059 5711 1163 5750 non
1212 5697 1494 5752 credentes
1538 5712 1669 5753 vero
1715 5696 1944 5769 disposi-

337 5780 491 5842 tioni,
528 5781 715 5841 Saitilis
739 5783 930 5838 dmum
959 5787 1293 5853 perscnticnt
1320 5806 1332 5842 :
1360 5792 1417 5842 et
1449 5786 1493 5843 si
1519 5785 1663 5859 quod
1686 5803 1717 5844 a
1739 5789 1944 5849 consti-

2053 4684 2318 4754 siquidem
2344 4693 2537 4739 natura
2569 4684 2769 4738 nullam
2795 4699 3021 4745 prorsus
3071 4683 3267 4753 recipit
3308 4684 3612 4753 passionem
3640 4699 3654 4748 ;

2054 4776 2148 4830 sed
2179 4775 2499 4830 conﬁtentes
2530 4774 2701 4830 Deum
2735 4775 2975 4830 Verbum
3005 4791 3170 4829 unum
3185 4792 3248 4831 ex
3282 4774 3546 4831 Trinitate
3578 4775 3655 4827 in-

2056 4876 2358 4932 carnatum,
2393 4867 2680 4921 tribuimus
2707 4867 3040 4935 intelligendi
3070 4866 3349 4921 materiam
3376 4866 3438 4921 iis
3462 4865 3552 4933 qui
3597 4865 3657 4916 ﬁ-

2054 4953 2249 5012 deliter
2285 4959 2630 5013 sciscitantur
2660 4974 2757 5012 cur
2781 4959 3046 5012 incarnari
3101 4957 3348 5026 dignatus
3393 4965 3494 5011 est.
3521 4955 3656 5022 Quia

2056 5048 2201 5104 enim
2224 5050 2545 5104 decreverat
2573 5048 2718 5103 Deus
2750 5046 2980 5104 Verbum
3028 5050 3309 5104 destruere
3358 5050 3657 5117 passiones,

2056 5157 2286 5214 quarum
2326 5157 2475 5196 mors
2520 5142 2779 5197 terminus
2836 5142 3156 5205 habebatur,
3208 5141 3483 5210 suscipere
3528 5155 3658 5197 vero

2056 5239 2363 5311 passionem
2386 5234 2709 5292 inviolabilis
2741 5245 2931 5291 natura
2958 5252 3063 5290 non
3094 5242 3307 5305 poterat
3357 5234 3503 5305 (quia
3536 5250 3659 5288 om-

2061 5330 2145 5385 nis
2168 5330 2346 5401 passio
2376 5329 2537 5385 rebus
2565 5328 2884 5399 compositis
2933 5327 3194 5397 probatur
3242 5325 3442 5381 ini‘erre
3492 5327 3660 5381 lucta-

2060 5440 2205 5488 men,
2238 5422 2292 5476 in
2322 5421 2551 5492 spiritali
2576 5430 2756 5475 autem
2788 5428 2842 5475 et
2866 5420 3121 5489 singulari
3154 5419 3454 5474 substantia
3510 5436 3662 5474 com-

2060 5514 2259 5586 positio
2284 5513 2426 5567 nulla
2471 5523 2554 5567 est
2579 5529 2591 5565 :
2620 5527 2723 5567 nec
2765 5511 2892 5566 illud
2945 5512 3123 5582 passio
3171 5510 3533 5582 pcrtingchat,
3570 5510 3661 5567 ubi

2062 5602 2391 5673 compositio
2427 5618 2535 5656 non
2559 5604 2724 5668 erat),
2759 5600 2968 5667 volens,
3013 5612 3071 5657 ut
3100 5602 3339 5674 praedixi,
3384 5602 3663 5658 destruere

2062 5695 2345 5769 passiones
2369 5710 2491 5765 qua:
2519 5693 2785 5749 rationale
2840 5711 2987 5766 corpu
3011 5711 3038 5751 s
3075 5704 3477 5767 oppresserant,
3528 5712 3665 5766 qua-

2063 5800 2183 5844 rum
2212 5786 2463 5843 interitus
2491 5793 2607 5841 erat
2637 5799 2886 5857 suprema
2936 5787 3163 5844 munitio
3198 5788 3280 5860 (ut
3323 5788 3472 5845 novit
3525 5786 3670 5842 Deus
