4122 6514
440 374 545 433 ιιι

1713 352 2075 415 ιιιοκγδιυε
2110 348 2436 407 ιειιουυε.

3616 342 3724 399 416

440 487 722 560 Verbum),
749 490 1063 547 incarnatur
1090 500 1157 540 cx
1179 480 1417 551 Virgine,
1447 487 1502 536 et
1530 475 1715 533 habitu
1754 473 2030 529 invenitur
2059 473 2105 533 Α
2134 473 2381 560 pretatus
2401 470 2486 560 est
2507 461 2712 560 dicens,
2733 461 3019 519 Nobiscum
3041 460 3182 517 Deus
3211 458 3368 560 (irai.
3530 460 3725 560 licuit.

441 593 500 638 ut
509 584 673 639 homo
689 600 703 636 :
716 582 972 652 quoniam
984 580 1062 635 sic
1070 594 1138 634 ex
1145 577 1353 632 inanire
1364 590 1424 630 se
1433 573 1626 634 voluit,
1642 573 1871 626 formam
1888 582 2032 637 quo-

443 683 729 740 dammodo
766 680 906 738 servi
946 678 1245 749 suscipiens
1269 675 1493 749 (Philip.
1513 674 1599 741 ιι),
1630 670 1829 726 nullam
1852 676 2034 722 tamen

444 781 993 852 circumscriptionem
1022 795 1132 835 suae
1158 778 1374 835 deitatis
1402 776 1710 840 admittens,
1740 788 1839 844 per
1874 786 2037 842 quam

445 886 607 941 etiam
635 884 863 939 salutem
885 882 1032 937 omni
1073 881 1312 936 humano
1360 877 1545 947 generi
1596 874 1829 931 contulit
1876 884 2041 927 carne

444 1002 542 1041 sua
568 985 846 1056 passiones
867 982 1249 1045 exterminans,
1273 980 1527 1035 deitatem
1546 976 1819 1048 propriam
1849 974 2044 1044 impas-

447 1089 657 1144 sibilem
680 1101 925 1143 servans.
954 1083 1161 1140 Idcirco
1199 1081 1417 1138 Gabriel
1474 1079 1853 1136 auctoritatem
1878 1086 2044 1147 atque

448 1191 746 1263 potentiam
778 1187 1046 1244 nascentis
1074 1185 1374 1249 insinuans,
1404 1179 1663 1237 aiebatad
1690 1180 1931 1245 Mariam,
1962 1180 2047 1234 in-

449 1284 674 1354 quiens:
702 1282 914 1339 Salvum
937 1281 1093 1352 faciet
1113 1277 1360 1348 populum
1382 1291 1530 1328 suum
1558 1291 1589 1326 a
1618 1274 1844 1343 peccatis
1864 1287 2043 1327 eorum

454 1374 669 1449 (Matt/1.
701 1376 763 1443 ι).
787 1371 1024 1443 Populus
1053 1377 1234 1423 autem
1266 1383 1372 1421 non
1415 1373 1600 1436 potest
1650 1364 1882 1419 hominis
1903 1378 2045 1428 esse,

452 1467 547 1523 sed
570 1466 697 1532 Dei;
729 1479 829 1519 nec
856 1462 1111 1517 mundum
1143 1459 1210 1513 ab
1232 1456 1605 1526 iniquitatibus
1634 1454 1881 1524 eruitqui
1906 1453 2048 1508 hanc

455 1558 619 1613 vitam
647 1556 850 1626 pariter
875 1569 995 1609 cum
1026 1550 1376 1620 corruptione
1430 1547 1671 1611 intravit,
1722 1544 2050 1614 inculpabile

454 1664 564 1704 non
587 1647 791 1701 habens
813 1641 1106 1699 nativitatis
1131 1639 1433 1702 exordium,
1457 1637 1553 1694 sed
1576 1637 1878 1693 necessarie
1906 1636 2051 1690 Deus

454 1737 689 1797 simulet
712 1739 873 1792 homo
904 1749 1010 1790 non
1060 1732 1264 1788 divisus
1293 1732 1347 1786 in
1385 1729 1540 1796 duos,
1589 1728 1685 1785 sed
1726 1744 2054 1799 permanens

2138 578 2186 622 ις
2240 558 2368 613 Luc.
2423 558 2485 626 ι).
2564 556 2674 612 Cur
2729 564 2953 628 propter
3001 555 3271 610 nascentis
3327 555 3730 611 inclinationem

2126 650 2364 720 gloriam
2390 647 2651 720 parientis
2679 654 2963 703 attenuant
2982 650 3006 701 2
3026 644 3136 702 Sed
3157 646 3262 701 hoc
3290 644 3533 702 fortassis
3561 662 3735 716 oppo-

2141 749 2276 798 nunt
2303 739 2593 797 dicentes:
2643 738 2815 795 Omne
2863 738 3010 809 quod
3046 738 3287 793 nascitur
3333 739 3614 807 generanti
3660 739 3735 795 si-

2141 832 2271 887 mile
2298 832 2703 901 oomprobatur.
2733 830 2792 887 Si
2824 831 2985 899 igitur
3015 829 3181 885 homo
3207 837 3291 885 est
3335 844 3498 899 quem
3526 830 3737 899 genuit,

2144 926 2449 982 necessarie
2468 925 2560 995 qui
2589 942 2660 981 ex
2687 941 2752 981 ea
2782 934 2942 980 natus
2968 933 3055 981 est
3080 925 3245 981 homo
3266 933 3368 981 est.
3400 924 3563 992 Quasi
3592 926 3735 981 veri-

2145 1017 2309 1073 simili
2338 1017 2551 1072 ratione
2575 1032 2671 1072 vos
2692 1017 2794 1071 ista
2841 1015 3179 1086 depromitis.
3220 1014 3330 1070 Sed
3378 1024 3503 1071 tunc
3550 1031 3738 1086 parem

2147 1108 2248 1166 sibi
2280 1123 2377 1178 per
2397 1108 2578 1162 omnia
2599 1107 2907 1178 parturiens
2934 1107 3048 1169 edit
3073 1106 3289 1177 quando
3309 1106 3464 1176 juxta
3495 1117 3737 1163 naturam

2148 1200 2413 1268 contingit
2451 1208 2509 1255 et
2557 1208 2763 1271 partus.
2821 1199 3094 1256 Naturalis
3141 1209 3322 1256 autem
3372 1202 3743 1270 parturitionis

2149 1290 2433 1348 exordium
2454 1290 2733 1360 corruptio
2762 1299 2865 1352 est,
2892 1290 3016 1358 quia
3056 1298 3112 1345 et
3140 1290 3584 1346 cominixtionem
3605 1306 3743 1362 p.12-

2150 1383 2312 1439 cedit.
2345 1380 2481 1437 Cum
2535 1390 2715 1436 autem
2763 1381 2922 1449 hujus
2980 1380 3315 1450 injurirnec
3354 1382 3591 1453 suspicio
3635 1392 3739 1454 est,

2152 1489 2313 1544 supra
2399 1473 2691 1527 humanum
2774 1472 3102 1529 intellectqu
3183 1480 3398 1528 constat
3468 1489 3591 1529 esse
3640 1476 3743 1529 mi-

2151 1566 2413 1629 raculum,
2460 1564 2551 1620 ubi
2598 1579 2759 1634 supra
2836 1573 3083 1618 naturam
3136 1573 3326 1633 partus
3372 1574 3478 1633 est,
3524 1565 3595 1619 ibi
3650 1567 3744 1636 qui

2157 1658 2423 1722 noscitur,
2448 1656 2589 1711 Deus
2616 1665 2720 1711 est.
2748 1656 3083 1710 Conﬁtentur
3110 1655 3271 1724 igitur
3312 1671 3437 1711 eum
3487 1664 3542 1711 et
3592 1673 3745 1710 mun-

2156 1750 2282 1805 dum
2314 1748 2504 1804 fecisse
2550 1747 2620 1802 de
2647 1746 2834 1813 nihilo,
2868 1754 2922 1801 et
2950 1747 3123 1814 legem
3175 1746 3407 1812 dedisse,
3457 1747 3748 1817 prophetas

458 1846 616 1896 unus,
648 1843 745 1899 per
773 1826 825 1882 id
847 1824 989 1897 quod
1022 1842 1090 1880 ex
1113 1823 1340 1878 muliere
1378 1822 1637 1887 nascitur,
1666 1820 1941 1874 hominem
1992 1833 2054 1873 se

2167 1857 2375 1910 quoque
2419 1840 2740 1910 inspirasse,
2792 1847 2848 1893 et
2891 1838 3196 1895 novissimis
3255 1839 3591 1893 incarnatum
3627 1854 3749 1894 esse

458 1922 855 1984 demonstrans,
886 1935 983 1989 per
1007 1918 1058 1973 id
1088 1927 1269 1972 autem
1290 1915 1435 1984 quod
1463 1915 1580 1969 sine
1607 1912 1837 1981 conjuge
1858 1919 1915 1966 et
1941 1926 2057 1965 ma-

460 2022 600 2069 trem
621 2012 1093 2074 servatintaetam,
1112 2008 1279 2063 Deum
1303 2021 1525 2077 prorsus
1549 2005 1826 2059 insinuans
1847 2003 2056 2059 salvum

462 2107 591 2162 fecit
618 2104 873 2176 populum
902 2117 1080 2157 suum.
1122 2099 1261 2168 Qui?
1288 2098 1445 2154 .lesus
1481 2096 1745 2159 Christus,
1771 2095 1863 2166 qui
1907 2096 2059 2150 venit

464 2196 519 2252 in
545 2204 732 2261 terras,
760 2202 816 2249 et
842 2210 963 2249 eum
979 2190 1285 2247 hominibus
1309 2196 1662 2245 conversatus
1676 2196 1757 2242 est
1786 2186 1933 2257 (Bar.
1955 2188 2053 2253 ιιι).

463 2289 523 2345 Si
544 2296 722 2344 autem
750 2286 994 2342 Christus
1040 2300 1207 2356 purus
1243 2284 1411 2338 homo
1431 2289 1535 2347 est,
1562 2289 1616 2336 et
1647 2296 1752 2335 non
1807 2281 1921 2350 ipse
1975 2288 2061 2335 est

464 2377 608 2434 Deus
623 2378 879 2440 Verbum,
912 2374 1184 2445 quomodo
1208 2374 1259 2429 in
1285 2372 1551 2444 principio
1599 2372 1804 2427 creavit
1853 2371 2056 2438 omnia,

464 2489 588 2528 cum
620 2478 851 2536 tunc,ut
879 2467 1026 2539 impii
1068 2474 1337 2533 asserunt,
1393 2481 1502 2521 non
1553 2466 1705 2519 erat?
1755 2464 1888 2518 Nam
1936 2479 2058 2519 cum

464 2566 771 2637 postremus
792 2564 844 2617 in
864 2562 1127 2618 creaturis
1147 2562 1311 2617 homo
1328 2560 1416 2623 sit,
1448 2559 1493 2615 si
1513 2558 1939 2614 Christushomo
1961 2573 2060 2628 pu-

466 2672 559 2712 l'llS
588 2664 687 2721 est,
715 2662 930 2710 constat
956 2652 1099 2722 (ιιιοιὶ
1129 2668 1193 2707 ea
1215 2666 1336 2721 qua:
1364 2658 1491 2705 ante
1528 2665 1589 2706 80
1618 2658 1792 2713 erant,
1852 2662 2059 2717 nequa-

465 2765 627 2818 quam
654 2752 859 2803 creare
898 2746 1133 2815 potuerit
1162 2743 1309 2797 velut
1353 2740 1702 2811 postmodum
1751 2738 1943 2793 lactus.
1994 2735 2063 2790 Et

466 2838 741 2909 quomodo
772 2835 970 2891 Paulus
999 2834 1198 2897 aiebat,
1233 2830 1383 2885 Unus
1410 2829 1670 2884 Dominus
1715 2826 1868 2883 Jesus
1906 2825 2063 2880 Chri-

466 2942 603 2995 stus,
634 2947 737 3002 per
761 2946 922 3001 quem
950 2927 1169 2983 omnia?
1196 2924 1254 2980 Si
1285 2932 1468 2978 autem
1497 2937 1595 2993 per
1622 2920 1892 2977 Christum
1923 2919 2063 2975 facta

468 3031 595 3078 sunt
619 3021 820 3087 omnia,
845 3017 1189 3073 manifestum
1239 3022 1324 3071 est
1350 3013 1495 3083 quod
1536 3012 1783 3069 Christus
1810 3011 1953 3066 Deus
1981 3017 2065 3067 est

468 3113 729 3179 Verbum,
754 3110 1083 3181 evangelista
1105 3115 1341 3163 testante
1372 3125 1385 3160 :
1419 3104 1485 3160 In
1516 3104 1771 3175 principio
1792 3111 1902 3157 erat
1936 3103 2065 3158 Ver-

2162 1932 2516 2003 temporibus,
2548 1931 2825 2001 apostolos
2853 1931 3017 1985 etiam
3041 1932 3251 1988 misisse
3272 1931 3341 1985 ad
3370 1930 3597 1985 salutem
3619 1944 3747 1998 gen-

2159 2026 2293 2079 tium
2315 2033 2480 2095 atque
2502 2023 2846 2093 populorum.
2868 2021 3159 2090 Fugiamus
3208 2022 3391 2091 itaque
3417 2023 3639 2078 consilia
3660 2037 3749 2077 se-

2158 2117 2452 2183 ductionis,
2484 2116 2681 2170 lluenta
2712 2115 3089 2169 luereticorum
3139 2113 3260 2168 dico
3289 2115 3588 2184 perniciosa
3613 2114 3753 2169 Deo-

2159 2224 2267 2278 que
2298 2207 2512 2261 inimica
2542 2206 2813 2274 contagia,
2836 2204 2947 2259 Arii
2974 2206 3271 2270 vesaniam,
3318 2205 3410 2273 qui
3434 2203 3751 2259 Trinitatem

2161 2298 2573 2368 inseparabilem
2595 2297 2910 2353 substantiis
2937 2295 3155 2363 dividit;
3177 2295 3419 2350 Eunomii
3444 2295 3746 2360 audaciam,

2159 2391 2249 2461 qui
2277 2399 2522 2445 naturam
2546 2389 3147 2459 ineomprehensibilem
3173 2389 3311 2443 intra
3334 2388 3627 2443 scientiam.
3657 2390 3726 2441 hu

2161 2485 2711 2550 manitatisincludit;
2745 2483 3021 2539 Manichzei
3052 2484 3279 2546 rabiem,
3306 2484 3398 2552 qui
3451 2492 3759 2553 sequestrat

2163 2579 2230 2634 ab
2258 2578 2495 2633 essentia
2520 2576 2747 2633 Deitatis
2771 2586 3017 2631 sanctum
3040 2574 3319 2645 Spiritum,
3346 2586 3401 2628 et
3426 2575 3757 2644 inseparabi-

2163 2669 2286 2725 liter
2311 2668 2717 2739 procedentem.
2763 2666 2873 2721 Nec
2902 2682 3009 2721 non
3031 2677 3085 2721 et
3106 2667 3246 2722 hanc
3271 2666 3633 2735 nuperi-imam
3661 2682 3758 2719 no-

2166 2777 2398 2831 vamque
2449 2760 2840 2830 blasphemiam
2870 2775 2990 2829 qua:
3041 2757 3345 2813 Iudaeorum
3430 2760 3758 2829 impietatem

2166 2852 2536 2922 multipliciter
2562 2864 2889 2919 exsuperare
2916 2848 3264 2917 dignnseitur.
3298 2847 3377 2901 Illi
3402 2863 3634 2916 namque
3665 2847 3752 2901 Fi-

2166 2942 2293 2997 lium
2321 2949 2602 3012 negantes,
2626 2955 2835 2994 ramum
2865 2939 3109 2994 nituntur
3137 2955 3165 2992 a
3199 2938 3378 2993 radice
3420 2938 3749 2994 convellere.

2164 3032 2205 3088 li
2230 3049 2358 3088 vero
2381 3032 2507 3087 huic
2529 3030 2620 3102 qui
2650 3040 2752 3093 est,
2786 3030 2950 3084 alium
2973 3029 3469 3100 superinducentes,
3526 3029 3756 3083 inteme-

2166 3122 2391 3179 rabilem
2418 3120 2772 3177 substantiam
2804 3128 3060 3190 tanquam
3110 3118 3161 3173 in
3208 3117 3374 3172 fetum
3407 3118 3759 3187 multiplicem

471 3200 613 3275 bum,
627 3215 675 3260 et
701 3204 924 3260 Verbum
937 3212 1047 3258 erat
1065 3202 1203 3274 apud
1218 3200 1403 3266 Deum,
1433 3207 1483 3254 et
1498 3198 1639 3254 Deus
1670 3207 1786 3251 erat
1806 3196 2026 3251 Verbum
2042 3212 2063 3261 ;

2167 3214 2444 3270 diﬁ'amare
2498 3211 2854 3269 contendunt.
2925 3211 3177 3265 Dicamus
3222 3223 3353 3279 ergo
3400 3226 3523 3264 cum
3592 3207 3759 3263 Paulo

476 3300 570 3353 hoc
586 3307 695 3351 erat
717 3298 773 3351 in
802 3297 1059 3367 principio
1075 3295 1212 3364 apud
1228 3292 1412 3347 Deum.
1442 3293 1633 3346 Omnia
1659 3309 1751 3361 per
1778 3292 1949 3361 ipsum
1980 3291 2063 3361 fa-

324 3408 331 3415 ·
378 3396 386 3401 ’
473 3398 556 3442 ιω
584 3398 701 3442 sunt
731 3386 911 3459 (Ioan.
944 3386 1005 3456 l).
1034 3384 1099 3440 Et
1128 3386 1300 3455 ipsum
1328 3398 1544 3454 quoque
1573 3382 1772 3438 Paulus
1800 3384 2067 3453 interpre-

474 3486 596 3534 tans
638 3479 713 3551 ait
744 3495 757 3529 :
793 3475 940 3532 Unus
969 3475 1227 3531 Dominus
1277 3473 1433 3530 Iesus
1463 3474 1728 3537 Christus,
1780 3490 1880 3546 per
1904 3490 2065 3543 quem

475 3570 658 3624 omnia
690 3570 907 3639 (Colon.
934 3572 1070 3639 vni).
1088 3568 1267 3635 Quare
1295 3568 1511 3631 dicitur,
1543 3567 1801 3636 quoniam
1823 3566 2069 3622 Christus

476 3667 560 3714 est
581 3658 722 3716 Deus
745 3660 998 3715 Verbum.
1026 3660 1080 3715 Si
1113 3668 1293 3716 autem
1324 3661 1440 3715 illas
1469 3659 1749 3731 proferunt
1795 3675 1957 3715 voces
1983 3660 2068 3715 di-

478 3749 824 3806 vinislitteris
847 3750 1222 3820 editasquibus
1250 3748 1494 3805 Christus
1523 3750 1685 3805 homo
1715 3757 1799 3805 est
1840 3738 2072 3818 appella-

479 3851 588 3912 ωε,
614 3842 829 3898 dicente
856 3843 1018 3899 Petro
1045 3862 1057 3896 :
1087 3841 1269 3897 Jesum
1298 3858 1329 3896 a
1360 3841 1626 3896 Nazarelh
1655 3842 1827 3896 virum
1875 3857 2069 3911 appro-

479 3938 663 3993 batum
684 3953 714 3991 a
745 3937 856 3992 Deo
886 3937 939 3991 in
968 3937 1122 3991 vobis
1153 3937 1291 4007 (Act.
1326 3936 1406 4006 ιι).
1439 3935 1507 3989 Et
1538 3934 1704 3990 Paulo
1734 3944 1968 3989 testante
1996 3934 2072 3988 si-

480 4030 717 4085 militer:
749 4028 809 4084 ln
850 4032 967 4085 viro
998 4031 1051 4084 in
1101 4045 1209 4100 quo
1253 4029 1538 4100 prmﬁnivit
1592 4028 1751 4085 ﬁdem
1813 4038 2075 4100 przestans

480 4123 731 4178 omnibus
764 4118 904 4191 (Act.
954 4138 1065 4180 xvil
1090 4121 1132 4195 ).
1160 4121 1226 4176 Et
1246 4123 1360 4193 ipso
1382 4122 1611 4178 Domino
1634 4122 1700 4179 de
1739 4138 1799 4178 se
1838 4122 2077 4177 claman-

483 4224 537 4270 te
569 4213 746 4281 :Quid
776 4216 1112 4286 mequzeritis
1140 4215 1390 4269 occidere
1407 4215 1680 4270 hominem
1706 4213 1888 4285 (Joan.
1918 4215 2076 4286 vui)?

483 4303 740 4360 Noverint
765 4313 941 4360 autem
971 4320 1067 4376 per
1091 4304 1349 4361 incuriam
1385 4322 1443 4360 se
1465 4304 1755 4374 Scriptura:
1775 4315 1974 4360 sanctae
1996 4306 2079 4361 in-

486 4400 777 4470 telligentia
806 4400 1025 4469 privari,
1056 4408 1147 4453 aut
1175 4407 1322 4454 certe
1346 4399 1716 4469 permalitiam
1739 4398 1934 4465 deseri,
1952 4399 2078 4469 quia

489 4491 654 4546 velint
684 4506 801 4561 qua:
830 4491 967 4545 bene
990 4490 1292 4560 conscripta
1324 4499 1467 4555 sunt,
1520 4490 1585 4544 ad
1615 4492 1888 4562 propriam
1920 4490 2081 4545 refle-

2167 3303 2383 3379 (Eplies.
2409 3304 2467 3371 ιι)
2489 3322 2500 3356 ;
2519 3302 2765 3357 Christus
2788 3309 2871 3357 est
2899 3316 3004 3372 pax
3036 3310 3241 3364 nostra,
3273 3300 3365 3368 qui
3389 3298 3511 3353 fecit
3536 3307 3759 3367 utraque

2168 3410 2353 3449 unum.
2384 3392 2624 3448 Judaeum
2657 3406 2892 3462 namque
2920 3398 2975 3443 et
2996 3389 3252 3458 gentilem
3302 3405 3399 3458 per
3437 3389 3760 3458 baptismum

2168 3485 2222 3540 in
2251 3500 2444 3539 novum
2486 3481 2763 3542 hominem
2812 3477 3144 3540 reformavit,
3195 3477 3527 3547 conjungens
3568 3478 3765 3534 virtute

2169 3590 2305 3647 quos
2325 3573 2665 3635 conversatio
2688 3571 3083 3642 sequestrabat.
3115 3569 3323 3625 ldrirco
3348 3579 3652 3641 repertores
3680 3586 3768 3626 uo-

2170 3682 2250 3721 ναι
2278 3664 2591 3736 impietatis,
2616 3662 3019 3716 damnationem
3067 3676 3187 3731 qum
3212 3661 3312 3715 sibi
3344 3661 3587 3717 imminet
3634 3678 3767 3717 cou-

2172 3759 2505 3822 tremiseant,
2538 3755 2754 3825 quando
2785 3756 2837 3810 in
2869 3771 3031 3809 unam
3063 3764 3366 3826 separatam
3394 3754 3605 3831 rediere
3631 3771 3765 3811 con-

2174 3852 2434 3918 cordiam,
2459 3860 2514 3905 et
2540 3850 2629 3919 qui
2663 3849 2837 3903 univit
2862 3849 2914 3902 in
2943 3848 3072 3912 duo,
3102 3856 3364 3918 quantum
3396 3848 3460 3903 ad
3489 3849 3609 3903 illos
3639 3850 3768 3904 atti-

2177 3954 2291 4013 net,
2324 3944 2616 3999 derivatur.
2650 3940 2754 3996 Sed
2787 3941 2985 3996 omissa
3013 3940 3116 4008 iam
3147 3941 3455 4010 prolixitate
3480 3942 3766 4007 sermonis,

2177 4037 2242 4091 ad
2266 4034 2643 4106 compendium
2676 4034 2809 4087 ret-ti
2842 4032 3105 4102 dogmatis
3143 4033 3378 4088 veniam.
3410 4032 3467 4087 Si
3511 4034 3630 4104 quis
3660 4034 3770 4088 vult

2180 4145 2339 4186 nosse
2370 4126 2636 4182 veraciter
2664 4123 2938 4193 quomodo
2996 4123 3137 4177 idem
3172 4124 3286 4192 ipse
3315 4125 3384 4178 sit
3413 4141 3550 4178 unus
3577 4133 3632 4179 et
3665 4141 3771 4179 non

2177 4220 2351 4275 solum
2380 4216 2542 4272 Filius
2575 4215 2800 4269 Ahralne
2831 4229 3075 4282 manens,
3102 4223 3155 4267 et
3178 4214 3229 4268 in
3257 4216 3562 4270 novissimis
3589 4231 3773 4270 secun-

2180 4310 2305 4365 dum
2333 4325 2547 4364 carnem
2578 4306 2841 4376 sapientia
2866 4314 2921 4359 et
2949 4315 3108 4359 (etate
3139 4305 3445 4375 proﬁciens,
3502 4323 3626 4359 nam
3658 4306 3773 4360 dei-

2181 4412 2266 4459 tas
2287 4403 2403 4471 ejus
2433 4417 2649 4472 semper
2679 4399 2733 4455 id
2760 4398 2903 4469 quod
2931 4399 3229 4468 perfectum
3275 4407 3359 4453 est
3382 4400 3641 4469 possidet,
3690 4400 3775 4454 in-

2186 4502 2423 4563 terroget
2455 4491 2699 4557 Paulum,
2732 4500 2789 4546 et
2818 4491 2931 4561 ipse
2960 4491 3181 4559 pietatis
3209 4501 3606 4546 sacramentum
3659 4506 3776 4562 pro-

486 4592 633 4638 clere
664 4584 1004 4653 pravitatem.
1026 4583 1155 4636 Nam
1181 4591 1236 4637 et
1257 4584 1421 4637 homo
1456 4583 1752 4638 secundum
1793 4584 2078 4639 veritatem
2113 4613 2157 4669 ο
2184 4587 2324 4640 tinus
2349 4584 2633 4650 intonabit,
2666 4583 2956 4639 ostendens
2986 4581 3131 4651 quod
3153 4583 3318 4637 etiam
3357 4599 3426 4639 ex
3454 4582 3652 4639 Judazis
3682 4598 3775 4637 or-

486 4674 681 4729 dicitnr
709 4674 970 4739 Christus,
1003 4674 1097 4729 sed
1128 4674 1230 4728 hoc
1250 4675 1418 4730 factus
1447 4684 1546 4739 est,
1574 4677 1718 4744 quod
1771 4676 1920 4746 prius
1970 4692 2077 4730 non

486 4776 623 4831 erat,
657 4764 757 4819 nisi
789 4773 965 4819 tamen
998 4764 1156 4819 tundo
1203 4764 1341 4818 Deus
1375 4784 1386 4815 :
1421 4765 1557 4819 sicut
1603 4766 1748 4820 enim
1805 4765 1947 4821 Deus
1998 4767 2079 4820 in-

488 4867 701 4914 creatns
731 4866 833 4922 est,
864 4858 941 4913 sic
959 4858 1096 4912 idem
1127 4858 1239 4927 ipse
1259 4858 1422 4912 hoino
1451 4858 1720 4927 perfectus
1743 4868 1845 4923 est,
1880 4861 2081 4916 nullam

486 4950 846 5020 suspicionem
878 4949 1176 5019 phantasia:
1201 4965 1421 5019 prorsus
1451 4949 1759 5004 admittens.
1792 4948 1859 5003 Et
1887 4968 2082 5021 quem-

487 5043 775 5098 admodum
817 5052 900 5098 est
935 5039 1078 5097 Patri
1109 5042 1407 5097 secundum
1437 5042 1695 5098 deitatem
1726 5045 2084 5099 consubstan-

488 5135 649 5197 tialis,
671 5134 748 5190 sic
776 5134 919 5189 idem
942 5142 1146 5188 sancta:
1166 5132 1371 5203 Virgini
1390 5134 1688 5189 secundum
1710 5150 1928 5191 carnem
1952 5154 2082 5207 pro-

486 5226 645 5280 batur
673 5240 792 5281 esse
813 5224 1131 5290 consimilis,
1154 5224 1355 5294 ubique
1374 5224 1606 5282 veritate
1634 5226 1914 5283 relucente
1967 5245 2085 5302 my-

485 5316 657 5380 sterii,
682 5317 938 5388 omnique
965 5325 1175 5372 remota
1207 5316 1424 5387 penitus
1480 5316 1737 5373 falsitate.
1785 5316 1845 5373 Si
1899 5327 2081 5374 autem

486 5407 655 5464 Deum
682 5411 833 5479 virgo
851 5424 960 5465 non
988 5409 1194 5479 genuit,
1218 5423 1320 5463 nec
1345 5420 1543 5477 magno
1598 5408 1923 5464 censebatur
1943 5408 2084 5464 inta-

486 5513 573 5558 cta
600 5505 859 5561 miraculo
892 5524 905 5559 :
939 5506 1122 5561 multa:
1150 5504 1419 5575 siquidem
1466 5511 1523 5560 et
1552 5500 1672 5558 alite
1724 5502 2085 5572 mulieresju-

486 5603 603 5651 stos
630 5596 828 5651 saecqu
875 5598 1238 5667 protulerunt.
1290 5595 1428 5652 Nam
1485 5595 1684 5666 linguae
1731 5595 2080 5667 prophetiae,

486 5684 910 5742 iuellabilitatem
927 5688 1082 5757 hujus
1091 5689 1417 5745 sacramenti
1434 5688 1811 5759 prmcinentes,
1833 5688 2049 5742 aiebant
2066 5706 2080 5741 :

487 5775 799 5845 Eeeeyirgo
828 5779 878 5832 in
904 5788 1057 5834 utero
1084 5780 1373 5849 concipiet,
1397 5784 1454 5832 et
1482 5778 1656 5848 pariet
1679 5776 1897 5844 Filium,
1914 5785 1969 5830 et
1991 5791 2086 5831 vo-

487 5868 695 5924 cabitur
724 5883 923 5924 nomen
939 5868 1054 5928 eius
1073 5867 1408 5927 Emmanuel.
1459 5867 1616 5935 Quod
1670 5866 1887 5926 Gabriel
1912 5868 2079 5927 inter-

2189 4686 2271 4732 tus
2293 4676 2587 4732 secundum
2617 4690 2835 4730 carnem
2865 4674 3008 4728 Deus
3038 4675 3399 4743 sempiternus
3420 4676 3619 4730 existat
3654 4693 3666 4728 :
3700 4675 3778 4730 lo-

2185 4786 2357 4839 quens
2386 4770 2529 4825 enim
2560 4768 2627 4824 de
2650 4767 2891 4823 Ilebneis
2930 4778 2986 4823 et
3014 4768 3270 4823 rebellem
3300 4769 3575 4825 nationem
3604 4772 3779 4838 ingra.

2190 4873 2405 4932 tamque
2425 4861 2762 4928 collaudans,
2796 4861 3286 4931 propter'radicem
3316 4862 3566 4917 videlicet
3605 4864 3779 4918 Abra-

2188 4954 2335 5020 ham,
2363 4962 2419 5009 et
2474 4962 2698 5024 propter
2745 4968 2929 5007 semen
2948 4953 3241 5020 Christum,
3290 4954 3364 5008 ita
3422 4957 3779 5023 pronuntiat:

2190 5044 2452 5113 Quorum,
2476 5044 2649 5113 inquit
2674 5043 2850 5115 (Rom.
2885 5043 2985 5113 Ix),
3005 5052 3084 5099 est
3111 5044 3330 5114 adoptio
3381 5044 3629 5101 ﬁliorum.
3653 5046 3781 5101 Cla-

2191 5145 2304 5192 mat
2332 5137 2475 5192 enim
2525 5137 2575 5190 in
2612 5137 2891 5210 prephetis
2920 5154 2932 5191 :
2963 5135 3132 5193 Filius
3186 5153 3339 5193 meus
3394 5138 3784 5208 primogenitus

2187 5228 2353 5284 Israel
2382 5237 2437 5285 et
2476 5229 2668 5298 gloria.
2726 5228 2994 5283 Inﬁnitam
3043 5244 3275 5300 namque
3312 5230 3539 5299 gloriam
3584 5231 3661 5285 eis
3689 5232 3780 5299 qui

2188 5318 2403 5391 probati
2428 5327 2556 5374 tunc
2586 5328 2744 5375 erant
2770 5319 3035 5389 moribus,
3064 5319 3246 5375 divina
3299 5320 3559 5395 migacula
3606 5323 3786 5377 conle-

2188 5408 2407 5479 rebant,
2438 5417 2493 5464 et
2520 5417 2841 5465 testamenta
2875 5424 2971 5479 per
2997 5424 3117 5480 qua:
3157 5409 3385 5465 Abrahze
3407 5411 3783 5480 multiplicatio

2187 5500 2409 5556 seminis
2438 5508 2516 5553 est
2549 5500 2834 5570 promissa,
2865 5508 2920 5554 et
2944 5498 3204 5569 legislatio
3236 5514 3356 5569 qua:
3402 5499 3453 5553 iu
3486 5509 3669 5555 monte
3699 5501 3786 5555 di-

2187 5593 2301 5663 gito
2324 5592 2419 5647 Dei
2448 5592 2754 5662 conscripta
2782 5600 2885 5657 est,
2916 5600 2972 5648 et
2999 5592 3318 5661 obsequium
3340 5607 3448 5661 quo
3468 5591 3649 5646 divino
3670 5593 3787 5648 cul-

2190 5683 2266 5737 tui
2294 5681 2623 5749 serviebant,
2655 5690 2710 5737 et
2740 5681 3004 5753 promissa
3032 5682 3228 5749 quibus
3256 5681 3338 5736 vel
3369 5691 3513 5736 terra
3545 5681 3787 5738 Palaesti—

2190 5792 2257 5834 na
2279 5775 2363 5830 vel
2392 5782 2541 5832 certe
2562 5773 2865 5831 benedictio
2894 5773 2947 5830 in
2994 5773 3204 5829 semine
3250 5775 3478 5829 Abrahae
3533 5777 3785 5844 gentibss

2185 5870 2382 5929 collata
2427 5877 2521 5944 est
2556 5867 2821 5927 universis
2854 5884 2867 5922 :
2900 5881 3133 5939 quorum
3182 5865 3370 5927 Patres
3424 5867 3514 5939 qui
3570 5866 3626 5923 in
3683 5875 3783 5925 hac

2816 5986 2849 6007 κ
2881 5978 2889 5993 ﬂ
