  <div class='ocr_page' id='page_1' title='image "/cluster/home/n/w/nwhite01/storage/ocr_20150623/67/umn.31951002477360y/222.png"; bbox 0 0 4122 6486; ppageno 0'>
   <div class='ocr_carea' id='block_1_1' title="bbox 320 278 428 332">
    <p class='ocr_par' dir='ltr' id='par_1_1' title="bbox 320 278 428 332">
     <span class='ocr_line' id='line_1_1' title="bbox 320 278 428 332; baseline 0 -1"><span class='ocrx_word' id='word_1_1' title='bbox 320 278 428 332; x_wconf 69' lang='grc'><strong>417</strong></span> 
     </span>
    </p>
   </div>
   <div class='ocr_carea' id='block_1_2' title="bbox 1122 275 2813 345">
    <p class='ocr_par' dir='ltr' id='par_1_2' title="bbox 1122 275 2813 345">
     <span class='ocr_line' id='line_1_2' title="bbox 1122 275 2813 345; baseline 0.002 -7"><span class='ocrx_word' id='word_1_2' title='bbox 1122 279 1209 337; x_wconf 79' lang='grc' dir='ltr'>οε</span> <span class='ocrx_word' id='word_1_3' title='bbox 1238 276 1657 338; x_wconf 73' lang='lat' dir='ltr'><strong>lNVEN&#39;l&#39;lONE</strong></span> <span class='ocrx_word' id='word_1_4' title='bbox 1694 275 1967 339; x_wconf 73' lang='lat' dir='ltr'><strong>CAPlTlS</strong></span> <span class='ocrx_word' id='word_1_5' title='bbox 2004 279 2065 341; x_wconf 78' lang='lat' dir='ltr'><strong>S.</strong></span> <span class='ocrx_word' id='word_1_6' title='bbox 2102 280 2389 343; x_wconf 69' lang='lat' dir='ltr'><strong>JOANNIS</strong></span> <span class='ocrx_word' id='word_1_7' title='bbox 2428 282 2813 345; x_wconf 77' lang='lat' dir='ltr'><strong>PROLOGUS.</strong></span> 
     </span>
    </p>
   </div>
   <div class='ocr_carea' id='block_1_3' title="bbox 3525 285 3637 345">
    <p class='ocr_par' dir='ltr' id='par_1_3' title="bbox 3525 285 3637 345">
     <span class='ocr_line' id='line_1_3' title="bbox 3525 285 3637 345; baseline 0.054 -5"><span class='ocrx_word' id='word_1_8' title='bbox 3525 285 3637 345; x_wconf 76' lang='grc' dir='ltr'>ιη</span> 
     </span>
    </p>
   </div>
   <div class='ocr_carea' id='block_1_4' title="bbox 319 395 3638 475">
    <p class='ocr_par' dir='ltr' id='par_1_4' title="bbox 319 395 3638 475">
     <span class='ocr_line' id='line_1_4' title="bbox 319 395 3638 475; baseline 0.003 -25"><span class='ocrx_word' id='word_1_9' title='bbox 319 395 639 465; x_wconf 74' lang='lat' dir='ltr'><strong>ignorantia:</strong></span> <span class='ocrx_word' id='word_1_10' title='bbox 684 403 846 454; x_wconf 87' lang='lat' dir='ltr'><strong>nocte</strong></span> <span class='ocrx_word' id='word_1_11' title='bbox 894 395 1043 453; x_wconf 90' lang='lat' dir='ltr'><strong>velut</strong></span> <span class='ocrx_word' id='word_1_12' title='bbox 1102 396 1393 455; x_wconf 79' lang='lat' dir='ltr'><strong>luminaria</strong></span> <span class='ocrx_word' id='word_1_13' title='bbox 1446 396 1570 455; x_wconf 68' lang='lat' dir='ltr'><strong>fidei</strong></span> <span class='ocrx_word' id='word_1_14' title='bbox 1624 397 1923 470; x_wconf 79' lang='lat' dir='ltr'><strong>probantur</strong></span> <span class='ocrx_word' id='word_1_15' title='bbox 1946 398 1999 460; x_wconf 75' lang='grc' dir='ltr'><strong>Δ</strong></span> <span class='ocrx_word' id='word_1_16' title='bbox 2027 405 2086 453; x_wconf 86' lang='grc' dir='ltr'><strong>ιιι</strong></span> <span class='ocrx_word' id='word_1_17' title='bbox 2108 398 2445 457; x_wconf 73' lang='lat' dir='ltr'><strong>demonstret</strong></span> <span class='ocrx_word' id='word_1_18' title='bbox 2467 409 2527 457; x_wconf 91' lang='lat' dir='ltr'><strong>ut</strong></span> <span class='ocrx_word' id='word_1_19' title='bbox 2550 402 2594 457; x_wconf 89' lang='lat' dir='ltr'><strong>is</strong></span> <span class='ocrx_word' id='word_1_20' title='bbox 2620 402 2711 471; x_wconf 90' lang='lat' dir='ltr'><strong>qui</strong></span> <span class='ocrx_word' id='word_1_21' title='bbox 2741 416 2840 458; x_wconf 90' lang='lat' dir='ltr'><strong>nos</strong></span> <span class='ocrx_word' id='word_1_22' title='bbox 2878 399 3047 458; x_wconf 88' lang='lat' dir='ltr'><strong>verbo</strong></span> <span class='ocrx_word' id='word_1_23' title='bbox 3072 403 3279 459; x_wconf 86' lang='lat' dir='ltr'><strong>creavit</strong></span> <span class='ocrx_word' id='word_1_24' title='bbox 3300 418 3400 475; x_wconf 90' lang='lat' dir='ltr'><strong>pro</strong></span> <span class='ocrx_word' id='word_1_25' title='bbox 3423 420 3517 461; x_wconf 84' lang='lat' dir='ltr'><strong>sua</strong></span> <span class='ocrx_word' id='word_1_26' title='bbox 3549 406 3638 461; x_wconf 85' lang='lat' dir='ltr'><strong>di-</strong></span> 
     </span>
    </p>
   </div>
   <div class='ocr_carea' id='block_1_5' title="bbox 316 487 1927 559">
    <p class='ocr_par' dir='ltr' id='par_1_5' title="bbox 316 487 1927 559">
     <span class='ocr_line' id='line_1_5' title="bbox 316 487 1927 559; baseline -0.001 -15"><span class='ocrx_word' id='word_1_27' title='bbox 316 490 514 557; x_wconf 79' lang='lat' dir='ltr'><strong>exorti,</strong></span> <span class='ocrx_word' id='word_1_28' title='bbox 537 498 593 544; x_wconf 93' lang='lat' dir='ltr'><strong>et</strong></span> <span class='ocrx_word' id='word_1_29' title='bbox 621 505 689 546; x_wconf 92' lang='lat' dir='ltr'><strong>ex</strong></span> <span class='ocrx_word' id='word_1_30' title='bbox 725 490 921 559; x_wconf 92' lang='lat' dir='ltr'><strong>quibus</strong></span> <span class='ocrx_word' id='word_1_31' title='bbox 943 487 1212 545; x_wconf 91' lang='lat' dir='ltr'><strong>Christus.</strong></span> <span class='ocrx_word' id='word_1_32' title='bbox 1246 490 1356 546; x_wconf 84' lang='lat' dir='ltr'><strong>Nec</strong></span> <span class='ocrx_word' id='word_1_33' title='bbox 1376 491 1428 546; x_wconf 93' lang='lat' dir='ltr'><strong>in</strong></span> <span class='ocrx_word' id='word_1_34' title='bbox 1452 491 1516 547; x_wconf 91' lang='lat' dir='ltr'><strong>iis</strong></span> <span class='ocrx_word' id='word_1_35' title='bbox 1544 490 1695 546; x_wconf 80' lang='lat' dir='ltr'><strong>stetit</strong></span> <span class='ocrx_word' id='word_1_36' title='bbox 1720 487 1927 545; x_wconf 83' lang='lat' dir='ltr'><strong>beatis-</strong></span> 
     </span>
    </p>
   </div>
   <div class='ocr_carea' id='block_1_6' title="bbox 316 580 1929 653">
    <p class='ocr_par' dir='ltr' id='par_1_6' title="bbox 316 580 1929 653">
     <span class='ocr_line' id='line_1_6' title="bbox 316 580 1929 653; baseline 0 -17"><span class='ocrx_word' id='word_1_37' title='bbox 316 582 487 636; x_wconf 81' lang='lat' dir='ltr'><strong>simus</strong></span> <span class='ocrx_word' id='word_1_38' title='bbox 512 582 727 636; x_wconf 83' lang='lat' dir='ltr'><strong>Paulus.</strong></span> <span class='ocrx_word' id='word_1_39' title='bbox 758 580 870 637; x_wconf 86' lang='lat' dir='ltr'><strong>Nec</strong></span> <span class='ocrx_word' id='word_1_40' title='bbox 895 581 1041 636; x_wconf 90' lang='lat' dir='ltr'><strong>enim</strong></span> <span class='ocrx_word' id='word_1_41' title='bbox 1068 596 1137 636; x_wconf 88' lang='lat' dir='ltr'><strong>ex</strong></span> <span class='ocrx_word' id='word_1_42' title='bbox 1160 595 1271 651; x_wconf 91' lang='lat' dir='ltr'><strong>quo</strong></span> <span class='ocrx_word' id='word_1_43' title='bbox 1312 590 1500 653; x_wconf 88' lang='lat' dir='ltr'><strong>partus</strong></span> <span class='ocrx_word' id='word_1_44' title='bbox 1527 581 1598 638; x_wconf 83' lang='lat' dir='ltr'><strong>de</strong></span> <span class='ocrx_word' id='word_1_45' title='bbox 1636 581 1804 637; x_wconf 82' lang='lat' dir='ltr'><strong>Maria</strong></span> <span class='ocrx_word' id='word_1_46' title='bbox 1858 595 1929 637; x_wconf 86' lang='lat' dir='ltr'><strong>ex</strong></span> 
     </span>
    </p>
   </div>
   <div class='ocr_carea' id='block_1_7' title="bbox 315 670 1929 728">
    <p class='ocr_par' dir='ltr' id='par_1_7' title="bbox 315 670 1929 728">
     <span class='ocr_line' id='line_1_7' title="bbox 315 670 1929 728; baseline 0 -2"><span class='ocrx_word' id='word_1_47' title='bbox 315 685 386 726; x_wconf 89' lang='lat' dir='ltr'><strong>eo</strong></span> <span class='ocrx_word' id='word_1_48' title='bbox 414 679 496 726; x_wconf 86' lang='lat' dir='ltr'><strong>est</strong></span> <span class='ocrx_word' id='word_1_49' title='bbox 518 670 683 727; x_wconf 89' lang='lat' dir='ltr'><strong>Verbi</strong></span> <span class='ocrx_word' id='word_1_50' title='bbox 712 670 829 727; x_wconf 83' lang='lat' dir='ltr'><strong>sine</strong></span> <span class='ocrx_word' id='word_1_51' title='bbox 855 670 1012 726; x_wconf 92' lang='lat' dir='ltr'><strong>initio</strong></span> <span class='ocrx_word' id='word_1_52' title='bbox 1067 672 1333 727; x_wconf 86' lang='lat' dir='ltr'><strong>exstantis</strong></span> <span class='ocrx_word' id='word_1_53' title='bbox 1362 672 1615 728; x_wconf 84' lang='lat' dir='ltr'><strong>essentia.</strong></span> <span class='ocrx_word' id='word_1_54' title='bbox 1638 670 1746 727; x_wconf 90' lang='lat' dir='ltr'><strong>Sed</strong></span> <span class='ocrx_word' id='word_1_55' title='bbox 1801 685 1929 726; x_wconf 90' lang='lat' dir='ltr'><strong>mox</strong></span> 
     </span>
    </p>
   </div>
   <div class='ocr_carea' id='block_1_8' title="bbox 315 762 1929 833">
    <p class='ocr_par' dir='ltr' id='par_1_8' title="bbox 315 762 1929 833">
     <span class='ocr_line' id='line_1_8' title="bbox 315 762 1929 833; baseline 0 -15"><span class='ocrx_word' id='word_1_56' title='bbox 315 764 500 819; x_wconf 87' lang='lat' dir='ltr'><strong>intulit</strong></span> <span class='ocrx_word' id='word_1_57' title='bbox 514 762 809 819; x_wconf 89' lang='lat' dir='ltr'><strong>secundum</strong></span> <span class='ocrx_word' id='word_1_58' title='bbox 822 770 1129 829; x_wconf 88' lang='lat' dir='ltr'><strong>carnem,ut</strong></span> <span class='ocrx_word' id='word_1_59' title='bbox 1143 762 1634 819; x_wconf 85' lang='lat' dir='ltr'><strong>manifestationem</strong></span> <span class='ocrx_word' id='word_1_60' title='bbox 1655 779 1775 833; x_wconf 68' lang='lat' dir='ltr'><strong>qua:</strong></span> <span class='ocrx_word' id='word_1_61' title='bbox 1789 762 1929 818; x_wconf 87' lang='lat' dir='ltr'><strong>facta</strong></span> 
     </span>
    </p>
   </div>
   <div class='ocr_carea' id='block_1_9' title="bbox 314 852 1930 918">
    <p class='ocr_par' dir='ltr' id='par_1_9' title="bbox 314 852 1930 918">
     <span class='ocr_line' id='line_1_9' title="bbox 314 852 1930 918; baseline -0.003 -8"><span class='ocrx_word' id='word_1_62' title='bbox 314 862 400 910; x_wconf 86' lang='lat' dir='ltr'><strong>est</strong></span> <span class='ocrx_word' id='word_1_63' title='bbox 429 855 481 909; x_wconf 92' lang='lat' dir='ltr'><strong>in</strong></span> <span class='ocrx_word' id='word_1_64' title='bbox 505 868 691 918; x_wconf 88' lang='lat' dir='ltr'><strong>carne,</strong></span> <span class='ocrx_word' id='word_1_65' title='bbox 718 870 825 909; x_wconf 90' lang='lat' dir='ltr'><strong>non</strong></span> <span class='ocrx_word' id='word_1_66' title='bbox 854 854 999 908; x_wconf 89' lang='lat' dir='ltr'><strong>illam</strong></span> <span class='ocrx_word' id='word_1_67' title='bbox 1025 852 1365 909; x_wconf 81' lang='lat' dir='ltr'><strong>nativitatem</strong></span> <span class='ocrx_word' id='word_1_68' title='bbox 1393 853 1629 909; x_wconf 83' lang='lat' dir='ltr'><strong>divinam</strong></span> <span class='ocrx_word' id='word_1_69' title='bbox 1644 861 1930 908; x_wconf 81' lang='lat' dir='ltr'><strong>aeternam-</strong></span> 
     </span>
    </p>
   </div>
   <div class='ocr_carea' id='block_1_10' title="bbox 316 940 1927 1018">
    <p class='ocr_par' dir='ltr' id='par_1_10' title="bbox 316 940 1927 1018">
     <span class='ocr_line' id='line_1_10' title="bbox 316 940 1927 1018; baseline -0.002 -16"><span class='ocrx_word' id='word_1_70' title='bbox 316 961 424 1018; x_wconf 88' lang='lat' dir='ltr'><strong>que</strong></span> <span class='ocrx_word' id='word_1_71' title='bbox 450 946 738 1016; x_wconf 86' lang='lat' dir='ltr'><strong>signilicet.</strong></span> <span class='ocrx_word' id='word_1_72' title='bbox 769 940 1095 1015; x_wconf 86' lang='lat' dir='ltr'><strong>Quisigitur</strong></span> <span class='ocrx_word' id='word_1_73' title='bbox 1123 955 1269 1002; x_wconf 88' lang='lat' dir='ltr'><strong>esset</strong></span> <span class='ocrx_word' id='word_1_74' title='bbox 1292 947 1380 1001; x_wconf 89' lang='lat' dir='ltr'><strong>hic</strong></span> <span class='ocrx_word' id='word_1_75' title='bbox 1407 944 1675 1014; x_wconf 89' lang='lat' dir='ltr'><strong>Christus,</strong></span> <span class='ocrx_word' id='word_1_76' title='bbox 1705 946 1794 1017; x_wconf 88' lang='lat' dir='ltr'><strong>qui</strong></span> <span class='ocrx_word' id='word_1_77' title='bbox 1826 960 1927 999; x_wconf 84' lang='lat' dir='ltr'><strong>na-</strong></span> 
     </span>
    </p>
   </div>
   <div class='ocr_carea' id='block_1_11' title="bbox 318 1036 1930 1110">
    <p class='ocr_par' dir='ltr' id='par_1_11' title="bbox 318 1036 1930 1110">
     <span class='ocr_line' id='line_1_11' title="bbox 318 1036 1930 1110; baseline -0.001 -16"><span class='ocrx_word' id='word_1_78' title='bbox 318 1048 405 1094; x_wconf 90' lang='lat' dir='ltr'><strong>tus</strong></span> <span class='ocrx_word' id='word_1_79' title='bbox 425 1048 509 1095; x_wconf 90' lang='lat' dir='ltr'><strong>est</strong></span> <span class='ocrx_word' id='word_1_80' title='bbox 537 1056 605 1094; x_wconf 92' lang='lat' dir='ltr'><strong>ex</strong></span> <span class='ocrx_word' id='word_1_81' title='bbox 637 1040 873 1109; x_wconf 80' lang='lat' dir='ltr'><strong>Virgine,</strong></span> <span class='ocrx_word' id='word_1_82' title='bbox 900 1055 1061 1110; x_wconf 87' lang='lat' dir='ltr'><strong>quem</strong></span> <span class='ocrx_word' id='word_1_83' title='bbox 1082 1039 1343 1110; x_wconf 87' lang='lat' dir='ltr'><strong>spelunca</strong></span> <span class='ocrx_word' id='word_1_84' title='bbox 1369 1040 1513 1110; x_wconf 90' lang='lat' dir='ltr'><strong>cepit</strong></span> <span class='ocrx_word' id='word_1_85' title='bbox 1558 1046 1619 1094; x_wconf 94' lang='lat' dir='ltr'><strong>ut</strong></span> <span class='ocrx_word' id='word_1_86' title='bbox 1644 1054 1760 1094; x_wconf 89' lang='lat' dir='ltr'><strong>rem</strong></span> <span class='ocrx_word' id='word_1_87' title='bbox 1809 1036 1930 1093; x_wconf 85' lang='lat' dir='ltr'><strong>nul-</strong></span> 
     </span>
    </p>
   </div>
   <div class='ocr_carea' id='block_1_12' title="bbox 317 1132 1928 1204">
    <p class='ocr_par' dir='ltr' id='par_1_12' title="bbox 317 1132 1928 1204">
     <span class='ocr_line' id='line_1_12' title="bbox 317 1132 1928 1204; baseline -0.001 -17"><span class='ocrx_word' id='word_1_88' title='bbox 317 1133 422 1187; x_wconf 91' lang='lat' dir='ltr'><strong>lius</strong></span> <span class='ocrx_word' id='word_1_89' title='bbox 449 1133 628 1203; x_wconf 86' lang='lat' dir='ltr'><strong>pretii,</strong></span> <span class='ocrx_word' id='word_1_90' title='bbox 660 1133 753 1202; x_wconf 90' lang='lat' dir='ltr'><strong>qui</strong></span> <span class='ocrx_word' id='word_1_91' title='bbox 783 1132 836 1187; x_wconf 94' lang='lat' dir='ltr'><strong>in</strong></span> <span class='ocrx_word' id='word_1_92' title='bbox 860 1133 1089 1204; x_wconf 70' lang='lat' dir='ltr'><strong>prtesepi</strong></span> <span class='ocrx_word' id='word_1_93' title='bbox 1114 1132 1306 1202; x_wconf 74' lang='lat' dir='ltr'><strong>iacuit,</strong></span> <span class='ocrx_word' id='word_1_94' title='bbox 1331 1134 1424 1202; x_wconf 90' lang='lat' dir='ltr'><strong>qui</strong></span> <span class='ocrx_word' id='word_1_95' title='bbox 1453 1132 1751 1189; x_wconf 82' lang='lat' dir='ltr'><strong>secundum</strong></span> <span class='ocrx_word' id='word_1_96' title='bbox 1806 1147 1928 1187; x_wconf 81' lang='lat' dir='ltr'><strong>ear-</strong></span> 
     </span>
    </p>
   </div>
   <div class='ocr_carea' id='block_1_13' title="bbox 316 1222 1929 1295">
    <p class='ocr_par' dir='ltr' id='par_1_13' title="bbox 316 1222 1929 1295">
     <span class='ocr_line' id='line_1_13' title="bbox 316 1222 1929 1295; baseline 0 -16"><span class='ocrx_word' id='word_1_97' title='bbox 316 1238 444 1279; x_wconf 87' lang='lat' dir='ltr'><strong>nem</strong></span> <span class='ocrx_word' id='word_1_98' title='bbox 500 1223 835 1294; x_wconf 86' lang='lat' dir='ltr'><strong>temporibus</strong></span> <span class='ocrx_word' id='word_1_99' title='bbox 873 1223 1064 1290; x_wconf 90' lang='lat' dir='ltr'><strong>crevit,</strong></span> <span class='ocrx_word' id='word_1_100' title='bbox 1106 1225 1308 1295; x_wconf 88' lang='lat' dir='ltr'><strong>quique</strong></span> <span class='ocrx_word' id='word_1_101' title='bbox 1352 1224 1420 1278; x_wconf 91' lang='lat' dir='ltr'><strong>ad</strong></span> <span class='ocrx_word' id='word_1_102' title='bbox 1469 1222 1723 1279; x_wconf 90' lang='lat' dir='ltr'><strong>inferiora</strong></span> <span class='ocrx_word' id='word_1_103' title='bbox 1769 1231 1929 1279; x_wconf 83' lang='lat' dir='ltr'><strong>terrae</strong></span> 
     </span>
    </p>
   </div>
   <div class='ocr_carea' id='block_1_14' title="bbox 317 1314 1929 1388">
    <p class='ocr_par' dir='ltr' id='par_1_14' title="bbox 317 1314 1929 1388">
     <span class='ocr_line' id='line_1_14' title="bbox 317 1314 1929 1388; baseline -0.001 -16"><span class='ocrx_word' id='word_1_104' title='bbox 317 1314 674 1382; x_wconf 84' lang='lat' dir='ltr'><strong>descendens,</strong></span> <span class='ocrx_word' id='word_1_105' title='bbox 708 1317 889 1371; x_wconf 85' lang='lat' dir='ltr'><strong>omnia</strong></span> <span class='ocrx_word' id='word_1_106' title='bbox 916 1332 1038 1388; x_wconf 74' lang='lat' dir='ltr'><strong>quze</strong></span> <span class='ocrx_word' id='word_1_107' title='bbox 1067 1316 1249 1373; x_wconf 87' lang='lat' dir='ltr'><strong>carnis</strong></span> <span class='ocrx_word' id='word_1_108' title='bbox 1278 1324 1405 1371; x_wconf 88' lang='lat' dir='ltr'><strong>sunt</strong></span> <span class='ocrx_word' id='word_1_109' title='bbox 1457 1316 1690 1371; x_wconf 85' lang='lat' dir='ltr'><strong>mirabili</strong></span> <span class='ocrx_word' id='word_1_110' title='bbox 1741 1316 1929 1386; x_wconf 89' lang='lat' dir='ltr'><strong>digna-</strong></span> 
     </span>
    </p>
   </div>
   <div class='ocr_carea' id='block_1_15' title="bbox 318 1407 1929 1478">
    <p class='ocr_par' dir='ltr' id='par_1_15' title="bbox 318 1407 1929 1478">
     <span class='ocr_line' id='line_1_15' title="bbox 318 1407 1929 1478; baseline 0 -15"><span class='ocrx_word' id='word_1_111' title='bbox 318 1409 467 1464; x_wconf 91' lang='lat' dir='ltr'><strong>tione</strong></span> <span class='ocrx_word' id='word_1_112' title='bbox 491 1409 769 1478; x_wconf 82' lang='lat' dir='ltr'><strong>sustinuit,</strong></span> <span class='ocrx_word' id='word_1_113' title='bbox 801 1416 859 1462; x_wconf 90' lang='lat' dir='ltr'><strong>ut</strong></span> <span class='ocrx_word' id='word_1_114' title='bbox 890 1407 1051 1463; x_wconf 84' lang='lat' dir='ltr'><strong>tidem</strong></span> <span class='ocrx_word' id='word_1_115' title='bbox 1082 1408 1287 1463; x_wconf 90' lang='lat' dir='ltr'><strong>faceret</strong></span> <span class='ocrx_word' id='word_1_116' title='bbox 1315 1407 1441 1478; x_wconf 86' lang='lat' dir='ltr'><strong>quia</strong></span> <span class='ocrx_word' id='word_1_117' title='bbox 1468 1408 1736 1463; x_wconf 86' lang='lat' dir='ltr'><strong>veraciter</strong></span> <span class='ocrx_word' id='word_1_118' title='bbox 1763 1408 1929 1463; x_wconf 91' lang='lat' dir='ltr'><strong>homo</strong></span> 
     </span>
    </p>
   </div>
   <div class='ocr_carea' id='block_1_16' title="bbox 319 1498 1927 1573">
    <p class='ocr_par' dir='ltr' id='par_1_16' title="bbox 319 1498 1927 1573">
     <span class='ocr_line' id='line_1_16' title="bbox 319 1498 1927 1573; baseline -0.001 -19"><span class='ocrx_word' id='word_1_119' title='bbox 319 1499 493 1556; x_wconf 78' lang='lat' dir='ltr'><strong>factus</strong></span> <span class='ocrx_word' id='word_1_120' title='bbox 521 1509 629 1567; x_wconf 91' lang='lat' dir='ltr'><strong>est,</strong></span> <span class='ocrx_word' id='word_1_121' title='bbox 658 1516 759 1556; x_wconf 91' lang='lat' dir='ltr'><strong>nec</strong></span> <span class='ocrx_word' id='word_1_122' title='bbox 787 1500 946 1555; x_wconf 89' lang='lat' dir='ltr'><strong>aliter</strong></span> <span class='ocrx_word' id='word_1_123' title='bbox 965 1514 1083 1556; x_wconf 89' lang='lat' dir='ltr'><strong>esse</strong></span> <span class='ocrx_word' id='word_1_124' title='bbox 1112 1509 1317 1573; x_wconf 75' lang='lat' dir='ltr'><strong>prmter</strong></span> <span class='ocrx_word' id='word_1_125' title='bbox 1336 1515 1461 1557; x_wconf 89' lang='lat' dir='ltr'><strong>eum</strong></span> <span class='ocrx_word' id='word_1_126' title='bbox 1490 1498 1584 1570; x_wconf 89' lang='lat' dir='ltr'><strong>qui</strong></span> <span class='ocrx_word' id='word_1_127' title='bbox 1629 1499 1927 1567; x_wconf 83' lang='lat' dir='ltr'><strong>descendit,</strong></span> 
     </span>
    </p>
   </div>
   <div class='ocr_carea' id='block_1_17' title="bbox 318 1590 1926 1664">
    <p class='ocr_par' dir='ltr' id='par_1_17' title="bbox 318 1590 1926 1664">
     <span class='ocr_line' id='line_1_17' title="bbox 318 1590 1926 1664; baseline -0.002 -15"><span class='ocrx_word' id='word_1_128' title='bbox 318 1594 411 1649; x_wconf 80' lang='lat' dir='ltr'><strong>sed</strong></span> <span class='ocrx_word' id='word_1_129' title='bbox 432 1593 573 1649; x_wconf 88' lang='lat' dir='ltr'><strong>idem</strong></span> <span class='ocrx_word' id='word_1_130' title='bbox 598 1593 689 1664; x_wconf 89' lang='lat' dir='ltr'><strong>qui</strong></span> <span class='ocrx_word' id='word_1_131' title='bbox 711 1591 990 1648; x_wconf 85' lang='lat' dir='ltr'><strong>descendit</strong></span> <span class='ocrx_word' id='word_1_132' title='bbox 1008 1592 1124 1663; x_wconf 86' lang='lat' dir='ltr'><strong>ipse</strong></span> <span class='ocrx_word' id='word_1_133' title='bbox 1146 1599 1230 1647; x_wconf 90' lang='lat' dir='ltr'><strong>est</strong></span> <span class='ocrx_word' id='word_1_134' title='bbox 1249 1592 1341 1664; x_wconf 91' lang='lat' dir='ltr'><strong>qui</strong></span> <span class='ocrx_word' id='word_1_135' title='bbox 1357 1590 1629 1646; x_wconf 89' lang='lat' dir='ltr'><strong>ascendit:</strong></span> <span class='ocrx_word' id='word_1_136' title='bbox 1654 1607 1763 1646; x_wconf 90' lang='lat' dir='ltr'><strong>non</strong></span> <span class='ocrx_word' id='word_1_137' title='bbox 1783 1592 1926 1646; x_wconf 89' lang='lat' dir='ltr'><strong>enim</strong></span> 
     </span>
    </p>
   </div>
   <div class='ocr_carea' id='block_1_18' title="bbox 316 1682 1930 1756">
    <p class='ocr_par' dir='ltr' id='par_1_18' title="bbox 316 1682 1930 1756">
     <span class='ocr_line' id='line_1_18' title="bbox 316 1682 1930 1756; baseline -0.002 -15"><span class='ocrx_word' id='word_1_138' title='bbox 316 1687 468 1756; x_wconf 90' lang='lat' dir='ltr'><strong>prius</strong></span> <span class='ocrx_word' id='word_1_139' title='bbox 494 1684 758 1747; x_wconf 86' lang='lat' dir='ltr'><strong>ascendit,</strong></span> <span class='ocrx_word' id='word_1_140' title='bbox 781 1682 878 1738; x_wconf 90' lang='lat' dir='ltr'><strong>sed</strong></span> <span class='ocrx_word' id='word_1_141' title='bbox 898 1683 1178 1739; x_wconf 89' lang='lat' dir='ltr'><strong>descendit</strong></span> <span class='ocrx_word' id='word_1_142' title='bbox 1201 1700 1215 1736; x_wconf 89' lang='lat'><strong>:</strong></span> <span class='ocrx_word' id='word_1_143' title='bbox 1242 1691 1300 1737; x_wconf 91' lang='lat' dir='ltr'><strong>ut</strong></span> <span class='ocrx_word' id='word_1_144' title='bbox 1330 1691 1459 1753; x_wconf 87' lang='lat' dir='ltr'><strong>pote</strong></span> <span class='ocrx_word' id='word_1_145' title='bbox 1479 1682 1570 1753; x_wconf 89' lang='lat' dir='ltr'><strong>qui</strong></span> <span class='ocrx_word' id='word_1_146' title='bbox 1587 1697 1695 1737; x_wconf 89' lang='lat' dir='ltr'><strong>non</strong></span> <span class='ocrx_word' id='word_1_147' title='bbox 1721 1697 1788 1737; x_wconf 87' lang='lat' dir='ltr'><strong>ex</strong></span> <span class='ocrx_word' id='word_1_148' title='bbox 1802 1699 1930 1753; x_wconf 88' lang='lat' dir='ltr'><strong>pro-</strong></span> 
     </span>
    </p>
   </div>
   <div class='ocr_carea' id='block_1_19' title="bbox 2028 492 3641 563">
    <p class='ocr_par' dir='ltr' id='par_1_19' title="bbox 2028 492 3641 563">
     <span class='ocr_line' id='line_1_19' title="bbox 2028 492 3641 563; baseline 0.006 -17"><span class='ocrx_word' id='word_1_149' title='bbox 2028 492 2274 559; x_wconf 89' lang='lat' dir='ltr'><strong>vinitate,</strong></span> <span class='ocrx_word' id='word_1_150' title='bbox 2307 492 2424 563; x_wconf 86' lang='lat' dir='ltr'><strong>jugi</strong></span> <span class='ocrx_word' id='word_1_151' title='bbox 2478 509 2510 549; x_wconf 90' lang='lat' dir='ltr'><strong>a</strong></span> <span class='ocrx_word' id='word_1_152' title='bbox 2562 495 2718 549; x_wconf 89' lang='lat' dir='ltr'><strong>nobis</strong></span> <span class='ocrx_word' id='word_1_153' title='bbox 2747 493 2956 550; x_wconf 90' lang='lat' dir='ltr'><strong>honore</strong></span> <span class='ocrx_word' id='word_1_154' title='bbox 2980 494 3306 552; x_wconf 86' lang='lat' dir='ltr'><strong>celebretur.</strong></span> <span class='ocrx_word' id='word_1_155' title='bbox 3362 495 3641 555; x_wconf 78' lang='lat' dir='ltr'><strong>Habentes</strong></span> 
     </span>
    </p>
   </div>
   <div class='ocr_carea' id='block_1_20' title="bbox 2030 582 3638 656">
    <p class='ocr_par' dir='ltr' id='par_1_20' title="bbox 2030 582 3638 656">
     <span class='ocr_line' id='line_1_20' title="bbox 2030 582 3638 656; baseline 0.005 -20"><span class='ocrx_word' id='word_1_156' title='bbox 2030 582 2219 654; x_wconf 86' lang='lat' dir='ltr'><strong>itaque</strong></span> <span class='ocrx_word' id='word_1_157' title='bbox 2243 582 2520 639; x_wconf 87' lang='lat' dir='ltr'><strong>Christum</strong></span> <span class='ocrx_word' id='word_1_158' title='bbox 2552 593 2607 640; x_wconf 90' lang='lat' dir='ltr'><strong>ct</strong></span> <span class='ocrx_word' id='word_1_159' title='bbox 2634 586 2979 649; x_wconf 87' lang='lat' dir='ltr'><strong>existentem,</strong></span> <span class='ocrx_word' id='word_1_160' title='bbox 3028 594 3085 641; x_wconf 95' lang='lat' dir='ltr'><strong>ct</strong></span> <span class='ocrx_word' id='word_1_161' title='bbox 3114 582 3306 656; x_wconf 90' lang='lat' dir='ltr'><strong>Deum,</strong></span> <span class='ocrx_word' id='word_1_162' title='bbox 3338 597 3393 642; x_wconf 93' lang='lat' dir='ltr'><strong>et</strong></span> <span class='ocrx_word' id='word_1_163' title='bbox 3414 588 3638 643; x_wconf 84' lang='lat' dir='ltr'><strong>benedi-</strong></span> 
     </span>
    </p>
   </div>
   <div class='ocr_carea' id='block_1_21' title="bbox 2028 676 3638 748">
    <p class='ocr_par' dir='ltr' id='par_1_21' title="bbox 2028 676 3638 748">
     <span class='ocr_line' id='line_1_21' title="bbox 2028 676 3638 748; baseline 0.002 -17"><span class='ocrx_word' id='word_1_164' title='bbox 2028 685 2173 731; x_wconf 91' lang='lat' dir='ltr'><strong>ctum</strong></span> <span class='ocrx_word' id='word_1_165' title='bbox 2198 676 2250 733; x_wconf 93' lang='lat' dir='ltr'><strong>in</strong></span> <span class='ocrx_word' id='word_1_166' title='bbox 2276 678 2493 743; x_wconf 65' lang='lat' dir='ltr'><strong>stccula,</strong></span> <span class='ocrx_word' id='word_1_167' title='bbox 2526 694 2847 734; x_wconf 85' lang='lat' dir='ltr'><strong>veneremur</strong></span> <span class='ocrx_word' id='word_1_168' title='bbox 2874 694 2996 734; x_wconf 89' lang='lat' dir='ltr'><strong>eum</strong></span> <span class='ocrx_word' id='word_1_169' title='bbox 3028 686 3085 732; x_wconf 94' lang='lat' dir='ltr'><strong>ut</strong></span> <span class='ocrx_word' id='word_1_170' title='bbox 3112 678 3422 748; x_wconf 86' lang='lat' dir='ltr'><strong>Dominum,</strong></span> <span class='ocrx_word' id='word_1_171' title='bbox 3450 680 3638 736; x_wconf 84' lang='lat' dir='ltr'><strong>dicen-</strong></span> 
     </span>
    </p>
   </div>
   <div class='ocr_carea' id='block_1_22' title="bbox 2029 768 3636 841">
    <p class='ocr_par' dir='ltr' id='par_1_22' title="bbox 2029 768 3636 841">
     <span class='ocr_line' id='line_1_22' title="bbox 2029 768 3636 841; baseline 0.003 -19"><span class='ocrx_word' id='word_1_172' title='bbox 2029 774 2113 822; x_wconf 85' lang='lat' dir='ltr'><strong>tes</strong></span> <span class='ocrx_word' id='word_1_173' title='bbox 2135 768 2495 823; x_wconf 87' lang='lat' dir='ltr'><strong>assertoribus</strong></span> <span class='ocrx_word' id='word_1_174' title='bbox 2520 776 2831 824; x_wconf 85' lang='lat' dir='ltr'><strong>exterorum</strong></span> <span class='ocrx_word' id='word_1_175' title='bbox 2853 769 3164 838; x_wconf 89' lang='lat' dir='ltr'><strong>dogmatum</strong></span> <span class='ocrx_word' id='word_1_176' title='bbox 3194 787 3205 822; x_wconf 95' lang='lat'>:</span> <span class='ocrx_word' id='word_1_177' title='bbox 3236 768 3293 825; x_wconf 91' lang='lat' dir='ltr'><strong>Si</strong></span> <span class='ocrx_word' id='word_1_178' title='bbox 3340 771 3460 841; x_wconf 89' lang='lat' dir='ltr'><strong>quis</strong></span> <span class='ocrx_word' id='word_1_179' title='bbox 3478 772 3636 841; x_wconf 84' lang='lat' dir='ltr'><strong>spiri-</strong></span> 
     </span>
    </p>
   </div>
   <div class='ocr_carea' id='block_1_23' title="bbox 2030 858 3634 933">
    <p class='ocr_par' dir='ltr' id='par_1_23' title="bbox 2030 858 3634 933">
     <span class='ocr_line' id='line_1_23' title="bbox 2030 858 3634 933; baseline 0.004 -21"><span class='ocrx_word' id='word_1_180' title='bbox 2030 866 2143 912; x_wconf 91' lang='lat' dir='ltr'><strong>tum</strong></span> <span class='ocrx_word' id='word_1_181' title='bbox 2169 858 2367 913; x_wconf 90' lang='lat' dir='ltr'><strong>Christi</strong></span> <span class='ocrx_word' id='word_1_182' title='bbox 2393 875 2499 914; x_wconf 92' lang='lat' dir='ltr'><strong>non</strong></span> <span class='ocrx_word' id='word_1_183' title='bbox 2522 860 2703 923; x_wconf 86' lang='lat' dir='ltr'><strong>habet,</strong></span> <span class='ocrx_word' id='word_1_184' title='bbox 2730 860 2818 914; x_wconf 91' lang='lat' dir='ltr'><strong>hic</strong></span> <span class='ocrx_word' id='word_1_185' title='bbox 2847 876 2952 915; x_wconf 89' lang='lat' dir='ltr'><strong>non</strong></span> <span class='ocrx_word' id='word_1_186' title='bbox 2994 868 3078 915; x_wconf 86' lang='lat' dir='ltr'><strong>est</strong></span> <span class='ocrx_word' id='word_1_187' title='bbox 3107 876 3222 930; x_wconf 68' lang='lat' dir='ltr'><strong>eJus</strong></span> <span class='ocrx_word' id='word_1_188' title='bbox 3266 860 3445 933; x_wconf 84' lang='lat' dir='ltr'><strong>(Rom.</strong></span> <span class='ocrx_word' id='word_1_189' title='bbox 3477 866 3594 933; x_wconf 76' lang='lat' dir='ltr'><strong>Vill)</strong></span> <span class='ocrx_word' id='word_1_190' title='bbox 3621 883 3634 917; x_wconf 89' lang='lat'><strong>:</strong></span> 
     </span>
    </p>
   </div>
   <div class='ocr_carea' id='block_1_24' title="bbox 2030 951 3637 1010">
    <p class='ocr_par' dir='ltr' id='par_1_24' title="bbox 2030 951 3637 1010">
     <span class='ocr_line' id='line_1_24' title="bbox 2030 951 3637 1010; baseline 0.003 -5"><span class='ocrx_word' id='word_1_191' title='bbox 2030 967 2130 1007; x_wconf 91' lang='lat' dir='ltr'><strong>nos</strong></span> <span class='ocrx_word' id='word_1_192' title='bbox 2152 960 2331 1006; x_wconf 90' lang='lat' dir='ltr'><strong>autem</strong></span> <span class='ocrx_word' id='word_1_193' title='bbox 2358 967 2575 1007; x_wconf 86' lang='lat' dir='ltr'><strong>sensum</strong></span> <span class='ocrx_word' id='word_1_194' title='bbox 2614 951 2812 1008; x_wconf 79' lang='lat' dir='ltr'><strong>Christi</strong></span> <span class='ocrx_word' id='word_1_195' title='bbox 2841 953 3103 1009; x_wconf 83' lang='lat' dir='ltr'><strong>habemus</strong></span> <span class='ocrx_word' id='word_1_196' title='bbox 3134 971 3148 1008; x_wconf 90' lang='lat'><strong>:</strong></span> <span class='ocrx_word' id='word_1_197' title='bbox 3180 955 3386 1010; x_wconf 91' lang='lat' dir='ltr'><strong>idcirco</strong></span> <span class='ocrx_word' id='word_1_198' title='bbox 3441 965 3496 1010; x_wconf 94' lang='lat' dir='ltr'><strong>et</strong></span> <span class='ocrx_word' id='word_1_199' title='bbox 3543 971 3637 1010; x_wconf 83' lang='lat' dir='ltr'><strong>ex-</strong></span> 
     </span>
    </p>
   </div>
   <div class='ocr_carea' id='block_1_25' title="bbox 2030 1043 3636 1113">
    <p class='ocr_par' dir='ltr' id='par_1_25' title="bbox 2030 1043 3636 1113">
     <span class='ocr_line' id='line_1_25' title="bbox 2030 1043 3636 1113; baseline 0.002 -15"><span class='ocrx_word' id='word_1_200' title='bbox 2030 1054 2338 1113; x_wconf 83' lang='lat' dir='ltr'><strong>spectamus</strong></span> <span class='ocrx_word' id='word_1_201' title='bbox 2365 1043 2657 1098; x_wconf 83' lang='lat' dir='ltr'><strong>adventum</strong></span> <span class='ocrx_word' id='word_1_202' title='bbox 2683 1044 2867 1112; x_wconf 73' lang='lat' dir='ltr'><strong>gloria:</strong></span> <span class='ocrx_word' id='word_1_203' title='bbox 2899 1046 3075 1113; x_wconf 73' lang='lat' dir='ltr'><strong>magni</strong></span> <span class='ocrx_word' id='word_1_204' title='bbox 3135 1045 3227 1100; x_wconf 89' lang='lat' dir='ltr'><strong>Dei</strong></span> <span class='ocrx_word' id='word_1_205' title='bbox 3257 1054 3313 1101; x_wconf 91' lang='lat' dir='ltr'><strong>ct</strong></span> <span class='ocrx_word' id='word_1_206' title='bbox 3340 1046 3636 1101; x_wconf 88' lang='lat' dir='ltr'><strong>Salvatoris</strong></span> 
     </span>
    </p>
   </div>
   <div class='ocr_carea' id='block_1_26' title="bbox 2030 1133 3636 1208">
    <p class='ocr_par' dir='ltr' id='par_1_26' title="bbox 2030 1133 3636 1208">
     <span class='ocr_line' id='line_1_26' title="bbox 2030 1133 3636 1208; baseline 0.003 -19"><span class='ocrx_word' id='word_1_207' title='bbox 2030 1135 2202 1189; x_wconf 91' lang='lat' dir='ltr'><strong>nostri</strong></span> <span class='ocrx_word' id='word_1_208' title='bbox 2230 1133 2358 1189; x_wconf 81' lang='lat' dir='ltr'><strong>Jesu</strong></span> <span class='ocrx_word' id='word_1_209' title='bbox 2388 1134 2604 1199; x_wconf 84' lang='lat' dir='ltr'><strong>Christi,</strong></span> <span class='ocrx_word' id='word_1_210' title='bbox 2637 1139 2727 1205; x_wconf 89' lang='lat' dir='ltr'><strong>qui</strong></span> <span class='ocrx_word' id='word_1_211' title='bbox 2761 1137 2846 1205; x_wconf 90' lang='lat' dir='ltr'><strong>pie</strong></span> <span class='ocrx_word' id='word_1_212' title='bbox 2872 1136 3089 1206; x_wconf 88' lang='lat' dir='ltr'><strong>quidem</strong></span> <span class='ocrx_word' id='word_1_213' title='bbox 3120 1137 3425 1193; x_wconf 88' lang='lat' dir='ltr'><strong>viventibus</strong></span> <span class='ocrx_word' id='word_1_214' title='bbox 3450 1138 3636 1208; x_wconf 67' lang='lat' dir='ltr'><strong>gloriae</strong></span> 
     </span>
    </p>
   </div>
   <div class='ocr_carea' id='block_1_27' title="bbox 2029 1225 3636 1295">
    <p class='ocr_par' dir='ltr' id='par_1_27' title="bbox 2029 1225 3636 1295">
     <span class='ocr_line' id='line_1_27' title="bbox 2029 1225 3636 1295; baseline 0.001 -15"><span class='ocrx_word' id='word_1_215' title='bbox 2029 1225 2221 1280; x_wconf 68' lang='lat' dir='ltr'><strong>reddet</strong></span> <span class='ocrx_word' id='word_1_216' title='bbox 2245 1241 2541 1293; x_wconf 87' lang='lat' dir='ltr'><strong>coronam;</strong></span> <span class='ocrx_word' id='word_1_217' title='bbox 2575 1226 2641 1282; x_wconf 85' lang='lat' dir='ltr'><strong>iis</strong></span> <span class='ocrx_word' id='word_1_218' title='bbox 2671 1234 2851 1281; x_wconf 90' lang='lat' dir='ltr'><strong>autem</strong></span> <span class='ocrx_word' id='word_1_219' title='bbox 2875 1226 2965 1295; x_wconf 90' lang='lat' dir='ltr'><strong>qui</strong></span> <span class='ocrx_word' id='word_1_220' title='bbox 3003 1228 3339 1282; x_wconf 89' lang='lat' dir='ltr'><strong>exacerbant</strong></span> <span class='ocrx_word' id='word_1_221' title='bbox 3366 1243 3510 1294; x_wconf 89' lang='lat' dir='ltr'><strong>eum,</strong></span> <span class='ocrx_word' id='word_1_222' title='bbox 3542 1243 3636 1282; x_wconf 85' lang='lat' dir='ltr'><strong>au-</strong></span> 
     </span>
    </p>
   </div>
   <div class='ocr_carea' id='block_1_28' title="bbox 2031 1317 3635 1387">
    <p class='ocr_par' dir='ltr' id='par_1_28' title="bbox 2031 1317 3635 1387">
     <span class='ocr_line' id='line_1_28' title="bbox 2031 1317 3635 1387; baseline 0.002 -15"><span class='ocrx_word' id='word_1_223' title='bbox 2031 1317 2200 1373; x_wconf 70' lang='lat' dir='ltr'><strong>daciae</strong></span> <span class='ocrx_word' id='word_1_224' title='bbox 2222 1334 2413 1374; x_wconf 90' lang='lat' dir='ltr'><strong>eorum</strong></span> <span class='ocrx_word' id='word_1_225' title='bbox 2429 1318 2693 1387; x_wconf 81' lang='lat' dir='ltr'><strong>condigna</strong></span> <span class='ocrx_word' id='word_1_226' title='bbox 2727 1320 2994 1376; x_wconf 85' lang='lat' dir='ltr'><strong>restituet.</strong></span> <span class='ocrx_word' id='word_1_227' title='bbox 3026 1317 3151 1375; x_wconf 69' lang='lat' dir='ltr'><strong>Haec</strong></span> <span class='ocrx_word' id='word_1_228' title='bbox 3173 1330 3365 1375; x_wconf 79' lang='lat' dir='ltr'><strong>vestrze</strong></span> <span class='ocrx_word' id='word_1_229' title='bbox 3384 1321 3635 1377; x_wconf 84' lang='lat' dir='ltr'><strong>charitati</strong></span> 
     </span>
    </p>
   </div>
   <div class='ocr_carea' id='block_1_29' title="bbox 2030 1409 3629 1481">
    <p class='ocr_par' dir='ltr' id='par_1_29' title="bbox 2030 1409 3629 1481">
     <span class='ocr_line' id='line_1_29' title="bbox 2030 1409 3629 1481; baseline 0.001 -17"><span class='ocrx_word' id='word_1_230' title='bbox 2030 1409 2309 1478; x_wconf 85' lang='lat' dir='ltr'><strong>dirigimus</strong></span> <span class='ocrx_word' id='word_1_231' title='bbox 2336 1426 2435 1481; x_wconf 88' lang='lat' dir='ltr'><strong>pro</strong></span> <span class='ocrx_word' id='word_1_232' title='bbox 2452 1410 2649 1467; x_wconf 89' lang='lat' dir='ltr'><strong>libellis</strong></span> <span class='ocrx_word' id='word_1_233' title='bbox 2671 1411 2881 1476; x_wconf 89' lang='lat' dir='ltr'><strong>vestris,</strong></span> <span class='ocrx_word' id='word_1_234' title='bbox 2900 1426 3036 1481; x_wconf 91' lang='lat' dir='ltr'><strong>quos</strong></span> <span class='ocrx_word' id='word_1_235' title='bbox 3052 1411 3117 1465; x_wconf 91' lang='lat' dir='ltr'><strong>ad</strong></span> <span class='ocrx_word' id='word_1_236' title='bbox 3140 1428 3240 1466; x_wconf 90' lang='lat' dir='ltr'><strong>nos</strong></span> <span class='ocrx_word' id='word_1_237' title='bbox 3258 1412 3528 1467; x_wconf 80' lang='lat' dir='ltr'><strong>destinare</strong></span> <span class='ocrx_word' id='word_1_238' title='bbox 3550 1427 3629 1466; x_wconf 91' lang='lat' dir='ltr'><strong>cu-</strong></span> 
     </span>
    </p>
   </div>
   <div class='ocr_carea' id='block_1_30' title="bbox 2030 1502 3634 1577">
    <p class='ocr_par' dir='ltr' id='par_1_30' title="bbox 2030 1502 3634 1577">
     <span class='ocr_line' id='line_1_30' title="bbox 2030 1502 3634 1577; baseline -0.001 -20"><span class='ocrx_word' id='word_1_239' title='bbox 2030 1502 2211 1567; x_wconf 89' lang='lat' dir='ltr'><strong>rastis,</strong></span> <span class='ocrx_word' id='word_1_240' title='bbox 2238 1511 2612 1559; x_wconf 86' lang='lat' dir='ltr'><strong>asseverantes</strong></span> <span class='ocrx_word' id='word_1_241' title='bbox 2638 1503 2901 1577; x_wconf 76' lang='lat' dir='ltr'><strong>quosdam</strong></span> <span class='ocrx_word' id='word_1_242' title='bbox 2931 1503 3216 1575; x_wconf 88' lang='lat' dir='ltr'><strong>pestiferos</strong></span> <span class='ocrx_word' id='word_1_243' title='bbox 3238 1502 3484 1558; x_wconf 86' lang='lat' dir='ltr'><strong>homines</strong></span> <span class='ocrx_word' id='word_1_244' title='bbox 3512 1518 3634 1557; x_wconf 88' lang='lat' dir='ltr'><strong>ver-</strong></span> 
     </span>
    </p>
   </div>
   <div class='ocr_carea' id='block_1_31' title="bbox 2031 1589 3641 1665">
    <p class='ocr_par' dir='ltr' id='par_1_31' title="bbox 2031 1589 3641 1665">
     <span class='ocr_line' id='line_1_31' title="bbox 2031 1589 3641 1665; baseline 0.002 -19"><span class='ocrx_word' id='word_1_245' title='bbox 2031 1592 2224 1648; x_wconf 90' lang='lat' dir='ltr'><strong>borum</strong></span> <span class='ocrx_word' id='word_1_246' title='bbox 2248 1602 2499 1664; x_wconf 84' lang='lat' dir='ltr'><strong>portenta</strong></span> <span class='ocrx_word' id='word_1_247' title='bbox 2529 1594 3074 1665; x_wconf 87' lang='lat' dir='ltr'><strong>promentesirruisse</strong></span> <span class='ocrx_word' id='word_1_248' title='bbox 3103 1603 3294 1649; x_wconf 76' lang='lat' dir='ltr'><strong>vestra:</strong></span> <span class='ocrx_word' id='word_1_249' title='bbox 3322 1589 3641 1664; x_wconf 70' lang='lat' dir='ltr'><strong>provincim.</strong></span> 
     </span>
    </p>
   </div>
   <div class='ocr_carea' id='block_1_32' title="bbox 2032 1682 3637 1755">
    <p class='ocr_par' dir='ltr' id='par_1_32' title="bbox 2032 1682 3637 1755">
     <span class='ocr_line' id='line_1_32' title="bbox 2032 1682 3637 1755; baseline 0.001 -18"><span class='ocrx_word' id='word_1_250' title='bbox 2032 1683 2273 1738; x_wconf 87' lang='lat' dir='ltr'><strong>volentes</strong></span> <span class='ocrx_word' id='word_1_251' title='bbox 2303 1684 2623 1754; x_wconf 88' lang='lat' dir='ltr'><strong>quihusdam</strong></span> <span class='ocrx_word' id='word_1_252' title='bbox 2679 1685 2894 1755; x_wconf 87' lang='lat' dir='ltr'><strong>scriptis</strong></span> <span class='ocrx_word' id='word_1_253' title='bbox 2922 1693 2980 1739; x_wconf 90' lang='lat' dir='ltr'><strong>et</strong></span> <span class='ocrx_word' id='word_1_254' title='bbox 3034 1684 3470 1755; x_wconf 77' lang='lat' dir='ltr'><strong>oppositionibus</strong></span> <span class='ocrx_word' id='word_1_255' title='bbox 3515 1682 3637 1738; x_wconf 83' lang='lat' dir='ltr'><strong>falsi</strong></span> 
     </span>
    </p>
   </div>
   <div class='ocr_carea' id='block_1_33' title="bbox 319 1771 3637 1848">
    <p class='ocr_par' dir='ltr' id='par_1_33' title="bbox 319 1771 3637 1848">
     <span class='ocr_line' id='line_1_33' title="bbox 319 1771 3637 1848; baseline -0.001 -16"><span class='ocrx_word' id='word_1_256' title='bbox 319 1779 563 1835; x_wconf 75' lang='lat' dir='ltr'><strong>motione</strong></span> <span class='ocrx_word' id='word_1_257' title='bbox 591 1776 734 1833; x_wconf 86' lang='lat' dir='ltr'><strong>Deus</strong></span> <span class='ocrx_word' id='word_1_258' title='bbox 759 1786 864 1848; x_wconf 89' lang='lat' dir='ltr'><strong>est,</strong></span> <span class='ocrx_word' id='word_1_259' title='bbox 895 1776 990 1831; x_wconf 90' lang='lat' dir='ltr'><strong>sed</strong></span> <span class='ocrx_word' id='word_1_260' title='bbox 1011 1784 1233 1848; x_wconf 90' lang='lat' dir='ltr'><strong>propter</strong></span> <span class='ocrx_word' id='word_1_261' title='bbox 1260 1775 1687 1832; x_wconf 90' lang='lat' dir='ltr'><strong>misericordiam</strong></span> <span class='ocrx_word' id='word_1_262' title='bbox 1711 1790 1816 1845; x_wconf 92' lang='lat' dir='ltr'><strong>qua</strong></span> <span class='ocrx_word' id='word_1_263' title='bbox 1845 1776 1927 1830; x_wconf 76' lang='lat' dir='ltr'><strong>in-</strong></span> <span class='ocrx_word' id='word_1_264' title='bbox 1964 1774 2007 1833; x_wconf 87' lang='grc' dir='ltr'>Β</span> <span class='ocrx_word' id='word_1_265' title='bbox 2036 1776 2267 1832; x_wconf 88' lang='lat' dir='ltr'><strong>nominis</strong></span> <span class='ocrx_word' id='word_1_266' title='bbox 2295 1777 2535 1831; x_wconf 64' lang='lat' dir='ltr'><strong>scientia:</strong></span> <span class='ocrx_word' id='word_1_267' title='bbox 2564 1777 2865 1847; x_wconf 89' lang='lat' dir='ltr'><strong>simplicem</strong></span> <span class='ocrx_word' id='word_1_268' title='bbox 2894 1784 2950 1831; x_wconf 90' lang='lat' dir='ltr'><strong>et</strong></span> <span class='ocrx_word' id='word_1_269' title='bbox 2978 1775 3267 1831; x_wconf 83' lang='lat' dir='ltr'><strong>infucatam</strong></span> <span class='ocrx_word' id='word_1_270' title='bbox 3296 1785 3457 1831; x_wconf 78' lang='lat' dir='ltr'><strong>rectae</strong></span> <span class='ocrx_word' id='word_1_271' title='bbox 3515 1771 3637 1828; x_wconf 84' lang='lat' dir='ltr'><strong>fidei</strong></span> 
     </span>
    </p>
   </div>
   <div class='ocr_carea' id='block_1_34' title="bbox 318 1870 1931 1941">
    <p class='ocr_par' dir='ltr' id='par_1_34' title="bbox 318 1870 1931 1941">
     <span class='ocr_line' id='line_1_34' title="bbox 318 1870 1931 1941; baseline 0 -15"><span class='ocrx_word' id='word_1_272' title='bbox 318 1871 654 1940; x_wconf 88' lang='lat' dir='ltr'><strong>digebamus,</strong></span> <span class='ocrx_word' id='word_1_273' title='bbox 680 1871 847 1927; x_wconf 90' lang='lat' dir='ltr'><strong>homo</strong></span> <span class='ocrx_word' id='word_1_274' title='bbox 874 1870 1160 1941; x_wconf 75' lang='lat' dir='ltr'><strong>dignanter</strong></span> <span class='ocrx_word' id='word_1_275' title='bbox 1193 1870 1419 1927; x_wconf 79' lang='lat' dir='ltr'><strong>effectus</strong></span> <span class='ocrx_word' id='word_1_276' title='bbox 1444 1879 1527 1926; x_wconf 87' lang='lat' dir='ltr'><strong>est</strong></span> <span class='ocrx_word' id='word_1_277' title='bbox 1548 1871 1572 1925; x_wconf 91' lang='lat'><strong>?</strong></span> <span class='ocrx_word' id='word_1_278' title='bbox 1591 1871 1713 1941; x_wconf 90' lang='lat' dir='ltr'><strong>quis</strong></span> <span class='ocrx_word' id='word_1_279' title='bbox 1766 1880 1867 1937; x_wconf 90' lang='lat' dir='ltr'><strong>est,</strong></span> <span class='ocrx_word' id='word_1_280' title='bbox 1899 1886 1931 1926; x_wconf 88' lang='lat' dir='ltr'><strong>a</strong></span> 
     </span>
    </p>
   </div>
   <div class='ocr_carea' id='block_1_35' title="bbox 319 1963 1928 2037">
    <p class='ocr_par' dir='ltr' id='par_1_35' title="bbox 319 1963 1928 2037">
     <span class='ocr_line' id='line_1_35' title="bbox 319 1963 1928 2037; baseline -0.002 -19"><span class='ocrx_word' id='word_1_281' title='bbox 319 1980 409 2019; x_wconf 89' lang='lat' dir='ltr'><strong>me</strong></span> <span class='ocrx_word' id='word_1_282' title='bbox 435 1964 571 2020; x_wconf 89' lang='lat' dir='ltr'><strong>vela</strong></span> <span class='ocrx_word' id='word_1_283' title='bbox 602 1963 849 2034; x_wconf 91' lang='lat' dir='ltr'><strong>quolibet</strong></span> <span class='ocrx_word' id='word_1_284' title='bbox 878 1964 987 2019; x_wconf 88' lang='lat' dir='ltr'><strong>alio</strong></span> <span class='ocrx_word' id='word_1_285' title='bbox 1016 1980 1125 2020; x_wconf 87' lang='lat' dir='ltr'><strong>non</strong></span> <span class='ocrx_word' id='word_1_286' title='bbox 1149 1965 1408 2035; x_wconf 86' lang='lat' dir='ltr'><strong>requirat,</strong></span> <span class='ocrx_word' id='word_1_287' title='bbox 1438 1965 1534 2021; x_wconf 85' lang='lat' dir='ltr'><strong>sed</strong></span> <span class='ocrx_word' id='word_1_288' title='bbox 1556 1965 1624 2037; x_wconf 87' lang='lat' dir='ltr'><strong>ab</strong></span> <span class='ocrx_word' id='word_1_289' title='bbox 1649 1964 1928 2036; x_wconf 78' lang='lat' dir='ltr'><strong>Apostoln,</strong></span> 
     </span>
    </p>
   </div>
   <div class='ocr_carea' id='block_1_36' title="bbox 318 2055 1933 2126">
    <p class='ocr_par' dir='ltr' id='par_1_36' title="bbox 318 2055 1933 2126">
     <span class='ocr_line' id='line_1_36' title="bbox 318 2055 1933 2126; baseline -0.001 -14"><span class='ocrx_word' id='word_1_290' title='bbox 318 2057 412 2126; x_wconf 87' lang='lat' dir='ltr'><strong>qui</strong></span> <span class='ocrx_word' id='word_1_291' title='bbox 439 2055 631 2112; x_wconf 79' lang='lat' dir='ltr'><strong>Filium</strong></span> <span class='ocrx_word' id='word_1_292' title='bbox 654 2072 751 2126; x_wconf 86' lang='lat' dir='ltr'><strong>per</strong></span> <span class='ocrx_word' id='word_1_293' title='bbox 776 2056 1164 2112; x_wconf 86' lang='lat' dir='ltr'><strong>revelationem</strong></span> <span class='ocrx_word' id='word_1_294' title='bbox 1201 2056 1331 2112; x_wconf 89' lang='lat' dir='ltr'><strong>dicit</strong></span> <span class='ocrx_word' id='word_1_295' title='bbox 1376 2055 1580 2123; x_wconf 88' lang='lat' dir='ltr'><strong>Patris,</strong></span> <span class='ocrx_word' id='word_1_296' title='bbox 1631 2070 1754 2110; x_wconf 89' lang='lat' dir='ltr'><strong>cum</strong></span> <span class='ocrx_word' id='word_1_297' title='bbox 1804 2055 1933 2111; x_wconf 88' lang='lat' dir='ltr'><strong>dicit</strong></span> 
     </span>
    </p>
   </div>
   <div class='ocr_carea' id='block_1_37' title="bbox 321 2138 1933 2220">
    <p class='ocr_par' dir='ltr' id='par_1_37' title="bbox 321 2138 1933 2220">
     <span class='ocr_line' id='line_1_37' title="bbox 321 2138 1933 2220; baseline -0.002 -18"><span class='ocrx_word' id='word_1_298' title='bbox 321 2146 468 2220; x_wconf 84' lang='lat' dir='ltr'><strong>(Gal.</strong></span> <span class='ocrx_word' id='word_1_299' title='bbox 501 2149 541 2214; x_wconf 93' lang='grc' dir='ltr'>ι)</span> <span class='ocrx_word' id='word_1_300' title='bbox 575 2166 590 2202; x_wconf 88' lang='lat'><strong>:</strong></span> <span class='ocrx_word' id='word_1_301' title='bbox 621 2146 755 2203; x_wconf 91' lang='lat' dir='ltr'><strong>Cum</strong></span> <span class='ocrx_word' id='word_1_302' title='bbox 785 2138 967 2201; x_wconf 87' lang='lat' dir='ltr'><strong>autem</strong></span> <span class='ocrx_word' id='word_1_303' title='bbox 1022 2146 1223 2217; x_wconf 90' lang='lat' dir='ltr'><strong>placuit</strong></span> <span class='ocrx_word' id='word_1_304' title='bbox 1270 2147 1320 2202; x_wconf 92' lang='lat' dir='ltr'><strong>ei</strong></span> <span class='ocrx_word' id='word_1_305' title='bbox 1360 2147 1452 2217; x_wconf 87' lang='lat' dir='ltr'><strong>qui</strong></span> <span class='ocrx_word' id='word_1_306' title='bbox 1496 2162 1585 2201; x_wconf 91' lang='lat' dir='ltr'><strong>me</strong></span> <span class='ocrx_word' id='word_1_307' title='bbox 1630 2146 1933 2214; x_wconf 76' lang='lat' dir='ltr'><strong>segregavit</strong></span> 
     </span>
    </p>
   </div>
   <div class='ocr_carea' id='block_1_38' title="bbox 319 2239 1933 2310">
    <p class='ocr_par' dir='ltr' id='par_1_38' title="bbox 319 2239 1933 2310">
     <span class='ocr_line' id='line_1_38' title="bbox 319 2239 1933 2310; baseline 0.001 -16"><span class='ocrx_word' id='word_1_308' title='bbox 319 2240 391 2296; x_wconf 90' lang='lat' dir='ltr'><strong>de</strong></span> <span class='ocrx_word' id='word_1_309' title='bbox 414 2249 569 2295; x_wconf 86' lang='lat' dir='ltr'><strong>utero</strong></span> <span class='ocrx_word' id='word_1_310' title='bbox 598 2239 786 2295; x_wconf 84' lang='lat' dir='ltr'><strong>matris</strong></span> <span class='ocrx_word' id='word_1_311' title='bbox 806 2254 963 2306; x_wconf 72' lang='lat' dir='ltr'><strong>mete,</strong></span> <span class='ocrx_word' id='word_1_312' title='bbox 982 2247 1038 2294; x_wconf 89' lang='lat' dir='ltr'><strong>et</strong></span> <span class='ocrx_word' id='word_1_313' title='bbox 1057 2239 1273 2294; x_wconf 87' lang='lat' dir='ltr'><strong>vocavit</strong></span> <span class='ocrx_word' id='word_1_314' title='bbox 1300 2255 1399 2310; x_wconf 93' lang='lat' dir='ltr'><strong>per</strong></span> <span class='ocrx_word' id='word_1_315' title='bbox 1419 2240 1650 2310; x_wconf 81' lang='lat' dir='ltr'><strong>gratiam</strong></span> <span class='ocrx_word' id='word_1_316' title='bbox 1674 2253 1848 2304; x_wconf 88' lang='lat' dir='ltr'><strong>suam,</strong></span> <span class='ocrx_word' id='word_1_317' title='bbox 1872 2246 1933 2295; x_wconf 93' lang='grc' dir='ltr'><strong>ιιι</strong></span> 
     </span>
    </p>
   </div>
   <div class='ocr_carea' id='block_1_39' title="bbox 319 2330 1930 2401">
    <p class='ocr_par' dir='ltr' id='par_1_39' title="bbox 319 2330 1930 2401">
     <span class='ocr_line' id='line_1_39' title="bbox 319 2330 1930 2401; baseline -0.001 -14"><span class='ocrx_word' id='word_1_318' title='bbox 319 2333 596 2388; x_wconf 88' lang='lat' dir='ltr'><strong>revelaret</strong></span> <span class='ocrx_word' id='word_1_319' title='bbox 620 2331 816 2387; x_wconf 85' lang='lat' dir='ltr'><strong>Filium</strong></span> <span class='ocrx_word' id='word_1_320' title='bbox 846 2347 1003 2387; x_wconf 88' lang='lat' dir='ltr'><strong>suum</strong></span> <span class='ocrx_word' id='word_1_321' title='bbox 1032 2332 1086 2387; x_wconf 90' lang='lat' dir='ltr'><strong>in</strong></span> <span class='ocrx_word' id='word_1_322' title='bbox 1113 2333 1240 2387; x_wconf 79' lang='lat' dir='ltr'><strong>me?</strong></span> <span class='ocrx_word' id='word_1_323' title='bbox 1269 2330 1367 2387; x_wconf 86' lang='lat' dir='ltr'><strong>llic</strong></span> <span class='ocrx_word' id='word_1_324' title='bbox 1398 2345 1631 2401; x_wconf 91' lang='lat' dir='ltr'><strong>namque</strong></span> <span class='ocrx_word' id='word_1_325' title='bbox 1664 2331 1785 2401; x_wconf 88' lang='lat' dir='ltr'><strong>quis</strong></span> <span class='ocrx_word' id='word_1_326' title='bbox 1827 2339 1930 2396; x_wconf 90' lang='lat' dir='ltr'><strong>cst,</strong></span> 
     </span>
    </p>
   </div>
   <div class='ocr_carea' id='block_1_40' title="bbox 321 2420 1928 2495">
    <p class='ocr_par' dir='ltr' id='par_1_40' title="bbox 321 2420 1928 2495">
     <span class='ocr_line' id='line_1_40' title="bbox 321 2420 1928 2495; baseline -0.001 -17"><span class='ocrx_word' id='word_1_327' title='bbox 321 2422 483 2478; x_wconf 81' lang='lat' dir='ltr'><strong>Jesus</strong></span> <span class='ocrx_word' id='word_1_328' title='bbox 514 2420 763 2478; x_wconf 83' lang='lat' dir='ltr'><strong>Christus</strong></span> <span class='ocrx_word' id='word_1_329' title='bbox 804 2423 1070 2479; x_wconf 86' lang='lat' dir='ltr'><strong>veraciter</strong></span> <span class='ocrx_word' id='word_1_330' title='bbox 1111 2422 1381 2487; x_wconf 89' lang='lat' dir='ltr'><strong>edocebit,</strong></span> <span class='ocrx_word' id='word_1_331' title='bbox 1421 2421 1928 2495; x_wconf 77' lang='lat' dir='ltr'><strong>exclamaus(Rom.</strong></span> 
     </span>
    </p>
   </div>
   <div class='ocr_carea' id='block_1_41' title="bbox 321 2512 1934 2586">
    <p class='ocr_par' dir='ltr' id='par_1_41' title="bbox 321 2512 1934 2586">
     <span class='ocr_line' id='line_1_41' title="bbox 321 2512 1934 2586; baseline -0.001 -16"><span class='ocrx_word' id='word_1_332' title='bbox 321 2514 402 2586; x_wconf 85' lang='lat' dir='ltr'><strong>Ix)</strong></span> <span class='ocrx_word' id='word_1_333' title='bbox 424 2533 436 2562; x_wconf 74' lang='grc' dir='ltr'><strong><em>τ</em></strong></span> <span class='ocrx_word' id='word_1_334' title='bbox 457 2512 1005 2584; x_wconf 76' lang='lat' dir='ltr'><strong>ExquibusChristus</strong></span> <span class='ocrx_word' id='word_1_335' title='bbox 1017 2513 1309 2570; x_wconf 90' lang='lat' dir='ltr'><strong>secundum</strong></span> <span class='ocrx_word' id='word_1_336' title='bbox 1322 2514 1659 2584; x_wconf 89' lang='lat' dir='ltr'><strong>carnem,qni</strong></span> <span class='ocrx_word' id='word_1_337' title='bbox 1674 2522 1756 2571; x_wconf 90' lang='lat' dir='ltr'><strong>est</strong></span> <span class='ocrx_word' id='word_1_338' title='bbox 1770 2529 1934 2586; x_wconf 87' lang='lat' dir='ltr'><strong>super</strong></span> 
     </span>
    </p>
   </div>
   <div class='ocr_carea' id='block_1_42' title="bbox 320 2602 1932 2671">
    <p class='ocr_par' dir='ltr' id='par_1_42' title="bbox 320 2602 1932 2671">
     <span class='ocr_line' id='line_1_42' title="bbox 320 2602 1932 2671; baseline -0.001 -11"><span class='ocrx_word' id='word_1_339' title='bbox 320 2620 506 2660; x_wconf 81' lang='lat' dir='ltr'><strong>omnra</strong></span> <span class='ocrx_word' id='word_1_340' title='bbox 533 2604 676 2660; x_wconf 89' lang='lat' dir='ltr'><strong>Deus</strong></span> <span class='ocrx_word' id='word_1_341' title='bbox 697 2602 1017 2662; x_wconf 85' lang='lat' dir='ltr'><strong>benedictus</strong></span> <span class='ocrx_word' id='word_1_342' title='bbox 1039 2604 1094 2659; x_wconf 91' lang='lat' dir='ltr'><strong>in</strong></span> <span class='ocrx_word' id='word_1_343' title='bbox 1122 2604 1342 2659; x_wconf 70' lang='lat' dir='ltr'><strong>sazcnla.</strong></span> <span class='ocrx_word' id='word_1_344' title='bbox 1392 2603 1518 2660; x_wconf 65' lang='lat' dir='ltr'><strong>Haec</strong></span> <span class='ocrx_word' id='word_1_345' title='bbox 1548 2604 1698 2659; x_wconf 90' lang='lat' dir='ltr'><strong>Pauli</strong></span> <span class='ocrx_word' id='word_1_346' title='bbox 1748 2605 1932 2671; x_wconf 87' lang='lat' dir='ltr'><strong>verba,</strong></span> 
     </span>
    </p>
   </div>
   <div class='ocr_carea' id='block_1_43' title="bbox 321 2695 1937 2769">
    <p class='ocr_par' dir='ltr' id='par_1_43' title="bbox 321 2695 1937 2769">
     <span class='ocr_line' id='line_1_43' title="bbox 321 2695 1937 2769; baseline -0.002 -16"><span class='ocrx_word' id='word_1_347' title='bbox 321 2711 486 2768; x_wconf 86' lang='lat' dir='ltr'><strong>quam</strong></span> <span class='ocrx_word' id='word_1_348' title='bbox 513 2696 916 2768; x_wconf 89' lang='lat' dir='ltr'><strong>subreptionem</strong></span> <span class='ocrx_word' id='word_1_349' title='bbox 944 2697 1227 2752; x_wconf 61' lang='lat' dir='ltr'><strong>calumniae</strong></span> <span class='ocrx_word' id='word_1_350' title='bbox 1256 2711 1445 2751; x_wconf 89' lang='lat' dir='ltr'><strong>eorum</strong></span> <span class='ocrx_word' id='word_1_351' title='bbox 1470 2697 1561 2766; x_wconf 93' lang='lat' dir='ltr'><strong>qui</strong></span> <span class='ocrx_word' id='word_1_352' title='bbox 1608 2712 1774 2769; x_wconf 88' lang='lat' dir='ltr'><strong>prava</strong></span> <span class='ocrx_word' id='word_1_353' title='bbox 1814 2695 1937 2751; x_wconf 90' lang='lat' dir='ltr'><strong>dili-</strong></span> 
     </span>
    </p>
   </div>
   <div class='ocr_carea' id='block_1_44' title="bbox 323 2787 1937 2860">
    <p class='ocr_par' dir='ltr' id='par_1_44' title="bbox 323 2787 1937 2860">
     <span class='ocr_line' id='line_1_44' title="bbox 323 2787 1937 2860; baseline -0.001 -18"><span class='ocrx_word' id='word_1_354' title='bbox 323 2797 457 2859; x_wconf 84' lang='lat' dir='ltr'><strong>gunt</strong></span> <span class='ocrx_word' id='word_1_355' title='bbox 484 2789 688 2845; x_wconf 87' lang='lat' dir='ltr'><strong>habere</strong></span> <span class='ocrx_word' id='word_1_356' title='bbox 740 2788 1107 2860; x_wconf 80' lang='lat' dir='ltr'><strong>permittunt?</strong></span> <span class='ocrx_word' id='word_1_357' title='bbox 1160 2787 1307 2842; x_wconf 85' lang='lat' dir='ltr'><strong>Dixit</strong></span> <span class='ocrx_word' id='word_1_358' title='bbox 1351 2788 1496 2842; x_wconf 92' lang='lat' dir='ltr'><strong>enim</strong></span> <span class='ocrx_word' id='word_1_359' title='bbox 1530 2787 1826 2856; x_wconf 87' lang='lat' dir='ltr'><strong>Christum,</strong></span> <span class='ocrx_word' id='word_1_360' title='bbox 1877 2795 1937 2841; x_wconf 91' lang='lat' dir='ltr'><strong>ut</strong></span> 
     </span>
    </p>
   </div>
   <div class='ocr_carea' id='block_1_45' title="bbox 323 2869 1938 2952">
    <p class='ocr_par' dir='ltr' id='par_1_45' title="bbox 323 2869 1938 2952">
     <span class='ocr_line' id='line_1_45' title="bbox 323 2869 1938 2952; baseline -0.003 -14"><span class='ocrx_word' id='word_1_361' title='bbox 323 2881 578 2938; x_wconf 82' lang='lat' dir='ltr'><strong>ostendat</strong></span> <span class='ocrx_word' id='word_1_362' title='bbox 599 2881 857 2952; x_wconf 87' lang='lat' dir='ltr'><strong>quoniam</strong></span> <span class='ocrx_word' id='word_1_363' title='bbox 898 2879 1199 2935; x_wconf 87' lang='lat' dir='ltr'><strong>secundum</strong></span> <span class='ocrx_word' id='word_1_364' title='bbox 1253 2869 1725 2934; x_wconf 66' lang='lat' dir='ltr'><strong>veritatem‘Deus</strong></span> <span class='ocrx_word' id='word_1_365' title='bbox 1764 2879 1938 2933; x_wconf 90' lang='lat' dir='ltr'><strong>factus</strong></span> 
     </span>
    </p>
   </div>
   <div class='ocr_carea' id='block_1_46' title="bbox 325 2968 1935 3039">
    <p class='ocr_par' dir='ltr' id='par_1_46' title="bbox 325 2968 1935 3039">
     <span class='ocr_line' id='line_1_46' title="bbox 325 2968 1935 3039; baseline -0.003 -12"><span class='ocrx_word' id='word_1_366' title='bbox 325 2980 414 3028; x_wconf 81' lang='lat' dir='ltr'><strong>est</strong></span> <span class='ocrx_word' id='word_1_367' title='bbox 440 2972 643 3038; x_wconf 89' lang='lat' dir='ltr'><strong>homo;</strong></span> <span class='ocrx_word' id='word_1_368' title='bbox 674 2971 962 3029; x_wconf 89' lang='lat' dir='ltr'><strong>dixitcum</strong></span> <span class='ocrx_word' id='word_1_369' title='bbox 1005 2985 1073 3026; x_wconf 90' lang='lat' dir='ltr'><strong>ex</strong></span> <span class='ocrx_word' id='word_1_370' title='bbox 1125 2968 1325 3025; x_wconf 72' lang='lat' dir='ltr'><strong>Judmis</strong></span> <span class='ocrx_word' id='word_1_371' title='bbox 1374 2969 1669 3026; x_wconf 86' lang='lat' dir='ltr'><strong>secundum</strong></span> <span class='ocrx_word' id='word_1_372' title='bbox 1692 2983 1935 3039; x_wconf 91' lang='lat' dir='ltr'><strong>carnem,</strong></span> 
     </span>
    </p>
   </div>
   <div class='ocr_carea' id='block_1_47' title="bbox 326 3059 1937 3133">
    <p class='ocr_par' dir='ltr' id='par_1_47' title="bbox 326 3059 1937 3133">
     <span class='ocr_line' id='line_1_47' title="bbox 326 3059 1937 3133; baseline -0.002 -17"><span class='ocrx_word' id='word_1_373' title='bbox 326 3070 388 3116; x_wconf 86' lang='lat' dir='ltr'><strong>nt</strong></span> <span class='ocrx_word' id='word_1_374' title='bbox 417 3061 654 3117; x_wconf 84' lang='lat' dir='ltr'><strong>insinuet</strong></span> <span class='ocrx_word' id='word_1_375' title='bbox 680 3062 807 3131; x_wconf 88' lang='lat' dir='ltr'><strong>quia</strong></span> <span class='ocrx_word' id='word_1_376' title='bbox 839 3076 946 3116; x_wconf 92' lang='lat' dir='ltr'><strong>non</strong></span> <span class='ocrx_word' id='word_1_377' title='bbox 976 3074 1043 3116; x_wconf 89' lang='lat' dir='ltr'><strong>ex</strong></span> <span class='ocrx_word' id='word_1_378' title='bbox 1068 3060 1161 3115; x_wconf 92' lang='lat' dir='ltr'><strong>illo</strong></span> <span class='ocrx_word' id='word_1_379' title='bbox 1189 3069 1435 3133; x_wconf 88' lang='lat' dir='ltr'><strong>tempore</strong></span> <span class='ocrx_word' id='word_1_380' title='bbox 1463 3075 1571 3129; x_wconf 91' lang='lat' dir='ltr'><strong>quo</strong></span> <span class='ocrx_word' id='word_1_381' title='bbox 1587 3068 1669 3114; x_wconf 89' lang='lat' dir='ltr'><strong>est</strong></span> <span class='ocrx_word' id='word_1_382' title='bbox 1687 3059 1937 3115; x_wconf 86' lang='lat' dir='ltr'><strong>incarna-</strong></span> 
     </span>
    </p>
   </div>
   <div class='ocr_carea' id='block_1_48' title="bbox 2035 1866 3636 1938">
    <p class='ocr_par' dir='ltr' id='par_1_48' title="bbox 2035 1866 3636 1938">
     <span class='ocr_line' id='line_1_48' title="bbox 2035 1866 3636 1938; baseline -0.001 -16"><span class='ocrx_word' id='word_1_383' title='bbox 2035 1868 2491 1938; x_wconf 86' lang='lat' dir='ltr'><strong>pulchritudinem</strong></span> <span class='ocrx_word' id='word_1_384' title='bbox 2521 1870 2994 1937; x_wconf 88' lang='lat' dir='ltr'><strong>constantiamque</strong></span> <span class='ocrx_word' id='word_1_385' title='bbox 3020 1875 3353 1938; x_wconf 66' lang='lat' dir='ltr'><strong>pervertere.</strong></span> <span class='ocrx_word' id='word_1_386' title='bbox 3411 1866 3516 1920; x_wconf 89' lang='lat' dir='ltr'><strong>Sed</strong></span> <span class='ocrx_word' id='word_1_387' title='bbox 3534 1880 3636 1934; x_wconf 87' lang='lat' dir='ltr'><strong>ego</strong></span> 
     </span>
    </p>
   </div>
   <div class='ocr_carea' id='block_1_49' title="bbox 2033 1957 3632 2028">
    <p class='ocr_par' dir='ltr' id='par_1_49' title="bbox 2033 1957 3632 2028">
     <span class='ocr_line' id='line_1_49' title="bbox 2033 1957 3632 2028; baseline 0.001 -17"><span class='ocrx_word' id='word_1_388' title='bbox 2033 1972 2132 2012; x_wconf 87' lang='lat' dir='ltr'><strong>vos</strong></span> <span class='ocrx_word' id='word_1_389' title='bbox 2160 1958 2353 2013; x_wconf 90' lang='lat' dir='ltr'><strong>iterum</strong></span> <span class='ocrx_word' id='word_1_390' title='bbox 2380 1958 2439 2012; x_wconf 86' lang='grc' dir='ltr'><strong>Β.</strong></span> <span class='ocrx_word' id='word_1_391' title='bbox 2472 1957 2624 2013; x_wconf 91' lang='lat' dir='ltr'><strong>Pauli</strong></span> <span class='ocrx_word' id='word_1_392' title='bbox 2665 1958 2843 2013; x_wconf 89' lang='lat' dir='ltr'><strong>verbis</strong></span> <span class='ocrx_word' id='word_1_393' title='bbox 2866 1959 3132 2015; x_wconf 91' lang='lat' dir='ltr'><strong>admoneo</strong></span> <span class='ocrx_word' id='word_1_394' title='bbox 3187 1958 3413 2024; x_wconf 60' lang='lat' dir='ltr'><strong>tColoss.</strong></span> <span class='ocrx_word' id='word_1_395' title='bbox 3446 1977 3501 2021; x_wconf 86' lang='grc' dir='ltr'>ιι,</span> <span class='ocrx_word' id='word_1_396' title='bbox 3529 1962 3589 2028; x_wconf 92' lang='grc'><strong>8)</strong></span> <span class='ocrx_word' id='word_1_397' title='bbox 3619 2000 3632 2012; x_wconf 86' lang='grc'><strong>.</strong></span> 
     </span>
    </p>
   </div>
   <div class='ocr_carea' id='block_1_50' title="bbox 2034 2048 3637 2121">
    <p class='ocr_par' dir='ltr' id='par_1_50' title="bbox 2034 2048 3637 2121">
     <span class='ocr_line' id='line_1_50' title="bbox 2034 2048 3637 2121; baseline 0 -18"><span class='ocrx_word' id='word_1_398' title='bbox 2034 2048 2227 2104; x_wconf 78' lang='lat' dir='ltr'><strong>Videte</strong></span> <span class='ocrx_word' id='word_1_399' title='bbox 2258 2063 2325 2104; x_wconf 90' lang='lat' dir='ltr'><strong>ne</strong></span> <span class='ocrx_word' id='word_1_400' title='bbox 2354 2050 2473 2120; x_wconf 91' lang='lat' dir='ltr'><strong>quis</strong></span> <span class='ocrx_word' id='word_1_401' title='bbox 2499 2065 2596 2105; x_wconf 89' lang='lat' dir='ltr'><strong>vos</strong></span> <span class='ocrx_word' id='word_1_402' title='bbox 2622 2049 2857 2119; x_wconf 86' lang='lat' dir='ltr'><strong>decipiat</strong></span> <span class='ocrx_word' id='word_1_403' title='bbox 2890 2064 2985 2117; x_wconf 86' lang='lat' dir='ltr'><strong>per</strong></span> <span class='ocrx_word' id='word_1_404' title='bbox 3016 2050 3499 2121; x_wconf 83' lang='lat' dir='ltr'><strong>philosophiamct</strong></span> <span class='ocrx_word' id='word_1_405' title='bbox 3522 2051 3637 2104; x_wconf 79' lang='lat' dir='ltr'><strong>ina-</strong></span> 
     </span>
    </p>
   </div>
   <div class='ocr_carea' id='block_1_51' title="bbox 2034 2139 3723 2197">
    <p class='ocr_par' dir='ltr' id='par_1_51' title="bbox 2034 2139 3723 2197">
     <span class='ocr_line' id='line_1_51' title="bbox 2034 2139 3723 2197; baseline 0.002 -4"><span class='ocrx_word' id='word_1_406' title='bbox 2034 2155 2157 2194; x_wconf 89' lang='lat' dir='ltr'><strong>nem</strong></span> <span class='ocrx_word' id='word_1_407' title='bbox 2186 2139 2453 2197; x_wconf 78' lang='lat' dir='ltr'><strong>fallaciam</strong></span> <span class='ocrx_word' id='word_1_408' title='bbox 2482 2141 2780 2196; x_wconf 87' lang='lat' dir='ltr'><strong>secundum</strong></span> <span class='ocrx_word' id='word_1_409' title='bbox 2811 2141 3152 2195; x_wconf 83' lang='lat' dir='ltr'><strong>traditionem</strong></span> <span class='ocrx_word' id='word_1_410' title='bbox 3183 2142 3462 2196; x_wconf 83' lang='lat' dir='ltr'><strong>hominum</strong></span> <span class='ocrx_word' id='word_1_411' title='bbox 3502 2158 3637 2197; x_wconf 82' lang='lat' dir='ltr'><strong>vana</strong></span> <span class='ocrx_word' id='word_1_412' title='bbox 3722 2156 3723 2159; x_wconf 81' lang='lat'>‘</span> 
     </span>
    </p>
   </div>
   <div class='ocr_carea' id='block_1_52' title="bbox 2034 2230 3636 2297">
    <p class='ocr_par' dir='ltr' id='par_1_52' title="bbox 2034 2230 3636 2297">
     <span class='ocr_line' id='line_1_52' title="bbox 2034 2230 3636 2297; baseline -0.002 -9"><span class='ocrx_word' id='word_1_413' title='bbox 2034 2233 2473 2297; x_wconf 87' lang='lat' dir='ltr'><strong>consultantium,</strong></span> <span class='ocrx_word' id='word_1_414' title='bbox 2506 2242 2561 2287; x_wconf 93' lang='lat' dir='ltr'><strong>et</strong></span> <span class='ocrx_word' id='word_1_415' title='bbox 2590 2248 2699 2288; x_wconf 91' lang='lat' dir='ltr'><strong>non</strong></span> <span class='ocrx_word' id='word_1_416' title='bbox 2734 2231 3031 2288; x_wconf 88' lang='lat' dir='ltr'><strong>secundum</strong></span> <span class='ocrx_word' id='word_1_417' title='bbox 3082 2230 3377 2288; x_wconf 89' lang='lat' dir='ltr'><strong>Christum.</strong></span> <span class='ocrx_word' id='word_1_418' title='bbox 3424 2232 3636 2286; x_wconf 82' lang='lat' dir='ltr'><strong>Funda-</strong></span> 
     </span>
    </p>
   </div>
   <div class='ocr_carea' id='block_1_53' title="bbox 2034 2321 3636 2396">
    <p class='ocr_par' dir='ltr' id='par_1_53' title="bbox 2034 2321 3636 2396">
     <span class='ocr_line' id='line_1_53' title="bbox 2034 2321 3636 2396; baseline 0.001 -20"><span class='ocrx_word' id='word_1_419' title='bbox 2034 2331 2274 2378; x_wconf 89' lang='lat' dir='ltr'><strong>mentum</strong></span> <span class='ocrx_word' id='word_1_420' title='bbox 2303 2330 2488 2378; x_wconf 88' lang='lat' dir='ltr'><strong>autem</strong></span> <span class='ocrx_word' id='word_1_421' title='bbox 2517 2322 2663 2377; x_wconf 84' lang='lat' dir='ltr'><strong>aliud</strong></span> <span class='ocrx_word' id='word_1_422' title='bbox 2696 2331 2896 2379; x_wconf 76' lang='lat' dir='ltr'><strong>sanctae</strong></span> <span class='ocrx_word' id='word_1_423' title='bbox 2944 2321 3066 2377; x_wconf 70' lang='lat' dir='ltr'><strong>ﬁdei</strong></span> <span class='ocrx_word' id='word_1_424' title='bbox 3090 2338 3248 2378; x_wconf 91' lang='lat' dir='ltr'><strong>nemo</strong></span> <span class='ocrx_word' id='word_1_425' title='bbox 3270 2333 3447 2393; x_wconf 85' lang='lat' dir='ltr'><strong>potest</strong></span> <span class='ocrx_word' id='word_1_426' title='bbox 3470 2340 3636 2396; x_wconf 82' lang='lat' dir='ltr'><strong>pone-</strong></span> 
     </span>
    </p>
   </div>
   <div class='ocr_carea' id='block_1_54' title="bbox 2035 2412 3636 2485">
    <p class='ocr_par' dir='ltr' id='par_1_54' title="bbox 2035 2412 3636 2485">
     <span class='ocr_line' id='line_1_54' title="bbox 2035 2412 3636 2485; baseline 0.001 -19"><span class='ocrx_word' id='word_1_427' title='bbox 2035 2429 2094 2468; x_wconf 89' lang='lat' dir='ltr'><strong>re</strong></span> <span class='ocrx_word' id='word_1_428' title='bbox 2124 2422 2319 2485; x_wconf 74' lang='lat' dir='ltr'><strong>prteter</strong></span> <span class='ocrx_word' id='word_1_429' title='bbox 2348 2412 2403 2467; x_wconf 91' lang='lat' dir='ltr'><strong>id</strong></span> <span class='ocrx_word' id='word_1_430' title='bbox 2432 2413 2576 2482; x_wconf 90' lang='lat' dir='ltr'><strong>quod</strong></span> <span class='ocrx_word' id='word_1_431' title='bbox 2601 2413 2832 2483; x_wconf 88' lang='lat' dir='ltr'><strong>positum</strong></span> <span class='ocrx_word' id='word_1_432' title='bbox 2862 2421 2968 2481; x_wconf 89' lang='lat' dir='ltr'><strong>cst,</strong></span> <span class='ocrx_word' id='word_1_433' title='bbox 2998 2413 3141 2483; x_wconf 90' lang='lat' dir='ltr'><strong>quod</strong></span> <span class='ocrx_word' id='word_1_434' title='bbox 3172 2422 3256 2468; x_wconf 90' lang='lat' dir='ltr'><strong>est</strong></span> <span class='ocrx_word' id='word_1_435' title='bbox 3282 2414 3524 2469; x_wconf 84' lang='lat' dir='ltr'><strong>Christus</strong></span> <span class='ocrx_word' id='word_1_436' title='bbox 3549 2413 3636 2468; x_wconf 86' lang='lat' dir='ltr'><strong>Je-</strong></span> 
     </span>
    </p>
   </div>
   <div class='ocr_carea' id='block_1_55' title="bbox 2034 2504 3635 2575">
    <p class='ocr_par' dir='ltr' id='par_1_55' title="bbox 2034 2504 3635 2575">
     <span class='ocr_line' id='line_1_55' title="bbox 2034 2504 3635 2575; baseline -0.002 -13"><span class='ocrx_word' id='word_1_437' title='bbox 2034 2523 2147 2562; x_wconf 86' lang='lat' dir='ltr'><strong>sus.</strong></span> <span class='ocrx_word' id='word_1_438' title='bbox 2178 2504 2332 2561; x_wconf 90' lang='lat' dir='ltr'><strong>State</strong></span> <span class='ocrx_word' id='word_1_439' title='bbox 2373 2506 2535 2571; x_wconf 79' lang='lat' dir='ltr'><strong>igitur</strong></span> <span class='ocrx_word' id='word_1_440' title='bbox 2574 2505 2630 2559; x_wconf 91' lang='lat' dir='ltr'><strong>in</strong></span> <span class='ocrx_word' id='word_1_441' title='bbox 2666 2521 2773 2561; x_wconf 94' lang='lat' dir='ltr'><strong>uno</strong></span> <span class='ocrx_word' id='word_1_442' title='bbox 2807 2506 2999 2575; x_wconf 90' lang='lat' dir='ltr'><strong>spiritu</strong></span> <span class='ocrx_word' id='word_1_443' title='bbox 3047 2505 3351 2570; x_wconf 85' lang='lat' dir='ltr'><strong>unanimes,</strong></span> <span class='ocrx_word' id='word_1_444' title='bbox 3397 2506 3635 2559; x_wconf 85' lang='lat' dir='ltr'><strong>collabo-</strong></span> 
     </span>
    </p>
   </div>
   <div class='ocr_carea' id='block_1_56' title="bbox 2035 2595 3707 2675">
    <p class='ocr_par' dir='ltr' id='par_1_56' title="bbox 2035 2595 3707 2675">
     <span class='ocr_line' id='line_1_56' title="bbox 2035 2595 3707 2675; baseline -0.001 -23"><span class='ocrx_word' id='word_1_445' title='bbox 2035 2605 2217 2653; x_wconf 88' lang='lat' dir='ltr'><strong>rantcs</strong></span> <span class='ocrx_word' id='word_1_446' title='bbox 2266 2596 2389 2651; x_wconf 88' lang='lat' dir='ltr'><strong>fidei</strong></span> <span class='ocrx_word' id='word_1_447' title='bbox 2439 2595 2748 2664; x_wconf 85' lang='lat' dir='ltr'><strong>Evangelii,</strong></span> <span class='ocrx_word' id='word_1_448' title='bbox 2798 2604 2854 2650; x_wconf 89' lang='lat' dir='ltr'><strong>et</strong></span> <span class='ocrx_word' id='word_1_449' title='bbox 2903 2598 2957 2650; x_wconf 88' lang='lat' dir='ltr'><strong>in</strong></span> <span class='ocrx_word' id='word_1_450' title='bbox 3011 2596 3159 2650; x_wconf 90' lang='lat' dir='ltr'><strong>nullo</strong></span> <span class='ocrx_word' id='word_1_451' title='bbox 3205 2596 3516 2650; x_wconf 88' lang='lat' dir='ltr'><strong>terrcamiui</strong></span> <span class='ocrx_word' id='word_1_452' title='bbox 3571 2597 3635 2651; x_wconf 86' lang='lat' dir='ltr'><strong>ah</strong></span> <span class='ocrx_word' id='word_1_453' title='bbox 3680 2660 3707 2675; x_wconf 48' lang='lat' dir='ltr'><em>I</em></span> 
     </span>
    </p>
   </div>
   <div class='ocr_carea' id='block_1_57' title="bbox 2037 2688 3637 2761">
    <p class='ocr_par' dir='ltr' id='par_1_57' title="bbox 2037 2688 3637 2761">
     <span class='ocr_line' id='line_1_57' title="bbox 2037 2688 3637 2761; baseline 0.001 -16"><span class='ocrx_word' id='word_1_454' title='bbox 2037 2689 2363 2746; x_wconf 88' lang='lat' dir='ltr'><strong>adversariis</strong></span> <span class='ocrx_word' id='word_1_455' title='bbox 2385 2688 2609 2761; x_wconf 79' lang='lat' dir='ltr'><strong>(Philip.</strong></span> <span class='ocrx_word' id='word_1_456' title='bbox 2638 2689 2700 2761; x_wconf 85' lang='grc' dir='ltr'><strong>ι),</strong></span> <span class='ocrx_word' id='word_1_457' title='bbox 2744 2688 3111 2744; x_wconf 89' lang='lat' dir='ltr'><strong>custodientes</strong></span> <span class='ocrx_word' id='word_1_458' title='bbox 3142 2690 3458 2745; x_wconf 90' lang='lat' dir='ltr'><strong>traditiones</strong></span> <span class='ocrx_word' id='word_1_459' title='bbox 3504 2706 3637 2760; x_wconf 88' lang='lat' dir='ltr'><strong>quas</strong></span> 
     </span>
    </p>
   </div>
   <div class='ocr_carea' id='block_1_58' title="bbox 2037 2780 3636 2853">
    <p class='ocr_par' dir='ltr' id='par_1_58' title="bbox 2037 2780 3636 2853">
     <span class='ocr_line' id='line_1_58' title="bbox 2037 2780 3636 2853; baseline -0.001 -16"><span class='ocrx_word' id='word_1_460' title='bbox 2037 2782 2345 2853; x_wconf 88' lang='lat' dir='ltr'><strong>accepistis,</strong></span> <span class='ocrx_word' id='word_1_461' title='bbox 2376 2782 2490 2837; x_wconf 88' lang='lat' dir='ltr'><strong>sive</strong></span> <span class='ocrx_word' id='word_1_462' title='bbox 2518 2796 2550 2835; x_wconf 90' lang='lat' dir='ltr'><strong>a</strong></span> <span class='ocrx_word' id='word_1_463' title='bbox 2580 2780 2783 2836; x_wconf 89' lang='lat' dir='ltr'><strong>sanctis</strong></span> <span class='ocrx_word' id='word_1_464' title='bbox 2811 2788 2867 2836; x_wconf 91' lang='lat' dir='ltr'><strong>et</strong></span> <span class='ocrx_word' id='word_1_465' title='bbox 2893 2781 3216 2836; x_wconf 87' lang='lat' dir='ltr'><strong>beatissimis</strong></span> <span class='ocrx_word' id='word_1_466' title='bbox 3242 2780 3511 2847; x_wconf 83' lang='lat' dir='ltr'><strong>Patrihus,</strong></span> <span class='ocrx_word' id='word_1_467' title='bbox 3542 2781 3636 2850; x_wconf 86' lang='lat' dir='ltr'><strong>qui</strong></span> 
     </span>
    </p>
   </div>
   <div class='ocr_carea' id='block_1_59' title="bbox 2037 2874 3637 2947">
    <p class='ocr_par' dir='ltr' id='par_1_59' title="bbox 2037 2874 3637 2947">
     <span class='ocr_line' id='line_1_59' title="bbox 2037 2874 3637 2947; baseline -0.001 -18"><span class='ocrx_word' id='word_1_468' title='bbox 2037 2876 2182 2947; x_wconf 89' lang='lat' dir='ltr'><strong>apud</strong></span> <span class='ocrx_word' id='word_1_469' title='bbox 2226 2875 2459 2930; x_wconf 63' lang='lat' dir='ltr'><strong>Nic-team</strong></span> <span class='ocrx_word' id='word_1_470' title='bbox 2492 2874 2648 2929; x_wconf 85' lang='lat' dir='ltr'><strong>fidem</strong></span> <span class='ocrx_word' id='word_1_471' title='bbox 2691 2874 3060 2945; x_wconf 76' lang='lat' dir='ltr'><strong>promulgasse</strong></span> <span class='ocrx_word' id='word_1_472' title='bbox 3115 2884 3430 2939; x_wconf 88' lang='lat' dir='ltr'><strong>noscuntur,</strong></span> <span class='ocrx_word' id='word_1_473' title='bbox 3484 2891 3579 2929; x_wconf 89' lang='lat' dir='ltr'><strong>seu</strong></span> <span class='ocrx_word' id='word_1_474' title='bbox 3608 2891 3637 2928; x_wconf 92' lang='lat' dir='ltr'><strong>a</strong></span> 
     </span>
    </p>
   </div>
   <div class='ocr_carea' id='block_1_60' title="bbox 2036 2966 3637 3038">
    <p class='ocr_par' dir='ltr' id='par_1_60' title="bbox 2036 2966 3637 3038">
     <span class='ocr_line' id='line_1_60' title="bbox 2036 2966 3637 3038; baseline 0.001 -15"><span class='ocrx_word' id='word_1_475' title='bbox 2036 2969 2239 3025; x_wconf 87' lang='lat' dir='ltr'><strong>sanctis</strong></span> <span class='ocrx_word' id='word_1_476' title='bbox 2265 2976 2323 3023; x_wconf 91' lang='lat' dir='ltr'><strong>et</strong></span> <span class='ocrx_word' id='word_1_477' title='bbox 2350 2966 2671 3023; x_wconf 89' lang='lat' dir='ltr'><strong>venerandis</strong></span> <span class='ocrx_word' id='word_1_478' title='bbox 2699 2967 2919 3033; x_wconf 85' lang='lat' dir='ltr'><strong>Basilio,</strong></span> <span class='ocrx_word' id='word_1_479' title='bbox 2958 2966 3242 3036; x_wconf 76' lang='lat' dir='ltr'><strong>Gregorio,</strong></span> <span class='ocrx_word' id='word_1_480' title='bbox 3305 2983 3369 3023; x_wconf 90' lang='lat' dir='ltr'><strong>ac</strong></span> <span class='ocrx_word' id='word_1_481' title='bbox 3419 2968 3637 3038; x_wconf 79' lang='lat' dir='ltr'><strong>reliquis</strong></span> 
     </span>
    </p>
   </div>
   <div class='ocr_carea' id='block_1_61' title="bbox 2038 3058 3638 3127">
    <p class='ocr_par' dir='ltr' id='par_1_61' title="bbox 2038 3058 3638 3127">
     <span class='ocr_line' id='line_1_61' title="bbox 2038 3058 3638 3127; baseline -0.001 -12"><span class='ocrx_word' id='word_1_482' title='bbox 2038 3060 2228 3115; x_wconf 88' lang='lat' dir='ltr'><strong>eadem</strong></span> <span class='ocrx_word' id='word_1_483' title='bbox 2280 3058 2679 3115; x_wconf 85' lang='lat' dir='ltr'><strong>sentientibus:</strong></span> <span class='ocrx_word' id='word_1_484' title='bbox 2711 3073 2943 3127; x_wconf 90' lang='lat' dir='ltr'><strong>quorum</strong></span> <span class='ocrx_word' id='word_1_485' title='bbox 2987 3059 3203 3113; x_wconf 89' lang='lat' dir='ltr'><strong>nomina</strong></span> <span class='ocrx_word' id='word_1_486' title='bbox 3230 3058 3283 3111; x_wconf 92' lang='lat' dir='ltr'><strong>in</strong></span> <span class='ocrx_word' id='word_1_487' title='bbox 3333 3058 3471 3113; x_wconf 88' lang='lat' dir='ltr'><strong>libro</strong></span> <span class='ocrx_word' id='word_1_488' title='bbox 3519 3059 3638 3114; x_wconf 74' lang='lat' dir='ltr'><strong>vita:</strong></span> 
     </span>
    </p>
   </div>
   <div class='ocr_carea' id='block_1_62' title="bbox 326 3148 3639 3225">
    <p class='ocr_par' dir='ltr' id='par_1_62' title="bbox 326 3148 3639 3225">
     <span class='ocr_line' id='line_1_62' title="bbox 326 3148 3639 3225; baseline -0.001 -16"><span class='ocrx_word' id='word_1_489' title='bbox 326 3160 434 3219; x_wconf 65' lang='lat' dir='ltr'><strong>tus,</strong></span> <span class='ocrx_word' id='word_1_490' title='bbox 457 3153 694 3219; x_wconf 88' lang='lat' dir='ltr'><strong>existat;</strong></span> <span class='ocrx_word' id='word_1_491' title='bbox 724 3152 1005 3208; x_wconf 85' lang='lat' dir='ltr'><strong>dixitcum</strong></span> <span class='ocrx_word' id='word_1_492' title='bbox 1035 3152 1126 3220; x_wconf 90' lang='lat' dir='ltr'><strong>qui</strong></span> <span class='ocrx_word' id='word_1_493' title='bbox 1150 3158 1252 3216; x_wconf 91' lang='lat' dir='ltr'><strong>est,</strong></span> <span class='ocrx_word' id='word_1_494' title='bbox 1280 3160 1340 3205; x_wconf 87' lang='lat' dir='ltr'><strong>ut</strong></span> <span class='ocrx_word' id='word_1_495' title='bbox 1367 3167 1491 3206; x_wconf 88' lang='lat' dir='ltr'><strong>eum</strong></span> <span class='ocrx_word' id='word_1_496' title='bbox 1516 3152 1632 3206; x_wconf 90' lang='lat' dir='ltr'><strong>sine</strong></span> <span class='ocrx_word' id='word_1_497' title='bbox 1658 3151 1813 3206; x_wconf 90' lang='lat' dir='ltr'><strong>initio</strong></span> <span class='ocrx_word' id='word_1_498' title='bbox 1834 3151 1931 3206; x_wconf 90' lang='lat' dir='ltr'><strong>dc-</strong></span> <span class='ocrx_word' id='word_1_499' title='bbox 1959 3162 2005 3225; x_wconf 72' lang='grc' dir='ltr'>ε</span> <span class='ocrx_word' id='word_1_500' title='bbox 2037 3151 2235 3222; x_wconf 88' lang='lat' dir='ltr'><strong>scripta</strong></span> <span class='ocrx_word' id='word_1_501' title='bbox 2257 3158 2403 3206; x_wconf 89' lang='lat' dir='ltr'><strong>sunt.</strong></span> <span class='ocrx_word' id='word_1_502' title='bbox 2431 3148 2659 3205; x_wconf 90' lang='lat' dir='ltr'><strong>Omnem</strong></span> <span class='ocrx_word' id='word_1_503' title='bbox 2684 3148 3077 3205; x_wconf 80' lang='lat' dir='ltr'><strong>fraternitatem</strong></span> <span class='ocrx_word' id='word_1_504' title='bbox 3128 3164 3249 3219; x_wconf 67' lang='lat' dir='ltr'><strong>qua:</strong></span> <span class='ocrx_word' id='word_1_505' title='bbox 3284 3149 3561 3203; x_wconf 88' lang='lat' dir='ltr'><strong>vobiscum</strong></span> <span class='ocrx_word' id='word_1_506' title='bbox 3587 3149 3639 3207; x_wconf 87' lang='lat' dir='ltr'><strong>in</strong></span> 
     </span>
    </p>
   </div>
   <div class='ocr_carea' id='block_1_63' title="bbox 335 3243 1938 3313">
    <p class='ocr_par' dir='ltr' id='par_1_63' title="bbox 335 3243 1938 3313">
     <span class='ocr_line' id='line_1_63' title="bbox 335 3243 1938 3313; baseline -0.004 -12"><span class='ocrx_word' id='word_1_507' title='bbox 335 3246 501 3302; x_wconf 57' lang='lat' dir='ltr'><strong>claret</strong></span> <span class='ocrx_word' id='word_1_508' title='bbox 526 3261 542 3313; x_wconf 90' lang='lat'><strong>;</strong></span> <span class='ocrx_word' id='word_1_509' title='bbox 573 3245 709 3300; x_wconf 82' lang='lat' dir='ltr'><strong>dixit</strong></span> <span class='ocrx_word' id='word_1_510' title='bbox 737 3259 861 3300; x_wconf 84' lang='lat' dir='ltr'><strong>eum</strong></span> <span class='ocrx_word' id='word_1_511' title='bbox 890 3258 1054 3313; x_wconf 89' lang='lat' dir='ltr'><strong>super</strong></span> <span class='ocrx_word' id='word_1_512' title='bbox 1083 3244 1289 3311; x_wconf 85' lang='lat' dir='ltr'><strong>omnia,</strong></span> <span class='ocrx_word' id='word_1_513' title='bbox 1346 3251 1405 3297; x_wconf 92' lang='lat' dir='ltr'><strong>ut</strong></span> <span class='ocrx_word' id='word_1_514' title='bbox 1460 3243 1628 3298; x_wconf 87' lang='lat' dir='ltr'><strong>totius</strong></span> <span class='ocrx_word' id='word_1_515' title='bbox 1672 3250 1938 3297; x_wconf 75' lang='lat' dir='ltr'><strong>creatune</strong></span> 
     </span>
    </p>
   </div>
   <div class='ocr_carea' id='block_1_64' title="bbox 328 3332 1938 3407">
    <p class='ocr_par' dir='ltr' id='par_1_64' title="bbox 328 3332 1938 3407">
     <span class='ocr_line' id='line_1_64' title="bbox 328 3332 1938 3407; baseline -0.003 -15"><span class='ocrx_word' id='word_1_516' title='bbox 328 3334 616 3392; x_wconf 84' lang='lat' dir='ltr'><strong>Dominum</strong></span> <span class='ocrx_word' id='word_1_517' title='bbox 648 3335 934 3407; x_wconf 68' lang='lat' dir='ltr'><strong>prmdieet;</strong></span> <span class='ocrx_word' id='word_1_518' title='bbox 960 3333 1094 3389; x_wconf 80' lang='lat' dir='ltr'><strong>dixit</strong></span> <span class='ocrx_word' id='word_1_519' title='bbox 1120 3349 1243 3388; x_wconf 91' lang='lat' dir='ltr'><strong>cum</strong></span> <span class='ocrx_word' id='word_1_520' title='bbox 1277 3332 1585 3399; x_wconf 82' lang='lat' dir='ltr'><strong>Dominum,</strong></span> <span class='ocrx_word' id='word_1_521' title='bbox 1630 3347 1698 3387; x_wconf 92' lang='lat' dir='ltr'><strong>ne</strong></span> <span class='ocrx_word' id='word_1_522' title='bbox 1728 3332 1938 3403; x_wconf 83' lang='lat' dir='ltr'><strong>passio-</strong></span> 
     </span>
    </p>
   </div>
   <div class='ocr_carea' id='block_1_65' title="bbox 330 3421 1940 3497">
    <p class='ocr_par' dir='ltr' id='par_1_65' title="bbox 330 3421 1940 3497">
     <span class='ocr_line' id='line_1_65' title="bbox 330 3421 1940 3497; baseline -0.004 -14"><span class='ocrx_word' id='word_1_523' title='bbox 330 3428 489 3483; x_wconf 85' lang='lat' dir='ltr'><strong>nihus</strong></span> <span class='ocrx_word' id='word_1_524' title='bbox 517 3426 810 3497; x_wconf 89' lang='lat' dir='ltr'><strong>habituque</strong></span> <span class='ocrx_word' id='word_1_525' title='bbox 839 3424 1072 3481; x_wconf 90' lang='lat' dir='ltr'><strong>traducti</strong></span> <span class='ocrx_word' id='word_1_526' title='bbox 1127 3424 1503 3480; x_wconf 88' lang='lat' dir='ltr'><strong>intemeratam</strong></span> <span class='ocrx_word' id='word_1_527' title='bbox 1534 3423 1653 3493; x_wconf 84' lang='lat' dir='ltr'><strong>ejus</strong></span> <span class='ocrx_word' id='word_1_528' title='bbox 1678 3421 1940 3477; x_wconf 86' lang='lat' dir='ltr'><strong>audemus</strong></span> 
     </span>
    </p>
   </div>
   <div class='ocr_carea' id='block_1_66' title="bbox 331 3513 1939 3592">
    <p class='ocr_par' dir='ltr' id='par_1_66' title="bbox 331 3513 1939 3592">
     <span class='ocr_line' id='line_1_66' title="bbox 331 3513 1939 3592; baseline -0.005 -16"><span class='ocrx_word' id='word_1_529' title='bbox 331 3535 533 3592; x_wconf 87' lang='lat' dir='ltr'><strong>negare</strong></span> <span class='ocrx_word' id='word_1_530' title='bbox 561 3519 917 3575; x_wconf 88' lang='lat' dir='ltr'><strong>substantiam</strong></span> <span class='ocrx_word' id='word_1_531' title='bbox 945 3533 962 3585; x_wconf 85' lang='lat'><strong>;</strong></span> <span class='ocrx_word' id='word_1_532' title='bbox 991 3517 1130 3572; x_wconf 73' lang='lat' dir='ltr'><strong>dixit</strong></span> <span class='ocrx_word' id='word_1_533' title='bbox 1155 3515 1527 3583; x_wconf 84' lang='lat' dir='ltr'><strong>benedictum,</strong></span> <span class='ocrx_word' id='word_1_534' title='bbox 1571 3522 1631 3569; x_wconf 94' lang='lat' dir='ltr'><strong>ut</strong></span> <span class='ocrx_word' id='word_1_535' title='bbox 1653 3513 1939 3568; x_wconf 89' lang='lat' dir='ltr'><strong>adoremus</strong></span> 
     </span>
    </p>
   </div>
   <div class='ocr_carea' id='block_1_67' title="bbox 330 3610 1941 3684">
    <p class='ocr_par' dir='ltr' id='par_1_67' title="bbox 330 3610 1941 3684">
     <span class='ocr_line' id='line_1_67' title="bbox 330 3610 1941 3684; baseline -0.005 -16"><span class='ocrx_word' id='word_1_536' title='bbox 330 3627 455 3668; x_wconf 81' lang='lat' dir='ltr'><strong>eum</strong></span> <span class='ocrx_word' id='word_1_537' title='bbox 480 3621 733 3684; x_wconf 88' lang='lat' dir='ltr'><strong>tanquam</strong></span> <span class='ocrx_word' id='word_1_538' title='bbox 763 3614 1192 3684; x_wconf 90' lang='lat' dir='ltr'><strong>omnipotentem</strong></span> <span class='ocrx_word' id='word_1_539' title='bbox 1223 3610 1558 3680; x_wconf 87' lang='lat' dir='ltr'><strong>suppliciter,</strong></span> <span class='ocrx_word' id='word_1_540' title='bbox 1594 3623 1695 3662; x_wconf 86' lang='lat' dir='ltr'><strong>nec</strong></span> <span class='ocrx_word' id='word_1_541' title='bbox 1723 3616 1782 3663; x_wconf 91' lang='lat' dir='ltr'><strong>ut</strong></span> <span class='ocrx_word' id='word_1_542' title='bbox 1809 3622 1941 3662; x_wconf 87' lang='lat' dir='ltr'><strong>con-</strong></span> 
     </span>
    </p>
   </div>
   <div class='ocr_carea' id='block_1_68' title="bbox 328 3702 1938 3777">
    <p class='ocr_par' dir='ltr' id='par_1_68' title="bbox 328 3702 1938 3777">
     <span class='ocr_line' id='line_1_68' title="bbox 328 3702 1938 3777; baseline -0.004 -16"><span class='ocrx_word' id='word_1_543' title='bbox 328 3706 849 3761; x_wconf 87' lang='lat' dir='ltr'><strong>servumcalumniis</strong></span> <span class='ocrx_word' id='word_1_544' title='bbox 871 3703 1382 3777; x_wconf 88' lang='lat' dir='ltr'><strong>appetamus;dixit</strong></span> <span class='ocrx_word' id='word_1_545' title='bbox 1427 3718 1553 3758; x_wconf 90' lang='lat' dir='ltr'><strong>cum</strong></span> <span class='ocrx_word' id='word_1_546' title='bbox 1610 3702 1664 3757; x_wconf 90' lang='lat' dir='ltr'><strong>in</strong></span> <span class='ocrx_word' id='word_1_547' title='bbox 1716 3702 1938 3763; x_wconf 69' lang='lat' dir='ltr'><strong>sazcula,</strong></span> 
     </span>
    </p>
   </div>
   <div class='ocr_carea' id='block_1_69' title="bbox 2038 3244 3639 3316">
    <p class='ocr_par' dir='ltr' id='par_1_69' title="bbox 2038 3244 3639 3316">
     <span class='ocr_line' id='line_1_69' title="bbox 2038 3244 3639 3316; baseline -0.001 -15"><span class='ocrx_word' id='word_1_548' title='bbox 2038 3246 2254 3301; x_wconf 91' lang='lat' dir='ltr'><strong>Christo</strong></span> <span class='ocrx_word' id='word_1_549' title='bbox 2276 3254 2381 3314; x_wconf 88' lang='lat' dir='ltr'><strong>est,</strong></span> <span class='ocrx_word' id='word_1_550' title='bbox 2431 3258 2533 3314; x_wconf 85' lang='lat' dir='ltr'><strong>ego</strong></span> <span class='ocrx_word' id='word_1_551' title='bbox 2554 3253 2612 3301; x_wconf 89' lang='lat' dir='ltr'><strong>et</strong></span> <span class='ocrx_word' id='word_1_552' title='bbox 2638 3244 2730 3316; x_wconf 89' lang='lat' dir='ltr'><strong>qui</strong></span> <span class='ocrx_word' id='word_1_553' title='bbox 2784 3260 2995 3300; x_wconf 86' lang='lat' dir='ltr'><strong>mecum</strong></span> <span class='ocrx_word' id='word_1_554' title='bbox 3028 3253 3152 3300; x_wconf 88' lang='lat' dir='ltr'><strong>sunt</strong></span> <span class='ocrx_word' id='word_1_555' title='bbox 3191 3245 3479 3315; x_wconf 88' lang='lat' dir='ltr'><strong>plurimum</strong></span> <span class='ocrx_word' id='word_1_556' title='bbox 3507 3245 3639 3300; x_wconf 84' lang='lat' dir='ltr'><strong>salu-</strong></span> 
     </span>
    </p>
   </div>
   <div class='ocr_carea' id='block_1_70' title="bbox 2039 3343 2219 3391">
    <p class='ocr_par' dir='ltr' id='par_1_70' title="bbox 2039 3343 2219 3391">
     <span class='ocr_line' id='line_1_70' title="bbox 2039 3343 2219 3391; baseline 0 0"><span class='ocrx_word' id='word_1_557' title='bbox 2039 3343 2219 3391; x_wconf 88' lang='lat' dir='ltr'><strong>tamus</strong></span> 
     </span>
    </p>
   </div>
   <div class='ocr_carea' id='block_1_71' title="bbox 2114 3427 3639 3502">
    <p class='ocr_par' dir='ltr' id='par_1_71' title="bbox 2114 3427 3639 3502">
     <span class='ocr_line' id='line_1_71' title="bbox 2114 3427 3639 3502; baseline 0 -19"><span class='ocrx_word' id='word_1_558' title='bbox 2114 3429 2269 3502; x_wconf 78' lang='grc' dir='ltr'><strong>[Ηωσ</strong></span> <span class='ocrx_word' id='word_1_559' title='bbox 2290 3430 2475 3484; x_wconf 60' lang='lat' dir='ltr'><strong>desunt</strong></span> <span class='ocrx_word' id='word_1_560' title='bbox 2499 3432 2549 3484; x_wconf 73' lang='lat' dir='ltr'><strong>iu</strong></span> <span class='ocrx_word' id='word_1_561' title='bbox 2570 3427 2798 3501; x_wconf 61' lang='grc' dir='ltr'><strong>ϐιαία]</strong></span> <span class='ocrx_word' id='word_1_562' title='bbox 2828 3428 2959 3483; x_wconf 89' lang='lat' dir='ltr'><strong>Data</strong></span> <span class='ocrx_word' id='word_1_563' title='bbox 2980 3429 3478 3501; x_wconf 87' lang='lat' dir='ltr'><strong>Constantinopol..</strong></span> <span class='ocrx_word' id='word_1_564' title='bbox 3508 3446 3639 3483; x_wconf 82' lang='lat' dir='ltr'><strong>con-</strong></span> 
     </span>
    </p>
   </div>
   <div class='ocr_carea' id='block_1_72' title="bbox 2040 3520 3645 3602">
    <p class='ocr_par' dir='ltr' id='par_1_72' title="bbox 2040 3520 3645 3602">
     <span class='ocr_line' id='line_1_72' title="bbox 2040 3520 3645 3602; baseline -0.001 -25"><span class='ocrx_word' id='word_1_565' title='bbox 2040 3520 2218 3577; x_wconf 88' lang='lat' dir='ltr'><strong>sulatu</strong></span> <span class='ocrx_word' id='word_1_566' title='bbox 2249 3522 2610 3592; x_wconf 85' lang='lat' dir='ltr'><strong>piissimorum</strong></span> <span class='ocrx_word' id='word_1_567' title='bbox 2634 3521 2926 3578; x_wconf 82' lang='lat' dir='ltr'><strong>Theodosii</strong></span> <span class='ocrx_word' id='word_1_568' title='bbox 2954 3522 3179 3593; x_wconf 83' lang='lat' dir='ltr'><strong>August.</strong></span> <span class='ocrx_word' id='word_1_569' title='bbox 3225 3531 3361 3602; x_wconf 46' lang='lat' dir='ltr'><strong>v‘et</strong></span> <span class='ocrx_word' id='word_1_570' title='bbox 3404 3523 3645 3577; x_wconf 76' lang='lat' dir='ltr'><strong>Valenti-</strong></span> 
     </span>
    </p>
   </div>
   <div class='ocr_carea' id='block_1_73' title="bbox 2045 3630 2294 3668">
    <p class='ocr_par' dir='ltr' id='par_1_73' title="bbox 2045 3630 2294 3668">
     <span class='ocr_line' id='line_1_73' title="bbox 2045 3630 2294 3668; baseline 0 0"><span class='ocrx_word' id='word_1_571' title='bbox 2045 3630 2190 3668; x_wconf 70' lang='lat' dir='ltr'><strong>&quot;lat&quot;</strong></span> <span class='ocrx_word' id='word_1_572' title='bbox 2223 3630 2294 3668; x_wconf 82' lang='grc' dir='ltr'><strong>ιν.</strong></span> 
     </span>
    </p>
   </div>
   <div class='ocr_carea' id='block_1_74' title="bbox 330 3859 3621 3891">
    <p class='ocr_par' dir='ltr' id='par_1_74' title="bbox 346 3859 427 3861">
     <span class='ocr_line' id='line_1_74' title="bbox 346 3859 427 3861; baseline -0.012 0"><span class='ocrx_word' id='word_1_573' title='bbox 346 3859 410 3861; x_wconf 75' lang='lat'>_</span> <span class='ocrx_word' id='word_1_574' title='bbox 424 3859 427 3860; x_wconf 30' lang='grc' dir='ltr'><em>ν</em></span> 
     </span>
    </p>
   </div>
   <div class='ocr_carea' id='block_1_75' title="bbox 734 3937 3216 4008">
    <p class='ocr_par' dir='ltr' id='par_1_75' title="bbox 734 3937 3216 4008">
     <span class='ocr_line' id='line_1_75' title="bbox 734 3937 3216 4008; baseline -0.005 0"><span class='ocrx_word' id='word_1_575' title='bbox 734 3949 1027 4008; x_wconf 72' lang='grc' dir='ltr'><strong>ωυΝγδιι</strong></span> <span class='ocrx_word' id='word_1_576' title='bbox 1065 3947 1305 4005; x_wconf 71' lang='grc' dir='ltr'>Εχιςυι</span> <span class='ocrx_word' id='word_1_577' title='bbox 1344 3948 1436 4004; x_wconf 81' lang='lat' dir='ltr'><strong>DE</strong></span> <span class='ocrx_word' id='word_1_578' title='bbox 1470 3945 1887 4003; x_wconf 74' lang='lat' dir='ltr'><strong>INVENTIUNE</strong></span> <span class='ocrx_word' id='word_1_579' title='bbox 1923 3941 2199 3999; x_wconf 80' lang='lat' dir='ltr'><strong>CAPlTlS</strong></span> <span class='ocrx_word' id='word_1_580' title='bbox 2233 3942 2484 4001; x_wconf 76' lang='lat' dir='ltr'><strong>SANCTI</strong></span> <span class='ocrx_word' id='word_1_581' title='bbox 2523 3940 2811 3999; x_wconf 70' lang='lat' dir='ltr'><strong>JOANNIS</strong></span> <span class='ocrx_word' id='word_1_582' title='bbox 2853 3937 3216 3996; x_wconf 66' lang='lat' dir='ltr'><strong>BAP&#39;l&#39;lSTE</strong></span> 
     </span>
    </p>
   </div>
   <div class='ocr_carea' id='block_1_76' title="bbox 1689 4098 2286 4174">
    <p class='ocr_par' dir='ltr' id='par_1_76' title="bbox 1689 4098 2286 4174">
     <span class='ocr_line' id='line_1_76' title="bbox 1689 4098 2286 4174; baseline 0.002 -2"><span class='ocrx_word' id='word_1_583' title='bbox 1689 4098 2286 4174; x_wconf 83' lang='lat' dir='ltr'><strong>PROLOGUS.</strong></span> 
     </span>
    </p>
   </div>
   <div class='ocr_carea' id='block_1_77' title="bbox 408 4248 1940 4322">
    <p class='ocr_par' dir='ltr' id='par_1_77' title="bbox 408 4248 1940 4322">
     <span class='ocr_line' id='line_1_77' title="bbox 408 4248 1940 4322; baseline -0.011 -3"><span class='ocrx_word' id='word_1_584' title='bbox 408 4262 639 4319; x_wconf 84' lang='lat' dir='ltr'><strong>Domino</strong></span> <span class='ocrx_word' id='word_1_585' title='bbox 681 4255 988 4315; x_wconf 87' lang='lat' dir='ltr'><strong>venerando</strong></span> <span class='ocrx_word' id='word_1_586' title='bbox 1035 4254 1167 4310; x_wconf 92' lang='lat' dir='ltr'><strong>mihi</strong></span> <span class='ocrx_word' id='word_1_587' title='bbox 1193 4250 1498 4308; x_wconf 75' lang='lat' dir='ltr'><strong>Gaudentio</strong></span> <span class='ocrx_word' id='word_1_588' title='bbox 1526 4248 1708 4305; x_wconf 89' lang='lat' dir='ltr'><strong>abbati</strong></span> <span class='ocrx_word' id='word_1_589' title='bbox 1738 4248 1940 4322; x_wconf 82' lang='lat' dir='ltr'><strong>Diony-</strong></span> 
     </span>
    </p>
   </div>
   <div class='ocr_carea' id='block_1_78' title="bbox 361 4372 467 4411">
    <p class='ocr_par' dir='ltr' id='par_1_78' title="bbox 361 4372 467 4411">
     <span class='ocr_line' id='line_1_78' title="bbox 361 4372 467 4411; baseline -0.028 0"><span class='ocrx_word' id='word_1_590' title='bbox 361 4372 467 4411; x_wconf 75' lang='grc'><strong>108.</strong></span> 
     </span>
    </p>
   </div>
   <div class='ocr_carea' id='block_1_79' title="bbox 331 4372 1938 4505">
    <p class='ocr_par' dir='ltr' id='par_1_79' title="bbox 331 4372 1938 4505">
     <span class='ocr_line' id='line_1_79' title="bbox 361 4372 467 4411; baseline -0.028 0"><span class='ocrx_word' id='word_1_591' title='bbox 361 4372 467 4411; x_wconf 77' lang='lat' dir='ltr'><strong>ius.</strong></span> 
     </span>
     <span class='ocr_line' id='line_1_80' title="bbox 331 4372 1938 4505; baseline -0.009 -5"><span class='ocrx_word' id='word_1_592' title='bbox 331 4372 359 4412; x_wconf 65' lang='grc'><strong>8</strong></span> <span class='ocrx_word' id='word_1_593' title='bbox 407 4439 860 4499; x_wconf 87' lang='lat' dir='ltr'><strong>Charissimorum</strong></span> <span class='ocrx_word' id='word_1_594' title='bbox 890 4438 1136 4502; x_wconf 81' lang='lat' dir='ltr'><strong>fratrum,</strong></span> <span class='ocrx_word' id='word_1_595' title='bbox 1188 4449 1328 4505; x_wconf 86' lang='lat' dir='ltr'><strong>quos</strong></span> <span class='ocrx_word' id='word_1_596' title='bbox 1354 4447 1453 4503; x_wconf 89' lang='lat' dir='ltr'><strong>per</strong></span> <span class='ocrx_word' id='word_1_597' title='bbox 1479 4430 1706 4501; x_wconf 87' lang='lat' dir='ltr'><strong>gratiam</strong></span> <span class='ocrx_word' id='word_1_598' title='bbox 1737 4429 1938 4485; x_wconf 83' lang='lat' dir='ltr'><strong>Christi</strong></span> 
     </span>
    </p>
   </div>
   <div class='ocr_carea' id='block_1_80' title="bbox 2044 4243 3641 4317">
    <p class='ocr_par' dir='ltr' id='par_1_80' title="bbox 2044 4243 3641 4317">
     <span class='ocr_line' id='line_1_81' title="bbox 2044 4243 3641 4317; baseline -0.002 -13"><span class='ocrx_word' id='word_1_599' title='bbox 2044 4248 2305 4317; x_wconf 90' lang='lat' dir='ltr'><strong>tulerunt,</strong></span> <span class='ocrx_word' id='word_1_600' title='bbox 2341 4245 2465 4302; x_wconf 92' lang='lat' dir='ltr'><strong>dein</strong></span> <span class='ocrx_word' id='word_1_601' title='bbox 2493 4245 2734 4301; x_wconf 90' lang='lat' dir='ltr'><strong>ablatum</strong></span> <span class='ocrx_word' id='word_1_602' title='bbox 2763 4243 3061 4312; x_wconf 63' lang='lat' dir='ltr'><strong>Emcsenaz,</strong></span> <span class='ocrx_word' id='word_1_603' title='bbox 3096 4243 3163 4299; x_wconf 91' lang='lat' dir='ltr'><strong>de</strong></span> <span class='ocrx_word' id='word_1_604' title='bbox 3211 4243 3392 4301; x_wconf 87' lang='lat' dir='ltr'><strong>multis</strong></span> <span class='ocrx_word' id='word_1_605' title='bbox 3424 4245 3641 4317; x_wconf 84' lang='lat' dir='ltr'><strong>ignora-</strong></span> 
     </span>
    </p>
   </div>
   <div class='ocr_carea' id='block_1_81' title="bbox 2044 4337 3641 4410">
    <p class='ocr_par' dir='ltr' id='par_1_81' title="bbox 2044 4337 3641 4410">
     <span class='ocr_line' id='line_1_82' title="bbox 2044 4337 3641 4410; baseline 0 -14"><span class='ocrx_word' id='word_1_606' title='bbox 2044 4351 2159 4396; x_wconf 90' lang='lat' dir='ltr'><strong>tum</strong></span> <span class='ocrx_word' id='word_1_607' title='bbox 2206 4338 2561 4410; x_wconf 88' lang='lat' dir='ltr'><strong>temporibus,</strong></span> <span class='ocrx_word' id='word_1_608' title='bbox 2590 4339 2718 4393; x_wconf 89' lang='lat' dir='ltr'><strong>item</strong></span> <span class='ocrx_word' id='word_1_609' title='bbox 2758 4337 3041 4393; x_wconf 89' lang='lat' dir='ltr'><strong>monachis</strong></span> <span class='ocrx_word' id='word_1_610' title='bbox 3095 4353 3155 4395; x_wconf 91' lang='lat' dir='ltr'><strong>se</strong></span> <span class='ocrx_word' id='word_1_611' title='bbox 3199 4338 3524 4408; x_wconf 81' lang='lat' dir='ltr'><strong>declaravit;</strong></span> <span class='ocrx_word' id='word_1_612' title='bbox 3570 4342 3641 4401; x_wconf 76' lang='lat' dir='ltr'><strong>ita</strong></span> 
     </span>
    </p>
   </div>
   <div class='ocr_carea' id='block_1_82' title="bbox 2044 4430 3642 4504">
    <p class='ocr_par' dir='ltr' id='par_1_82' title="bbox 2044 4430 3642 4504">
     <span class='ocr_line' id='line_1_83' title="bbox 2044 4430 3642 4504; baseline 0.004 -16"><span class='ocrx_word' id='word_1_613' title='bbox 2044 4447 2188 4489; x_wconf 92' lang='lat' dir='ltr'><strong>nunc</strong></span> <span class='ocrx_word' id='word_1_614' title='bbox 2214 4430 2395 4487; x_wconf 86' lang='lat' dir='ltr'><strong>officio</strong></span> <span class='ocrx_word' id='word_1_615' title='bbox 2432 4432 2843 4499; x_wconf 90' lang='lat' dir='ltr'><strong>monachorum,</strong></span> <span class='ocrx_word' id='word_1_616' title='bbox 2872 4430 3122 4501; x_wconf 91' lang='lat' dir='ltr'><strong>quamvis</strong></span> <span class='ocrx_word' id='word_1_617' title='bbox 3167 4432 3474 4504; x_wconf 89' lang='lat' dir='ltr'><strong>humilium,</strong></span> <span class='ocrx_word' id='word_1_618' title='bbox 3500 4434 3642 4495; x_wconf 83' lang='lat' dir='ltr'><strong>hanc</strong></span> 
     </span>
    </p>
   </div>
   <div class='ocr_carea' id='block_1_83' title="bbox 272 4521 3647 4624">
    <p class='ocr_par' dir='ltr' id='par_1_83' title="bbox 272 4521 3647 4624">
     <span class='ocr_line' id='line_1_84' title="bbox 272 4521 3647 4624; baseline -0.001 -37"><span class='ocrx_word' id='word_1_619' title='bbox 272 4594 277 4597; x_wconf 98' lang='lat'>_</span> <span class='ocrx_word' id='word_1_620' title='bbox 333 4535 546 4607; x_wconf 85' lang='lat' dir='ltr'><strong>regitis,</strong></span> <span class='ocrx_word' id='word_1_621' title='bbox 596 4548 725 4588; x_wconf 89' lang='lat' dir='ltr'><strong>cura</strong></span> <span class='ocrx_word' id='word_1_622' title='bbox 767 4530 1113 4597; x_wconf 90' lang='lat' dir='ltr'><strong>studiumque</strong></span> <span class='ocrx_word' id='word_1_623' title='bbox 1163 4525 1427 4596; x_wconf 90' lang='lat' dir='ltr'><strong>compulit</strong></span> <span class='ocrx_word' id='word_1_624' title='bbox 1472 4530 1532 4578; x_wconf 90' lang='lat' dir='ltr'><strong>ut</strong></span> <span class='ocrx_word' id='word_1_625' title='bbox 1575 4522 1769 4624; x_wconf 72' lang='lat' dir='ltr'><strong>relatio</strong></span> <span class='ocrx_word' id='word_1_626' title='bbox 1821 4537 1940 4594; x_wconf 73' lang='lat' dir='ltr'><strong>qua:</strong></span> <span class='ocrx_word' id='word_1_627' title='bbox 1972 4524 2113 4624; x_wconf 86' lang='lat' dir='ltr'><strong>Dde</strong></span> <span class='ocrx_word' id='word_1_628' title='bbox 2158 4538 2218 4579; x_wconf 90' lang='lat' dir='ltr'><strong>se</strong></span> <span class='ocrx_word' id='word_1_629' title='bbox 2246 4521 2507 4578; x_wconf 83' lang='lat' dir='ltr'><strong>Romanis</strong></span> <span class='ocrx_word' id='word_1_630' title='bbox 2537 4522 2816 4577; x_wconf 89' lang='lat' dir='ltr'><strong>historiam</strong></span> <span class='ocrx_word' id='word_1_631' title='bbox 2858 4524 3206 4579; x_wconf 88' lang='lat' dir='ltr'><strong>manifestare</strong></span> <span class='ocrx_word' id='word_1_632' title='bbox 3248 4525 3499 4595; x_wconf 87' lang='lat' dir='ltr'><strong>dignatus</strong></span> <span class='ocrx_word' id='word_1_633' title='bbox 3535 4537 3647 4583; x_wconf 78' lang='lat' dir='ltr'><strong>est.</strong></span> 
     </span>
    </p>
   </div>
   <div class='ocr_carea' id='block_1_84' title="bbox 334 4612 1940 4692">
    <p class='ocr_par' dir='ltr' id='par_1_84' title="bbox 334 4612 1940 4692">
     <span class='ocr_line' id='line_1_85' title="bbox 334 4612 1940 4692; baseline -0.009 -11"><span class='ocrx_word' id='word_1_634' title='bbox 334 4626 405 4682; x_wconf 90' lang='lat' dir='ltr'><strong>de</strong></span> <span class='ocrx_word' id='word_1_635' title='bbox 435 4622 749 4680; x_wconf 89' lang='lat' dir='ltr'><strong>inventione</strong></span> <span class='ocrx_word' id='word_1_636' title='bbox 782 4620 977 4692; x_wconf 89' lang='lat' dir='ltr'><strong>capitis</strong></span> <span class='ocrx_word' id='word_1_637' title='bbox 1002 4619 1062 4674; x_wconf 87' lang='grc' dir='ltr'><strong>Β.</strong></span> <span class='ocrx_word' id='word_1_638' title='bbox 1089 4615 1315 4673; x_wconf 83' lang='lat' dir='ltr'><strong>Joannis</strong></span> <span class='ocrx_word' id='word_1_639' title='bbox 1339 4614 1590 4685; x_wconf 77' lang='lat' dir='ltr'><strong>Baptista:</strong></span> <span class='ocrx_word' id='word_1_640' title='bbox 1611 4612 1800 4669; x_wconf 68' lang='lat' dir='ltr'><strong>Graeco</strong></span> <span class='ocrx_word' id='word_1_641' title='bbox 1824 4628 1940 4669; x_wconf 89' lang='lat' dir='ltr'><strong>ser-</strong></span> 
     </span>
    </p>
   </div>
   <div class='ocr_carea' id='block_1_85' title="bbox 337 4703 1941 4784">
    <p class='ocr_par' dir='ltr' id='par_1_85' title="bbox 337 4703 1941 4784">
     <span class='ocr_line' id='line_1_86' title="bbox 337 4703 1941 4784; baseline -0.009 -11"><span class='ocrx_word' id='word_1_642' title='bbox 337 4732 503 4773; x_wconf 90' lang='lat' dir='ltr'><strong>mone</strong></span> <span class='ocrx_word' id='word_1_643' title='bbox 529 4712 837 4784; x_wconf 86' lang='lat' dir='ltr'><strong>conscripta</strong></span> <span class='ocrx_word' id='word_1_644' title='bbox 866 4718 970 4776; x_wconf 90' lang='lat' dir='ltr'><strong>est,</strong></span> <span class='ocrx_word' id='word_1_645' title='bbox 1001 4707 1194 4765; x_wconf 89' lang='lat' dir='ltr'><strong>Latino</strong></span> <span class='ocrx_word' id='word_1_646' title='bbox 1235 4722 1334 4778; x_wconf 91' lang='lat' dir='ltr'><strong>per</strong></span> <span class='ocrx_word' id='word_1_647' title='bbox 1360 4721 1449 4761; x_wconf 89' lang='lat' dir='ltr'><strong>me</strong></span> <span class='ocrx_word' id='word_1_648' title='bbox 1479 4704 1794 4760; x_wconf 86' lang='lat' dir='ltr'><strong>redderetur</strong></span> <span class='ocrx_word' id='word_1_649' title='bbox 1826 4703 1941 4759; x_wconf 81' lang='lat' dir='ltr'><strong>elo—</strong></span> 
     </span>
    </p>
   </div>
   <div class='ocr_carea' id='block_1_86' title="bbox 334 4794 1940 4880">
    <p class='ocr_par' dir='ltr' id='par_1_86' title="bbox 334 4794 1940 4880">
     <span class='ocr_line' id='line_1_87' title="bbox 334 4794 1940 4880; baseline -0.01 -15"><span class='ocrx_word' id='word_1_650' title='bbox 334 4809 467 4880; x_wconf 90' lang='lat' dir='ltr'><strong>quio</strong></span> <span class='ocrx_word' id='word_1_651' title='bbox 494 4826 509 4862; x_wconf 90' lang='lat'>:</span> <span class='ocrx_word' id='word_1_652' title='bbox 533 4805 864 4862; x_wconf 88' lang='lat' dir='ltr'><strong>conveniens</strong></span> <span class='ocrx_word' id='word_1_653' title='bbox 892 4818 1014 4859; x_wconf 80' lang='lat' dir='ltr'><strong>esse</strong></span> <span class='ocrx_word' id='word_1_654' title='bbox 1042 4801 1306 4865; x_wconf 87' lang='lat' dir='ltr'><strong>dicentes,</strong></span> <span class='ocrx_word' id='word_1_655' title='bbox 1333 4807 1391 4854; x_wconf 92' lang='lat' dir='ltr'><strong>ut</strong></span> <span class='ocrx_word' id='word_1_656' title='bbox 1420 4798 1473 4853; x_wconf 93' lang='lat' dir='ltr'><strong>in</strong></span> <span class='ocrx_word' id='word_1_657' title='bbox 1498 4795 1664 4851; x_wconf 88' lang='lat' dir='ltr'><strong>natali</strong></span> <span class='ocrx_word' id='word_1_658' title='bbox 1693 4794 1743 4865; x_wconf 85' lang='lat' dir='ltr'><strong>ej</strong></span> <span class='ocrx_word' id='word_1_659' title='bbox 1768 4811 1810 4851; x_wconf 85' lang='lat' dir='ltr'><strong>:s</strong></span> <span class='ocrx_word' id='word_1_660' title='bbox 1831 4810 1940 4866; x_wconf 90' lang='lat' dir='ltr'><strong>quo</strong></span> 
     </span>
    </p>
   </div>
   <div class='ocr_carea' id='block_1_87' title="bbox 335 4887 1939 4968">
    <p class='ocr_par' dir='ltr' id='par_1_87' title="bbox 335 4887 1939 4968">
     <span class='ocr_line' id='line_1_88' title="bbox 335 4887 1939 4968; baseline -0.009 -12"><span class='ocrx_word' id='word_1_661' title='bbox 335 4901 514 4968; x_wconf 87' lang='lat' dir='ltr'><strong>major</strong></span> <span class='ocrx_word' id='word_1_662' title='bbox 540 4899 593 4953; x_wconf 92' lang='lat' dir='ltr'><strong>in</strong></span> <span class='ocrx_word' id='word_1_663' title='bbox 624 4898 765 4952; x_wconf 90' lang='lat' dir='ltr'><strong>natis</strong></span> <span class='ocrx_word' id='word_1_664' title='bbox 794 4895 1081 4950; x_wconf 89' lang='lat' dir='ltr'><strong>mulierum</strong></span> <span class='ocrx_word' id='word_1_665' title='bbox 1125 4907 1287 4947; x_wconf 90' lang='lat' dir='ltr'><strong>nemo</strong></span> <span class='ocrx_word' id='word_1_666' title='bbox 1316 4890 1567 4954; x_wconf 80' lang='lat' dir='ltr'><strong>surrexit,</strong></span> <span class='ocrx_word' id='word_1_667' title='bbox 1602 4888 1717 4943; x_wconf 64' lang='lat' dir='ltr'><strong>haec</strong></span> <span class='ocrx_word' id='word_1_668' title='bbox 1746 4887 1939 4942; x_wconf 89' lang='lat' dir='ltr'><strong>relatio</strong></span> 
     </span>
    </p>
   </div>
   <div class='ocr_carea' id='block_1_88' title="bbox 335 4978 1935 5061">
    <p class='ocr_par' dir='ltr' id='par_1_88' title="bbox 335 4978 1935 5061">
     <span class='ocr_line' id='line_1_89' title="bbox 335 4978 1935 5061; baseline -0.009 -15"><span class='ocrx_word' id='word_1_669' title='bbox 335 5006 456 5061; x_wconf 70' lang='lat' dir='ltr'><strong>qua:</strong></span> <span class='ocrx_word' id='word_1_670' title='bbox 502 4990 569 5044; x_wconf 92' lang='lat' dir='ltr'><strong>de</strong></span> <span class='ocrx_word' id='word_1_671' title='bbox 617 4989 710 5044; x_wconf 91' lang='lat' dir='ltr'><strong>illo</strong></span> <span class='ocrx_word' id='word_1_672' title='bbox 764 4986 1011 5051; x_wconf 85' lang='lat' dir='ltr'><strong>traditur,</strong></span> <span class='ocrx_word' id='word_1_673' title='bbox 1063 4983 1277 5055; x_wconf 89' lang='lat' dir='ltr'><strong>populis</strong></span> <span class='ocrx_word' id='word_1_674' title='bbox 1336 4980 1582 5035; x_wconf 76' lang='lat' dir='ltr'><strong>fidelibus</strong></span> <span class='ocrx_word' id='word_1_675' title='bbox 1635 4978 1935 5033; x_wconf 86' lang='lat' dir='ltr'><strong>intimetur.</strong></span> 
     </span>
    </p>
   </div>
   <div class='ocr_carea' id='block_1_89' title="bbox 336 5066 1939 5152">
    <p class='ocr_par' dir='ltr' id='par_1_89' title="bbox 336 5066 1939 5152">
     <span class='ocr_line' id='line_1_90' title="bbox 336 5066 1939 5152; baseline -0.012 -14"><span class='ocrx_word' id='word_1_676' title='bbox 336 5081 611 5152; x_wconf 91' lang='lat' dir='ltr'><strong>Promptis</strong></span> <span class='ocrx_word' id='word_1_677' title='bbox 625 5079 787 5150; x_wconf 86' lang='lat' dir='ltr'><strong>igitur</strong></span> <span class='ocrx_word' id='word_1_678' title='bbox 814 5075 1008 5133; x_wconf 87' lang='lat' dir='ltr'><strong>animis</strong></span> <span class='ocrx_word' id='word_1_679' title='bbox 1038 5076 1091 5130; x_wconf 91' lang='lat' dir='ltr'><strong>in</strong></span> <span class='ocrx_word' id='word_1_680' title='bbox 1122 5090 1165 5144; x_wconf 65' lang='lat' dir='ltr'><strong>s,</strong></span> <span class='ocrx_word' id='word_1_681' title='bbox 1187 5073 1297 5127; x_wconf 89' lang='lat' dir='ltr'><strong>atio</strong></span> <span class='ocrx_word' id='word_1_682' title='bbox 1336 5071 1463 5126; x_wconf 90' lang='lat' dir='ltr'><strong>licet</strong></span> <span class='ocrx_word' id='word_1_683' title='bbox 1487 5069 1636 5124; x_wconf 90' lang='lat' dir='ltr'><strong>brevi</strong></span> <span class='ocrx_word' id='word_1_684' title='bbox 1666 5066 1814 5137; x_wconf 84' lang='lat' dir='ltr'><strong>quod</strong></span> <span class='ocrx_word' id='word_1_685' title='bbox 1838 5082 1939 5138; x_wconf 88' lang='lat' dir='ltr'><strong>po-</strong></span> 
     </span>
    </p>
   </div>
   <div class='ocr_carea' id='block_1_90' title="bbox 334 5161 1938 5243">
    <p class='ocr_par' dir='ltr' id='par_1_90' title="bbox 334 5161 1938 5243">
     <span class='ocr_line' id='line_1_91' title="bbox 334 5161 1938 5243; baseline -0.013 -10"><span class='ocrx_word' id='word_1_686' title='bbox 334 5176 593 5235; x_wconf 82' lang='lat' dir='ltr'><strong>scebatur</strong></span> <span class='ocrx_word' id='word_1_687' title='bbox 620 5170 877 5243; x_wconf 88' lang='lat' dir='ltr'><strong>explicui,</strong></span> <span class='ocrx_word' id='word_1_688' title='bbox 905 5169 1141 5224; x_wconf 85' lang='lat' dir='ltr'><strong>maxime</strong></span> <span class='ocrx_word' id='word_1_689' title='bbox 1176 5175 1231 5221; x_wconf 91' lang='lat' dir='ltr'><strong>et</strong></span> <span class='ocrx_word' id='word_1_690' title='bbox 1259 5164 1387 5234; x_wconf 83' lang='lat' dir='ltr'><strong>quia</strong></span> <span class='ocrx_word' id='word_1_691' title='bbox 1424 5161 1767 5217; x_wconf 71' lang='lat' dir='ltr'><strong>sanctitatem</strong></span> <span class='ocrx_word' id='word_1_692' title='bbox 1793 5169 1938 5214; x_wconf 88' lang='lat' dir='ltr'><strong>tuam</strong></span> 
     </span>
    </p>
   </div>
   <div class='ocr_carea' id='block_1_91' title="bbox 335 5252 1940 5330">
    <p class='ocr_par' dir='ltr' id='par_1_91' title="bbox 335 5252 1940 5330">
     <span class='ocr_line' id='line_1_92' title="bbox 335 5252 1940 5330; baseline -0.012 -4"><span class='ocrx_word' id='word_1_693' title='bbox 335 5271 443 5325; x_wconf 88' lang='lat' dir='ltr'><strong>hoc</strong></span> <span class='ocrx_word' id='word_1_694' title='bbox 482 5268 624 5323; x_wconf 90' lang='lat' dir='ltr'><strong>idem</strong></span> <span class='ocrx_word' id='word_1_695' title='bbox 666 5264 784 5321; x_wconf 87' lang='lat' dir='ltr'><strong>fieri</strong></span> <span class='ocrx_word' id='word_1_696' title='bbox 815 5263 957 5319; x_wconf 87' lang='lat' dir='ltr'><strong>velle</strong></span> <span class='ocrx_word' id='word_1_697' title='bbox 1004 5259 1256 5330; x_wconf 87' lang='lat' dir='ltr'><strong>cognovi.</strong></span> <span class='ocrx_word' id='word_1_698' title='bbox 1292 5256 1405 5311; x_wconf 83' lang='lat' dir='ltr'><strong>Nec</strong></span> <span class='ocrx_word' id='word_1_699' title='bbox 1448 5255 1555 5309; x_wconf 88' lang='lat' dir='ltr'><strong>hoc</strong></span> <span class='ocrx_word' id='word_1_700' title='bbox 1601 5253 1718 5308; x_wconf 88' lang='lat' dir='ltr'><strong>sine</strong></span> <span class='ocrx_word' id='word_1_701' title='bbox 1758 5252 1940 5307; x_wconf 86' lang='lat' dir='ltr'><strong>divino</strong></span> 
     </span>
    </p>
   </div>
   <div class='ocr_carea' id='block_1_92' title="bbox 335 5340 1941 5429">
    <p class='ocr_par' dir='ltr' id='par_1_92' title="bbox 335 5340 1941 5429">
     <span class='ocr_line' id='line_1_93' title="bbox 335 5340 1941 5429; baseline -0.014 -12"><span class='ocrx_word' id='word_1_702' title='bbox 335 5368 471 5417; x_wconf 88' lang='lat' dir='ltr'><strong>nutu</strong></span> <span class='ocrx_word' id='word_1_703' title='bbox 503 5367 715 5429; x_wconf 87' lang='lat' dir='ltr'><strong>gestum</strong></span> <span class='ocrx_word' id='word_1_704' title='bbox 758 5368 879 5410; x_wconf 89' lang='lat' dir='ltr'><strong>esse</strong></span> <span class='ocrx_word' id='word_1_705' title='bbox 915 5350 1226 5424; x_wconf 86' lang='lat' dir='ltr'><strong>perspicio:</strong></span> <span class='ocrx_word' id='word_1_706' title='bbox 1253 5356 1310 5404; x_wconf 89' lang='lat' dir='ltr'><strong>et</strong></span> <span class='ocrx_word' id='word_1_707' title='bbox 1348 5346 1490 5402; x_wconf 81' lang='lat' dir='ltr'><strong>idem</strong></span> <span class='ocrx_word' id='word_1_708' title='bbox 1528 5350 1748 5399; x_wconf 79' lang='lat' dir='ltr'><strong>sanctus</strong></span> <span class='ocrx_word' id='word_1_709' title='bbox 1773 5340 1941 5399; x_wconf 58' lang='lat' dir='ltr'><strong>Joano</strong></span> 
     </span>
    </p>
   </div>
   <div class='ocr_carea' id='block_1_93' title="bbox 336 5436 1940 5522">
    <p class='ocr_par' dir='ltr' id='par_1_93' title="bbox 336 5436 1940 5522">
     <span class='ocr_line' id='line_1_94' title="bbox 336 5436 1940 5522; baseline -0.012 -15"><span class='ocrx_word' id='word_1_710' title='bbox 336 5467 435 5508; x_wconf 90' lang='lat' dir='ltr'><strong>nes</strong></span> <span class='ocrx_word' id='word_1_711' title='bbox 476 5449 706 5522; x_wconf 67' lang='lat' dir='ltr'><strong>praevius</strong></span> <span class='ocrx_word' id='word_1_712' title='bbox 756 5445 969 5502; x_wconf 83' lang='lat' dir='ltr'><strong>Domini</strong></span> <span class='ocrx_word' id='word_1_713' title='bbox 1007 5442 1253 5499; x_wconf 87' lang='lat' dir='ltr'><strong>veritatis</strong></span> <span class='ocrx_word' id='word_1_714' title='bbox 1295 5452 1495 5511; x_wconf 70' lang='lat' dir='ltr'><strong>prmco,</strong></span> <span class='ocrx_word' id='word_1_715' title='bbox 1551 5436 1940 5507; x_wconf 88' lang='lat' dir='ltr'><strong>prophetarum</strong></span> 
     </span>
    </p>
   </div>
   <div class='ocr_carea' id='block_1_94' title="bbox 2047 4615 3643 4689">
    <p class='ocr_par' dir='ltr' id='par_1_94' title="bbox 2047 4615 3643 4689">
     <span class='ocr_line' id='line_1_95' title="bbox 2047 4615 3643 4689; baseline 0 -17"><span class='ocrx_word' id='word_1_716' title='bbox 2047 4615 2382 4683; x_wconf 88' lang='lat' dir='ltr'><strong>Vcnerandi,</strong></span> <span class='ocrx_word' id='word_1_717' title='bbox 2431 4616 2629 4684; x_wconf 89' lang='lat' dir='ltr'><strong>credo,</strong></span> <span class='ocrx_word' id='word_1_718' title='bbox 2683 4616 2947 4687; x_wconf 88' lang='lat' dir='ltr'><strong>propositi</strong></span> <span class='ocrx_word' id='word_1_719' title='bbox 3002 4616 3308 4673; x_wconf 86' lang='lat' dir='ltr'><strong>delectatur</strong></span> <span class='ocrx_word' id='word_1_720' title='bbox 3349 4619 3643 4689; x_wconf 76' lang='lat' dir='ltr'><strong>obsequio,</strong></span> 
     </span>
    </p>
   </div>
   <div class='ocr_carea' id='block_1_95' title="bbox 2045 4707 3640 4778">
    <p class='ocr_par' dir='ltr' id='par_1_95' title="bbox 2045 4707 3640 4778">
     <span class='ocr_line' id='line_1_96' title="bbox 2045 4707 3640 4778; baseline 0.001 -17"><span class='ocrx_word' id='word_1_721' title='bbox 2045 4716 2313 4778; x_wconf 87' lang='lat' dir='ltr'><strong>quatenus</strong></span> <span class='ocrx_word' id='word_1_722' title='bbox 2360 4723 2456 4778; x_wconf 88' lang='lat' dir='ltr'><strong>per</strong></span> <span class='ocrx_word' id='word_1_723' title='bbox 2501 4720 2597 4761; x_wconf 88' lang='lat' dir='ltr'><strong>eos</strong></span> <span class='ocrx_word' id='word_1_724' title='bbox 2643 4708 2736 4777; x_wconf 93' lang='lat' dir='ltr'><strong>qui</strong></span> <span class='ocrx_word' id='word_1_725' title='bbox 2778 4707 3105 4776; x_wconf 85' lang='lat' dir='ltr'><strong>singularem</strong></span> <span class='ocrx_word' id='word_1_726' title='bbox 3136 4712 3415 4764; x_wconf 88' lang='lat' dir='ltr'><strong>sectantur</strong></span> <span class='ocrx_word' id='word_1_727' title='bbox 3453 4710 3640 4777; x_wconf 86' lang='lat' dir='ltr'><strong>vitam,</strong></span> 
     </span>
    </p>
   </div>
   <div class='ocr_carea' id='block_1_96' title="bbox 2046 4798 3639 4870">
    <p class='ocr_par' dir='ltr' id='par_1_96' title="bbox 2046 4798 3639 4870">
     <span class='ocr_line' id='line_1_97' title="bbox 2046 4798 3639 4870; baseline 0 -15"><span class='ocrx_word' id='word_1_728' title='bbox 2046 4815 2201 4855; x_wconf 89' lang='lat' dir='ltr'><strong>suam</strong></span> <span class='ocrx_word' id='word_1_729' title='bbox 2232 4800 2285 4855; x_wconf 92' lang='lat' dir='ltr'><strong>in</strong></span> <span class='ocrx_word' id='word_1_730' title='bbox 2328 4799 2542 4856; x_wconf 90' lang='lat' dir='ltr'><strong>Christo</strong></span> <span class='ocrx_word' id='word_1_731' title='bbox 2569 4798 2834 4870; x_wconf 89' lang='lat' dir='ltr'><strong>panderet</strong></span> <span class='ocrx_word' id='word_1_732' title='bbox 2862 4800 3112 4869; x_wconf 91' lang='lat' dir='ltr'><strong>gloriam.</strong></span> <span class='ocrx_word' id='word_1_733' title='bbox 3141 4798 3209 4854; x_wconf 83' lang='lat' dir='ltr'><strong>Et</strong></span> <span class='ocrx_word' id='word_1_734' title='bbox 3248 4800 3351 4855; x_wconf 92' lang='lat' dir='ltr'><strong>hoc</strong></span> <span class='ocrx_word' id='word_1_735' title='bbox 3388 4799 3639 4869; x_wconf 82' lang='lat' dir='ltr'><strong>dicimus,</strong></span> 
     </span>
    </p>
   </div>
   <div class='ocr_carea' id='block_1_97' title="bbox 2045 4889 3643 4962">
    <p class='ocr_par' dir='ltr' id='par_1_97' title="bbox 2045 4889 3643 4962">
     <span class='ocr_line' id='line_1_98' title="bbox 2045 4889 3643 4962; baseline 0.001 -16"><span class='ocrx_word' id='word_1_736' title='bbox 2045 4907 2156 4946; x_wconf 91' lang='lat' dir='ltr'><strong>non</strong></span> <span class='ocrx_word' id='word_1_737' title='bbox 2186 4891 2331 4962; x_wconf 93' lang='lat' dir='ltr'><strong>quod</strong></span> <span class='ocrx_word' id='word_1_738' title='bbox 2372 4891 2528 4946; x_wconf 81' lang='lat' dir='ltr'><strong>nobis</strong></span> <span class='ocrx_word' id='word_1_739' title='bbox 2557 4889 2785 4959; x_wconf 87' lang='lat' dir='ltr'><strong>alicujus</strong></span> <span class='ocrx_word' id='word_1_740' title='bbox 2826 4890 3101 4961; x_wconf 62' lang='lat' dir='ltr'><strong>praeclara:</strong></span> <span class='ocrx_word' id='word_1_741' title='bbox 3137 4893 3332 4946; x_wconf 90' lang='lat' dir='ltr'><strong>mentis</strong></span> <span class='ocrx_word' id='word_1_742' title='bbox 3368 4892 3643 4947; x_wconf 85' lang='lat' dir='ltr'><strong>conscien-</strong></span> 
     </span>
    </p>
   </div>
   <div class='ocr_carea' id='block_1_98' title="bbox 2047 4985 3643 5057">
    <p class='ocr_par' dir='ltr' id='par_1_98' title="bbox 2047 4985 3643 5057">
     <span class='ocr_line' id='line_1_99' title="bbox 2047 4985 3643 5057; baseline 0.001 -19"><span class='ocrx_word' id='word_1_743' title='bbox 2047 4986 2180 5040; x_wconf 86' lang='lat' dir='ltr'><strong>tiam</strong></span> <span class='ocrx_word' id='word_1_744' title='bbox 2212 4985 2503 5041; x_wconf 90' lang='lat' dir='ltr'><strong>insolenter</strong></span> <span class='ocrx_word' id='word_1_745' title='bbox 2534 4999 2867 5054; x_wconf 87' lang='lat' dir='ltr'><strong>arrogemus,</strong></span> <span class='ocrx_word' id='word_1_746' title='bbox 2900 4986 2994 5041; x_wconf 88' lang='lat' dir='ltr'><strong>sed</strong></span> <span class='ocrx_word' id='word_1_747' title='bbox 3023 4986 3167 5056; x_wconf 91' lang='lat' dir='ltr'><strong>quod</strong></span> <span class='ocrx_word' id='word_1_748' title='bbox 3193 5001 3290 5057; x_wconf 91' lang='lat' dir='ltr'><strong>per</strong></span> <span class='ocrx_word' id='word_1_749' title='bbox 3313 5001 3375 5042; x_wconf 86' lang='lat' dir='ltr'><strong>sc</strong></span> <span class='ocrx_word' id='word_1_750' title='bbox 3395 4986 3482 5057; x_wconf 86' lang='lat' dir='ltr'><strong>pia</strong></span> <span class='ocrx_word' id='word_1_751' title='bbox 3506 5002 3643 5057; x_wconf 67' lang='lat' dir='ltr'><strong>pra-</strong></span> 
     </span>
    </p>
   </div>
   <div class='ocr_carea' id='block_1_99' title="bbox 2049 5075 3641 5147">
    <p class='ocr_par' dir='ltr' id='par_1_99' title="bbox 2049 5075 3641 5147">
     <span class='ocr_line' id='line_1_100' title="bbox 2049 5075 3641 5147; baseline 0.004 -15"><span class='ocrx_word' id='word_1_752' title='bbox 2049 5075 2186 5132; x_wconf 81' lang='lat' dir='ltr'><strong>ferat</strong></span> <span class='ocrx_word' id='word_1_753' title='bbox 2209 5076 2474 5147; x_wconf 86' lang='lat' dir='ltr'><strong>professio</strong></span> <span class='ocrx_word' id='word_1_754' title='bbox 2503 5087 2749 5134; x_wconf 86' lang='lat' dir='ltr'><strong>sanctum</strong></span> <span class='ocrx_word' id='word_1_755' title='bbox 2780 5080 3035 5144; x_wconf 86' lang='lat' dir='ltr'><strong>studium,</strong></span> <span class='ocrx_word' id='word_1_756' title='bbox 3067 5078 3192 5133; x_wconf 93' lang='lat' dir='ltr'><strong>licet</strong></span> <span class='ocrx_word' id='word_1_757' title='bbox 3235 5078 3409 5134; x_wconf 88' lang='lat' dir='ltr'><strong>eidem</strong></span> <span class='ocrx_word' id='word_1_758' title='bbox 3456 5089 3641 5137; x_wconf 84' lang='lat' dir='ltr'><strong>nostra</strong></span> 
     </span>
    </p>
   </div>
   <div class='ocr_carea' id='block_1_100' title="bbox 2047 5168 3644 5241">
    <p class='ocr_par' dir='ltr' id='par_1_100' title="bbox 2047 5168 3644 5241">
     <span class='ocr_line' id='line_1_101' title="bbox 2047 5168 3644 5241; baseline 0.002 -17"><span class='ocrx_word' id='word_1_759' title='bbox 2047 5168 2318 5225; x_wconf 88' lang='lat' dir='ltr'><strong>desidiosa</strong></span> <span class='ocrx_word' id='word_1_760' title='bbox 2374 5169 2720 5225; x_wconf 87' lang='lat' dir='ltr'><strong>conversatio</strong></span> <span class='ocrx_word' id='word_1_761' title='bbox 2760 5185 2872 5225; x_wconf 92' lang='lat' dir='ltr'><strong>non</strong></span> <span class='ocrx_word' id='word_1_762' title='bbox 2924 5177 3185 5241; x_wconf 70' lang='lat' dir='ltr'><strong>aequetur.</strong></span> <span class='ocrx_word' id='word_1_763' title='bbox 3238 5168 3466 5237; x_wconf 83' lang='lat' dir='ltr'><strong>Qualem</strong></span> <span class='ocrx_word' id='word_1_764' title='bbox 3513 5186 3644 5227; x_wconf 81' lang='lat' dir='ltr'><strong>vero</strong></span> 
     </span>
    </p>
   </div>
   <div class='ocr_carea' id='block_1_101' title="bbox 2049 5258 3644 5334">
    <p class='ocr_par' dir='ltr' id='par_1_101' title="bbox 2049 5258 3644 5334">
     <span class='ocr_line' id='line_1_102' title="bbox 2049 5258 3644 5334; baseline 0.003 -20"><span class='ocrx_word' id='word_1_765' title='bbox 2049 5267 2177 5315; x_wconf 92' lang='lat' dir='ltr'><strong>tunc</strong></span> <span class='ocrx_word' id='word_1_766' title='bbox 2207 5258 2351 5314; x_wconf 89' lang='lat' dir='ltr'><strong>idem</strong></span> <span class='ocrx_word' id='word_1_767' title='bbox 2376 5260 2722 5316; x_wconf 86' lang='lat' dir='ltr'><strong>beatissimus</strong></span> <span class='ocrx_word' id='word_1_768' title='bbox 2748 5261 2993 5328; x_wconf 79' lang='lat' dir='ltr'><strong>exegerit</strong></span> <span class='ocrx_word' id='word_1_769' title='bbox 3016 5261 3139 5315; x_wconf 67' lang='lat' dir='ltr'><strong>vitae</strong></span> <span class='ocrx_word' id='word_1_770' title='bbox 3170 5261 3417 5330; x_wconf 89' lang='lat' dir='ltr'><strong>modum,</strong></span> <span class='ocrx_word' id='word_1_771' title='bbox 3436 5269 3494 5317; x_wconf 90' lang='lat' dir='ltr'><strong>et</strong></span> <span class='ocrx_word' id='word_1_772' title='bbox 3523 5263 3644 5334; x_wconf 84' lang='lat' dir='ltr'><strong>quis</strong></span> 
     </span>
    </p>
   </div>
   <div class='ocr_carea' id='block_1_102' title="bbox 2048 5349 3645 5423">
    <p class='ocr_par' dir='ltr' id='par_1_102' title="bbox 2048 5349 3645 5423">
     <span class='ocr_line' id='line_1_103' title="bbox 2048 5349 3645 5423; baseline 0.004 -19"><span class='ocrx_word' id='word_1_773' title='bbox 2048 5350 2250 5421; x_wconf 90' lang='lat' dir='ltr'><strong>poterit</strong></span> <span class='ocrx_word' id='word_1_774' title='bbox 2292 5350 2541 5419; x_wconf 87' lang='lat' dir='ltr'><strong>ignorare</strong></span> <span class='ocrx_word' id='word_1_775' title='bbox 2584 5349 2860 5406; x_wconf 78' lang='lat' dir='ltr'><strong>fidelium?</strong></span> <span class='ocrx_word' id='word_1_776' title='bbox 2892 5350 3021 5406; x_wconf 78' lang='lat' dir='ltr'><strong>Nam</strong></span> <span class='ocrx_word' id='word_1_777' title='bbox 3063 5362 3255 5423; x_wconf 66' lang='lat' dir='ltr'><strong>praeter</strong></span> <span class='ocrx_word' id='word_1_778' title='bbox 3303 5351 3448 5406; x_wconf 88' lang='lat' dir='ltr'><strong>illam</strong></span> <span class='ocrx_word' id='word_1_779' title='bbox 3477 5352 3645 5413; x_wconf 85' lang='lat' dir='ltr'><strong>divini</strong></span> 
     </span>
    </p>
   </div>
   <div class='ocr_carea' id='block_1_103' title="bbox 2047 5441 3646 5515">
    <p class='ocr_par' dir='ltr' id='par_1_103' title="bbox 2047 5441 3646 5515">
     <span class='ocr_line' id='line_1_104' title="bbox 2047 5441 3646 5515; baseline 0.003 -18"><span class='ocrx_word' id='word_1_780' title='bbox 2047 5441 2287 5497; x_wconf 88' lang='lat' dir='ltr'><strong>muneris</strong></span> <span class='ocrx_word' id='word_1_781' title='bbox 2331 5441 2585 5496; x_wconf 89' lang='lat' dir='ltr'><strong>eximiam</strong></span> <span class='ocrx_word' id='word_1_782' title='bbox 2615 5442 2943 5512; x_wconf 87' lang='lat' dir='ltr'><strong>largitatem,</strong></span> <span class='ocrx_word' id='word_1_783' title='bbox 2975 5459 3081 5515; x_wconf 90' lang='lat' dir='ltr'><strong>qua</strong></span> <span class='ocrx_word' id='word_1_784' title='bbox 3111 5442 3181 5499; x_wconf 90' lang='lat' dir='ltr'><strong>de</strong></span> <span class='ocrx_word' id='word_1_785' title='bbox 3225 5443 3646 5515; x_wconf 85' lang='lat' dir='ltr'><strong>repromissione</strong></span> 
     </span>
    </p>
   </div>
   <div class='ocr_carea' id='block_1_104' title="bbox 334 5528 3645 5606">
    <p class='ocr_par' dir='ltr' id='par_1_104' title="bbox 334 5528 3645 5606">
     <span class='ocr_line' id='line_1_105' title="bbox 334 5528 3645 5606; baseline -0.004 -5"><span class='ocrx_word' id='word_1_786' title='bbox 334 5544 553 5601; x_wconf 87' lang='lat' dir='ltr'><strong>culmen</strong></span> <span class='ocrx_word' id='word_1_787' title='bbox 582 5540 846 5606; x_wconf 86' lang='lat' dir='ltr'><strong>omnium,</strong></span> <span class='ocrx_word' id='word_1_788' title='bbox 900 5539 1288 5606; x_wconf 87' lang='lat' dir='ltr'><strong>institutorqne</strong></span> <span class='ocrx_word' id='word_1_789' title='bbox 1337 5529 1751 5595; x_wconf 82' lang='lat' dir='ltr'><strong>monachorum,</strong></span> <span class='ocrx_word' id='word_1_790' title='bbox 1802 5528 1944 5584; x_wconf 89' lang='lat' dir='ltr'><strong>sicut</strong></span> <span class='ocrx_word' id='word_1_791' title='bbox 2045 5536 2342 5599; x_wconf 89' lang='lat' dir='ltr'><strong>conceptus</strong></span> <span class='ocrx_word' id='word_1_792' title='bbox 2363 5536 2468 5597; x_wconf 90' lang='lat' dir='ltr'><strong>est,</strong></span> <span class='ocrx_word' id='word_1_793' title='bbox 2497 5537 2556 5584; x_wconf 92' lang='lat' dir='ltr'><strong>et</strong></span> <span class='ocrx_word' id='word_1_794' title='bbox 2584 5531 2760 5588; x_wconf 89' lang='lat' dir='ltr'><strong>adhuc</strong></span> <span class='ocrx_word' id='word_1_795' title='bbox 2799 5534 2939 5588; x_wconf 90' lang='lat' dir='ltr'><strong>intra</strong></span> <span class='ocrx_word' id='word_1_796' title='bbox 2970 5542 3213 5589; x_wconf 88' lang='lat' dir='ltr'><strong>materna</strong></span> <span class='ocrx_word' id='word_1_797' title='bbox 3251 5532 3540 5589; x_wconf 86' lang='lat' dir='ltr'><strong>conclusus</strong></span> <span class='ocrx_word' id='word_1_798' title='bbox 3567 5535 3645 5589; x_wconf 87' lang='lat' dir='ltr'><strong>vi-</strong></span> 
     </span>
    </p>
   </div>
   <div class='ocr_carea' id='block_1_105' title="bbox 335 5616 3646 5710">
    <p class='ocr_par' dir='ltr' id='par_1_105' title="bbox 335 5616 3646 5710">
     <span class='ocr_line' id='line_1_106' title="bbox 335 5616 3646 5710; baseline -0.004 -19"><span class='ocrx_word' id='word_1_799' title='bbox 335 5638 590 5710; x_wconf 88' lang='lat' dir='ltr'><strong>primitus</strong></span> <span class='ocrx_word' id='word_1_800' title='bbox 636 5650 697 5691; x_wconf 88' lang='lat' dir='ltr'><strong>se</strong></span> <span class='ocrx_word' id='word_1_801' title='bbox 744 5631 1025 5705; x_wconf 86' lang='lat' dir='ltr'><strong>monachis</strong></span> <span class='ocrx_word' id='word_1_802' title='bbox 1073 5618 1333 5690; x_wconf 82' lang='lat' dir='ltr'><strong>ostendit,</strong></span> <span class='ocrx_word' id='word_1_803' title='bbox 1376 5622 1467 5693; x_wconf 90' lang='lat' dir='ltr'><strong>qui</strong></span> <span class='ocrx_word' id='word_1_804' title='bbox 1515 5622 1941 5677; x_wconf 83' lang='lat' dir='ltr'><strong>sacratissimum</strong></span> <span class='ocrx_word' id='word_1_805' title='bbox 2045 5633 2221 5683; x_wconf 85' lang='lat' dir='ltr'><strong>scera,</strong></span> <span class='ocrx_word' id='word_1_806' title='bbox 2367 5624 2523 5672; x_wconf 87' lang='lat' dir='ltr'><strong>utero</strong></span> <span class='ocrx_word' id='word_1_807' title='bbox 2548 5632 2712 5687; x_wconf 88' lang='lat' dir='ltr'><strong>quem</strong></span> <span class='ocrx_word' id='word_1_808' title='bbox 2744 5620 3055 5680; x_wconf 83' lang='lat' dir='ltr'><strong>fecundavit</strong></span> <span class='ocrx_word' id='word_1_809' title='bbox 3104 5623 3362 5687; x_wconf 88' lang='lat' dir='ltr'><strong>sterilem,</strong></span> <span class='ocrx_word' id='word_1_810' title='bbox 3394 5621 3445 5676; x_wconf 92' lang='lat' dir='ltr'><strong>in</strong></span> <span class='ocrx_word' id='word_1_811' title='bbox 3492 5632 3646 5678; x_wconf 83' lang='lat' dir='ltr'><strong>utero</strong></span> 
     </span>
    </p>
   </div>
   <div class='ocr_carea' id='block_1_106' title="bbox 333 5704 3643 5799">
    <p class='ocr_par' dir='ltr' id='par_1_106' title="bbox 333 5704 3643 5799">
     <span class='ocr_line' id='line_1_107' title="bbox 333 5704 3643 5799; baseline -0.005 -14"><span class='ocrx_word' id='word_1_812' title='bbox 333 5704 503 5798; x_wconf 61' lang='lat' dir='ltr'><strong>caput</strong></span> <span class='ocrx_word' id='word_1_813' title='bbox 525 5727 641 5799; x_wconf 78' lang='lat' dir='ltr'><strong>ejus</strong></span> <span class='ocrx_word' id='word_1_814' title='bbox 662 5726 729 5783; x_wconf 91' lang='lat' dir='ltr'><strong>de</strong></span> <span class='ocrx_word' id='word_1_815' title='bbox 752 5726 917 5782; x_wconf 91' lang='lat' dir='ltr'><strong>domo</strong></span> <span class='ocrx_word' id='word_1_816' title='bbox 941 5720 1171 5779; x_wconf 86' lang='lat' dir='ltr'><strong>llerodis</strong></span> <span class='ocrx_word' id='word_1_817' title='bbox 1187 5713 1461 5783; x_wconf 84' lang='lat' dir='ltr'><strong>quondam</strong></span> <span class='ocrx_word' id='word_1_818' title='bbox 1488 5710 1632 5782; x_wconf 78' lang='lat' dir='ltr'><strong>regis</strong></span> <span class='ocrx_word' id='word_1_819' title='bbox 1654 5711 1803 5784; x_wconf 71' lang='lat' dir='ltr'><strong>impii</strong></span> <span class='ocrx_word' id='word_1_820' title='bbox 1825 5730 1944 5770; x_wconf 87' lang='lat' dir='ltr'><strong>sus-</strong></span> <span class='ocrx_word' id='word_1_821' title='bbox 2046 5716 2249 5769; x_wconf 65' lang='lat' dir='ltr'><strong>sancta</strong></span> <span class='ocrx_word' id='word_1_822' title='bbox 2270 5704 2506 5781; x_wconf 76' lang='lat' dir='ltr'><strong>Virginis</strong></span> <span class='ocrx_word' id='word_1_823' title='bbox 2525 5712 2747 5779; x_wconf 80' lang='lat' dir='ltr'><strong>agnovit</strong></span> <span class='ocrx_word' id='word_1_824' title='bbox 2770 5715 3137 5774; x_wconf 82' lang='lat' dir='ltr'><strong>universitatis</strong></span> <span class='ocrx_word' id='word_1_825' title='bbox 3161 5717 3477 5773; x_wconf 78' lang='lat' dir='ltr'><strong>Auctorem.</strong></span> <span class='ocrx_word' id='word_1_826' title='bbox 3508 5715 3643 5770; x_wconf 63' lang='grc' dir='ltr'>ἰδιω-</span> 
     </span>
    </p>
   </div>
  </div>
