4122 6536
459 367 566 424 £19

1747 363 2108 426 DiUNYSTUS
2153 362 2478 428 EXICL'US.

3666 373 3765 430 4‘20

458 491 540 538 ter
587 483 734 538 illam
773 499 989 555 quoque
1023 485 1249 553 gloriam
1292 481 1616 553 singularem
1663 499 1769 554 qua
1803 484 2043 552 Baptista
2081 487 2128 546 Λ
2157 492 2430 553 ριὀμιθιητα
2459 483 2570 538 odit
2601 501 2685 538 ros
2735 483 2976 540 mundus.
3028 483 3153 540 ligee
3187 481 3370 540 mundi
3420 485 3541 540 odia
3575 487 3766 544 incidit

459 575 678 641 Christi,
712 585 765 631 et
794 580 996 632 amicus
1026 578 1234 631 exstitit
1256 577 1494 633 cmlestis
1517 577 1726 648 sponsi,
1758 590 1900 646 saepe
1928 577 2062 631 soli-

459 670 625 722 tarius
664 669 715 722 iu
746 667 973 722 desertis
1014 669 1145 722 locis
1194 668 1500 738 abditisqne
1552 675 1796 722 moratus
1843 677 1945 734 est,
1977 665 2065 722 die

459 767 732 828 noctuque
761 759 813 812 in
841 759 1064 828 j~juniis
1105 769 1161 813 et
1198 760 1535 815 orationibus
1571 774 1948 830 perseverans,
1979 771 2066 813 ve-

460 854 615 910 stitus
654 854 774 923 pilis
818 856 1177 920 camelorum,
1233 866 1288 911 et
1318 857 1540 912 locustis
1570 865 1758 926 pastus
1797 869 1863 910 ac
1904 852 2064 908 m‘eiie

458 942 713 998 silvestri.
748 943 878 1011 Qua:
927 949 1108 1002 utnnia
1137 963 1358 1002 summm
1387 948 1734 1004 continentia:
1759 955 1923 1017 atque
1951 945 2062 998 fru—

463 1036 699 1104 galitatis
727 1037 924 1093 indicia
973 1055 1093 1096 esse
1136 1049 1528 1106 monszrantur,
1572 1040 1766 1109 quibus
1811 1038 2062 1092 universo

459 1126 659 1181 mundo
687 1143 812 1182 Cum
842 1129 955 1184 suis
985 1131 1201 1200 pompis
1230 1130 1542 1201 deliciisque
1565 1130 1900 1197 renuntians,
1930 1125 2060 1180 nihil

457 1219 602 1273 aliud
645 1220 972 1288 dignabatur
1016 1224 1197 1277 videre
1247 1238 1408 1291 quam
1439 1223 1714 1278 Christum
1741 1240 1754 1275 :
1781 1221 1866 1276 cui
1895 1220 2060 1275 etiam

456 1309 523 1362 ad
563 1324 719 1363 suum
752 1311 1019 1381 baptisma
1071 1313 1328 1378 venienti,
1377 1313 1743 1366 testimonium
1791 1310 2063 1381 perhibuit

455 1399 664 1466 dicens,
692 1399 830 1454 Ecce
851 1403 1030 1473 Agnus
1064 1401 1181 1471 Dei,
1209 1420 1327 1457 ecce
1353 1405 1440 1474 qui
1475 1404 1605 1457 tollit
1627 1413 1840 1474 peccata
1857 1402 2056 1456 mundi.

454 1487 700 1556 Cumque
732 1497 841 1542 tam
871 1493 1145 1560 prmClzli‘iS
1170 1494 1379 1547 actibus
1414 1502 1630 1561 tamque
1660 1490 1958 1560 tnagnillcis
1979 1491 2060 1544 iu-

455 1580 698 1634 sinuaret
722 1581 973 1636 onmibus
1002 1583 1252 1653 exempla
1282 1584 1516 1646 virtutis,
1565 1583 1839 1652 principes
1874 1591 2057 1636 tamen

453 1691 575 1729 cum
606 1676 934 1740 senioribus,
965 1684 1019 1729 et
1062 1677 1256 1732 scribis
1281 1686 1336 1731 et
1361 1675 1668 1741 Pharis-eis,
1701 1675 1911 1730 meritis
1935 1674 2054 1744 ejus

457 1766 660 1820 insanis
689 1767 910 1821 ausibus
940 1768 1340 1834 exprobrabant
1371 1785 1383 1819 :
1412 1767 1553 1836 quod
1587 1767 1845 1820 Dominus
1873 1775 2056 1820 noster

2173 573 2228 629 S.
2276 573 2533 639 Joannes,
2563 575 2719 644 cujus
2767 575 2926 631 hodie
2970 575 3234 630 festivitas
3267 577 3334 634 ab
3379 575 3616 633 Ecclesia
3649 587 3768 635 toto

2167 665 2300 721 orbe
2331 675 2594 720 terrarum
2624 667 2951 733 celebratur,
2998 669 3163 722 etiam
3194 670 3531 739 temporibus
3569 669 3767 732 Juliani

2167 759 2380 838 tyranni
2408 759 2590 830 potius
2618 775 2780 831 quam
2805 751 3060 831 principis
3088 761 3140 815 in
3168 775 3266 817 suo
3297 774 3529 832 corpore
3561 764 3768 835 reliquo

2166 852 2405 922 pertulit,
2437 851 2582 924 quod
2615 868 2647 914 a
2677 853 2951 924 discipulis
2978 852 3095 924 ejus
3127 861 3256 914 tunc
3284 854 3540 909 traditum
3582 857 3768 930 sepub-

2165 955 2317 1011 tnrae,
2349 946 2710 1007 sacratissima
2741 945 3032 1015 Evangelia
3065 947 3384 1008 retulerunt.
3419 946 3550 1001 Nam
3589 947 3768 1016 genti-

2165 1034 2294 1098 lium
2326 1033 2438 1090 fera
2485 1035 2780 1091 crudelitas
2824 1036 3127 1107 impiissimi
3177 1044 3339 1106 atque
3385 1046 3646 1107 apostatae
3674 1036 3767 1091 Ju-

2164 1124 2292 1178 liani
2317 1125 2559 1180 moribus
2590 1140 2919 1197 congruens,
2949 1124 3174 1180 eiii-acto
3203 1124 3498 1180 beatissimi
3535 1128 3761 1191 tumulo,

2164 1230 2284 1268 ossa
2310 1215 2425 1283 ejus
2454 1214 2737 1269 dementer
2781 1216 3035 1281 extraxit,
3067 1215 3281 1287 ignique
3324 1210 3645 1270 comburens
3681 1232 3767 1271 re-

2163 1306 2308 1375 degit
2335 1307 2384 1360 ln
2418 1306 2714 1376 pulverem,
2747 1314 2801 1360 et
2823 1306 3022 1376 passim
3053 1320 3254 1361 vesano
3283 1305 3463 1361 furore
3491 1305 3764 1376 dispersit.

2123 1415 2128 1422 '
2162 1401 2267 1458 Sed
2297 1401 2467 1470 gratia
2496 1399 2696 1454 Christi
2722 1415 2840 1469 qua:
2871 1413 3093 1454 suorum
3122 1397 3300 1466 dirigit
3341 1396 3503 1454 corda
3535 1398 3764 1453 famulo-

2162 1507 2300 1557 rum,
2329 1506 2428 1560 per
2453 1489 2569 1545 dies
2597 1504 2693 1545 eos
2720 1489 3017 1543 monachos
3039 1487 3105 1541 ab
3136 1485 3525 1558 Hierosolymis
3567 1486 3761 1542 ibidem

2162 1598 2324 1637 causa
2365 1580 2627 1636 orationis
2670 1578 2987 1645 adduxerat,
3034 1565 3124 1648 qui
3159 1577 3404 1632 videntes
3432 1586 3541 1632 tam
3587 1579 3760 1634 scele-

2159 1684 2301 1729 stum
2327 1673 2534 1728 facinus
2573 1672 2642 1727 ab
2685 1670 2864 1742 impiis
2892 1668 3217 1740 perpetrari,
3265 1668 3606 1738 stupentibus
3639 1667 3764 1738 ipsis

2159 1767 2468 1840 gentilibus,
2519 1765 2739 1822 easdem
2784 1762 3125 1820 venerandas
3172 1761 3431 1832 reliquias
3472 1761 3768 1816 transtule-

455 1859 508 1910 in
546 1855 835 1927 Evangelio
864 1866 1114 1919 testatur,
1149 1866 1204 1912 et
1234 1857 1387 1922 dixit,
1428 1857 1579 1911 Vertit
1607 1857 1838 1911 Joannes
1872 1855 2054 1926 Bapti-
2089 1859 2131 1920 Β
2162 1868 2305 1923 runt,
2338 1870 2577 1926 moxque
2615 1854 2742 1910 inde
2771 1852 2998 1925 profecd
3040 1860 3188 1920 sunt,
3221 1853 3530 1907 thesaurum
3578 1866 3763 1907 secum

452 1959 533 2004 sta
560 1967 719 2017 neque
746 1949 1093 2012 manducone,
1126 1965 1287 2020 neque
1307 1949 1504 2012 bibens,
1527 1963 1573 2001 et
1604 1949 1774 2002 dicitis
1797 1965 1814 2002 :
1845 1947 2052 2003 Dtcmo—

452 2042 596 2094 nium
618 2041 787 2094 liabet.
825 2039 999 2095 Sicuti
1033 2058 1175 2096 nttnc
1199 2041 1444 2111 plerique
1464 2041 1894 2095 Christianorum
1920 2039 2053 2095 Pha-

453 2130 733 2184 rls:corum
781 2133 899 2185 sine
948 2131 1285 2187 dubitatione
1315 2132 1644 2196 consimiles,
1694 2132 1740 2187 si
1788 2130 1927 2186 forte
1957 2131 2050 2187 Dei

454 2219 686 2276 fanmlos
716 2222 951 2276 viderint
989 2223 1342 2288 abstinentes,
1382 2222 1434 2277 in
1465 2221 1656 2277 eadem
1695 2223 1940 2279 convicia
1970 2231 2053 2276 at-

451 2329 560 2385 que
583 2315 870 2371 maledicta
902 2331 1273 2390 prorumpere,
1307 2327 1363 2369 et
1407 2332 1520 2370 rem
1557 2329 1719 2385 quam
1750 2316 2055 2371 imitatione

450 2407 655 2461 debent
685 2410 918 2478 assequi,
951 2407 1060 2463 suis
1085 2409 1334 2478 prosequi
1360 2409 1700 2465 contumeliis
1724 2424 1830 2463 non
1856 2425 2051 2464 veren-

451 2507 543 2553 tur
574 2516 586 2552 :
620 2508 677 2554 ut
705 2501 1000 2570 probabilis
1027 2483 1134 2555 vita
1179 2501 1485 2555 rmnoribus
1516 2499 1762 2569 malignis
1805 2502 2051 2569 exposita

449 2589 774 2646 laudandam
801 2592 1207 2663 perseverantia
1234 2613 1261 2645 ει
1297 2601 1483 2648 tenere
1507 2593 1705 2658 valeat,
1729 2607 1834 2663 qua
1867 2582 2048 2646 fervo-

449 2697 562 2739 rem
584 2686 785 2739 veteris
807 2685 1168 2739 minulationis
1200 2687 1481 2738 accendat.
1517 2681 1633 2738 lioc
1660 2691 1839 2738 autem
1864 2681 2046 2736 odium
2071 2675 2074 2678 ’

447 2773 519 2831 de
545 2790 756 2831 morum
786 2777 1136 2831 similitudine
1183 2777 1529 2840 sustinemus,
1564 2783 1623 2828 ut
1668 2774 1722 2828 id
1759 2774 1904 2843 quod
1938 2774 2046 2828 Do-

446 2867 625 2922 minus
653 2877 838 2922 noster
867 2869 942 2922 ait
969 2869 1019 2921 in
1052 2867 1366 2938 Evangelia,
1422 2869 1477 2921 in
1520 2866 1673 2920 nobis
1702 2867 1864 2919 etiam
1891 2879 2044 2920 corn-

448 2957 745 3026 probatur:
780 2957 842 3010 Si
886 2959 951 3011 de
1000 2958 1096 3011 hoc
1144 2957 1336 3010 mundo
1387 2957 1587 3019 essetis,
1639 2957 1861 3009 mundus
1910 2955 2047 3027 quod

445 3063 594 3103 suum
620 3056 736 3102 erat
763 3048 997 3120 diligeret
1013 3065 1032 3114 ;
1056 3049 1144 3102 sed
1172 3049 1292 3119 quia
1321 3049 1383 3102 de
1411 3049 1604 3102 mundo
1644 3049 1741 3102 isto
1769 3065 1873 3103 non
1895 3050 2044 3116 estis,

1573 3201 3633 3240 Mm

2159 1951 2523 2010 venerabilem
2548 1948 2872 2006 deferentes.
2899 1947 3040 2004 Ecce
3061 1962 3275 2003 rursum
3303 1946 3620 2017 obsequium
3644 1961 3762 2000 mo-

2159 2044 2460 2101 nachorum
2509 2041 2772 2097 divinitus
2813 2047 3156 2120 procuratur,
3199 2047 3260 2094 ut
3305 2037 3762 2108 quemadmodum

2160 2152 2260 2209 per
2303 2135 2602 2192 mimaehos
2630 2140 2796 2203 caput
2839 2130 2998 2200 hujus
3023 2133 3195 2187 sancti
3235 2138 3511 2202 repertum
3559 2137 3662 2195 est,
3690 2129 3762 2184 ita

2159 2241 2378 2298 quoque
2404 2242 2502 2297 per
2529 2225 2827 2281 monachos
2851 2223 3082 2279 residuae
3103 2224 3348 2294 corporis
3377 2219 3494 2290 ejus
3523 2221 3762 2290 reliquizn

2159 2327 2506 2376 servarentur
2531 2337 2544 2372 ι
2570 2333 2692 2389 quae
2718 2319 2964 2388 protinus
2982 2323 3175 2372 sancto
3197 2313 3495 2369 Athanasio
3526 2311 3762 2368 Alexan-

2156 2416 2324 2470 drinae
2386 2411 2622 2468 civitatis
2672 2411 2928 2481 episcopo
2988 2407 3325 2476 diriguntur;
3391 2421 3523 2476 quas
3571 2413 3760 2474 postea

2156 2503 2488 2577 Theophilus
2510 2502 2749 2573 ejusdem
2780 2501 3013 2558 civitatis
3034 2500 3343 2571 episcopus,
3373 2499 3620 2553 universa
3643 2496 3758 2550 ido-

2155 2601 2330 2654 lorum
2367 2597 2594 2653 delubra
2622 2594 2928 2661 destruens,
2958 2593 3012 2646 in
3055 2591 3277 2647 basilica
3322 2604 3482 2661 quem
3515 2590 3614 2643 sub
3655 2603 3756 2641 no-

2154 2692 2300 2747 mine
2330 2689 2570 2759 ejusdem
2613 2684 2909 2744 beatissimi
2932 2682 3155 2738 Joannis
3191 2681 3445 2752 Baptistte
3474 2680 3560 2750 pia
3588 2681 3754 2733 devo—

2155 2782 2302 2836 tione
2339 2775 2671 2844 construxit,
2701 2775 2800 2830 sub
2829 2772 3032 2843 ingenti
3059 2771 3250 2842 populi
3278 2769 3632 2826 veneratione
3660 2768 3756 2821 de-

2150 2868 2349 2940 posuit.
2381 2865 2488 2921 Sed
2511 2863 2624 2948 jam
2650 2872 2863 2932 tempus
2891 2870 2976 2917 est
3004 2870 3061 2915 ut
3084 2859 3400 2931 praedictam
3427 2859 3582 2914 vobis
3609 2855 3753 2912 refe-

2150 2975 2333 3016 ramus
2361 2957 2664 3021 historiam,
2695 2969 2904 3025 proque
2944 2952 3048 3007 hoe
3079 2948 3268 3007 labore
3317 2957 3504 3006 nostro
3532 2960 3752 3019 precum

2151 3058 2452 3106 vestrarum
2482 3046 2727 3118 praesidia
2753 3042 3047 3100 efficaciter
3077 3043 3450 3113 impetremus.

3639 3199 3752 3216 ﬂ

889 3319 1021 3444 DE
1095 3235 1722 3446 lNVENTlONli
1801 3235 2206 3446 unus
2277 3309 2702 3442 unus
2773 3304 3347 3436 suum.

450 3542 514 3602 In
541 3543 762 3626 primam
782 3541 1122 3629 inventionem
1142 3540 1356 3624 pretiosi
1377 3544 1828 3629 capitisprf‘rclqri
1849 3561 1911 3598 ac
1936 3543 2046 3618 glo-

2153 3545 2238 3602 Et‘:
2266 3546 2368 3629 ratio.
2393 3541 2604 3629 πρνὼτην
2633 3535 2832 3626 εὕρεσιν
2874 3542 2966 3629 τῆξ
3009 3536 3192 3629 τιμίξις.
3224 3532 3439 3629 κεφαλῆς
3457 3538 3557 3629 1τοῦ
3585 3533 3752 3620 τιμίοὲ

590 3615 717 3668 riosi
737 3613 1002 3684 propheta:
1020 3611 1359 3681 pra'Cursort's
1381 3611 1602 3669 Joannis
1626 3613 1897 3687 Baptism.

849 3704 1077 3765 Dionysio
1116 3703 1310 3766 Exiguo
1337 3707 1636 3769 interprete.

515 3815 631 3870 Duo
658 3815 874 3884 quidam
915 3815 1162 3870 monachi
1191 3815 1258 3870 de
1289 3814 1512 3873 Oriente
1539 3817 1789 3889 profecti,
1817 3819 2042 3890 cupien-

443 3913 634 3972 tesque
685 3905 936 3973 pretiosa:
977 3904 1154 3959 crucis
1204 3902 1403 3960 Christi
1453 3914 1510 3961 et
1551 3907 1770 3976 gloriosi
1809 3909 2042 3980 sepulcri

441 3994 557 4064 ejus
587 3995 678 4066 qui
719 4010 817 4064 pro
853 4003 1036 4050 nostra
1065 3995 1241 4050 salute
1269 3997 1436 4052 homo
1462 3995 1639 4053 factus
1673 4006 1906 4054 mortem
1927 4014 2045 4055 sus-

443 4091 623 4156 tinuit,
672 4104 770 4160 per
830 4103 990 4158 quam
1057 4089 1214 4145 nobis
1265 4091 1428 4145 vitam
1475 4091 2042 4164 immortalitatemqne

444 4181 668 4253 largitus
693 4190 798 4251 est,
825 4197 926 4237 nec
949 4197 1057 4237 non
1087 4181 1503 4238 resurrectionis
1532 4183 1648 4253 ejus
1673 4193 1730 4240 et
1768 4187 2040 4241 ascensio.

442 4274 524 4333 nis
552 4276 604 4330 in
636 4274 831 4333 omium
877 4273 996 4330 loca
1023 4273 1336 4330 veneranda
1363 4275 1690 4345 perspicere,
1722 4274 2038 4350 Hierosoly-

439 4379 581 4422 mam
620 4372 999 4436 pervenerunt.
1049 4362 1254 4420 Horum
1293 4366 1385 4420 uni
1428 4381 1731 4438 praeeursor
1775 4367 2040 4426 adventus

437 4454 692 4508 dominici
736 4462 792 4508 et
828 4453 1064 4525 baptista
1093 4452 1255 4524 Regis
1301 4456 1512 4521 attenti,
1542 4465 1760 4512 sanctus
1799 4455 2037 4516 Joannes

439 4543 719 4609 assistens,
750 4542 826 4597 ait
856 4561 869 4596 :
901 4563 920 4595 ε
950 4541 1240 4600 Venientes
1265 4545 1334 4600 ad
1362 4545 1580 4602 domqu
1606 4547 1880 4620 quondam
1924 4548 2033 4604 He-

439 4633 585 4688 rodis
614 4633 772 4705 regis,
806 4633 1014 4690 auferte
1043 4635 1320 4692 vobiscum
1349 4650 1515 4710 caput
1542 4654 1745 4708 meum,
1772 4639 1916 4710 quod
1947 4640 2032 4696 in-

438 4724 666 4780 venietis
715 4725 767 4780 in
800 4734 941 4781 terra
985 4725 1278 4783 defossum.
1311 4746 1330 4781 ι
1364 4727 1609 4802 Cumque
1654 4746 1816 4786 mane
1842 4729 2032 4790 fuisset

435 4827 708 4887 exortum,
754 4819 1015 4876 visionem
1059 4823 1356 4883 monachus
1404 4839 1564 4893 quam
1599 4822 1807 4880 viderat
1845 4824 2032 4880 retulit

2216 3615 2309 3706 ξιαὶ
2347 3604 2545 3676 ἑνδόξου
2582 3604 2842 3686 προῷήτου
2879 3612 2967 3662 τοῦ
3007 3604 3300 3684 προδρὸμού
3336 3606 3423 3660 καί
3455 3608 3752 3659 Βαπτιστιῦ

2237 3685 2450 3738 ιωάννου
2460 3720 2474 3734 .

2217 3823 2447 3890 Μωαχοί
2474 3814 2566 3872 δύο
2593 3817 2650 3870 ἐκ
2677 3823 2768 3876 τῆς
2795 3813 2924 3875 ἔνῖιας
2953 3811 3232 3892 ὁρμώμενοι
3267 3818 3361 3869 τοῦ
3381 3816 3548 3884 τιμίου
3590 3830 3748 3868 σταυ-

2145 3917 2238 3989 ροῦ
2259 3913 2345 3965 τὸν
2369 3911 2545 3972 τόπον,
2574 3911 2661 3963 xv!
2699 3906 2782 3963 διὰ
2807 3910 2895 3963 τὸν
2923 3909 3041 3982 περὶ
3071 3908 3210 3976 ἡμᾶς
3241 3901 3408 3960 οἶκτον
3429 3907 3748 3982 ἐνανθρωπσὰ·

2143 4023 2353 4067 σαντος,
2398 4004 2479 4056 καὶ
2530 4001 2739 4056 θάνατον
2785 4000 3068 4060 ἀθανασίας
3117 3996 3351 4077 «ﬂium
3387 3998 3749 4070 ὑπομείναντος

2143 4103 2370 4175 Χριστοῦ
2399 4096 2486 4150 τὸν
2507 4095 2686 4168 τάφον,
2723 4103 2816 4156 τῆς
2842 4114 2896 4148 τε
2936 4093 3273 4152 ἀναστάσεως
3311 4093 3394 4146 καί
3430 4099 3520 4152 τῆς
3559 4093 3744 4150 ἀναλή-

2142 4191 2281 4262 ψεως
2302 4189 2390 4246 τὸν
2420 4190 2598 4264 χῶρον
2633 4186 2846 4258 αὐτοψσὶ
2869 4182 3090 4240 κατιδεῖν
3120 4185 3452 4248 ποθήσαντες,
3484 4190 3550 4240 τὰ
3593 4183 3748 4259 Ἱεροο

2142 4282 2346 4353 σόλυμα
2365 4266 2717 4352 κατειλήφασε.
2770 4280 2971 4331 Τούτων
3009 4275 3080 4330 ἑνί
3111 4275 3136 4329 ὁ
3163 4272 3459 4351 πρόδρομος
3495 4285 3589 4336 τῆς
3626 4273 3746 4336 δεσ.

2139 4381 2355 4435 ποτικῆς
2397 4373 2694 4451 παρουσίας
2742 4371 2828 4423 καί
2873 4368 3164 4436 βαπτιστής
3203 4373 3296 4421 τοῦ
3347 4365 3602 4436 βασιλέως
3645 4375 3745 4424 τῶν

2142 4463 2272 4521 ὅλων
2301 4465 2533 4525 Ἰωάννης
2557 4462 2795 4528 ἐπιστὰς,
2822 4462 2977 4534 φησί’
3011 4477 3030 4510 ι
3060 4460 3187 4536 Πρὸς
3221 4463 3312 4519 τήν
3340 4457 3563 4536 Ἡρώδου
3605 4480 3744 4532 γενο-

2137 4556 2286 4626 μένην
2313 4551 2507 4613 ὧιησιν
2529 4545 2882 4625 ἐκδραμόντες,
2908 4549 3074 4602 ἐκεῖσε
3104 4552 3193 4606 τήν
3235 4547 3362 4617 ἐμήν
3403 4547 3620 4620 κεφαλὴν
3641 4549 3741 4603 ὑπὸ

2132 4653 2227 4718 γῆν
2271 4646 2497 4716 κειμένην
2535 4641 2780 4702 ἀνέλεσθε.
2815 4657 2833 4692 ε
2865 4636 3090 4715 Ὀρθρου
3128 4634 3181 4693 δὲ
3215 4637 3620 4708 καταλαϐόντος,
3651 4645 3740 4700 τήν

2133 4735 2361 4811 ὅρασινὸ
2388 4736 2620 4806 μοναχὸς
2655 4732 2904 4808 διηγεῖται
2935 4739 3009 4804 τῷ
3047 4729 3224 4792 πέλας.
3255 4727 3314 4785 Ὀ
3344 4729 3423 4796 δὲ,
3460 4737 3741 4808 φαντασίας

2131 4825 2259 4885 εἶναι
2295 4829 2354 4885 τὸ
2398 4834 2619 4904 πρᾶγμα
2642 4830 2876 4898 νομίσας,
2923 4821 3178 4900 ὁμόφρονα
3224 4825 3454 4898 γενέσθαι
3500 4827 3588 4881 τὸν
3635 4835 3720 4886 τῆ»

436 4911 608 4977 fratri,
639 4913 731 4983 qui
763 4910 1100 4970 delusionem
1131 4913 1427 4985 phantasia:
1455 4916 1776 4986 suspicatus,
1807 4931 2028 4986 persua-

2148 4922 2364 4996 ipn’tamc
2393 4923 2575 4980 θεατήν
2603 4922 2889 4978 ὐποπείθει.
2924 4917 3356 4994 Ῥεραθνμηκᾶτων
3383 4916 3436 4974 δὲ
3460 4917 3542 4974 διὰ
3561 4927 3737 4983 τοῦτο,

433 5003 526 5060 det
572 5004 645 5059 iili
694 5005 781 5060 cui
826 5007 1139 5076 mysterium
1189 5006 1365 5062 fuerat
1411 5009 1730 5075 revelatum,
1783 5019 1843 5063 ut
1883 5009 2025 5067 idem

431 5094 574 5163 quod
615 5095 727 5166 ipse
770 5097 1013 5164 sentiret,
1057 5097 1187 5150 nihil
1229 5112 1372 5152 esse.
1406 5085 1648 5168 Cquue
1685 5114 1800 5154 rem
1844 5100 2057 5169 negler

435 5189 550 5244 τιυὶ
579 5187 944 5258 tradidissent,
994 5199 1215 5264 postero
1247 5191 1335 5248 die
1364 5210 1541 5263 prteco
1569 5195 1812 5256 veritatis
1858 5198 2032 5254 astitit

434 5278 678 5350 utrisque
721 5282 1056 5352 separatim,
1101 5291 1159 5337 et
1199 5284 1447 5342 similiter
1487 5288 1565 5342 eis
1617 5302 1916 5358 apparens,
1940 5279 2026 5348 "ita

433 5369 642 5427 locutus
672 5380 792 5427 est:
827 5393 846 5425 ε
875 5370 1104 5434 Omnem
1152 5376 1544 5433 dubitationem
1591 5377 1923 5438 inﬁdelitatis
1959 5396 2026 5438 ex

431 5461 623 5516 vestris
642 5461 895 5520 cordibus
921 5463 1244 5536 eliugantes,
1269 5466 1334 5524 ad
1365 5469 1645 5524 veritatem
1675 5471 1900 5528 visionis
1927 5487 2024 5528 co-

431 5549 618 5617 gitatio
653 5562 830 5609 vestra
879 5571 989 5611 non
1037 5557 1323 5616 claudicet.
1355 5578 1374 5614 ι
1424 5557 1669 5632 Dumque
1718 5577 2026 5620 consonan-

427 5648 554 5703 tiam
583 5644 720 5701 alter
743 5647 898 5705 alteri
928 5650 1221 5720 retuiisset,
1245 5654 1459 5723 gemina
1491 5655 1702 5714 visione
1729 5655 1948 5724 firmati,
1971 5665 2029 5712 et

422 5736 806 5829 inobedientite
859 5744 1184 5813 supplicium
1239 5746 1630 5829 formidantes,
1703 5749 1820 5806 sine
1869 5765 2025 5807 mora

418 5831 562 5898 quod
593 5827 916 5900 imperatum
959 5832 1060 5890 sibi
1103 5831 1276 5894 fuerat
1308 5827 1689 5914 impleverunt.
1722 5835 1788 5893 Et
1817 5854 2024 5912 pucea-

2133 5023 2198 5091 τῇ
2225 5015 2468 5090 ἐπιούσῃ,
2497 5021 2590 5076 τῆς
2619 5014 2854 5074 ἀληθείας
2891 5012 2918 5069 ὁ
2947 5014 3103 5088 κῆρυξ
3131 5009 3274 5077 αὖθις
3315 5011 3586 5084 ἐξίσταται
3625 5015 3740 5069 κατ’

2136 5106 2267 5164 ἰδίαν
2291 5108 2589 5185 ἀμφοτέροις
2634 5107 2820 5182 ὁμοίως
2863 5111 3060 5181 egere,
3109 5112 3193 5166 καί
3237 5126 3385 5184 φησι·
3425 5125 3444 5160 ε
3481 5115 3652 5164 Πᾶσαν
3687 5111 3740 5164 ἐκ

2133 5207 2225 5260 τῆς
2249 5196 2474 5260 διανίίας
2501 5201 2812 5277 ίξορίσαντες
2857 5201 3146 5270 ἀπιστίαν,ι
3173 5204 3294 5280 περὶ
3335 5206 3424 5261 τήν
3452 5209 3544 5262 τῆς
3576 5202 3738 5256 ὀπτα-

2135 5293 2254 5347 σίας
2275 5292 2450 5346 πίστιν
2477 5291 2560 5348 τὸν
2589 5292 2831 5365 λογισμὸν
2861 5298 2930 5366 μή
2967 5293 3235 5356 ὀκλάσητε.
3267 5312 3283 5346 t
3336 5304 3420 5354 Ὠς
3447 5291 3499 5347 δὲ
3539 5295 3736 5369 θατέρῳ

2135 5387 2339 5461 θάτεροε
2369 5391 2460 5444 τήν
2487 5392 2580 5446 τῆς
2601 5383 2972 5460 ἀποκαλύψεως
2994 5383 3274 5460 διηγήσατο
3304 5387 3623 5462 σνμφῳνίαν,
3649 5387 3736 5439 καὶ

2127 5484 2202 5549 τῷ
2230 5475 2592 5550 διπλασιασμῷ
2615 5484 2706 5537 τῆς
2735 5475 2966 5553 ὁρασίως
2986 5478 3347 5538 πιστευθέντες,
3367 5479 3450 5531 καὶ
3479 5479 3537 5531 τὸ
3568 5480 3622 5530 ἐκ
3644 5483 3734 5536 τῆς

2130 5577 2386 5646 παρακοῆς
2411 5569 2697 5644 πρόστιμον
2723 5567 2964 5636 δεδιότες,
2993 5569 3208 5639 ἀμελητὶ
3234 5570 3290 5625 τὸ
3327 5569 3588 5624 κελευσθέν
3615 5568 3733 5630 ἐξα.-

2129 5661 2356 5715 νύουσιν.
2383 5663 2472 5714 καί
2497 5668 2560 5733 τῇ
2587 5663 2768 5736 χάριτι
2804 5658 3192 5734 ίφοδηγούμενοι
3215 5667 3303 5722 τήν
3323 5661 3455 5736 ὑπὲρ
3479 5669 3568 5721 τῆς
3593 5662 3731 5715 εὐσε-

2133 5754 2273 5814 ϐείας
2294 5754 2624 5824 ίκτμηθεῑσαν
2641 5760 2728 5818 τοῦ
2752 5761 3045 5812 Βαπτιστοῦ
3069 5759 3280 5829 κεφαλήν
3301 5756 3605 5826 ἀνελόμενοι,
3629 5762 3727 5814 τοῖς

2132 5844 2183 5897 ἔκ
2213 5851 2410 5922 τριχῶν
2441 5845 2668 5918 καμήλου
2703 5847 3194 5921 κατεσκευασμένοις
3229 5850 3508 5919 μαρσίποις
3553 5846 3705 5900 ἕνέῗω
