4122 6514
423 421 429 428 ι
479 342 585 398 ιετ

1821 326 2179 390 DIONYSIUS
2215 324 2372 384 EXIG
2383 325 2541 387 UUS.

3678 319 3782 376 428

433 434 669 518 “dludit
703 475 799 519 vas
825 473 998 530 ipsum
1026 457 1200 514 mellis
1224 470 1386 527 super
1410 469 1599 510 manus
1631 467 1798 518 meas,
1827 462 1883 507 et
1922 450 2089 504 inter-

2208 446 2356 521 λύραν
2381 441 2444 502 οὗ
2473 445 2625 517 ἤμην.
2656 445 2743 502 Καί
2763 443 2982 518 ἔμφοϐος
3010 443 3299 518 γενόμενος,
3325 446 3609 522 ἐσφράγισα
3639 458 3798 520 ἐμαυ·
3853 459 3858 462 ’

461 538 668 624 ’γοεδνὶ
713 567 837 608 eum
867 550 1051 605 dicens
1081 567 1094 603 :
1133 567 1152 600 ι
1190 547 1416 602 Domine
1445 554 1632 602 sancte
1656 542 1918 612 Joannes,
1948 541 2090 598 unde

485 644 555 698 ad
586 661 688 703 nos
711 643 942 702 venisti?
971 662 989 696 ι
1024 642 1127 710 Qui
1157 640 1472 712 respondit:
1503 660 1521 693 ι
1551 640 1627 696 De
1654 638 1883 696 Sebaste
1906 635 2084 693 veni.»

495 735 753 799 Praelham
782 733 941 811 igitur
968 747 1112 800 eum,
1140 739 1197 786 et
1227 739 1336 786 tam
1378 731 1494 801 ipse
1537 744 1700 799 quam
1734 729 1826 800 qui
1862 743 1984 784 cum
2025 741 2092 781 eo

491 824 882 896 erantingressi
897 831 1024 880 sunt
1045 823 1097 878 in
1121 823 1513 880 monasterium
1537 829 1803 887 nostrum,
1818 827 1874 874 et
1895 818 2092 873 iterum

492 933 586 973 vas
616 916 790 972 mellis
826 915 960 971 fudit
983 929 1150 985 super
1176 930 1367 970 manus
1397 929 1568 968 meas.
1599 913 1842 980 Cumque
1869 923 1972 979 ego
1999 909 2096 965 de—

492 1008 733 1064 tulissem
773 1005 1204 1062 benedictionem
1254 1006 1372 1074 ejus
1423 1005 1490 1060 ad
1537 1003 1817 1074 superiora
1858 1001 2095 1067 triclinii,

493 1097 606 1168 ipse
635 1097 858 1152 intravit
897 1097 949 1150 in
987 1096 1318 1160 oratorium;
1351 1103 1409 1151 et
1446 1110 1570 1152 cum
1600 1093 1998 1151 descendissem
2030 1094 2104 1148 ad”

492 1190 790 1245 oratorium
825 1189 916 1245 ubi
955 1195 1090 1254 erat,
1119 1202 1250 1245 ecce
1277 1188 1435 1242 video
1465 1187 1775 1242 columnam
1804 1185 1942 1256 ignis
1975 1193 2100 1240 ante

493 1294 638 1334 eum.
699 1276 768 1332 Et
824 1279 990 1333 nimio
1042 1292 1244 1348 pavore
1289 1284 1597 1346 correptus,
1645 1275 1915 1330 excitatus
1961 1290 2098 1330 sum.

496 1371 625 1428 Post
651 1371 770 1426 hazc
807 1378 1010 1437 autem,
1039 1370 1354 1442 priusquam
1389 1367 1546 1422 nobis
1589 1367 1786 1423 ostium
1828 1375 2103 1422 monaste-

496 1467 564 1522 rii
620 1467 709 1522 ubi
755 1474 874 1522 erat
925 1474 1170 1522 sanctum
1232 1465 1538 1536 depositum
1594 1463 1751 1520 nobis
1797 1461 2103 1518 traderetur

496 1558 551 1612 in
604 1557 808 1614 sanctis
849 1557 1177 1629 jejuniorum
1227 1555 1446 1624 diebus,
1504 1555 1592 1610 ubi
1647 1555 1826 1610 cibum
1880 1567 2105 1624 vespere

497 1650 846 1721 smupsimus,
876 1658 933 1705 et
969 1649 1080 1704 dixi
1126 1648 1195 1704 ad
1227 1649 1420 1704 fratres
1458 1656 1693 1710 nostros,
1725 1645 2105 1716 Unusquisque

497 1749 738 1796 vestrum
768 1740 1008 1811 psalmos
1035 1753 1164 1794 suos
1189 1741 1389 1794 iterare
1415 1753 1524 1794 non
1556 1737 1812 1807 negligat.
1840 1734 1909 1790 Et
1936 1734 2103 1791 relin—

2194 541 2302 596 τόν.
2347 543 2449 596 Καί
2499 539 2606 596 ίδού
2646 548 2924 617 προηγεῖτο
2973 538 2998 594 ὁ
3044 540 3195 599 αὐτὸς⁵
3223 541 3410 618 ἀστήρ,
3453 542 3536 594 καί
3581 542 3802 600 εἰσῆλθον

2194 633 2479 689 ἀκολουθῶν
2507 634 2670 706 αύτῷ,
2713 633 2905 706 μέχρις
2929 627 2990 685 οὗ
3036 628 3169 688 ἔστη
3211 632 3298 686 ὲπί
3325 639 3417 691 τῆς
3463 631 3664 702 κόγχος
3709 639 3802 686 τοῦ

2196 727 2471 791 σπηλαίου,
2496 724 2555 781 οὗ
2579 723 2639 785 ἦν
2666 727 2697 784 ἡ
2725 724 2848 797 ἁγία
2878 729 3066 798 κορυφὴ
3103 731 3194 776 τοῦ
3224 720 3517 801 Προόρόμου
3547 727 3632 778 καί
3664 733 3803 779 Bm:-

2197 825 2374 874 τιστοῦ
2409 815 2659 872 Ἰωάννου.
2685 815 2808 888 Ἐγώ
2837 815 2891 872 δέ
2930 822 3096 871 ταῦτα
3135 818 3308 872 πάντα
3337 819 3453 872 Ceae
3466 819 3665 892 άμειιες.
3697 843 3803 876 παο

2199 919 2453 984 ραχρῆμα
2480 911 2844 986 προσεκύνησα
2867 915 2939 977 τῷ
2971 915 3168 982 Κυριῷ,
3197 910 3371 962 πεσὼν
3401 910 3484 961 ἐπὶ
3513 909 3698 962 κοιλίαν
3724 912 3804 964 ἔπι

2199 1003 2384 1064 πολλάς
2414 1004 2554 1079 ὧρας
2571 1017 2582 1030 ⁸
2607 1001 2776 1054 λαϐὼν
2801 998 2855 1054 δέ
2881 1001 3133 1071 θυμίαμα,
3157 1003 3240 1054 καὶ
3260 1000 3450 1071 βαλὼν,
3480 998 3706 1070 δεόμενος
3723 1015 3802 1059 καί

2202 1093 2528 1168 παρακαλῶν,
2551 1095 2813 1168 κρατιῇσος
2843 1091 3042 1168 ὀρύγων
3063 1093 3285 1168 ἠρξάμην
3312 1101 3575 1148 σκάπτει).
3606 1095 3696 1146 Καὶ
3725 1089 3805 1146 εὖ·

2201 1208 2289 1261 ρον
2322 1189 2400 1242 τὸν
2424 1188 2579 1243 τόπον
2620 1184 2998 1259 ᾠκοδομημένον
3039 1186 3143 1240 άπὸ
3185 1183 3377 1260 δαρτῆς
3416 1185 3696 1246 ἀσϐέστου,
3723 1191 3809 1242 καί

2202 1279 2673 1344 πενταπαλαίστου,
2701 1281 2786 1333 καί
2819 1275 2943 1333 ὅσον
2970 1279 2990 1331 ἐ
3002 1281 3068 1350 γὼ
3101 1275 3374 1339 ἔσκαπτον,
3417 1273 3554 1347 ἦχος
3577 1279 3662 1331 καί
3684 1282 3806 1332 κτύ-

2203 1391 2300 1430 πος
2331 1367 2604 1425 ἀπεδίδοτο
2630 1370 2809 1441 μέγας,
2843 1370 2912 1429 ὡς
2933 1369 3034 1422 ἀπὸ
3059 1366 3258 1443 ὑδρίας.

2279 1463 2378 1512 Καὶ
2405 1460 2533 1531 μετὰ
2553 1458 2612 1515 τὸ
2640 1458 2840 1528 σκάψαι
2867 1478 2953 1529 με,
2998 1460 3082 1512 καί
3134 1458 3384 1512 καοιλθεῐν
3409 1455 3521 1512 ἴσον
3564 1464 3656 1512 τοῦ
3693 1456 3806 1514 ἐὸά-

2206 1571 2350 1621 φους,
2383 1547 2528 1627 εὗρον
2566 1551 2914 1621 ἐκκεχυμένον
2953 1551 3023 1611 ὡς
3060 1545 3227 1620 ἄμμον
3255 1549 3505 1621 χαλκοῦν.
3539 1554 3628 1604 Καὶ
3676 1553 3805 1620 μετὰ

2207 1650 2375 1698 ταῦτα
2399 1646 2572 1714 καμὼν
2599 1642 2757 1698 πολλά
2783 1641 2925 1712 μόλις
2948 1640 3184 1701 ἐδυνήθην
3207 1651 3564 1718 ἀποχωρῆσαι
3590 1646 3681 1702 τὸν
3703 1641 3807 1714 ἆμ-

2207 1754 2319 1802 μον.
2344 1735 2436 1788 Καί
2463 1734 2596 1802 μετὰ
2621 1738 2791 1787 ταῦτα
2819 1731 2985 1796 ίξήλθε
3023 1734 3118 1786 σὺν
3155 1739 3220 1807 τῇ
3263 1728 3418 1803 ἅμμῳ
3445 1735 3659 1810 κεραμὶς
3693 1735 3808 1803 μία.

497 1840 730 1901 quentes
779 1847 866 1886 me
911 1832 964 1886 in
1014 1830 1287 1897 triclinio,
1329 1829 1730 1885 descenderunt
1777 1827 1847 1882 ad
1893 1827 2103 1882 initium

2211 1829 2303 1880 Καὶ
2327 1826 2569 1882 ὑποκάτω
2614 1834 2708 1889 τῆς
2755 1824 3038 1902 κεραμίδος,
3081 1823 3214 1888 πλάξ
3242 1825 3542 1900 μαρμάρου.
3583 1827 3673 1879 καί
3699 1844 3810 1899 γρε-

497 1923 656 1978 scalae
693 1937 814 1993 qua:
851 1921 918 1976 ad
955 1929 1184 1990 utraque
1231 1920 1556 1976 monasteria
1587 1918 1825 1988 respicit.
1857 1915 2104 1986 Cumque

497 2013 874 2069 consedissent
909 2019 973 2067 ut
1011 2013 1274 2068 iterarent
1310 2009 1570 2082 psalmos,
1603 2008 1671 2064 ad
1709 2007 1991 2064 dexteram
2026 2008 2104 2062 le-

499 2122 636 2162 vans
664 2106 853 2162 oculos
895 2121 1026 2160 suos
1054 2104 1222 2158 frater
1261 2102 1480 2161 lsaacus
1519 2103 1697 2172 ignem
1738 2099 1871 2155 vidit
1911 2099 2103 2154 ardere

501 2200 558 2254 in
587 2197 786 2254 tabulis
813 2197 935 2252 ostii
975 2196 1246 2266 speluncae
1285 2195 1375 2250 ubi
1403 2201 1522 2250 erat
1550 2193 1914 2250 venerandum
1943 2198 2104 2262 caput

501 2290 675 2347 sancti
703 2287 928 2344 Joannis
968 2287 1221 2358 Baptistae
1260 2286 1578 2357 repositum.
1610 2285 1764 2353 Quod
1795 2300 1916 2342 cum
1946 2283 2104 2339 vidis-

501 2388 588 2438 set
619 2381 803 2445 frater,
828 2379 1150 2435 exclamavit
1177 2386 1233 2434 et
1257 2377 1430 2434 dixit:
1463 2397 1482 2430 ι
1513 2377 1740 2432 Domine
1765 2377 1858 2442 mi,
1885 2375 2104 2430 domine

502 2473 603 2544 mi,
639 2473 694 2528 in
740 2472 882 2528 ostio
921 2471 1196 2542 spelunca:
1245 2472 1383 2539 ignis
1423 2485 1681 2526 accensus
1710 2476 1812 2525 est.
1851 2486 1870 2520 ι
1905 2466 1972 2522 Et
2001 2480 2104 2536 ego

501 2564 756 2636 respondi
783 2581 797 2618 :
831 2583 849 2616 ι
883 2563 961 2619 Ne
990 2564 1202 2631 timeas,
1237 2561 1427 2633 frater,
1453 2562 1550 2620 sed
1579 2563 1826 2618 muniens
1856 2569 1911 2618 te
1933 2561 2105 2632 signa-

500 2655 624 2713 culo
653 2654 873 2721 Christi,
902 2655 1098 2711 ibidem
1128 2670 1436 2727 persevera.
1477 2674 1496 2708 ι
1532 2654 1752 2711 Fratres
1781 2662 1963 2710 autem
1993 2669 2104 2726 prae

504 2751 703 2806 timore
747 2751 1066 2807 claudentes
1113 2751 1330 2816 ostium,
1364 2751 1433 2805 ad
1469 2765 1558 2806 me
1591 2752 1794 2807 conciti
1835 2767 2102 2822 pervene-

495 2852 647 2900 runt.
679 2842 795 2913 Ego
826 2858 955 2899 vero
998 2843 1314 2915 mysterium
1344 2858 1746 2912 recognoscens
1775 2859 1841 2900 ex
1885 2843 2104 2899 visioni-

501 2935 604 2991 bus
625 2933 760 2990 mihi
785 2942 914 2989 ante
940 2936 1275 2999 monstratis,
1300 2933 1412 2990 dixi
1442 2934 1509 2990 ad
1530 2950 1626 2990 eos
1651 2953 1664 2990 :
1695 2953 1714 2986 ι
1743 2934 1823 2990 Ne
1849 2934 2101 3001 timeatis,

501 3027 700 3082 fratres
727 3025 856 3093 mei,
883 3025 1010 3096 quia
1040 3025 1144 3082 hoc
1180 3026 1338 3082 nobis
1376 3041 1694 3098 prosperum
1731 3023 1893 3082 faciet
1921 3025 2106 3082 Domi-

502 3139 626 3181 nus.
657 3143 677 3178 ι
706 3122 836 3179 Post
859 3124 974 3180 dies
1000 3133 1182 3181 autem
1201 3125 1443 3195 quinque
1467 3125 1771 3182 Maxentius
1799 3134 1855 3182 et
1881 3125 2106 3197 Stepha-

499 3235 608 3278 nus
645 3223 982 3278 venerabiles
1009 3223 1313 3295 presbyteri
1339 3223 1797 3290 archimandritte,
1827 3225 2107 3283 venientes

503 3314 573 3370 ad
615 3321 866 3371 sanctum
906 3315 1221 3386 episcopum
1259 3315 1534 3372 dominico
1569 3315 1658 3372 die
1699 3331 1946 3386 vespere,
1977 3330 2108 3386 sug-

504 3412 790 3474 gesserunt
828 3405 881 3461 ei
929 3406 1114 3461 omnia
1152 3406 1220 3462 de
1264 3407 1380 3477 ipsa
1434 3408 1725 3478 spelunca,
1764 3423 1886 3478 qua:
1925 3409 2108 3465 cohae-

494 3497 660 3553 rebat
705 3498 1037 3554 monasterio
1085 3508 1294 3564 nostro,
1339 3508 1397 3555 ut
1435 3510 1722 3569 utrumque
1750 3502 1952 3571 pariter
1979 3501 2109 3571 jun-

501 3597 751 3658 gerctur;
811 3589 1080 3660 jussitque
1128 3592 1234 3647 hoc
1281 3591 1570 3662 episcopus
1623 3591 1757 3648 ﬁeri.
1828 3593 1928 3649 Cui
1976 3594 2111 3650 dixit

499 3677 816 3751 Stephanus
855 3681 1183 3753 presbyter:
1235 3701 1254 3734 ι
1307 3681 1387 3738 Ex
1434 3691 1706 3754 praecepto
1752 3693 1942 3740 nostro
1990 3700 2112 3741 cras

495 3781 717 3829 mature
755 3775 910 3830 trado
944 3776 1257 3846 speluncam
1295 3776 1449 3832 fratri
1496 3777 1768 3834 Marcello.
1808 3799 1826 3830 ι
1861 3778 1926 3834 Et
1955 3796 2112 3836 mane

499 3866 828 3934 perveniens
870 3867 1094 3922 tradidit
1136 3867 1295 3925 nobis
1344 3869 1522 3940 ipsum
1571 3870 1961 3926 monasterium
2012 3872 2112 3926 sub

503 3957 788 4026 praesentia
832 3958 1276 4030 presbyterorum
1322 3959 1568 4027 Palladii,
1613 3959 1780 4028 Petri,
1820 3959 2112 4029 Gennadii,

505 4055 562 4102 et
587 4045 884 4118 Stephani,
915 4049 1349 4106 archimander
1377 4051 1692 4107 monasterii
1730 4050 2112 4122 Bethgalorum

505 4138 623 4214 [al.,
638 4138 1100 4214 Betbgaalorum].
1115 4140 1186 4196 Et
1199 4142 1450 4212 aperiens
1462 4143 1660 4198 ostium
1671 4143 1818 4214 quod
1829 4153 1946 4200 erat
1957 4146 2114 4201 obse-

504 4243 700 4301 ratum,
729 4235 889 4292 simul
929 4235 1158 4306 ingressi
1194 4251 1380 4291 sumus
1427 4243 1484 4291 et
1523 4237 1869 4293 adoravimus
1911 4239 2115 4312 [oravi-

504 4325 666 4398 mus].
704 4325 905 4382 Videns
951 4335 1135 4383 autem
1183 4327 1366 4384 locum
1415 4327 1576 4385 nimis
1616 4343 1739 4384 esse
1780 4329 2109 4399 neglectum,

504 4416 842 4488 commonuit
869 4424 928 4470 ut
952 4415 1282 4486 diligentiam
1317 4418 1484 4488 ipsius
1514 4417 1859 4476 haberemus.
1888 4418 1955 4474 Et
1985 4435 2114 4490 pro-

504 4509 676 4566 fectus
715 4521 800 4565 est
841 4511 981 4566 idem
1025 4509 1336 4581 Stephanus
1381 4513 1689 4584 presbyter,
1727 4513 1798 4568 ad
1843 4513 2110 4570 visitanda

2207 1920 2384 1989 μάσας
2405 1925 2494 1978 τήν
2514 1919 2702 1980 πλάκα,
2728 1915 2878 1989 εὗρον
2903 1923 2992 1977 τήν
3027 1917 3226 1988 ὑδρίαν.
3258 1922 3347 1974 καί
3368 1921 3501 1990 μετά
3535 1921 3693 1993 φόξου
3732 1923 3808 1977 καί

2206 2013 2397 2088 τρόμου
2429 2013 2612 2072 εύθξως
2649 2011 2816 2066 λαϐὼν
2841 2012 3030 2081 λύχνον
3051 2015 3136 2066 καί
3163 2013 3414 2085 θυμίαμα.
3457 2017 3542 2068 καί
3583 2035 3808 2087 προσκυ-

2206 2107 2364 2164 νήσας
2390 2103 2556 2164 πάλιν,
2587 2103 2717 2175 μετὰ
2742 2109 2912 2158 ταῦτα
2937 2103 3170 2174 ἐκάλυψα
3200 2109 3289 2162 τὸν
3313 2105 3466 2164 αύτίζν
3490 2103 3688 2177 ύδρίαν.
3721 2107 3810 2162 καί

2206 2196 2456 2270 παραυτά
2482 2199 2811 2271 παρεγίνοντο
2833 2196 2959 2270 πρὸς
2981 2197 3116 2266 ἡμᾶς
3143 2197 3186 2250 ei
3213 2200 3333 2271 περί
3358 2197 3442 2251 τὸν
3471 2196 3810 2275 ἀρχιμανδρί·

2206 2307 2298 2346 την
2323 2291 2412 2343 καί
2438 2286 2660 2344 διάκονον
2716 2286 2991 2343 Γεννάδιον.
3038 2291 3136 2342 Καὶ
3167 2292 3447 2360 συν-ιυχὼι
3475 2313 3562 2358 μοι
3599 2288 3684 2344 ἐπί
3718 2292 3809 2343 θύ-

2205 2401 2302 2453 ραν
2340 2386 2431 2435 τοῦ
2462 2379 2714 2438 σπηλαίου
2735 2419 2750 2445 ,
2782 2375 2894 2434 εἷπέ
2921 2401 3008 2450 μοι
3035 2396 3048 2410 ⁸
3085 2397 3102 2429 ι
3144 2386 3322 2455 Δεῦρο,
3364 2383 3665 2452 εἰσέλθωμεν
3705 2381 3810 2438 ἔσω

2206 2473 2531 2546 ἀμφότεροι.)
2560 2475 2647 2527 Καὶ
2671 2473 2802 2544 μετὰ
2829 2474 2887 2528 τό
2917 2470 3180 2537 εὔξασθαι,
3209 2473 3365 2528 ἔδωκέ
3387 2497 3471 2546 μοι
3495 2478 3579 2530 τόν
3602 2478 3811 2532 άσπασο

2207 2565 2302 2634 μὸν
2326 2567 2407 2618 καί
2436 2559 2548 2618 εἴη’
2573 2585 2662 2634 μοι
2691 2581 2702 2592 ·
2740 2582 2757 2613 ε
2793 2560 3000 2640 Ὀραμα
3034 2560 3166 2619 εἶδον
3197 2566 3382 2632 ἐκεῖσε,
3427 2569 3494 2627 ὡς
3522 2566 3600 2623 ὅτι
3640 2569 3735 2642 ἐγώ
3754 2590 3807 2626 τε

2209 2658 2291 2711 καί
2319 2658 2384 2710 σύ
2408 2656 2693 2727 ἑστήκαμεν
2726 2657 2778 2710 ἓν
2815 2664 2890 2729 τῷ
2932 2656 3144 2710 ἐνταῦθα
3189 2658 3448 2730 σπηλαίῳ,
3479 2663 3593 2726 καί,
3624 2663 3768 2732 φησίν
3790 2703 3806 2728 ,

2209 2745 2376 2824 ἄρτων
2403 2748 2584 2808 πλῆθος
2612 2749 2846 2803 ἀπέκειτο
2877 2749 2924 2801 ἐν
2949 2756 3022 2818 τῷ
3059 2750 3278 2804 ἐνταῦθα
3307 2749 3543 2823 σπηλαίῳ
3574 2753 3811 2826 καθαρῶν

2209 2849 2273 2902 ὡς
2302 2842 2326 2896 ὁ
2353 2842 2510 2903 ἥλιος.
2561 2844 2653 2898 Καί
2697 2846 2834 2919 μερίς
2883 2843 3051 2896 ἐπάνω
3099 2845 3282 2897 αὐτῶν.
3331 2847 3419 2898 Καὶ
3451 2843 3561 2899 ἰδού
3595 2843 3811 2917 δύναμιε

2208 2935 2403 2990 πολλῶν
2434 2936 2708 3007 ἀνθρώπων
2738 2937 3128 3008 κατερχομένων
3174 2937 3221 2988 ἐν
3269 2944 3342 3009 τῷ
3383 2937 3520 3010 αύτῷ
3570 2937 3808 3008 σπηλαίῳ

2210 3029 2295 3082 καί
2319 3026 2596 3098 ἐλάμϐανον
2624 3027 2746 3102 παρ’
2772 3028 2912 3100 ἡμῶν
2939 3029 3040 3081 ἀπὸ
3084 3034 3183 3080 τῶν
3215 3030 3590 3103 προειρημένων
3618 3026 3808 3105 ἄρτων.

2210 3121 2313 3173 Καί
2343 3119 2506 3180 οὕτως
2533 3120 2622 3172 οὐκ
2657 3118 2946 3190 ἐξέλειψαν,
2988 3122 3071 3174 καί
3110 3120 3155 3174 oi
3180 3116 3432 3198 ἅνθρωποι
3470 3122 3809 3194 λαμϐάνοντες

2130 3201 2181 3266 C
2213 3213 2301 3266 οὐκ
2331 3211 2652 3274 ἐπαύσαντο,
2681 3212 2770 3264 καί
2797 3212 2936 3281 ἡμῶν
2977 3212 3287 3270 ἡττηθέντων
3321 3213 3423 3267 άπὸ
3472 3220 3572 3268 τῶν
3613 3214 3812 3270 πολλῶν

2171 3306 2176 3310 ’
2213 3298 2405 3372 ὄχλων,
2433 3301 2648 3376 ἤρξαντο
2668 3303 2713 3356 οἷ
2732 3299 2878 3376 ἄρτοι
2905 3303 3144 3358 πέτεσθαι
3172 3306 3256 3358 ἐπί
3279 3307 3372 3366 τάς
3393 3307 3532 3378 ἡμῶν
3561 3316 3806 3383 χεῖρας.»

2214 3399 2306 3451 καί
2357 3398 2487 3466 μετά
2532 3398 2592 3452 τὸ
2639 3393 2982 3466 διηγήσασθαι
3027 3397 3180 3452 αὐτόν
3222 3403 3312 3457 τήν
3361 3397 3542 3473 ὅρασιν
3582 3401 3769 3460 ταύτην
3793 3441 3810 3472 ,

2215 3490 2358 3565 ἔφην’
2395 3509 2414 3543 ι
2453 3490 2608 3547 Καλόν
2635 3510 2732 3546 σου
2758 3494 2816 3545 τὸ
2847 3489 3034 3566 ὅραμκ.
3072 3509 3090 3542 ι
3128 3495 3216 3546 fieri
3242 3491 3577 3566 λογισάμενος
3601 3535 3615 3560 ,
3645 3491 3809 3559 εἶπον,

2222 3603 2238 3633 ι
2272 3586 2332 3638 Τί
2358 3584 2496 3638 τελεῖ
2515 3590 2666 3638 τοῦτο
2695 3585 2754 3637 τὸ
2784 3582 2974 3660 ὅραμα;
3008 3601 3026 3634 ι
3057 3587 3146 3638 Itai
3191 3585 3341 3640 πάλιν
3363 3586 3715 3660 λογισάμειος,
3744 3583 3814 3641 εἷ-

2215 3697 2333 3741 πον,
2369 3693 2388 3726 (
2416 3672 2535 3730 Ὀτι
2561 3677 2616 3730 ἐκ
2650 3681 2740 3730 τοῦ
2771 3680 2900 3729 Θεοῦ
2941 3676 3058 3731 ἐστι
3100 3682 3253 3731 τοῦτο
3307 3679 3365 3733 τὸ
3421 3676 3613 3753 ὅραμα.
3656 3697 3676 3730 ε
3715 3683 3816 3735 Καί

2214 3771 2368 3837 γνούς
2403 3764 2482 3822 ὅτι
2508 3769 2561 3820 ἐκ
2584 3773 2678 3821 τοῦ
2712 3773 2840 3822 Θεοῦ
2871 3769 3107 3841 ὑπάρχει
3131 3808 3146 3833 ,
3203 3768 3510 3840 άπεκάλ.υ·,ῐα
3551 3771 3688 3841 αὐτῷ
3723 3776 3816 3831 τήν

2215 3860 2500 3930 ἐπιφάνειαν
2537 3863 2628 3912 τοῦ
2678 3857 2825 3930 άγίου
2851 3855 3104 3913 Ἰωάννου.
3160 3863 3251 3913 Καί
3299 3862 3545 3932 παραυτά
3593 3863 3817 3925 άκοῦσας

2217 3948 2380 4010 ἐννεὸς
2412 3947 2603 4019 ἔμεινε.
2634 3952 2723 4002 Καὶ
2741 3949 2930 4023 ἤρξατο
2948 3949 3285 4024 παρακαλεῖν,
3316 3969 3334 4002 ι
3368 3958 3462 4005 Ποῦ
3495 3953 3632 4009 ἔστιν
3677 3953 3703 4008 ό
3731 3953 3818 4012 τό·

2219 4059 2343 4107 mg;
2383 4060 2402 4092 ε
2439 4039 2568 4113 Ἐγὼ
2607 4038 2662 4097 δὲ
2700 4052 3035 4120 παραχρῆμα
3065 4043 3306 4110 ὑπέδειξα
3351 4047 3508 4120 αύτῷ.
3561 4051 3648 4103 Καὶ
3689 4051 3819 4119 μετὰ

2217 4140 2387 4189 ταῦτα
2414 4135 2674 4207 ἐξήλθομεν
2713 4135 3008 4212 ἀμφότεροι,
3040 4139 3128 4191 καί
3164 4137 3452 4212 ἐλογιζόμην
3481 4142 3532 4195 τί
3567 4141 3819 4213 ὀφείλομεν

2218 4237 2453 4288 ποιῆσαι.
2488 4233 2579 4284 1εαί
2605 4231 2876 4288 ἒσκόπησα
2916 4229 3164 4307 πρότερον
3193 4232 3422 4287 ἀπελθεῖν
3445 4277 3458 4300 ,
3501 4239 3584 4288 καὶ
3619 4237 3818 4290 ἀποκα-

2217 4321 2376 4394 λύψαι
2405 4330 2477 4396 τῷ
2507 4324 2679 4397 πνπία
2701 4323 2951 4392 Στεφάνω,
2985 4329 3059 4394 τῷ
3089 4321 3476 4399 άρχιμανδρίτῃ
3523 4331 3614 4380 τοῦ
3645 4337 3815 4402 Δαρω·

2219 4419 2358 4488 μίου,
2384 4417 2465 4471 ’ίνα
2485 4417 2635 4475 αὐτὸς
2673 4417 2900 4490 γνωρίσῃ
2937 4423 3010 4485 τῷ
3042 4413 3329 4490 ἐπισκόπῳ.
3379 4421 3468 4472 καί
3521 4417 3820 4480 ἀπελθόντες

2220 4510 2271 4566 ἐν
2290 4519 2363 4584 τῷ
2393 4513 2710 4587 μοναστηρίῳ
2737 4512 2907 4574 αὑτοῦ,
2941 4515 3032 4564 οὐκ
3057 4509 3268 4584 εὕρομεν
3297 4511 3448 4565 αὐτόν
3471 4509 3556 4566 διά
3583 4511 3638 4565 τό
3668 4512 3820 4566 ἀπελ-

509 4603 837 4660 monasteria
865 4617 986 4672 qua:
1012 4611 1167 4659 erant
1194 4604 1248 4658 in
1277 4605 1474 4661 villulis
1501 4607 1816 4662 constituta.
1842 4605 1957 4677 Ego
1981 4622 2105 4662 vero

2214 4607 2313 4658 θεῖν
2339 4603 2487 4658 αὐτὸν
2515 4603 2564 4656 ἐν
2594 4609 2706 4662 τοῖς
2751 4602 3057 4678 ἐπιχωρίοις
3103 4604 3486 4679 μοναστηρίοις.
3533 4606 3619 4683 lteri
3659 4605 3708 4657 ἐν
3745 4609 3821 4676 τῷ

511 4695 814 4766 Marcellus,
848 4711 1128 4753 assumens
1163 4695 1377 4768 fratres,
1427 4700 1568 4770 ccepi
1611 4699 1947 4774 diligentiam
1993 4715 2111 4754 mo-

505 4787 746 4844 nasterio
765 4787 911 4858 quod
925 4789 1082 4844 nobis
1102 4788 1284 4844 datum
1306 4789 1486 4846 fuerat
1501 4789 1812 4861 impendere
1839 4790 1962 4864 [al.,
1984 4789 2108 4845 dili-

504 4888 698 4951 genter
741 4878 1096 4952 impendere].
1146 4881 1392 4950 Dumque
1441 4881 1560 4938 loca
1607 4881 1719 4952 ipsa
1765 4880 2104 4946 mundamus,

508 4973 729 5028 veniens
741 4971 950 5039 Petrus,
965 4975 1248 5045 presbyter
1269 4973 1373 5029 loci
1403 4973 1809 5039 Bethmamatis,
1840 4973 1913 5028 ait
1939 4973 2069 5028 mihi
2091 4991 2103 5027 :

512 5086 529 5116 ι
566 5063 892 5135 Stephanus,
934 5065 1350 5120 archimandrita
1390 5063 1823 5131 Bethgaalorum,
1856 5073 2108 5136 precatur

506 5169 563 5213 ut
609 5169 832 5229 propter
860 5159 1144 5215 Dominum
1195 5159 1474 5216 nobiscum
1504 5161 1690 5217 venias
1725 5161 1792 5218 ad
1821 5170 2104 5218 monaste-

493 5250 647 5304 .rium
693 5249 838 5305 beati
879 5248 1126 5305 Carterii.
1167 5269 1187 5303 ›
1229 5249 1296 5306 Ει
1338 5251 1592 5324 respondi
1637 5269 1726 5310 me
1765 5255 1952 5310 venire
1995 5271 2105 5310 non

501 5354 688 5409 posse,
714 5342 840 5411 quia
872 5340 1202 5411 diligentiam
1246 5342 1369 5399 loco
1414 5343 1548 5398 mihi
1581 5343 1871 5401 commisso
1901 5344 2106 5416 depen-

519 5433 688 5488 lerem
716 5451 730 5489 :
759 5435 852 5505 qui
889 5437 1150 5507 compulit
1189 5451 1275 5492 me
1313 5452 1498 5493 secum
1535 5436 1826 5508 proficisci.
1863 5437 2108 5508 Cumque

497 5540 857 5596 pergeremus
907 5527 1128 5597 pariter,
1161 5527 1247 5582 aio
1291 5527 1359 5583 ad
1399 5543 1520 5582 eum
1549 5545 1562 5581 :
1601 5545 1620 5580 ι
1655 5527 2025 5585 Ascendamus
2053 5537 2108 5583 et

507 5616 804 5672 salutemus
824 5616 1132 5690 Cyriacum,
1161 5619 1444 5676 diaconem
1468 5628 1524 5676 et
1553 5620 2050 5676 archimandritam.
2085 5641 2103 5673 ι

510 5705 986 5779 Ascendentesque
1006 5717 1060 5764 et
1083 5709 1380 5767 salutantes
1405 5725 1552 5780 eum,
1583 5712 1845 5782 cmpimus
1870 5712 1948 5766 ire
1969 5711 2110 5767 velle

495 5795 917 5867 udprtedictum
948 5804 1332 5858 monasterium
1377 5803 1522 5860 beati
1569 5802 1816 5860 Carterii.
1861 5802 2113 5875 Dixitque

2217 4699 2352 4768 ἡμᾶς
2389 4697 2640 4750 ἐπανιέναι
2687 4696 2889 4760 ἐκεῖθεν,
2933 4694 3234 4767 ἐλογισάμην
3272 4694 3700 4766 μεταπέμψειθκι
3735 4697 3821 4749 τὸν

2217 4789 2439 4846 διάκονον
2467 4789 2708 4866 κυριακὸν
2737 4785 3151 4864 άρχιμανδρίτην
3173 4795 3271 4842 τῶν
3299 4789 3348 4841 ἐν
3377 4796 3452 4861 τῷ
3481 4788 3604 4861 ίερῷ
3631 4827 3644 4852 ,
3689 4789 3822 4842 άπο·

2215 4882 2442 4954 καλύψαι
2471 4885 2609 4952 αύτῷ
2639 4881 2698 4936 τό
2737 4885 3023 4956 μυστήριον
3076 4889 3170 4942 τῆς
3221 4880 3512 4952 ἐπιφανείας
3553 4885 3640 4934 τοῦ
3675 4877 3822 4952 άγίου

2214 4974 2470 5028 Ἰωάννου.
2508 4976 2595 5027 Καὶ
2621 4973 2814 5026 άπέστε
2837 4971 2904 5025 λοι
2932 4972 3018 5026 τόν
3051 4969 3258 5042 ἀδελφὸν
3284 4968 3542 5025 ’Ῑσαοίκιον
3562 5012 3574 5028 .
3628 4971 3818 5024 εἰπών’

2221 5084 2238 5117 ι
2279 5063 2576 5126 Σπουδαίως
2615 5070 2906 5139 παραγενοῦ
2947 5064 3043 5124 ἕως
3083 5065 3245 5135 ἡμῶν.
3284 5081 3302 5114 ι
3348 5066 3439 5117 Καὶ
3485 5067 3577 5118 τοῦ
3609 5060 3822 5136 ἀδελφοῦ

2215 5157 2536 5224 ἀπελθόντος,
2570 5158 2655 5212 καί
2683 5156 2914 5216 εἰπόντος
2959 5155 3121 5226 αὐτῷ,
3153 5162 3489 5232 παραχρῆμα
3516 5154 3824 5216 ύπακούσας

2214 5251 2544 5325 παρεγένετο.
2589 5255 2750 5319 Ἧμῶν
2798 5246 2852 5302 δέ
2894 5249 3278 5312 ἀσπασαμένων
3327 5248 3499 5312 αὑτὸν,
3537 5249 3624 5301 καί
3673 5248 3824 5306 αὐτὸς

2216 5338 2517 5414 ἀπήγγειλεν
2545 5340 2663 5408 ἡμῖν
2688 5339 2744 5392 τὸ
2767 5335 2962 5413 ὅραμα,
2997 5333 3022 5391 ὃ
3049 5332 3202 5401 εἶδεν,
3235 5333 3260 5390 ὃ
3291 5339 3372 5391 καί
3416 5333 3475 5397 ἦν
3520 5344 3825 5409 συμφωνοῦν

2214 5438 2288 5504 τῷ
2308 5429 2532 5503 ὁράματι
2557 5434 2646 5484 τοῦ
2679 5427 2909 5484 διακόνου
2932 5426 3218 5482 Γενναδίου.
3249 5429 3421 5498 Εύχὴν
3439 5427 3492 5482 δέ
3515 5432 3825 5490 ποιήσαντες

2217 5525 2564 5596 ἐγνωρίσαμεν
2609 5523 2747 5592 αύτῷ
2785 5526 2876 5580 την
2897 5519 3217 5592 ἀποκάλυψιν
3245 5527 3336 5575 τοῦ
3379 5519 3526 5592 άγίου
3547 5516 3774 5576 Ἰωάννου
3804 5559 3822 5583 .

2216 5619 2300 5672 καί
2328 5615 2443 5687 ἔφη’
2481 5633 2498 5665 ι
2533 5617 2594 5669 Τί
2637 5615 2815 5687 ὀφείλει
2862 5615 3131 5686 γενέσθαι;
3159 5631 3177 5665 ι
3214 5616 3304 5667 Καὶ
3347 5608 3487 5668 εἶπον
3517 5613 3640 5683 ἐγώ,
3679 5630 3698 5663 ι
3741 5611 3822 5669 Eat

2216 5703 2461 5786 συμφέρει
2485 5708 2734 5782 γνωρίσαι
2769 5713 2842 5776 τῷ
2877 5705 3138 5777 ἐπισκόπῳ
3166 5707 3284 5782 περί
3307 5705 3513 5760 τούτου.
3548 5707 3650 5759 Καὶ
3672 5705 3824 5760 πάλιν

2220 5799 2460 5875 μαθόντες
2490 5798 2572 5858 ὅτι
2598 5802 2656 5856 ού
2684 5798 2990 5876 παρεγένετο
3019 5797 3046 5856 ὃ
3075 5802 3272 5862 παπίας
3307 5799 3548 5873 Στέφανος
3585 5796 3612 5853 ὃ
3645 5805 3823 5874 προιδ-
