4122 6570
371 452 481 510 L29

369 660 467 726 sti,
500 666 560 713 ut
585 656 706 712 sine
745 668 897 709 mora
925 650 1266 707 diseederes‘!
1302 668 1321 701 ι
1356 648 1455 704 Cui
1495 647 1746 718 respondi
1780 687 1793 699 .
1823 664 1842 698 ι
1878 643 1983 699 Ne-

373 763 535 807 cesse
560 756 641 803 est
683 756 742 803 ut
780 745 1031 800 celeriter
1076 742 1433 807 ambulemus,
1464 740 1589 811 quia
1621 739 1871 794 traditum
1902 744 1986 791 est

380 838 540 892 nobis
579 838 647 891 ab
689 835 946 906 episcopo
977 841 1032 887 et
1063 832 1210 887 aliud
1252 830 1639 886 monasterium
1677 830 1762 883 cui
1798 841 1986 881 curam

383 931 651 985 instanter
676 925 1052 997 impendimus.
1084 942 1107 971 ›
1136 921 1543 978 Descendentes
1582 919 1763 988 itaque
1792 931 1987 989 perve-

384 1020 565 1073 nimus
606 1017 677 1071 ad
718 1014 1108 1072 monasterium
1146 1028 1291 1083 smpe
1330 1019 1726 1078 memoratum;
1757 1026 1990 1080 cumque

381 1111 774 1164 saiutassemus
804 1108 1017 1170 fratres,
1052 1105 1367 1160 ordinantes
1391 1119 1510 1173 qua:
1539 1112 1695 1158 erant
1739 1117 1989 1157 necessa-

387 1199 492 1265 ria,
542 1197 968 1252 revertebamur.
1020 1182 1215 1249 Dicunt
1265 1194 1396 1248 mihi
1445 1192 1652 1263 praefati
1698 1193 1889 1248 Petrus
1936 1200 1994 1247 et

388 1287 718 1357 Stephanus,
744 1287 1043 1357 presbyteri
1066 1283 1529 1339 archimandritte:
1562 1304 1579 1336 ε
1615 1283 1743 1339 Vale
1766 1284 1994 1338 dicimus

390 1380 523 1445 tibi;
551 1395 646 1433 ora
678 1394 777 1447 pio
808 1377 981 1432 nobis.
1020 1396 1038 1429 ι
1077 1376 1212 1430 Tum
1241 1376 1328 1431 aio
1356 1375 1422 1430 ad
1452 1392 1550 1431 eos
1576 1394 1588 1429 :
1620 1394 1639 1427 ι
1676 1374 1848 1431 llodie
1878 1392 1996 1431 mo-

393 1470 688 1524 nasterium
745 1469 1101 1538 suscepimus,
1148 1476 1204 1523 et
1254 1468 1415 1523 vultis
1463 1467 1649 1521 abire?
1699 1467 1992 1534 sustinete,

394 1576 605 1630 qumso,
635 1569 691 1614 et
720 1559 1074 1614 consolamini
1109 1574 1240 1626 nos;
1280 1578 1299 1611 ›
1334 1567 1390 1613 et
1419 1559 1575 1627 coegi
1606 1573 1720 1613 eos.
1754 1558 1999 1627 Cumque

398 1666 623 1720 veSpera
673 1649 813 1705 facta
861 1657 1028 1718 esset,
1074 1665 1203 1720 post
1247 1650 1550 1719 orationes,
1589 1650 1710 1705 cibo
1759 1659 1997 1719 sumpto,

396 1740 701 1809 quievimus
734 1757 747 1792 :
781 1739 856 1793 illi
886 1740 1047 1795 ambo
1078 1740 1131 1794 in
1174 1740 1405 1797 triclinio
1454 1741 1755 1811 superiore,
1793 1754 1894 1808 ego
1926 1741 2000 1797 ibi

398 1830 619 1901 quidem
648 1831 701 1885 in
728 1831 986 1886 interiore
1012 1831 1280 1886 cubiculo.

933 443 1280 503 IIISTORUE
1321 440 1756 500 INVENTIONIS
1796 436 2062 496 CAPITIS
2099 437 2159 494 S.
2200 430 2479 492 JOANNIS
2526 426 3102 486 INTERPRETATIO.

373 565 508 625 mihi
536 563 797 636 Cyriacus
822 560 1121 615 diaconus:
1154 576 1173 609 ι
1205 554 1455 625 Nunquid
1500 562 1787 626 propterea
1826 551 1979 607 veni-
2008 602 2013 612 ,

2115 550 2253 609 ἠθείς
2304 543 2712 623 άρχιμανδρίτης
2752 544 2853 599 ἀπὸ
2896 547 2998 598 τῶν

3559 413 3665 466 450

3101 538 3311 612 ιχωρίω
3322 560 3341 598 J
3366 579 3380 603 ,
3423 539 3444 594 ί
3450 526 3680 611 μείναμεν

2088 644 2280 715 ἡμέρας
2314 640 2462 694 πέντε
2507 634 2905 708 ἀπεκδεχόμενοι
2926 636 3104 693 αὑτόν.
3135 636 3377 704 ξαςεάτῳ
3418 630 3473 687 δέ
3518 630 3683 691 δείλης

2089 736 2227 803 ἡμῶν
2273 733 2559 801 καθημένων
2600 731 2682 782 καί
2745 728 3072 797 όμιλοὺ-.των,
3127 718 3356 798 ἐξαίφνης
3407 726 3681 786 τυπτηθεὶς

2090 825 2173 878 ἐπὶ
2200 825 2267 879 τὰ
2311 822 2533 895 γόνατα,
2562 818 2811 891 έκάμφθην
2840 816 2980 885 ὅλος,
3020 821 3107 871 καί
3142 818 3233 871 οὑκ
3270 815 3517 877 ἠδυνήθην
3562 812 3683 871 οὔτε

2092 916 2417 978 σαλευθῆναι,
2433 909 2550 966 οῦτε
2576 912 2876 977 ἀναστῆναι,
2902 908 3020 963 οὔτε
3047 906 3164 963 ἄλλο
3199 930 3252 963 τι
3272 916 3503 967 ποιῆσαι.
3536 904 3686 963 Εἶπον

2093 1004 2182 1061 οὖν
2203 1007 2247 1058 οἱ
2275 1009 2396 1079 περί
2423 1005 2510 1059 τόν
2532 1001 2759 1058 διάκονον
2814 1000 3073 1057 Γεννάδιον
3100 1004 3186 1054 καί
3223 1001 3484 1075 κυριακὸν*
3522 1016 3541 1051 ε
3581 1001 3686 1053 Οὑκ

2078 1097 2277 1174 ¹ἔφημεν
2303 1117 2404 1159 σοι,
2442 1092 2522 1149 ὅτι
2550 1093 2839 1162 εἰσέλθωμεν
2862 1094 2945 1145 καί
2973 1094 3300 1166 γνωρίσωμεν
3324 1094 3445 1164 περὶ
3494 1091 3681 1146 τούτου

2094 1197 2166 1258 τῷ
2193 1185 2475 1256 ἔπισκόπῳ,
2498 1182 2675 1242 ἐπειδὴ
2706 1184 2729 1235 ὁ
2755 1185 2956 1242 παπίας
2991 1184 3230 1253 ὶτέφανος
3272 1179 3419 1235 οὔπω
3462 1178 3633 1241 ἧλθενς
3666 1198 3683 1229 ι

2097 1280 2223 1352 Ἐγώ
2244 1278 2299 1334 δέ
2329 1276 2508 1349 ἔμεινα
2537 1274 2776 1344 μειζόνως
2804 1273 3224 1345 βασανιζόμενος·
3255 1274 3398 1326 αὑτοὶ
3418 1270 3472 1327 δέ
3493 1271 3693 1343 πληρὼ-
3756 1344 3765 1351 .

2098 1390 2283 1430 σαντες
2310 1374 2401 1427 τήν
2433 1367 2721 1442 ὑπηρεσίαν
2751 1370 2839 1422 τὴν
2869 1364 3133 1442 ἑσπερινὰν
3153 1405 3167 1426 ,
3197 1367 3280 1417 καί
3309 1364 3526 1422 ἐλθόντες
3565 1362 3695 1415 ὅπου

2098 1462 2379 1530 ἀνεκείμην,
2411 1455 2720 1529 ἀπήγγειλαν
2752 1455 2994 1526 λέγοντες,
3026 1470 3046 1506 ε
3076 1453 3154 1508 ὄτι
3182 1455 3451 1525 ὠμόσαμεν
3477 1460 3550 1526 τῷ
3570 1452 3696 1525 ἁγίῳ

2095 1552 2304 1625 Ἰωάννῃ
2332 1553 2418 1605 καί
2444 1548 2798 1620 ἀνεδεξάμεθα,
2830 1545 2908 1602 ὅτι
2936 1548 3035 1622 πρὸ
3057 1546 3305 1601 ἀνατολῶν
3330 1548 3472 1605 ἡλίου
3499 1548 3693 1617 μανθά-

2100 1644 2220 1700 νειό
2251 1644 2547 1700 ἐπίσκοπος.
2581 1658 2600 1690 ι
2625 1639 2753 1713 Ἐγὼ
2789 1637 2840 1693 δὲ
2885 1639 3017 1713 πρός
3062 1638 3246 1697 αὐτοὺς
3284 1632 3447 1702 εἷπον,
3478 1655 3497 1687 ι
3530 1637 3699 1697 Καλῶς

2107 1738 2470 1802 συνετάξασθε.
2509 1755 2527 1786 ι
2564 1737 2654 1788 Καὶ
2680 1741 3017 1808 παραχρῆμα
3053 1732 3349 1804 έκουφίσϐην
3378 1733 3435 1785 ix
3455 1738 3558 1789 τῶν
3583 1728 3699 1786 ὀδυ-

2104 1836 2216 1882 νῶν.
2272 1829 2364 1882 Καί
2408 1833 2471 1900 τῇ
2521 1823 2739 1898 ἐπιούσῃ
2769 1832 2986 1897 κυριακῇ
3030 1822 3198 1900 ἡμέρᾳ
3241 1820 3350 1892 ἅμα
3381 1830 3453 1892 τῷ
3494 1819 3702 1892 διακόνῳ

471 1918 714 1990 Cumque
726 1918 1014 1975 dormirem
1029 1934 1091 1973 ea
1106 1919 1223 1992 [at.,
1241 1917 1439 1989 media]
1455 1928 1616 1976 noctu
1633 1920 1684 1975 in
1699 1936 1805 1992 qua
1816 1936 2006 1977 mona-

2115 1928 2351 1995 Κυριακῷ
2376 1921 2460 1972 καί
2482 1915 2733 1985 Ἰουλιανῷ
2772 1917 3036 1985 μονάζοντι
3075 1916 3403 1979 εἰσελθόντες,
3428 1917 3702 1990 ἐγνωρίσα-

399 2011 551 2067 sterii
582 2010 667 2065 vel
699 2010 969 2081 spelunca:
1010 2018 1261 2080 apertum
1290 2019 1374 2066 est
1400 2011 1618 2078 ostium,
1656 2013 1761 2069 hoc
1786 2023 1891 2081 est,
1917 2028 2005 2069 se-

400 2102 587 2173 quenti
627 2101 713 2156 die
750 2101 906 2156 tertia
948 2102 1180 2168 sabbati,
1221 2110 1343 2173 post
1383 2104 1658 2160 orationes
1687 2113 2003 2175 nocturnas,

401 2193 559 2262 quasi
591 2206 783 2246 manus
812 2191 911 2247 viri
940 2193 1174 2262 pulsavit
1201 2207 1288 2249 me
1321 2195 1480 2249 tertio
1510 2194 1564 2249 in
1593 2194 1785 2250 dextro
1811 2196 2005 2264 latere,

402 2293 461 2339 ct
513 2283 691 2339 audivi
741 2300 933 2340 vocem
986 2299 1235 2355 magnam
1289 2287 1561 2342 dicentem
1620 2288 1751 2343 mihi
1805 2307 1817 2342 :
1873 2287 2007 2344 Ecce

404 2380 593 2431 ostium
623 2386 857 2447 opertum
886 2386 982 2445 est,
1015 2390 1064 2433 et
1093 2379 1210 2434 ideo
1239 2396 1490 2451 cognosce
1524 2396 1639 2435 eum
1670 2381 1756 2452 qui
1792 2380 1882 2435 tibi
1913 2398 2010 2452 pa-

406 2472 581 2541 tefecit
622 2470 934 2542 ingressum,
965 2488 1028 2523 ne
1066 2472 1202 2540 forte
1248 2471 1500 2542 negligas.
1546 2469 1660 2540 Ego
1707 2487 1838 2526 vero
1883 2487 2008 2528 cum

408 2576 604 2630 magno
651 2563 843 2617 timore
887 2578 1183 2618 conversus
1232 2561 1435 2631 assedi,
1485 2571 1542 2618 et
1590 2562 1750 2618 video
1797 2550 2009 2618 stellam

408 2655 714 2712 flammeam
740 2658 793 2712 in
825 2659 964 2713 ostio
994 2658 1082 2713 ubi
1111 2659 1475 2730 quicscebam.
1507 2657 1876 2728 Majoremque
1906 2671 2015 2710 me-

410 2756 524 2800 tum
555 2747 888 2816 concipiens,
929 2748 1135 2817 signavi
1180 2761 1269 2802 me
1297 2762 1459 2802 cruce
1486 2745 1707 2809 Christi,
1740 2753 1797 2800 et
1827 2745 1917 2799 illa
1946 2744 2013 2800 de

418 2836 542 2893 loco
573 2838 663 2892 illo
692 2839 916 2894 minime
953 2849 1101 2893 mota
1144 2846 1246 2894 est.
1297 2838 1516 2895 Surrexi
1567 2839 1769 2907 itaque,
1800 2845 1857 2892 et
1894 2836 2014 2892 misi

412 2945 606 2985 manus
648 2932 701 2985 in
750 2932 891 2987 ostio
942 2931 1033 2986 ubi
1083 2937 1221 2999 erat,
1267 2939 1324 2987 et
1368 2947 1555 2989 rursus
1597 2931 1817 2986 inventa
1846 2931 2015 2986 estin

414 3020 553 3076 ostio
568 3023 840 3091 sequenti.
862 3022 996 3078 Cum
1012 3022 1304 3093 aperissem
1324 3023 1446 3097 [teg.
1462 3020 1818 3094 aperuissem]
1835 3030 2015 3078 autem

415 3114 633 3178 ostium,
668 3130 805 3168 unus
842 3130 909 3169 ex
956 3115 1039 3170 his
1071 3115 1163 3187 qui
1193 3115 1390 3171 ibidem
1419 3115 1795 3187 quiescebant,
1827 3116 2014 3171 sensit.

417 3203 487 3258 Et
527 3221 649 3260 cum
680 3204 749 3259 ad
785 3205 1079 3260 secundum
1124 3206 1491 3276 pervenissem
1538 3206 1760 3273 ostium,
1800 3206 2019 3262 inventa

2106 2033 2198 2084 μεν
2224 2018 2299 2085 τῷ
2345 2010 2602 2079 ἑπισκόπῳ
2626 2010 2873 2085 Οὐρανίῳ,
2890 2008 2989 2061 άπό
3010 2015 3110 2062 τῶν
3129 2007 3340 2063 ίωθινῶν
3362 2009 3703 2083 ἐξερχομένῳ,

2106 2102 2357 2165 εἰπόντες,
2388 2099 2466 2156 ὅτι
2492 2100 2516 2153 ό
2553 2098 2697 2172 ἅγιος
2729 2097 2957 2158 Ἰωάννης
2984 2098 3009 2153 ὁ
3034 2098 3327 2170 βαπτιστής
3348 2105 3439 2152 τοῦ
3480 2104 3707 2173 Χριστοῦ

2108 2193 2456 2265 ἀπεκαλύφθη.
2509 2191 2671 2250 Αὑτός
2706 2187 2759 2244 δὲ
2792 2190 3041 2253 ἀκούσας,
3088 2189 3246 2250 έννεὸς
3272 2187 3456 2262 ἔμεινε,
3487 2192 3572 2245 καί
3599 2185 3709 2244 εἷπε

2107 2289 2179 2357 μὴ
2205 2285 2384 2354 μαθεῖν
2406 2301 2540 2345 τινα,
2558 2283 2647 2335 καί
2665 2277 2842 2351 μηδείς
2869 2282 3024 2336 αὐτοῦ
3050 2279 3268 2351 ἅψηται.
3301 2282 3393 2335 καί
3414 2275 3550 2335 εἶπεν
3568 2281 3711 2352 αὑτῷ

2110 2376 2137 2430 ό
2164 2372 2393 2434 διάκονος
2422 2371 2700 2449 Κυριακὸς·
2739 2389 2757 2422 ί
2788 2370 2910 2427 Πότε
2945 2370 3121 2447 ἔρχῃς
3150 2389 3168 2422 ι
3204 2382 3260 2426 '0
3301 2369 3357 2427 δέ
3386 2413 3401 2437 ,
3439 2391 3456 2423 ‹
3485 2370 3663 2449 Αὔριον
3693 2409 3709 2433 ς

2110 2469 2254 2539 φησί,
2285 2467 2659 2538 παραγίνομαι.
2692 2481 2709 2514 ι
2746 2464 3151 2536 Παραγενόμενος
3200 2462 3253 2517 δὲ
3302 2470 3367 2538 τῇ
3416 2463 3530 2527 ἑξῆς
3574 2463 3710 2535 μετά

2110 2556 2477 2631 πρεσϐυτέρων
2512 2557 2601 2608 καί
2636 2553 2873 2608 διακόνων
2896 2594 2912 2620 ,
2961 2554 3265 2615 ἐπιστάντες
3306 2563 3380 2622 τῷ
3416 2554 3590 2624 τόπῳ,
3620 2575 3712 2608 πε-

2114 2650 2291 2711 σόντες
2316 2649 2734 2724 προσεκύνησαν.
2782 2648 2999 2717 Μάλχος
3034 2645 3089 2703 δέ
3119 2647 3144 2702 ό
3172 2648 3530 2724 πρεσϐύτερος
3556 2644 3627 2710 εἷς
3650 2646 3716 2703 ὢν

2115 2741 2227 2814 ἅμα
2266 2748 2368 2797 τῶν
2407 2736 2853 2798 ἀκολουθησάντων
2903 2746 2978 2812 τῷ
3028 2737 3293 2810 ἕπισκόπῳ
3349 2738 3716 2798 δυσπιστήσας

2116 2832 2300 2895 εἶπεῖι
2333 2831 2486 2887 Πόθεν
2514 2838 2667 2886 τοῦτο
2695 2828 2867 2895 δῆλον,
2902 2828 2981 2885 ὅτι
3023 2832 3054 2888 ἡ
3087 2830 3272 2903 κεφαλὴ
3305 2836 3395 2884 τοῦ
3433 2828 3719 2904 Προδρόμωι

2115 2931 2371 3005 τυγχάνει
2407 2928 2560 2991 αὕτη;
2592 2947 2609 2980 ι
2646 2930 2748 2983 Καί
2769 2926 3019 2982 ἐπιϐαλὼν
3040 2932 3130 2986 τήν
3149 2927 3494 3002 χεῖρααῦτοῦ
3522 2927 3606 2979 έπί
3627 2931 3719 2985 τήν)

2118 3023 2325 3098 ὑδρίαν,
2348 3031 2685 3101 παραχρῆμα
2710 3027 2800 3076 τοῦ
2830 3019 3069 3092 ἅψασθαι
3091 3030 3184 3080 τῆς
3219 3022 3409 3096 τριχός
3432 3061 3445 3083 ,
3476 3022 3720 3096 ἓξηράνοη

2122 3117 2153 3173 ἡ
2181 3118 2304 3190 χείρ
2329 3117 2506 3178 αὑτοῦ,
2536 3119 2625 3169 καί
2646 3114 2875 3172 ἐκολλήθη
2903 3119 2976 3184 τῷ
3012 3112 3239 3183 στόματι
3274 3121 3368 3173 τῆς
3392 3110 3605 3187 ὑδρίας,
3637 3117 3723 3170 καί

2121 3210 2210 3263 οὑκ
2235 3207 2459 3268 ἠδύνατο
2483 3210 2636 3269 αὑτήν
2656 3210 2983 3264 ἀποσπάσαι.
3008 3205 3266 3270 Ἐκτενοῦς
3294 3206 3347 3263 δέ
3383 3208 3492 3280 ἅμα
3520 3211 3722 3267 πάντων

418 3305 503 3353 est
536 3297 692 3351 stella
730 3298 783 3351 in
823 3297 964 3352 ostio
1010 3298 1195 3353 tertio.
1242 3297 1447 3353 Deinde
1486 3297 1765 3369 conspicio
1802 3312 1926 3353 eam
1967 3298 2013 3352 in

2125 3303 2392 3377 γενομένης
2421 3304 2584 3373 εὐχῆς
2609 3342 2626 3368 ,
2670 3304 2753 3356 καί
2790 3304 2993 3357 πάντων
3022 3299 3334 3367 δοξαζόντων
3354 3305 3442 3359 τόν
3468 3304 3608 3367 Θεὸν,
3639 3306 3723 3360 καί

418 3389 769 3445 interioribus
790 3389 951 3444 scalae
980 3390 1251 3458 gradibus.
1279 3388 1447 3444 Erant
1466 3397 1647 3444 autem
1672 3388 1810 3445 ostia
1830 3388 2026 3444 utrius-

420 3495 529 3549 que
551 3481 865 3535 monasterii
883 3480 1149 3551 patefacta
1173 3481 1445 3550 similiter,
1458 3489 1513 3536 et
1531 3480 1805 3551 spelunca:
1824 3480 2023 3536 ostium

422 3581 633 3643 patens.
668 3571 737 3626 Et
779 3587 908 3628 ecce
955 3573 1292 3643 praecedebat
1338 3588 1426 3629 me
1462 3572 1618 3629 stella
1661 3573 1798 3643 ipsa,
1836 3579 1892 3627 et
1922 3585 2024 3640 ego

420 3679 654 3734 sequens
684 3679 824 3730 eam,
857 3663 1131 3733 ingressus
1163 3679 1282 3719 sum
1310 3677 1484 3732 usque
1517 3663 1646 3719 dum
1690 3664 1745 3718 in
1782 3661 2023 3718 absidula

421 3754 693 3824 speluncae
718 3755 989 3820 constitit;
1013 3762 1070 3810 et
1089 3754 1278 3810 videns
1306 3754 1411 3810 hoc
1438 3753 1780 3819 miraculum,
1802 3751 2025 3807 adoravi

422 3844 713 3900 Dominum
753 3861 955 3915 pronus
992 3846 1044 3899 in
1088 3852 1288 3900 terram
1321 3860 1420 3915 per
1462 3843 1626 3900 horas
1669 3843 1886 3897 multas.
1919 3840 2027 3897 Re-

421 3936 679 3991 cordatus
706 3951 825 3990 sum
851 3951 984 3991 vero
1024 3937 1168 4006 quod
1196 3937 1439 4006 hospites
1464 3936 1720 3991 haberem
1744 3933 2027 3990 venerabi—

421 4028 503 4084 les
541 4028 686 4083 viros
727 4025 947 4083 Petrum
976 4037 1033 4083 et
1069 4028 1427 4097 Stephanum,
1461 4026 1808 4099 presbyteros
1847 4032 1903 4080 et
1939 4039 2026 4078 ar~

421 4118 829 4183 cliimandritas,
861 4125 919 4173 et
952 4133 1020 4173 ne
1054 4119 1461 4187 suspicarentur
1492 4116 1582 4172 ubi
1621 4124 1781 4172 nocte
1808 4114 2023 4179 fuerim,

424 4213 493 4267 ab
545 4212 793 4266 oratione
842 4212 1075 4265 surrexi.
1128 4210 1550 4279 Ascendensque
1602 4223 1855 4270 rursum,
1904 4221 2028 4262 cum

423 4304 622 4359 vellem
650 4303 853 4373 ingredi
880 4304 1207 4370 cubiculum,
1239 4304 1427 4359 dicunt
1454 4302 1584 4357 mihi
1612 4320 1625 4355 :
1656 4320 1676 4353 ι
1713 4298 1815 4356 Ubi
1845 4300 2029 4355 tandiu

426 4395 610 4449 fuisti?
639 4414 658 4446 ›
689 4393 962 4464 Respondi
992 4412 1006 4448 :
1041 4414 1058 4446 ι
1096 4393 1232 4462 Quia
1263 4394 1329 4449 ad
1358 4409 1495 4464 opus
1539 4392 1903 4448 necessarium
1932 4393 2026 4448 de-

425 4485 632 4540 scendi.
674 4503 694 4537 ι
729 4483 974 4555 Cumque
1027 4484 1222 4539 vellem
1269 4483 1494 4540 introire
1547 4483 1637 4539 ubi
1687 4484 2026 4555 quieveram,

425 4579 613 4632 dicunt
652 4577 782 4631 mihi
812 4595 826 4630 :
858 4595 876 4629 ι
914 4576 1119 4631 Rursus
1150 4576 1481 4646 ingrederis?
1510 4596 1529 4628 ›
1565 4576 1634 4630 At
1661 4589 1764 4645 ego
1791 4576 2030 4632 sentiens

2126 3394 2374 3468 δεομένων
2420 3397 2654 3455 ἀνεθῆναι
2705 3395 2862 3450 αὑτὸν
2892 3438 2907 3461 ,
2953 3395 3093 3466 μόλις
3122 3400 3243 3451 ποτὲ
3292 3402 3383 3456 τήν
3434 3399 3525 3467 μὲν
3562 3404 3725 3474 χεῖρα

2124 3490 2424 3544 ἀπέσπασε.
2454 3488 2714 3558 Μεμένηκε
2744 3484 2800 3541 δὲ
2827 3486 2990 3547 οὕτως
3018 3488 3321 3542 άσθενοῦσα.
3351 3498 3407 3542 '0
3430 3486 3483 3543 δέ
3510 3490 3725 3544 ἐπίσκο-

2126 3601 2225 3641 πος
2263 3581 2359 3634 σὺν
2384 3586 2489 3638 τοῖς
2535 3579 2971 3656 παραγενομένοιέ
3003 3580 3145 3652 αὑτῷ
3192 3586 3326 3635 πᾶσι
3348 3619 3364 3645 ,
3409 3581 3578 3637 λαϐὼν
3634 3590 3724 3641 τήν

2125 3666 2274 3739 ἁγίαν
2298 3665 2480 3741 ὑδρίαν
2512 3669 2611 3722 σὺν
2638 3674 2713 3740 τῷ
2746 3667 3057 3737 ἀποκειμένῳ
3103 3670 3348 3744 θησαυρῷ
3373 3711 3389 3739 ,
3429 3671 3646 3727 ἀπέθετο
3675 3670 3726 3726 ἐν

2125 3766 2201 3831 τῷ
2229 3756 2495 3830 διακονικῷ
2523 3765 2616 3817 τῆς
2639 3756 2929 3829 ἁγιωτάτης
2968 3757 3251 3822 ἐκκλησίας,
3301 3759 3397 3821 ἕως
3435 3756 3496 3814 οὗ
3532 3759 3724 3816 οἰκοδο⁴

2126 3850 2258 3921 paen
2285 3849 2341 3902 τὸ
2359 3849 2632 3926 μαρτύριον
2661 3850 2836 3903 αὑτοῦ.
2852 3850 2953 3902 Καί
2978 3847 3258 3918 μελλόντων
3280 3853 3370 3908 τήν
3390 3848 3539 3920 ἁγίαν
3568 3852 3725 3905 αὑτοῦ

2129 3943 2407 3998 κατάθεσιν
2456 3948 2623 3997 ποιεῖν
2651 3980 2665 4005 ,
2709 3939 2842 4010 ἅφθη
2890 3938 2916 3994 ὁ
2967 3937 3254 4017 Πρόδρομος
3305 3941 3355 3993 έν
3395 3940 3616 4011 ὁράματι
3650 3949 3725 4011 τῷ

2129 4036 2479 4093 ἀπιστήσαντι
2506 4032 2876 4108 πρεσϐυτέρῳ,
2906 4035 2993 4085 καί
3025 4052 3147 4103 φησι
3183 4030 3313 4106 πρός
3343 4032 3496 4087 αὑτὸν
3527 4050 3544 4082 ι
3578 4030 3657 4087 ὅτι
3682 4034 3727 4085 ἐν

2134 4132 2200 4200 τῇ
2236 4123 2439 4200 προόδῳ
2480 4131 2582 4179 τῶν
2630 4123 2942 4178 καταθεσίων
2971 4142 3072 4193 μου
3113 4110 3279 4182 ἐπίθες
3320 4128 3411 4182 τὴν
3444 4123 3601 4196 χεῖρά
3629 4143 3726 4177 σον

2131 4216 2268 4271 κατὰ
2286 4223 2378 4276 τῆς
2401 4212 2603 4289 ὑδρίας,
2638 4216 2724 4268 καί
2758 4221 3089 4287 παραχρῆμα
3127 4214 3331 4286 ἰαθήσῃ.
3372 4232 3390 4263 ε
3438 4216 3538 4268 Καί
3571 4220 3726 4269 τοῦτο

2131 4311 2373 4373 ποιήσας,
2417 4306 2809 4363 ἀποκατεστάθη
2833 4305 3000 4377 ὑγιής.
3031 4303 3254 4376 Ἐγένετο
3282 4302 3337 4359 δέ
3363 4304 3427 4359 τά
3451 4306 3730 4361 καταθέσια

2132 4402 2223 4453 τοῦ
2246 4395 2395 4467 ἁγίου
2419 4393 2713 4470 Προδρόμου
2742 4396 2826 4447 καί
2852 4398 3144 4448 Βαπτιστοῦ
3166 4394 3399 4447 Ἰωάννου
3439 4394 3491 4449 έν
3526 4402 3600 4467 τῷ
3633 4396 3731 4450 αὑ-

2132 4491 2222 4539 τοῦ
2248 4490 2372 4558 ναῷ,
2406 4487 2525 4553 μηνί
2563 4480 2853 4556 Ὀκτωϐρίῳ
2879 4523 2893 4546 ,
2917 4480 3082 4537 εἰκάδι
3124 4483 3268 4557 ἕκτη,
3312 4491 3405 4539 τοῦ
3446 4487 3621 4560 τρίτου
3649 4489 3734 4542 καί

2135 4576 2409 4639 έξηκοστοῦ
2433 4577 2515 4629 καί
2542 4575 2946 4632 ἐπτακοσιοστοῦ
2988 4573 3167 4644 ἴτσυς,
3216 4574 3524 4640 ίνδικτιῶνος
3559 4580 3731 4641 ἕκτης.

427 4673 720 4727 attonitum
760 4688 847 4727 me
889 4671 1090 4727 factum
1121 4686 1191 4727 ex
1224 4670 1556 4725 revelatione
1579 4684 1740 4739 quam
1769 4670 2013 4726 videram.

2136 4667 2220 4722 ἐπί
2242 4674 2334 4727 τῆς
2362 4667 2610 4728 εὐσεϐοῦς
2640 4667 2905 4736 βασιλείας
2951 4674 3053 4722 τῶν
3095 4668 3440 4746 φιλοχρίστων
3469 4674 3609 4742 ἡμῶν
3648 4678 3736 4729 καί

428 4766 644 4819 veniam
689 4766 906 4835 poposci
936 4774 1190 4836 tanquam
1220 4764 1546 4831 malesanus,
1578 4772 1634 4818 et
1659 4764 1917 4820 continuo
1945 4778 2034 4818 me

428 4856 633 4925 recepi.
662 4854 957 4926 Postquam
980 4870 1109 4909 vero
1136 4869 1295 4909 mane
1323 4853 1521 4909 factum
1546 4863 1647 4917 est,
1670 4854 2037 4909 valedicentes

432 4947 583 5009 mihi,
630 4945 697 4999 ad
747 4947 993 5016 pr0prias
1032 4945 1255 5000 cellulas
1302 4945 1571 5001 abierunt.
1621 4943 1733 5013 Ego
1773 4960 1905 5000 vero
1945 4944 2037 4999 ubi

428 5036 656 5108 profecti
695 5047 823 5091 sunt
851 5037 1110 5102 diluculo,
1151 5036 1386 5107 prtecepi
1417 5035 1673 5091 fratribus
1696 5036 1790 5107 qui
1821 5051 2032 5091 mecum

429 5139 588 5181 erant
619 5147 633 5181 :
667 5147 685 5179 ε
718 5126 965 5182 Claudite
1008 5126 1221 5196 januas,
1266 5135 1550 5183 manentes
1591 5129 1948 5194 extrinsecus,
1977 5136 2035 5183 et

431 5218 477 5273 si
510 5218 649 5273 forte
689 5220 881 5289 aliquis
919 5217 988 5273 ad
1037 5219 1418 5291 requirendum
1451 5221 1677 5284 venerit,
1706 5227 2031 5290 occupatum

2141 4760 2367 4813 εὐσεϐῶν
2397 4762 2482 4814 καὶ
2513 4758 2787 4834 όρθοδόξων
2814 4761 3064 4830 βασιλέων
3087 4763 3494 4820 Οὑαλεντινιανοῦ
3514 4773 3605 4820 τοῦ
3625 4768 3735 4821 νέου

2145 4855 2232 4907 καί
2258 4858 2552 4925 Μαρκιανοῦ
2574 4860 2673 4907 τῶν
2699 4855 3035 4925 ἀειμνηστων.
3069 4859 3160 4917 Εἰς
3203 4854 3351 4921 δόξαν
3393 4863 3476 4912 καί
3529 4858 3735 4915 ἔπαινον

2146 4950 2237 4999 τοῦ
2268 4945 2487 5015 μεγάλου
2518 4951 2645 4999 Θεοῦ
2673 4949 2754 4998 καί
2786 4955 3019 5021 σωτῆρος
3050 4948 3191 5017 ἡμῶν
3216 4946 3375 5005 Ἰησοῦ
3405 4957 3629 5023 Χριστοῦ
3654 4993 3669 5015 ,

2147 5038 2178 5094 ἦ
2210 5033 2329 5100 δόξα
2359 5034 2470 5105 ἅμα
2514 5045 2587 5109 τῷ
2638 5039 2885 5114 ἀχράντῳ
2942 5042 3099 5116 ηατρί
3143 5043 3231 5093 καί
3266 5048 3340 5112 τῷ
3380 5046 3611 5115 παναγίῳ
3659 5048 3740 5099 καί

2143 5130 2379 5199 ζωοποιῷ
2428 5130 2682 5200 πνεύματι
2726 5132 2797 5188 εἰς
2834 5132 2957 5190 τοὺς
2989 5135 3175 5192 αἰῶνας
3199 5140 3299 5186 τῶν
3325 5135 3531 5187 αἰὼνωνη
3563 5131 3735 5204 ’Λμήν.

432 5328 556 5368 esse
586 5330 672 5369 me
710 5316 893 5370 dicite.
942 5334 961 5367 ι
1008 5316 1163 5385 Saepe
1208 5330 1442 5385 namque
1480 5312 1731 5369 veniebat
1773 5314 2045 5369 Palladius
2072 5315 2378 5387 presbyter,
2409 5316 2617 5370 intrans
2641 5323 2696 5371 et
2731 5316 3075 5383 Evangelium
3123 5316 3390 5372 lectitans.
3434 5317 3569 5374 Cum
3610 5334 3741 5389 ergo

432 5406 595 5460 solite
638 5407 893 5473 venisset,
935 5414 1065 5460 tunc
1103 5405 1151 5460 ei
1197 5403 1393 5459 fratres
1430 5403 1634 5459 aditum
1676 5413 2028 5473 negaverunt,
2059 5403 2391 5460 afﬁrmantes
2418 5404 2470 5459 id
2497 5404 2642 5473 quod
2666 5414 2802 5469 erat,
2833 5404 2979 5474 quod
3016 5403 3361 5475 Evangelium
3398 5423 3613 5481 quoque
3641 5413 3743 5467 sub

432 5499 590 5555 clave
635 5501 1069 5556 archimandritae
1091 5500 1181 5564 sit,
1206 5508 1263 5555 et
1288 5506 1601 5554 excusatum
1632 5505 1715 5554 est
1742 5498 1840 5553 illi.
1870 5498 2122 5554 Secundo
2145 5499 2311 5553 etiam
2338 5498 2505 5564 venit,
2537 5497 2686 5553 venit
2710 5505 2766 5553 et
2794 5497 2974 5564 tertio,
3005 5504 3061 5552 et
3087 5499 3168 5555 sic
3194 5501 3465 5571 ingressus
3493 5512 3596 5560 est.
3629 5503 3742 5575 Ego

432 5610 672 5664 namque
695 5610 915 5650 sumens
938 5593 1292 5657 thuribulum,
1322 5594 1605 5647 incensum
1634 5593 1688 5646 in
1712 5607 1779 5648 eo
1800 5592 1975 5663 posui,
2000 5599 2055 5646 et
2082 5591 2231 5661 pium
2263 5590 2549 5645 Dominum
2580 5590 2891 5660 suppliciter
2917 5590 3269 5647 obsecrabam
3301 5604 3359 5648 ut
3378 5596 3509 5652 mihi
3564 5596 3742 5654 locum

437 5683 681 5739 thesauri
708 5684 944 5739 cmlestis
973 5683 1304 5739 ostenderet.
1337 5680 1556 5736 Tollens
1578 5682 1743 5736 etiam
1772 5690 2029 5749 rastrum,
2057 5680 2197 5751 σιερὶ
2228 5678 2433 5746 fodere,
2456 5687 2512 5734 et
2533 5681 2755 5750 perveni
2796 5680 2863 5736 ad
2891 5681 3068 5737 locum
3096 5684 3240 5751 quod
3275 5695 3393 5742 erat
3421 5688 3742 5744 mdilicatum

435 5775 509 5832 de
547 5776 696 5831 calce
725 5786 781 5831 et
814 5775 1099 5832 ordinariis
1123 5773 1335 5844 tegulis.
1367 5771 1747 5843 Quantumque
1777 5787 1879 5843 ego
1906 5771 2161 5829 fodiendo
2188 5770 2602 5836 descendebant,
2636 5778 2843 5826 tantum
2888 5788 3053 5830 sonus
3081 5775 3313 5832 validior
3359 5781 3512 5848 quasi
3559 5796 3628 5838 ex
3656 5797 3734 5837 re-

440 5869 792 5937 percussione
820 5870 1024 5941 hydria:
1061 5868 1403 5925 reddebatur.
