4122 6516
486 362 582 416 Ml
1795 357 2153 416 DlONYSlUS
2193 359 2346 414 EXlC
2360 359 2513 416 l3US.
3697 357 3806 412 459»

563 476 630 530 Et.
659 484 1009 547 posteaquam
1058 477 1167 532 fodi
1209 482 1263 531 ct
1291 475 1540 531 descendi
1575 490 1745 545 usque
1785 476 1850 529 ad
1891 476 2089 543 solum,
2139 475 2316 545 reperi
2365 475 2508 528 velut
2548 489 2766 528 arenam
2806 489 2870 527 ex
2902 489 3009 529 acre
3041 473 3230 539 fusam,
3283 474 3620 543 multumque
3646 472 3772 528 labe

494 583 640 632 rans,
672 567 760 620 vix
785 581 1000 620 arenam
1032 567 1183 636 potui
1213 577 1575 638 sequestrare.
1611 568 1738 623 Post
1767 569 1883 622 [nec
1914 577 2095 622 autem
2137 581 2298 621 arena
2350 567 2582 632 subiata,
2629 582 2731 619 una
2772 567 2945 633 tegula
2991 567 3164 635 major
3192 572 3464 637 apparuit.
3499 565 3649 620 Hanc
3680 581 3801 620 sus-

488 658 728 730 pendens
765 658 943 712 inveni
974 662 1072 713 sub
1117 675 1182 714 ea
1213 660 1448 714 tabulam
1493 677 1888 728 marmoream;
1964 661 2314 730 tabulamque
2361 660 2720 731 suspendens,
2776 661 3020 732 hydriam
3063 663 3257 731 reperi.
3288 661 3459 724 lianc,
3489 672 3608 716 cum
3653 672 3800 715 metu

489 757 547 803 et
589 748 888 802 reverentia
939 747 1119 803 lumen
1171 750 1495 820 accendens,
1525 765 1589 806 ac
1626 752 1903 806 incensum
1947 766 2154 822 ponens
2197 752 2250 805 in
2282 751 2576 818 thuribulo,
2623 751 2839 821 palpavi
2888 751 3192 818 diligenter,
3237 762 3289 806 ct
3337 755 3569 807 adorans
3622 755 3798 806 Domi-

491 858 642 907 num,
675 841 877 897 diutius
899 844 1158 898 attonitus
1187 845 1378 908 mansi,
1410 845 1762 916 bydriamque
1803 854 2046 900 sanctam
2087 824 2271 900 rursus
2327 844 2537 914 operui.
2593 841 2788 898 Statim
2845 859 2976 898 vero
3011 844 3164 898 Venit
3216 845 3280 898 ad
3338 860 3437 899 nos
3493 845 3800 899 Gennadius

491 935 748 989 diaconus
776 943 833 988 et
873 935 1315 1002 archimandrita,
1363 937 1710 1006 salutansth
1757 951 1845 991 me
1896 937 1962 991 ad
2011 938 2209 992 ostium
2265 937 2557 1007 Speluncae,
2597 935 2732 990 dixit
2789 935 2940 1000 mihi,
2996 937 3139 1001 veni,
3197 952 3408 1007 precor,
3472 937 3800 991 introeamus

487 1028 542 1081 in
583 1027 895 1095 speluncam
927 1020 1145 1098 pariter.
1180 1025 1247 1082 Et
1279 1038 1628 1098 posteaquam
1671 1029 1743 1083 ibi
1785 1029 2124 1084 adoravimus
2158 1029 2280 1102 [οἵη
2315 1028 2609 1099 oravimus]
2641 1028 2788 1082 dedit
2817 1027 2946 1081 mihi
2979 1029 3130 1098 pacis
3159 1027 3423 1094 osculum,
3466 1039 3521 1082 et
3547 1028 3800 1082 fratribus

486 1118 652 1183 meis,
696 1125 753 1172 et
795 1119 908 1185 ait,
962 1137 980 1169 ι
1011 1119 1077 1172 de
1117 1117 1387 1188 Capereto
1433 1119 1760 1173 monasterio
1817 1133 1941 1174 meo
1988 1135 2161 1189 nuper
2203 1119 2428 1187 adveni,
2467 1119 2579 1173 vidi
2625 1127 2801 1172 autem
2865 1119 2972 1171 tale
3018 1119 3307 1173 smnnittm.
3366 1120 3529 1184 Quasi
3588 1120 3797 1186 utrique

488 1207 764 1260 stabamus
799 1207 852 1260 in
879 1207 1115 1275 quodam
1146 1221 1332 1276 specu,
1373 1207 1425 1260 in
1466 1223 1574 1277 quo
1621 1207 2094 1261 mundissimorum
2133 1223 2333 1278 parum
2383 1209 2538 1263 sicuti
2586 1207 2668 1262 sol
2715 1222 2832 1262 erat
2877 1223 3068 1275 magna
3100 1209 3274 1277 copia,
3303 1217 3355 1262 et
3388 1210 3561 1278 portio
3607 1226 3789 1278 super-
3845 1203 3850 1206 ’

484 1297 658 1367 posita
691 1298 935 1366 panibus.
967 1297 1230 1352 lmmensa
1259 1313 1387 1352 vero
1422 1298 1579 1369 [adde
1619 1295 1718 1367 vis]
1753 1297 1936 1366 populi
1967 1298 2237 1362 veniebat,
2289 1307 2344 1352 et
2372 1299 2618 1352 sumebat
2665 1313 2732 1351 ex
2783 1297 2930 1366 ipsis.
2958 1298 3067 1352 Nec
3117 1298 3455 1364 deficiebant,
3484 1317 3583 1354 nec
3616 1315 3782 1353 cessa-

485 1391 618 1444 bant
657 1390 905 1444 homines
944 1390 1036 1458 qui
1077 1399 1419 1460 acceperatt.
1447 1388 1674 1457 Jamque
1718 1389 1873 1443 nobis
1904 1403 2012 1458 pm:
2042 1389 2384 1443 multitudine
2412 1391 2687 1444 turbarum
2727 1389 3122 1457 deficientibus,
3155 1400 3438 1459 cmperunt
3478 1407 3643 1460 panes
3673 1404 3792 1444 ενοι

485 1483 600 1536 lare
627 1498 790 1550 super
818 1499 1007 1537 manus
1039 1492 1272 1546 nostras,
1301 1495 1357 1539 et
1386 1485 1457 1538 ita
1509 1486 1879 1555 percipiebant
1904 1497 2094 1539 omnes
2119 1491 2387 1552 quotquot
2414 1483 2479 1535 ad
2513 1484 2653 1536 hanc
2681 1484 2919 1536 muneris
2943 1483 3167 1551 gratiam
3197 1481 3558 1536 continebant.
3589 1502 3604 1533 ι
3643 1480 3796 1534 Post-

484 1589 646 1642 quam
682 1589 813 1628 vero
843 1577 1025 1628 retulit
1065 1577 1505 1648 mihi-somnium,
1539 1591 1640 1638 ego
1685 1577 1956 1646 respondi,
1987 1596 2005 1627 ι
2027 1575 2236 1629 Bonum
2261 1582 2343 1629 est
2371 1575 2514 1643 quod
2547 1575 2746 1630 vidisti.
2769 1594 2786 1627 ›
2821 1571 2886 1628 Ει
2915 1575 3223 1642 recogitans
3251 1576 3393 1643 apud
3424 1575 3796 1643 t'ttt'tltclipsttttt

485 1669 612 1738 quid
639 1669 739 1724 sibi
772 1670 932 1724 vellet
971 1671 1084 1726 haec
1115 1673 1274 1736 visio,
1315 1687 1638 1741 rursumque
1686 1680 2024 1742 pertractans
2055 1686 2119 1726 ea
2147 1686 2267 1738 qua:
2315 1678 2724 1739 praecesserant,
2779 1669 2888 1724 dixi
2939 1669 3064 1737 quia
3115 1669 3250 1724 visio
3300 1669 3400 1722 ista
3433 1684 3497 1722 ex
3529 1667 3640 1722 Deo
3690 1675 3792 1720 est.

485 1764 674 1820 Sciens
703 1774 882 1820 autem
912 1767 1034 1835 quia
1060 1765 1314 1822 divinitus
1341 1769 1438 1822 ista
1487 1769 1846 1836 Contigerant,
1895 1766 2125 1822 iudicavi
2161 1767 2392 1835 qualiter
2444 1773 2662 1818 sanctus
2693 1765 2928 1819 Joannes
2969 1764 3208 1834 Baptista
3249 1779 3511 1833 apparere
3551 1764 3798 1829 dignatus

485 1865 597 1923 est;
629 1858 719 1926 qui
751 1875 895 1921 mox,
931 1869 986 1913 ut
1013 1861 1234 1925 audivit,
1264 1863 1460 1914 mansit
1489 1862 1749 1914 attonitus
1771 1899 1785 1925 ,
1814 1869 1870 1914 et
1900 1875 2058 1913 orare
2085 1858 2248 1926 cmpit
2273 1870 2329 1910 ut
2361 1859 2407 1912 ci
2455 1856 2632 1911 locum
2677 1858 3040 1922 ostenderem,
3072 1856 3216 1926 quod
3259 1865 3314 1910 et
3351 1853 3470 1910 feci.
3508 1854 3636 1909 Post
3683 1856 3797 1908 [nec

485 1954 686 2019 egressi
737 1970 923 2010 smnus
964 1955 1196 2023 utrique,
1237 1963 1292 2008 et
1332 1955 1460 2024 quid
1497 1962 1772 2025 oporteret
1813 1953 1925 2008 fieri
1976 1952 2365 2016 tractabamus,
2417 1952 2700 2018 visumque
2729 1958 2812 2003 est
2856 1949 2987 2003 tnihi
3022 1958 3077 2002 ut
3107 1949 3254 2018 prius
3294 1948 3450 2013 irem,
3496 1956 3550 2000 et
3594 1947 3799 2000 indica-

486 2064 601 2101 rem
631 2047 908 2117 Stephano
941 2049 1258 2120 presbytero
1309 2058 1363 2104 et
1390 2047 1822 2104 archimandrita:
1863 2045 2178 2100 monasterii
2215 2045 2358 2114 quod
2399 2043 2701 2113 appellatur
2752 2041 3116 2095 Claranmium
3165 2039 3285 2111 [al.,
3337 2038 3688 2108 Daramium],
3745 2046 3799 2090 et

488 2158 584 2213 per
613 2143 787 2213 ipsum
819 2144 1187 2199 manifestaret
1216 2146 1493 2215 episcopo.
1535 2143 1604 2197 Et
1635 2143 1911 2197 venientes
1935 2136 2005 2194 ad
2054 2140 2440 2194 monasterium
2469 2137 2604 2207 ejus,
2637 2155 2742 2192 non
2771 2152 2893 2192 eum
2923 2135 3241 2206 reperimus.
3283 2134 3503 2188 Abicrat
3534 2135 3699 2198 enim,
3741 2142 3799 2186 ut

487 2232 740 2294 diximus,
775 2235 825 2287 in
846 2235 1170 2289 monasteria
1199 2249 1320 2302 qure
1349 2243 1502 2289 erant
1525 2233 1578 2288 in
1601 2233 1762 2301 agris,
1787 2245 1855 2286 ex
1883 2245 1948 2287 eo
1978 2228 2066 2285 die
2089 2245 2197 2299 quo
2228 2230 2382 2284 nobis
2404 2227 2630 2282 dederat
2651 2226 3039 2281 monasterium
3062 2234 3114 2280 et
3132 2227 3328 2279 ostium
3348 2225 3618 2294 spelunca:
3647 2233 3799 2295 pate-

487 2325 707 2380 fecerat.
740 2325 981 2395 Cumque
1009 2327 1207 2394 egressi
1240 2325 1541 2387 fuissemus,
1572 2323 1776 2394 placuit
1805 2330 1865 2377 ut
1893 2336 2247 2377 evocaremus
2277 2321 2343 2374 ad
2376 2336 2476 2377 nos
2498 2319 2780 2388 Cyriacum
2813 2318 3095 2373 diaconum
3131 2327 3185 2372 et
3214 2318 3712 2381 archimandritam,
3745 2331 3800 2374 et

487 2417 850 2471 revelaremus
873 2417 922 2472 ei
949 2415 1258 2486 mysterium
1283 2432 1380 2485 per
1400 2415 1543 2484 quod
1571 2415 1726 2470 nobis
1749 2423 1966 2469 sanctus
1987 2412 2223 2468 Joannes
2248 2421 2516 2482 apparere
2543 2412 2790 2480 dignatus
2818 2420 2917 2464 est.
2963 2407 3203 2467 Misimus
3233 2422 3410 2466 autem
3440 2412 3506 2466 ad
3537 2427 3658 2466 eum
3689 2410 3797 2464 fra-

487 2514 625 2560 trem
655 2505 947 2571 lsaacium,
976 2507 1216 2560 dicentes
1249 2524 1262 2558 :
1302 2524 1319 2556 ι
1358 2505 1490 2559 Veni
1541 2504 1608 2558 ad
1655 2519 1756 2558 nos
1805 2504 2074 2559 celeriter.
2104 2523 2121 2555 ι
2156 2503 2237 2556 Ad
2284 2517 2445 2572 quem
2475 2519 2596 2558 ctnn
2637 2501 2802 2556 frater
2847 2503 3106 2570 venis-et,
3139 2501 3465 2572 dixissetque
3511 2505 3584 2571 ei,
3632 2505 3800 2573 proti-

486 2613 588 2655 nus
621 2601 884 2656 obediens
927 2601 1093 2655 venit.
1128 2601 1300 2667 Quem
1339 2615 1461 2654 cum
1501 2599 1920 2664 salutassemus,
1954 2597 2208 2652 indicavit
2237 2598 2390 2652 nobis
2417 2597 2684 2651 somnium
2728 2597 2870 2665 quod
2927 2598 3077 2665 vidit,
3124 2606 3346 2666 eratque
3391 2610 3698 2649 consonans
3724 2596 3800 2648 vi-

495 2689 634 2745 sioni
661 2706 822 2761 quam
852 2688 1162 2745 Gennadius
1191 2690 1453 2746 diaconus
1484 2689 1615 2743 mihi
1657 2689 1938 2743 retulerat.
1984 2687 2047 2740 Et
2088 2703 2209 2743 cum
2261 2698 2588 2752 orasse‘mus,
2621 2702 2746 2740 mox
2801 2688 2847 2741 ei
2900 2688 3286 2741 revelationem
3335 2685 3507 2740 sancti
3550 2683 3801 2756 Baptista:

486 2778 709 2838 Joannis
751 2783 1100 2838 manifestare
1147 2786 1476 2849 curavimus,
1509 2789 1564 2836 ct
1597 2780 1672 2834 ait
1713 2799 1725 2832 :
1770 2799 1786 2831 ς
1817 2779 2130 2850 Cogitemus
2159 2779 2285 2849 quid
2334 2777 2449 2834 fieri
2497 2779 2708 2835 debeat.
2746 2801 2761 2833 I
2802 2780 2869 2834 Et
2917 2797 3017 2850 ego
3057 2781 3188 2843 dixi,
3242 2801 3260 2832 ι
3297 2779 3436 2834 Puto
3475 2781 3801 2834 conveniens

483 2889 609 2930 esse
639 2882 699 2928 ut
744 2875 849 2930 hoc
878 2876 1281 2929 innotescamus
1321 2875 1596 2943 episcOpo.
1635 2892 1651 2924 ι
1689 2871 2034 2941 Rursumque
2057 2879 2451 2938 cognoscentes
2471 2873 2622 2941 qnind
2656 2888 2796 2941 stupe
2828 2884 3157 2927 memoratus
3188 2869 3495 2943 Stephanus
3524 2871 3801 2942 presbyter

494 2972 550 3016 et
579 2963 999 3018 archimandrita
1027 2963 1094 3017 de
1119 2976 1251 3031 agro
1278 2977 1386 3016 non
1417 2970 1658 3026 venerat,
1687 2961 1986 3015 mansimus
2011 2960 2201 3015 diebus
2223 2961 2461 3030 quinque
2485 2971 2836 3033 posteaquam
2861 2964 3119 3018 revelatio
3144 2963 3298 3017 nobis
3327 2972 3542 3018 Ostensa
3573 2973 3674 3016 est.
3708 2963 3803 3016 Dic

498 3071 631 3111 vero
653 3054 1003 3109 sabbatorum
1027 3063 1150 3124 post
1173 3054 1452 3108 meridiem
1479 3053 1792 3108 sedentibus
1818 3059 1982 3123 atque
2008 3054 2494 3108 sermocinantibus
2526 3055 2698 3120 nobis,
2733 3056 3007 3124 ingressus
3034 3067 3118 3111 est
3153 3058 3216 3109 ad
3249 3073 3346 3110 nos
3375 3055 3552 3110 Salius
3583 3053 3803 3127 [Saliusl

494 3145 838 3200 collectarius
873 3153 926 3198 et
951 3143 1109 3199 Maris
1136 3143 1255 3218 [at.,
1287 3143 1506 3215 Marius]
1539 3144 1798 3214 Linopola
1824 3143 2163 3214 Lechtarius,
2192 3154 2247 3200 et
2276 3145 2440 3200 locuti
2484 3147 2771 3200 nobiscum
2800 3149 3058 3203 continuo
3088 3157 3446 3203 recesserunt.
3483 3147 3594 3215 Ego
3625 3157 3802 3203 autent

490 3233 603 3287 dixi
630 3231 780 3288 fratri
811 3231 1035 3299 lsaacio,
1067 3241 1124 3286 ut
1154 3241 1278 3304 post
1313 3250 1408 3289 eos
1437 3235 1633 3289 ostium
1662 3234 1956 3290 clauderet.
2000 3234 2244 3304 ltcmqne
2275 3237 2634 3291 residentibus
2663 3239 2818 3293 nobis
2843 3237 3278 3308 et'loquentibus,
3315 3240 3387 3292 ita
3433 3255 3551 3293 sum
3581 3250 3804 3310 repente

491 3323 812 3378 verberatus
849 3325 901 3377 in
953 3327 1196 3392 genibus,
1237 3336 1296 3380 ιιι
1338 3333 1485 3380 totus
1526 3327 1854 3391 iucurvarer,
1888 3341 1989 3381 nec
2023 3341 2237 3397 possem
2269 3331 2489 3383 omnino
2519 3341 2844 3399 consurgere
2884 3334 2967 3387 vel
2998 3332 3122 3402 quid
3166 3335 3344 3404 operis
3384 3335 3626 3405 implere.
3658 3335 3806 3390 Tunc

491 3414 647 3468 aiunt
675 3413 741 3468 ad
771 3429 859 3469 me
886 3412 1197 3472 Gennadius
1223 3425 1278 3469 et
1304 3415 1560 3486 Cyriacus
1588 3417 1848 3471 diaconus
1870 3425 1925 3471 et
1946 3417 2377 3473 archimandrita:
2403 3438 2415 3473 :
2457 3439 2474 3471 ι
2509 3421 2700 3490 Nonne
2729 3423 2962 3478 diximus
2994 3423 3082 3477 tibi
3101 3465 3114 3488 ,
3144 3423 3262 3479 Noli
3295 3443 3475 3481 moras
3504 3427 3803 3489 innectere,

494 3503 591 3558 sed
618 3519 825 3568 eamus,
855 3514 911 3560 et
939 3506 991 3560 in
1023 3507 1269 3562 notitiam
1299 3508 1539 3578 episcopi
1575 3509 1930 3578 deponamus,
1964 3511 2090 3580 quia
2131 3513 2412 3582 presbyter
2451 3513 2758 3583 Stephanus
2799 3516 2993 3570 dicitur
3031 3519 3267 3573 nondttm
3299 3522 3600 3577 advenisse.
3641 3542 3658 3574 ι
3695 3521 3808 3592 Ego

495 3611 629 3650 vero
677 3597 847 3650 mansi
897 3598 1250 3654 vehementer
1275 3599 1522 3654 afflictus.
1555 3600 1658 3668 Ipsi
1689 3608 1870 3654 autem
1903 3602 2266 3671 vespertinum
2303 3604 2643 3660 celebrantes
2702 3604 2959 3672 oflicinm,
2996 3608 3222 3677 ingressi
3257 3620 3382 3665 sunt
3418 3613 3506 3666 ubi
3534 3613 3805 3683 jacebam,

492 3694 548 3740 et
589 3686 1058 3752 deuuntiaverunt,
1111 3690 1372 3754 dicentes,
1430 3710 1448 3742 ε
1482 3689 1843 3759 Jurejurando
1885 3692 2247 3748 satisfecimus
2277 3705 2466 3749 sancto
2506 3695 2720 3761 'JOanni,
2756 3701 3109 3770 suscipientes
3139 3720 3426 3774 personam
3471 3715 3617 3759 tuam
3661 3706 3806 3773 quod

489 3793 706 3834 omnem
735 3793 952 3834 causam
984 3796 1105 3834 cras
1143 3791 1267 3836 ante
1293 3782 1426 3838 solis
1449 3791 1626 3838 ortum
1659 3799 1754 3852 per
1788 3793 1839 3838 te
1869 3783 1988 3856 [per
2012 3794 2064 3839 te
2085 3801 2204 3840 cras
2231 3796 2412 3841 autem
2441 3791 2554 3844 sole
2583 3800 2703 3845 Orto
2734 3806 2830 3860 per
2857 3803 2930 3857 te,
2964 3791 3094 3862 ctu]
3127 3806 3418 3865 cognoscet
3444 3798 3747 3866 episcopus.
3785 3815 3802 3846 ι

490 3866 561 3922 lit
604 3882 706 3936 ego
753 3871 1028 3939 respondi,
1067 3891 1084 3922 ‹
1123 3870 1269 3926 Bene
1299 3872 1590 3928 admodum
1621 3872 1842 3941 fecistis,
1876 3875 1982 3930 hoc
2025 3877 2169 3931 idem
2211 3879 2622 3946 promittentes;
2665 3902 2681 3932 ι
2727 3891 2780 3935 ct
2830 3886 3074 3953 protinus
3123 3903 3152 3940 a
3206 3887 3482 3940 doloribus
3539 3887 3808 3941 relcwtus

491 3978 632 4017 sum.
675 3962 936 4031 Sequenti
959 3975 1140 4020 autem
1173 3966 1260 4020 die
1299 3967 1574 4023 dominico
1603 3969 1763 4024 simul
1795 3983 1919 4024 cum
1951 3970 2183 4025 diacono
2210 3971 2436 4043 Cyriaco
2459 3985 2512 4027 et
2541 3974 2756 4030 Juliano
2785 3980 3052 4034 monacho
3082 3983 3380 4050 venientes,
3407 3982 3671 4052 episcopo
3695 3982 3807 4050 jam

496 4063 622 4122 post
647 4055 945 4110 matutinas
973 4057 1250 4111 orationes
1278 4055 1346 4110 de
1375 4057 1602 4113 ecclesia
1652 4066 1784 4113 tunc
1813 4060 2110 4126 egredienti
2163 4063 2543 4129 suggessimus,
2578 4065 2843 4135 dicentes,
2893 4070 3019 4138 quia
3064 4080 3282 4126 sanctus
3312 4070 3546 4126 Joannes
3571 4071 3808 4140 Baptista

504 4145 776 4200 revelatus
801 4155 901 4201 est.
934 4147 1054 4216 Ipse
1084 4162 1213 4202 vero
1241 4147 1578 4217 stupefactth
1611 4148 1691 4202 ait
1721 4167 1732 4201 :
1773 4168 1790 4199 ‹
1826 4149 2012 4205 Nullus
2039 4151 2149 4206 hoc
2188 4154 2362 4219 novit,
2404 4162 2458 4208 et
2484 4155 2604 4224 quis
2652 4167 2887 4211 vestrum
2929 4161 3126 4214 audeat
3173 4161 3521 4230 contingere?
3558 4183 3574 4213 ι
3633 4163 3808 4217 Dixit-

491 4251 600 4304 que
629 4237 679 4292 ei
709 4237 966 4309 Cyriacus
993 4239 1252 4295 diaconus
1287 4258 1299 4292 :
1332 4259 1350 4291 ›
1385 4238 1611 4306 Quando
1641 4241 1825 4295 venire
1849 4241 2130 4310 dignaris?
2161 4262 2180 4295 ›
2219 4252 2272 4298 et
2293 4243 2402 4309 ille,
2437 4264 2459 4296 ς·
2485 4253 2623 4312 eras,
2657 4246 2846 4316 inquit,
2881 4248 3184 4303 adveniam.
3218 4269 3235 4301 ι
3267 4249 3490 4305 Postera
3521 4260 3696 4304 autem
3722 4252 3809 4306 die

509 4343 632 4380 cum
658 4331 986 4401 presbyteris
1015 4340 1069 4385 et
1113 4331 1357 4387 diaconis
1387 4332 1671 4402 episcopus
1697 4333 1863 4399 venit,
1899 4341 1952 4387 et
1982 4333 2246 4390 intrantes
2275 4337 2339 4388 ad
2375 4336 2575 4403 locum,
2609 4340 2950 4407 procidentcs
2992 4341 3045 4394 in
3073 4340 3236 4395 facies
3262 4358 3388 4397 snas
3426 4344 3806 4401 adorat-erunt.

502 4419 742 4476 Malcltus
765 4423 884 4495 [ul.,
911 4422 1210 4494 Malechus]
1231 4435 1413 4479 autem
1435 4425 1737 4496 presbyter,
1759 4439 1897 4479 unus
1917 4440 1985 4480 ex
2005 4425 2089 4480 his
2109 4427 2339 4496 quicum
2361 4431 2620 4502 episcopo
2645 4444 2923 4502 venerant,
2955 4433 3240 4489 infideliter
3263 4445 3458 4500 motus,
3485 4439 3591 4490 ait:
3615 4457 3632 4489 ί
3660 4437 3811 4494 Unde

507 4514 614 4567 hoc
643 4522 850 4568 certum
878 4522 983 4580 est,
1018 4517 1163 4586 quod
1191 4527 1355 4586 caput
1381 4517 1730 4574 Prmettrsoris
1766 4519 2001 4573 existat?
2031 4537 2055 4572 ι
2103 4519 2431 4591 Mittensqne
2469 4541 2684 4580 manmn
2738 4537 2796 4582 ut
2835 4529 3178 4599 contingeret
3215 4531 3480 4602 ltydriam,
3527 4533 3809 4588 confestim

497 4604 732 4672 exaruit,
759 4607 1092 4676 adhresitque
1121 4624 1310 4664 manus
1331 4609 1445 4678 ejus
1463 4611 1692 4682 hydrite,
1717 4625 1816 4665 nec
1838 4626 1954 4663 eam
1982 4611 2271 4668 extrahere
2301 4614 2487 4670 valuit.
2515 4617 2779 4674 lnstanter
2801 4629 2982 4674 autem
3011 4621 3078 4675 ab
3104 4621 3355 4675 omnibus
3376 4623 3623 4679 oratione
3649 4624 3809 4691 facta,

496 4698 813 4766 cunctisque
840 4698 1266 4768 gloriﬁcantibus
1297 4701 1488 4768 Deum,
1523 4712 1684 4771 atque
1710 4703 2058 4772 precantibus
2101 4719 2200 4774 pro
2231 4721 2328 4771 eo,
2364 4709 2448 4760 vix
2501 4709 2714 4763 tandem
2762 4710 2978 4778 quidem
3011 4727 3228 4766 manum
3270 4713 3446 4783 potuit
3475 4713 3813 4778 abstrahere,

494 4786 590 4842 sed
622 4787 694 4840 ita
719 4789 1016 4856 permansit
1042 4790 1295 4847 invalida.
1333 4791 1633 4862 Episcopus
1673 4802 1877 4856 autem,
1904 4807 2030 4848 cum
2065 4794 2326 4850 universis
2357 4798 2446 4866 qui
2479 4813 2659 4853 secum
2692 4810 2868 4868 erant,
2902 4802 3170 4871 accipiens
3202 4804 3444 4875 hydriam
3475 4820 3595 4859 cum
3621 4817 3812 4860 sancto

497 4881 752 4935 thesauro
775 4881 847 4936 ibi
875 4884 1134 4952 reposito,
1164 4886 1381 4940 interim
1409 4888 1458 4940 in
1483 4886 1733 4940 diaconio
1754 4926 1767 4946 ,
1797 4887 1846 4941 id
1874 4896 1956 4940 est
1981 4888 2031 4940 in
2055 4891 2349 4944 secretario
2379 4892 2624 4948 ecclesia:
2656 4895 2971 4962 collocavit,
3005 4899 3180 4954 donec
3204 4900 3564 4955 tedilicaretur
3594 4901 3813 4954 basilica

497 4973 552 5026 in
583 4977 803 5030 nomine
832 4976 970 5044 ejus.
1001 4975 1132 5043 Qum
1175 4977 1264 5031 ubi
1307 4976 1545 5047 perfecta
1573 4986 1676 5042 est,
1709 4989 1832 5032 cum
1866 4979 1980 5033 dies
2009 4989 2210 5034 sancta:
2249 4981 2601 5050 depositionis
2631 4986 2746 5053 ejus
2779 4987 3023 5052 instaret,
3056 4991 3306 5056 apparuit
3335 4997 3550 5044 sanctus
3579 4989 3816 5044 Joannes

497 5067 547 5120 ei
599 5068 759 5136 cujus
813 5084 1006 5125 manus
1049 5078 1287 5137 aruerat,
1319 5069 1506 5124 dicens
1534 5088 1545 5122 :
1583 5069 1649 5123 In
1672 5071 1786 5139 ipsa
1816 5073 2160 5138 processi'one,
2188 5087 2301 5124 cum
2328 5075 2387 5142 ﬁt
2417 5075 2689 5145 depositio,
2723 5096 2855 5148 pone
2883 5097 3094 5132 manum
3122 5088 3261 5132 tuam
3291 5097 3445 5150 super
3473 5082 3735 5150 hydriam,
3767 5093 3815 5133 et

494 5157 673 5209 statim
715 5157 1006 5213 sanabitur.
1036 5157 1152 5214 Hoc
1181 5168 1364 5214 autem
1395 5175 1519 5214 cum
1553 5160 1788 5224 fecisset,
1822 5161 2068 5214 restituta
2097 5169 2181 5216 est
2208 5163 2453 5230 pristina:
2479 5169 2717 5223 sanitati.
2747 5180 2770 5204 ι
2804 5168 2967 5223 Facta
2999 5181 3080 5224 est
3109 5171 3164 5225 S.
3195 5171 3418 5226 Joannis
3458 5170 3815 5227 l‘rzecnrsoris

497 5267 562 5308 ac
608 5253 868 5322 Baptista:
909 5255 1181 5324 depositio
1210 5254 1264 5308 in
1310 5254 1427 5323 ejus
1455 5254 1659 5324 templo
1686 5256 1888 5309 mensis
1934 5253 2184 5312 Octobris
2233 5261 2489 5328 vigesima
2538 5271 2712 5326 sexta,
2761 5277 2905 5318 anno
2949 5266 3076 5333 765,
3111 5265 3404 5320 indictione
3437 5275 3612 5330 sexta,
3647 5269 3812 5336 impe-

499 5345 744 5399 rantibus
784 5345 1050 5413 religiosis
1077 5345 1286 5414 piisqne
1331 5361 1394 5399 ac
1443 5345 1764 5400 orthodoxis
1810 5345 2062 5416 Augustis
2101 5346 2480 5407 Valentiniano
2518 5353 2738 5409 Juniore
2779 5372 2841 5411 ac
2870 5355 3162 5422 Marciano,
3195 5357 3524 5427 principibus
3558 5360 3815 5412 memoria

502 5437 826 5504 sempiterna
873 5437 1048 5506 dignis
1088 5455 1099 5489 :
1134 5438 1200 5491 ad
1227 5439 1438 5492 laudem
1475 5447 1528 5491 et
1555 5439 1784 5505 gloriam
1817 5440 1994 5506 magni
2027 5438 2121 5493 Dei
2151 5454 2214 5495 ac
2236 5441 2533 5500 Salvatoris
2567 5448 2732 5501 nostri
2759 5446 2884 5503 Jcsu
2919 5447 3139 5513 Christi,
3186 5449 3270 5502 Cui
3311 5450 3479 5517 gloria
3507 5465 3630 5504 cum
3681 5451 3816 5504 inte-

502 5535 712 5581 merato
746 5524 906 5582 Patre
935 5529 1383 5598 sanctissimeque
1413 5544 1474 5582 ac
1503 5527 1714 5583 vivilieo
1731 5529 1962 5598 Spiritu,
1993 5529 2046 5581 in
2075 5532 2270 5587 Stecula
2303 5538 2640 5592 saeculorum.
2677 5536 2868 5592 Amen.

1867 5797 1878 5809 Ὦ

550 5732 603 5804 ,η
624 5721 731 5804 llic
755 5721 950 5806 desinit
974 5723 1215 5806 Dionysii
1247 5723 1440 5806 Exigui
1465 5725 2015 5806 interpretatio,‘qum
2044 5729 2322 5800 suppletur
2346 5747 2408 5786 ex
2433 5731 2492 5785 R.
2515 5732 2569 5786 P.
2591 5731 2874 5788 Con-thetis.
2895 5767 2966 5777 —
2996 5734 3295 5806 Sequentcs
3329 5745 3509 5792 autem
3537 5754 3817 5796 sermones

505 5793 594 5848 hic
624 5794 674 5846 in
705 5793 1018 5860 appendit-is
1050 5793 1218 5849 vicem
1249 5796 1558 5850 exscribere
1582 5795 1802 5862 placuit.
1841 5793 1994 5851 Eutr.
2113 5793 2123 5798 ’
2149 5793 2160 5800 ”
2785 5821 2788 5824 '
