4122 6512
451 387 557 444 ιῦὔ

1693 382 2050 445 DIONYSIUS
2087 379 2406 440 EXIGUUS.

3632 384 3736 445 456

443 515 705 572 lissimum
733 510 895 580 vulgo
923 509 1280 578 inaspectum,
1338 504 1620 568 intactum,
1655 501 2030 556 inaccessum:

2165 498 2270 550 ἐίου
2299 499 2713 568 οἰκονομήσαντος
2743 501 2976 576 κήρυκος,
3001 497 3083 552 ἵνα
3105 501 3174 571 μὴ
3212 503 3286 572 τῷ
3313 495 3472 576 ῥᾳδίῳ
3503 508 3592 562 τῆς
3621 509 3740 561 amid

443 605 519 661 sic
547 603 686 657 forte
713 598 935 671 provide
971 595 1290 665 disponente
1327 592 1509 648 divino
1540 604 1807 662 praecone,
1863 602 1932 642 ne
1956 585 2035 640 fa-

445 693 536 750 cili
585 692 726 746 illius
778 686 1154 760 possessione,
1209 683 1382 740 facilis
1431 697 1651 753 quoque
1704 680 1862 736 nobis
1889 687 2038 735 esset

447 785 662 840 amissio
709 787 1186 850 contemptumque
1239 777 1613 843 desiderium;
1653 773 1855 843 alioqui
1903 787 2036 827 vero

448 877 610 930 etiam
639 873 1000 929 invalescente
1047 870 1116 925 ab
1171 869 1438 924 idolorum
1467 866 1614 923 cultu
1662 863 2038 936 persecutione

447 965 758 1021 auctoribus
779 961 1115 1018 Diocletiano
1157 967 1214 1015 et
1241 959 1592 1026 Maximiano,
1622 955 1766 1011 haud
1795 970 1894 1026 par
1923 961 2041 1010 erat

452 1063 508 1110 nt
529 1054 620 1110 vili
649 1054 928 1109 hominum
957 1051 1140 1120 generi
1167 1050 1348 1106 nobile
1392 1049 1667 1106 cimelium
1699 1046 2040 1118 proderetur,

450 1164 516 1205 ac
542 1148 723 1220 porcis
779 1147 1155 1217 projiceretur,
1204 1142 1349 1213 quod
1377 1142 1666 1212 margarita
1720 1138 1867 1196 omni
1898 1138 2046 1193 illus.

453 1243 588 1299 trius
609 1240 884 1298 existeret.
919 1238 1071 1302 Eam,
1108 1247 1259 1308 puto,
1284 1237 1355 1292 oh
1383 1249 1605 1292 causam
1635 1247 1844 1290 sacrum
1884 1237 2049 1301 caput

451 1332 782 1395 occultatum
804 1330 1020 1394 mansit,
1053 1337 1115 1385 ut
1141 1328 1302 1398 vulgo
1330 1327 1647 1393 nesciretur,
1680 1340 1781 1380 nec
1809 1324 2045 1394 scipsum

452 1425 730 1498 proderet.
760 1425 856 1481 Sin
895 1424 999 1479 alia
1029 1423 1328 1480 abstrusior
1353 1435 1517 1477 causa
1570 1425 1654 1476 est
1682 1433 1778 1474 cur
1799 1416 2045 1473 occulta-

453 1528 640 1587 retur,
698 1533 764 1575 ac
826 1517 1194 1574 inventionem
1247 1511 1522 1580 differret,
1576 1511 1827 1568 noverint
1875 1509 1910 1564 ii
1956 1508 2048 1578 qui

455 1610 664 1682 majora
689 1615 1042 1676 contuentur,
1088 1621 1154 1662 ac
1193 1605 1599 1662 sublimioribus
1628 1601 1866 1657 animum
1899 1601 2051 1656 adhi-

455 1703 608 1760 bent.

524 1805 661 1861 Cum
678 1817 810 1859 vero
834 1800 948 1872 jam
969 1810 1182 1870 tempus
1207 1807 1489 1870 appeteret
1507 1814 1616 1870 quo
1638 1797 1767 1853 illud
1793 1797 2052 1865 detegen-

455 1898 583 1954 dum
611 1903 776 1962 esset,
808 1910 985 1965 exque
1031 1902 1189 1950 terra:
1218 1893 1437 1948 latebris
1475 1891 1903 1964 producendum,
1937 1899 2048 1945 tum
2089 1876 2127 1934 Β

458 2003 676 2061 quoque
721 1986 1012 2057 detegitur,
1063 1999 1203 2054 eque
1252 1983 1477 2038 latebris
1532 1981 1881 2054 producitur,
1939 1996 2048 2052 quo

459 2095 703 2152 tempore
730 2095 794 2136 ac
820 2078 982 2134 modo
1009 2077 1060 2133 ei
1087 2077 1242 2132 libuit
1269 2077 1360 2148 qui
1388 2075 1804 2146 producebatur.
1829 2074 1908 2130 Ac
1931 2074 2050 2144 qui-

459 2174 583 2228 dem
614 2171 872 2242 temporis
901 2185 966 2224 ea
994 2169 1202 2239 epocha
1230 2166 1348 2233 fuit,
1371 2182 1493 2222 cum
1521 2164 1911 2222 Constantinus
1937 2164 2052 2220 Ma-

459 2278 596 2334 gnus
620 2262 833 2333 imperii
861 2267 1076 2330 sceptra
1119 2259 1460 2329 suscepisset.
1489 2256 1644 2324 Quod
1669 2272 1798 2313 vero
1828 2257 1900 2312 ad
1929 2273 2050 2312 mo-

460 2355 586 2409 dum
634 2353 847 2419 attinet,
877 2350 1155 2406 videamus
1207 2363 1442 2419 quonam
1460 2347 1569 2419 jam
1613 2347 1795 2414 modo,
1828 2363 1894 2404 ac
1911 2363 2051 2417 qno-

461 2463 580 2503 rum
609 2461 776 2516 opera
803 2445 875 2500 sit
895 2441 1317 2510 manifestatum,
1343 2440 1681 2510 primamque
1705 2441 1847 2495 hanc
1871 2440 2055 2495 inven-

462 2538 664 2594 tionem
689 2542 904 2591 nactum
935 2533 1024 2589 sit.

531 2646 650 2703 Duo
674 2645 894 2717 quidam
915 2644 1168 2702 monachi
1197 2645 1262 2700 ex
1293 2641 1515 2700 Oriente
1542 2641 1769 2715 profecti
1795 2640 2054 2698 Hieroso-

465 2739 662 2810 lymam
690 2738 934 2804 veniunt,
956 2736 1133 2793 studio
1154 2734 1366 2792 visendi
1395 2736 1724 2792 dominicum
1750 2735 2054 2806 sepulcrum

465 2848 528 2888 ac
558 2845 710 2887 sacra
741 2830 850 2886 illic
889 2830 1006 2885 loca
1029 2829 1211 2884 omnia
1243 2828 1526 2884 lustrandi.
1553 2827 1720 2883 Alteri
1751 2842 1938 2883 eorum
1963 2843 2058 2898 ap-

467 2941 659 2997 parens
702 2923 914 2979 divinus
941 2921 1282 2978 Prtecursor:
1314 2921 1398 2977 Ad
1425 2921 1655 2978 Herodis
1675 2922 1834 2996 regis,
1863 2921 2056 2992 inquit,

465 3017 676 3071 domum
704 3013 856 3069 ambo
896 3014 1138 3084 profecti,
1183 3021 1339 3082 caput
1381 3029 1550 3068 meum
1581 3013 1760 3080 tollite,
1786 3014 1925 3087 quod
1951 3014 2060 3069 illic

467 3110 566 3165 loci
593 3105 686 3163 sub
732 3116 870 3161 terra
913 3104 1176 3160 conditum
1201 3114 1300 3159 est.
1331 3104 1429 3160 Illo
1459 3105 1610 3161 fratri
1649 3105 1909 3161 visionem
1937 3121 2062 3160 nar-

469 3207 645 3268 rante,
679 3199 905 3269 ipsoque
952 3205 1009 3252 et
1059 3196 1217 3252 fidem
1247 3197 1540 3267 abnuente,
1569 3211 1634 3253 ac
1681 3212 1804 3253 cum
1834 3208 2060 3268 uterque

470 3307 580 3361 quo
594 3290 731 3361 jussi
759 3296 913 3345 erant
938 3288 1088 3344 adire
1110 3295 1513 3358 cunctarentur,
1543 3290 1737 3346 iterum
1763 3291 1979 3360 utrique
2001 3306 2061 3347 se

470 3381 708 3441 Joannes
750 3385 947 3438 sistens
967 3381 1156 3438 eadem
1191 3381 1364 3451 jubet,
1398 3382 1649 3454 acuitque
1675 3381 1948 3439 affectum.
1979 3383 2061 3438 llli

471 3476 728 3538 continuo
757 3473 984 3546 profecti
1039 3487 1103 3529 ac
1141 3473 1288 3544 pleni
1318 3472 1509 3530 fiducia
1551 3475 1772 3546 (quippe
1800 3475 1954 3546 queis
1979 3475 2061 3531 vi-

473 3584 564 3623 sus
593 3567 706 3639 ipse
729 3565 1036 3622 Pratcursor
1064 3566 1167 3620 iter
1189 3564 1510 3636 expediret),
1542 3566 1720 3622 locum
1767 3567 1951 3622 statim
1981 3566 2062 3622 ef-

475 3659 701 3725 fodiunt,
731 3672 796 3713 ac
842 3665 1006 3727 caput
1034 3655 1292 3724 educunt,
1322 3656 1468 3728 quod
1496 3657 1642 3712 velut
1693 3656 1827 3713 lucis
1855 3656 2066 3727 fulgore

471 3749 740 3817 rutilaret,
763 3747 1175 3818 suavissimique
1201 3745 1384 3803 odoris
1410 3746 1763 3816 fragrantiam
1793 3763 1857 3803 ac
1906 3747 2066 3803 nullis

473 3842 653 3899 verbis
715 3839 1094 3912 explicabilem
1167 3839 1419 3910 spiraret.
1487 3839 1763 3912 Missoque
1820 3841 1877 3896 in
1947 3856 2067 3897 sac-

475 3936 658 3992 culum
708 3933 978 3991 cilicinum
1029 3933 1209 4004 capite
1258 3933 1356 4004 (ita
1397 3942 1528 4004 puto
1573 3934 1745 3990 visum
1790 3933 2063 4004 Baptistae,

475 4027 676 4098 quippe
695 4025 787 4095 qui
816 4025 930 4095 ipse
957 4023 1081 4094 pilis
1103 4023 1299 4078 cameli
1325 4037 1524 4093 corpus
1551 4023 1909 4094 contegeret),
1943 4024 2068 4080 inde

476 4117 820 4174 recedebant.
854 4117 988 4170 Dum
1019 4124 1199 4170 autem
1229 4116 1333 4170 iter
1359 4115 1594 4180 habent,
1627 4113 1820 4184 figulus
1845 4115 2070 4186 quidam

479 4208 531 4263 in
561 4207 682 4263 illos
722 4205 966 4273 incurrit,
995 4205 1159 4262 homo
1189 4213 1432 4261 extrema
1475 4204 1792 4264 conﬂictans
1829 4215 2072 4276 egestate

477 4313 793 4368 summeque
821 4298 1034 4353 afflictis
1059 4298 1239 4354 rebus.
1269 4297 1338 4352 lis
1360 4298 1544 4367 itaque
1569 4313 1692 4354 cum
1721 4299 2071 4369 occurrisset,

479 4399 646 4460 utque
685 4389 914 4457 assolet,
942 4389 1043 4444 vite
1081 4389 1185 4444 illis
1228 4389 1410 4445 socius
1454 4390 1796 4456 accessisset,
1847 4390 2074 4445 sarcime

479 4497 696 4554 quoque
724 4483 904 4537 socius
927 4482 1130 4550 existit,
1147 4483 1326 4551 jussus
1346 4482 1413 4537 ab
1434 4483 1512 4538 eis
1533 4491 1752 4554 portare
1772 4483 2069 4539 sacculum.

479 4576 643 4632 Stulti
671 4575 918 4630 homines
957 4590 1022 4630 ac
1051 4575 1196 4630 leves
1222 4575 1314 4644 qui
1345 4577 1543 4632 bonum
1573 4593 1731 4633 suum
1759 4593 1825 4633 ac
1853 4578 2072 4634 thesau-

480 4684 599 4724 rum
642 4667 797 4722 alteri
827 4667 1130 4724 tribuerint.
1180 4668 1257 4725 Ac
1301 4669 1518 4740 quidem
1563 4671 1810 4740 gestabat
1848 4686 2073 4742 pauper,

481 4777 605 4817 cum
634 4759 906 4816 cimelium
935 4759 1037 4830 ipsi
1085 4759 1343 4814 creditum
1375 4761 1448 4815 illi
1495 4761 1736 4830 ignotum
1767 4770 1944 4828 esset;
1977 4777 2076 4818 nec

479 4855 625 4909 enim
656 4853 904 4909 monachi
932 4853 1318 4909 indicaverant.
1367 4855 1586 4910 Divinus
1611 4863 1792 4910 autem
1832 4853 2074 4910 Prmcur-

481 4961 574 5002 sor
603 4946 676 5000 illi
725 4961 991 5016 apparens
1011 4987 1027 5013 ,
1055 4961 1178 5001 cum
1208 4956 1264 5000 et
1289 4947 1489 5016 oppido
1519 4947 1694 5002 eidem
1731 4948 2074 5003 commodum

483 5037 654 5092 visum
682 5043 829 5092 esset
856 5044 915 5091 ut
945 5035 1020 5090 illi
1064 5052 1259 5091 munus
1307 5036 1546 5103 cederet,
1581 5045 1692 5092 tum
1742 5037 1902 5092 docet
1947 5039 2076 5109 quid

481 5129 754 5184 occultum
777 5135 972 5197 gestet,
1005 5135 1118 5182 tum
1141 5143 1262 5182 cum
1289 5127 1382 5183 illo
1411 5127 1594 5197 fugere
1611 5129 1784 5198 jubet.
1817 5129 1910 5184 Ille
1936 5132 2075 5186 clam

481 5220 769 5276 comitibus
795 5219 947 5274 ocius
986 5218 1120 5288 fugit
1167 5226 1375 5273 tantum
1413 5235 1593 5274 secum
1638 5230 1929 5290 exportans
1954 5223 2076 5277 the-

482 5328 742 5379 sanrum;
774 5313 858 5368 cui
889 5313 979 5367 ille
1023 5299 1278 5382 deinceps
1327 5313 1608 5368 innumera
1654 5312 1794 5369 bona
1836 5315 2074 5385 peperit;

484 5405 684 5460 divitiis
721 5405 964 5475 pollenti,
994 5419 1059 5460 ac
1101 5403 1289 5460 faustis
1333 5405 1503 5460 utenti
1544 5406 1732 5470 rebus,
1763 5407 2076 5475 cunctisque

486 5495 606 5551 aliis
630 5511 887 5567 prospere
906 5497 954 5551 ei
984 5497 1318 5553 cedentibus.
1361 5495 1494 5563 Quia
1534 5511 1664 5553 vero
1693 5497 1940 5553 humanis
1963 5497 2078 5567 jam

486 5603 804 5644 excessurus
829 5597 964 5656 erat,
997 5588 1172 5645 sorori
1193 5605 1304 5645 sua:
1326 5605 1517 5644 munus
1547 5596 1663 5644 tuto
1693 5589 1747 5643 in
1775 5589 1956 5644 arcula
1981 5603 2081 5659 po-

486 5681 648 5735 situm
699 5681 1000 5750 contradit,
1043 5693 1333 5753 monetque
1382 5698 1451 5737 ne
1489 5683 1637 5753 prius
1685 5696 1811 5738 arca
1857 5681 2076 5747 educat,

489 5784 650 5839 quam
680 5770 768 5826 ille
788 5771 998 5826 nuntiet
1028 5773 1149 5827 vitae
1173 5774 1375 5828 exitum
1404 5791 1415 5826 :
1441 5787 1630 5828 revera
1656 5773 1798 5828 enim
1828 5786 2078 5842 magnum

489 5859 618 5930 quid
638 5861 774 5918 istud
787 5861 1186 5934 csse,quodquc
1209 5877 1398 5933 magna
1423 5863 1490 5920 sit
1511 5863 1876 5936 praebiturum.
1901 5881 1918 5916 ι
1947 5861 2078 5919 Nam

2139 611 2292 659 σεως,
2322 590 2500 671 ῥᾳδίαν
2538 597 2616 650 καί
2643 598 2734 653 τήν
2776 594 3034 652 ἀποϐολήν
3077 591 3306 665 ἔχοιμεν.
3339 597 3425 650 καί
3466 595 3552 651 τόν
3588 596 3741 654 πόθον

2141 685 2593 762 εὐκαταφρόνητον.
2625 683 2816 746 "mm-
2843 706 2898 741 τε
2947 687 3033 740 καί
3064 694 3156 747 τῆς
3198 685 3604 764 εὶδωλολατρείας
3631 690 3743 742 ἐπι·

2142 780 2456 854 κρατούσης,
2486 781 2545 840 ἣν
2573 781 2618 834 οἱ
2645 783 2770 854 ἀμφὶ
2803 780 3146 838 Διοκλητιανόν
3167 783 3254 833 καί
3277 781 3578 850 Μαξιμιανόν
3604 780 3742 852 ἤγει-

2143 891 2254 944 ραν,
2288 872 2380 925 οὐκ
2409 868 2516 926 ἔδει
2537 879 2650 932 τοῖς
2678 872 2876 944 ἀτίμοις
2901 872 3237 946 φανεροῦσθαι
3275 874 3333 926 τὸ
3369 873 3553 942 τίμιον,
3585 874 3654 933 ὡς
3683 866 3742 925 ἂν

2145 967 2215 1032 μὴ
2249 970 2354 1023 τοῖς
2381 965 2502 1016 κυσί
2530 960 2693 1021 δοθείη
2729 964 2787 1018 τὸ
2825 960 2989 1035 ἅγιον,
3020 964 3101 1015 καὶ
3127 968 3237 1021 τοῖς
3271 963 3472 1037 χοίροις
3497 961 3656 1038 ῥιφείη
3684 962 3742 1016 τό

2145 1053 2336 1113 παντὸς
2362 1054 2681 1130 μαργαρίτου
2707 1051 3055 1126 λαμπρότερον
3075 1065 3088 1077 ⁶
3115 1048 3201 1105 διά
3235 1057 3403 1105 ταῦτα
3429 1055 3553 1122 γοῦν
3578 1052 3609 1107 ἡ
3634 1051 3744 1125 ἱερά

2147 1142 2352 1215 κεφαλή,
2377 1145 2444 1204 ὡς
2473 1145 2582 1214 ἐμοὶ
2605 1144 2760 1208 δοκεῖ,
2785 1142 3104 1215 κρυπτομένη
3129 1143 3406 1213 ἐτύγχανε,
3427 1139 3744 1196 λανθάνουσα

2148 1243 2270 1297 τοὺς
2296 1237 2528 1301 πολλούς,
2557 1238 2644 1290 καί
2685 1237 2788 1306 οὐχ
2819 1235 3001 1294 ἑαυτήν
3045 1233 3424 1308 διεκφαίνουσα.
3466 1239 3527 1290 Εἰ
3570 1235 3623 1290 δὲ
3663 1239 3744 1290 καί

2149 1329 2283 1384 κατά
2322 1324 2466 1384 ἄλλον
2510 1329 2694 1404 τρόπον
2738 1327 3145 1403 ἀπορῥητότερον
3191 1328 3494 1403 ίκρύπτετο,
3535 1329 3619 1382 καί
3657 1335 3743 1385 τήν

2183 1426 2207 1442 ο
2389 1428 2402 1446 ο
2468 1427 2523 1452 ρ.
2939 1419 2959 1443 4
3049 1425 3061 1441 ε
3135 1426 3146 1442 ι
3255 1429 3264 1441 υ
3437 1427 3447 1442 ο
3732 1426 3743 1442 ο

2151 1447 2354 1503 ευρεσιν
2379 1427 2692 1490 ανεσμαλλετο,
2723 1423 2901 1481 εἴδοιεν
2932 1447 2991 1478 αν
3017 1446 3061 1478 οι
3089 1447 3155 1481 τα
3181 1429 3338 1496 μειζω
3365 1425 3621 1496 θεωμενοι,
3661 1446 3743 1479 και

2151 1529 2258 1580 τοῖς
2285 1518 2614 1592 ὑψηλοτέροις
2635 1519 3048 1578 ἒπιϐατεύοντες.

2223 1629 2360 1686 Ἐπεί
2387 1628 2442 1686 δέ
2471 1631 2641 1686 λοιπόν
2667 1629 2774 1687 ἔδει
2802 1632 2888 1685 καί
2912 1633 3248 1706 φανεροῧσθαι
3277 1630 3468 1689 ταύτην
3492 1669 3508 1695 ,
3532 1632 3619 1684 καί
3647 1637 3744 1686 τῶν

2153 1730 2244 1783 τῆς
2269 1731 2360 1795 γῆς
2391 1727 2700 1799 κρυπτήρων
2728 1720 3206 1786 ἀνακαλύπτεσθαι,
3233 1718 3348 1776 τότε
3381 1723 3466 1774 κάξ
3491 1729 3744 1797 φανεροῦ-

2152 1835 2260 1878 ται,
2293 1816 2375 1867 καί
2417 1813 2740 1883 κρυπτομένη
2793 1811 3206 1868 ἀνακαλύπτεται
3230 1827 3245 1842 ⁸
3289 1811 3393 1867 καθ’
3415 1807 3470 1866 ὂν
3517 1808 3618 1889 ἆρα
3659 1815 3745 1869 καί

2155 1907 2348 1982 χρόνον
2390 1910 2470 1962 καί
2511 1907 2700 1980 τρόπον
2727 1905 2752 1962 ό
2782 1905 2974 1967 ταύτην
3002 1909 3298 1986 φανερώσας
3344 1905 3588 1966 εύδόκησε
3609 1923 3623 1938 ·
3665 1910 3746 1962 καί

2155 2001 2346 2072 χρόνος
2360 2004 2470 2072 μέν,
2490 1999 2572 2056 ὅτε
2600 2003 2666 2056 τά
2697 2009 2936 2076 σκῆπτρα
2964 2009 3054 2062 τῆς
3079 2001 3343 2074 βασιλείας
3373 2009 3745 2062 κωνσταντίνος

2153 2091 2180 2147 ὁ
2218 2093 2376 2165 μέγας
2413 2092 2687 2164 ἀνείληφεν.
2709 2088 2918 2164 Ἰδωμεν
2949 2091 3002 2148 δὲ
3024 2095 3111 2147 καί
3130 2095 3240 2148 τίνα
3269 2093 3398 2152 αὕτη
3425 2096 3512 2149 τόν
3538 2091 3742 2168 τρόπον,

2154 2186 2238 2238 καί
2277 2191 2387 2245 πῶς
2420 2182 2513 2242 ἤδη
2555 2186 2639 2238 καί
2687 2185 2832 2255 παρά
2870 2207 3018 2240 τινων
3061 2187 3130 2246 εἰς
3174 2185 3460 2260 φανέρωσίν
3507 2205 3561 2239 τε
3613 2187 3742 2254 ἥκει,

2155 2280 2238 2332 καί
2263 2280 2471 2351 πρώτην
2517 2279 2710 2336 mxima
2740 2279 3023 2352 ἀνευρίσκει
3047 2282 3136 2336 τήν
3166 2278 3386 2351 εὕρεσιν.

2226 2371 2461 2437 Μοναχοί
2487 2389 2619 2430 τινες
2646 2367 2758 2434 δύο,
2790 2378 2881 2428 τῆς
2924 2369 3055 2429 έὼας
3083 2367 3386 2444 ὁρμώμενοι,
3415 2371 3500 2424 καί
3528 2369 3655 2444 πρὸς
3681 2371 3745 2424 τά

2156 2459 2486 2535 Ἰεροσόλυμα
2521 2462 2881 2534 ἀφικνούμενοι,
2911 2462 2983 2534 ἔφ’
3011 2459 3050 2536 ᾧ
3073 2464 3157 2517 τόν
3195 2465 3348 2537 τάφον
3374 2471 3465 2517 τοῦ
3493 2462 3746 2518 δεσπότου

2157 2550 2300 2618 ἰδεῖν,
2334 2555 2419 2608 καί
2460 2555 2527 2608 τά
2575 2555 2736 2607 ἐκεῖσε
2768 2551 2976 2609 ἅπαντα
3023 2555 3318 2631 ἱστορῆσαι,
3369 2557 3563 2610 τούτων
3609 2556 3678 2610 ένί
3719 2554 3746 2610 ό

2157 2648 2288 2708 θεῖος
2327 2647 2579 2718 ἐπιφανείς
2622 2645 2931 2722 Πρόδρομος,
2966 2648 3134 2722 εΠρός
3182 2654 3271 2708 τήν
3310 2647 3553 2724 Ἦρώδου,
3603 2652 3744 2720 φησί,

2157 2746 2249 2796 τοῦ
2297 2739 2546 2811 βασιλέως
2593 2738 2867 2813 ἀμφότεροι
2928 2737 3122 2798 οἴκησιν
3172 2741 3436 2802 ἀπιόντες,
3485 2745 3576 2797 τήν
3629 2742 3748 2811 ἐμήν

2159 2831 2322 2884 ὲκεῖσε
2358 2829 2580 2900 κειμένην
2612 2831 2713 2884 ὑπὸ
2739 2837 2831 2902 γῆν
2859 2829 3081 2884 ἀνέλεσθε
3112 2829 3334 2902 κεφαλήν·
3369 2847 3387 2880 ε
3421 2831 3488 2890 ὡς
3522 2827 3569 2884 δ’
3611 2828 3638 2882 ό
3661 2834 3748 2888 τήν

2163 2919 2414 2974 ὀπτασίαν
2463 2916 2582 2974 ἰδὼν
2629 2926 2702 2990 τῷ
2751 2918 2909 2980 πέλας
2951 2920 3144 2977 ταύτην
3194 2919 3470 2991 ἐμήνυσεν,
3525 2918 3551 2974 ὁ
3597 2917 3645 2976 δ’
3692 2917 3750 2980 ἦν

2163 3008 2501 3076 ἔπιδοιάζων,
2556 3013 2640 3065 καί
2696 3009 2970 3086 ἀμφότεροι
3016 3009 3144 3084 πρὸς
3196 3015 3286 3068 τήν
3336 3007 3497 3082 ἄφιξιν
3551 3009 3753 3081 διαμέλ-

2161 3101 2351 3163 λοντες,
2400 3095 2544 3162 αὖθις
2589 3102 2890 3176 ἀμφοτέροις
2944 3102 3132 3160 ἐπέστη
3179 3104 3245 3156 τά
3295 3102 3428 3156 αύτά
3465 3100 3619 3162 δηλῶν
3669 3105 3755 3157 καί

2165 3199 2253 3252 τήν
2303 3191 2463 3266 ὁρμήν
2523 3195 2855 3272 παραθήγων.
2907 3193 2966 3248 Οἳ
3005 3197 3092 3250 καί
3125 3203 3451 3270 παραχρῆμα
3489 3197 3575 3251 τόν
3600 3196 3756 3252 τόπον

2166 3285 2556 3353 καταλαϐόντες,
2595 3290 2680 3344 καί
2727 3290 2949 3362 Θάρσους
2991 3289 3421 3351 ύποπλησθέντες·
3469 3285 3616 3360 εἶχον
3655 3293 3757 3364 γὰρ

2164 3379 2251 3433 τόν
2293 3379 2588 3454 ἐπιφανέντα
2613 3384 2704 3438 τήν
2745 3381 2920 3452 τρίϐον
2966 3382 3146 3441 αὐτοῖς
3191 3380 3514 3455 όμαλίζοντα·
3546 3383 3758 3455 ἀνορύτο

2166 3472 2314 3525 τουσί
2339 3491 2394 3526 τε
2423 3471 2506 3525 τόν
2532 3471 2690 3527 τόπον
2731 3471 2896 3535 εὐθὺς,
2928 3475 3013 3526 καὶ
3041 3476 3132 3531 τήν
3175 3471 3385 3544 κεφαλὴν
3430 3473 3754 3548 ἀναφέρουσι,

2167 3569 2269 3634 φῶς
2296 3560 2396 3618 οἷον
2421 3567 2508 3619 καί
2543 3563 2801 3637 διαύγειαν
2836 3565 3259 3635 ἀναλάμπουσαν,
3289 3567 3370 3619 καί
3397 3563 3608 3619 εὐωδίαν
3634 3567 3760 3620 ἀνα-

2167 3655 2476 3726 πέμπουσαν
2505 3653 2740 3734 ἄρρητον.
2774 3655 2832 3710 Οἳ
2871 3655 2932 3717 δή
2973 3660 3060 3711 καί
3096 3666 3200 3718 τοῖς
3226 3659 3281 3712 ὲκ
3311 3665 3510 3732 τριχῶν
3536 3657 3763 3728 καμήλου

2169 3749 2450 3822 μαρσίποις
2495 3749 2760 3820 ἐνθέμενοι,
2811 3747 2956 3813 δόξαν
2995 3745 3138 3820 οἶμαι
3185 3756 3334 3805 τοῦτο
3374 3757 3445 3819 τῷ
3472 3757 3760 3824 Βαπτιστῇ,

2171 3837 2260 3896 ἅτε
2284 3843 2366 3895 καί
2394 3843 2537 3913 αύτῷ
2571 3842 2699 3915 θριξὶ
2727 3841 2949 3912 καμήλου
2978 3842 3272 3912 σκεπομένῳ
3303 3843 3356 3896 τό
3387 3847 3556 3910 σῶμα,
3585 3841 3763 3896 έκεεθεν

2171 3928 2314 3988 οὗτοι
2341 3933 2550 4007 ἀνέστρε
2587 3953 2639 3985 ον
2687 3932 3044 4008 Ὀδοιποροῦσι
3070 3931 3123 3988 δέ
3167 3937 3362 3994 αὐτοῖς.
3393 3935 3643 4008 κεραμεύς
3683 3955 3764 3995 τις

2171 4022 2302 4076 κατά
2344 4027 2432 4080 τήν
2474 4019 2587 4077 όδόν
2617 4023 2936 4094 ἐντυγχάνει.
2966 4020 3019 4084 ὃς
3046 4026 3126 4078 καί
3155 4027 3304 4098 πενίᾳ
3329 4025 3533 4095 ἐσχάτῃ
3559 4025 3760 4090 συνέζη,

2173 4117 2259 4167 καί
2297 4114 2489 4190 ἀπορίᾳ
2526 4114 2850 4173 συνείληπτο.
2881 4117 3095 4176 Τούτοις
3137 4117 3292 4177 αὐτὸς
3320 4122 3654 4179 συιαντὰσας,
3682 4119 3766 4170 καί

2174 4202 2317 4265 ὁδοῦ,
2344 4202 2424 4260 οἶα
2452 4205 2601 4270 εἰκὸς,
2625 4208 2954 4268 κοινωνήσας.
2972 4208 3197 4265 κοινωνὸς
3216 4208 3407 4279 γίνεται
3429 4211 3515 4261 καί
3542 4213 3631 4262 τοῦ
3653 4210 3764 4261 ὲπι-

2175 4297 2443 4370 φερομένου
2469 4299 2760 4371 μαρσίπου,
2790 4297 3064 4367 βαστάζειν
3095 4297 3218 4372 παρ’
3242 4299 3406 4353 αὐτῶν
3431 4304 3761 4374 προτραπεὶς.

2177 4388 2387 4448 Εύηθεις
2410 4383 2549 4444 οὗτοι
2573 4389 2657 4441 καί
2683 4395 2875 4459 κοῦφοι.
2906 4388 3146 4461 σφέτερον
3174 4389 3355 4460 ἀγαθὸν
3383 4389 3538 4464 ἑτέρῳ
3561 4391 3766 4444 ἀπονει-
3836 4418 3839 4419 ν

2176 4480 2411 4549 μάμενοι.
2444 4481 2536 4533 καί
2578 4477 2605 4534 ό
2639 4481 2728 4550 μέν
2753 4480 2904 4539 πένης
2933 4478 3184 4542 ὲϐάσταζε
3227 4484 3296 4550 μή
3331 4478 3476 4540 εἰδὼς
3512 4482 3569 4536 τό
3597 4485 3768 4551 κειμὴ-

2177 4570 2306 4624 λιον⁶
2339 4568 2453 4624 οὐδὲ
2483 4572 2583 4645 γάρ
2611 4571 2887 4644 ἐγνώρισαν
2913 4577 3070 4626 τοῦτο
3097 4572 3290 4625 ίκεῐνοι.
3318 4570 3377 4626 '0
3406 4569 3459 4626 δὲ
3487 4574 3610 4630 θεῖος
3638 4571 3770 4645 Πρό-

2183 4661 2372 4737 δρομος
2396 4665 2563 4736 τούτῳ
2588 4664 2859 4736 ἐπιφανείς,
2876 4665 2981 4718 ἐπεὶ
3009 4666 3095 4719 καί
3120 4664 3377 4726 λυσιτελές
3405 4663 3561 4742 ἔκρινε
3584 4666 3770 4719 τούτου

2181 4763 2416 4834 γενέσθαι
2437 4763 2494 4816 τό
2525 4759 2705 4828 δῶρον,
2733 4761 2790 4816 τό
2813 4782 2869 4816 τε
2895 4760 3126 4816 λανθάνον
3153 4764 3404 4834 γνωρίζει,
3433 4763 3516 4814 καί
3544 4757 3772 4835 ἀποδραί-

2183 4877 2264 4910 νοι
2291 4857 2386 4909 σὺν
2414 4857 2582 4924 τούτῳ
2610 4856 2954 4928 προστάττει·
2985 4853 3038 4914 ἒς
3065 4856 3148 4908 καί
3184 4854 3346 4908 λαθών
3388 4856 3506 4913 τούς
3547 4852 3775 4907 συνοδοι-

2183 4947 2398 5018 πόιτους,
2441 4947 2625 5002 θᾶττον
2651 4944 3041 5019 ἀποδιδράσκει,
3067 4945 3324 5019 θησαυρόν
3347 4945 3637 5004 τηλικοῦτον
3657 4947 3775 5000 ἐπι-

2184 5038 2448 5110 φερόμενος
2476 5052 2490 5068 ⁶
2522 5033 2562 5110 ᾦ
2590 5041 2676 5092 καί
2715 5037 2814 5091 ἀπὸ
2837 5035 2985 5092 τοῦδε
3040 5039 3200 5111 μυρία
3237 5037 3447 5110 ἀττέρρυ
3487 5039 3552 5090 τά
3581 5037 3771 5107 ἀγαθά,

2183 5129 2388 5198 πλούτῳ
2414 5133 2494 5182 καί
2532 5131 2787 5202 εὐπραγίᾳ
2813 5136 3048 5198 κομῶντι,
3072 5131 3153 5182 καί
3173 5133 3308 5182 πᾶσι
3353 5135 3461 5187 τοῖς
3488 5123 3654 5186 ἄλλοις
3692 5128 3775 5180 εύ-
3833 5174 3840 5180 .

2183 5220 2488 5291 θυνουμένῳ.
2515 5217 2654 5274 Ἐπεί
2682 5217 2725 5274 δ’
2751 5218 2945 5290 ἔμελλεν
2967 5216 3119 5280 οὗτος
3142 5219 3224 5273 τόν
3250 5220 3360 5291 βίον
3381 5219 3772 5290 ἀπολιμπάνειν,

2183 5322 2245 5386 τῇ
2273 5313 2376 5387 ἰδίᾳ
2401 5311 2586 5384 ἀδελφῇ
2614 5313 2890 5388 ἐγχειρίζει
2915 5313 2972 5368 τό
3001 5311 3180 5387 δῶρον,
3203 5312 3421 5382 κιϐωτίῳ
3443 5317 3594 5367 τοῦτο
3614 5313 3774 5382 ἀσφα-

2183 5403 2476 5475 λισὶμενος⁶
2511 5399 2541 5478 ᾖ
2570 5405 2650 5456 mi
2675 5408 3049 5477 παρεγγυᾶται,
3099 5408 3168 5474 μὴ
3191 5402 3438 5480 πρότερον
3480 5406 3568 5455 τοῦ
3614 5401 3775 5454 κιϐω-

2185 5499 2294 5551 τίου
2323 5497 2605 5569 ἐξαγαγεῖν,
2631 5498 2752 5569 πρίν
2774 5489 2832 5548 ἀν
2860 5501 3036 5556 lxii-ao;
3056 5497 3267 5566 μηνύσει
3295 5500 3384 5553 τήν
3422 5492 3612 5558 ἔξοδον·
3646 5493 3777 5564 μέγα

2183 5592 2282 5663 γάρ
2313 5585 2470 5649 ὅντως
2507 5589 2562 5642 τό
2605 5594 2806 5664 χρῆμα.
2840 5589 2922 5640 καί
2965 5587 3196 5659 μεγάλων
3231 5587 3527 5660 παρεκτικόν
3558 5599 3570 5610 ·
3610 5600 3630 5635 ε
3668 5584 3778 5639 ἐπεὶ

2185 5685 2265 5736 καὶ
2293 5683 2436 5751 ἡμῖν,
2467 5682 2610 5752 φησί,
2657 5679 2851 5751 μεγάλα
2889 5680 3222 5754 προύξένησεν
3253 5679 3438 5749 ἀγαθὰ,
3472 5679 3557 5732 καί
3594 5675 3627 5731 ἃ
3658 5673 3776 5745 μηδ’

2184 5779 2340 5830 εἰπεῖν
2367 5771 2537 5851 ῥᾴδιον
2599 5769 2665 5825 ὧν
2695 5769 2811 5826 ὅσον
2843 5769 2989 5826 οὔπω
3018 5774 3233 5842 μεθέξεις
3250 5775 3334 5826 καί
3361 5773 3512 5830 αὐτή,
3552 5775 3777 5841 τιμοῦσα

2185 5874 2334 5925 τοῦτο
2365 5871 2446 5922 καί
2476 5866 2814 5926 περιέπουσα·
2849 5861 2873 5919 ὃ
2903 5867 2984 5919 καί
3015 5865 3145 5938 μετά
3182 5866 3238 5920 σὲ
3282 5871 3450 5937 πιστῷ
3478 5884 3574 5918 τινι
3602 5881 3772 5938 παρα·
