4122 6556
349 361 455 414 £37

345 561 466 629 quis
497 562 651 619 facile
679 580 744 620 ea
774 572 987 639 assequi
1021 575 1208 641 possit.
1253 574 1457 634 Horum
1507 590 1560 635 et
1610 583 1723 653 ipsa
1768 589 1952 641 statim

346 657 614 728 particeps
644 658 927 727 eﬂicieris,
977 665 1140 721 modo
1166 668 1377 738 pignori
1434 674 1696 731 honorem
1729 677 1950 747 habeas,

344 759 409 800 ac
430 745 562 802 illud
592 750 742 805 colas
769 770 780 803 :
813 752 907 807 sed
937 762 992 808 et
1015 755 1174 826 illud,
1199 775 1320 815 cum
1345 761 1594 821 immanis
1617 769 1723 824 eris
1752 771 1951 840 migra-

345 842 486 901 tura,
515 839 673 895 alicui
706 840 941 897 fidelium
970 845 1218 916 deposito
1241 852 1439 921 trades,
1456 855 1805 930 honestisque
1834 839 1954 917 mo-

344 925 496 983 ribus
525 929 690 986 charo
723 947 790 987 ex
821 942 1146 994 testamento
1166 941 1455 1014 relinques.
1483 966 1500 1000 ι
1523 946 1624 1004 Ubi
1645 925 1759 1008 haec
1776 956 1950 1010 sorori

343 1017 397 1072 in
428 1020 697 1077 mandatis
723 1024 979 1093 dedisset,
1013 1043 1044 1084 e
1068 1030 1177 1085 vita
1202 1035 1488 1105 migravit,
1521 1040 1739 1112 illaque,
1768 1054 1827 1100 ut
1855 1062 1954 1116 par

342 1118 447 1179 est,
476 1111 721 1182 impense
752 1115 869 1170 lmta
898 1134 997 1189 pro
1025 1135 1352 1194 munere,ex
1375 1130 1556 1186 animo
1579 1111 1645 1188 ini
1662 1134 1791 1191 illud
1820 1136 1952 1193 alle-

266 1194 269 1197 ’
343 1210 452 1269 cta,
472 1208 805 1279 perindeque
834 1226 897 1266 ac
918 1211 1086 1269 frater
1105 1216 1328 1286 coleret,
1344 1222 1525 1279 multis
1546 1232 1599 1279 et
1625 1227 1738 1297 ipsa
1764 1244 1830 1283 ex
1859 1230 1952 1287 illo

282 1292 289 1299 ’
342 1290 618 1353 beneﬂciis
663 1308 821 1356 aucta
873 1302 992 1357 fuit.
1049 1302 1183 1372 Quia
1220 1323 1346 1365 vero
1376 1311 1451 1367 illi
1491 1290 1708 1387 quoque
1754 1318 1823 1373 ad
1854 1334 1951 1376 oc-

340 1400 527 1442 casum
594 1392 706 1445 vita
754 1395 1049 1463 vergebat,
1100 1398 1265 1454 sociis
1327 1402 1644 1462 thesaurum
1698 1408 1950 1481 deposito

342 1482 650 1553 consignat,
698 1494 966 1557 cauteque
1012 1491 1341 1549 servandum
1381 1497 1565 1555 multis
1595 1499 1856 1560 admonet
1883 1520 1949 1561 ac

339 1581 516 1638 rogat.

409 1663 545 1719 Cum
568 1683 701 1725 vero
731 1672 884 1728 multi
933 1675 1191 1749 deinceps
1219 1679 1310 1735 alii
1336 1679 1459 1738 aliis
1503 1684 1823 1741 succedanei
1868 1687 1947 1757 pi-

335 1764 473 1819 gnus
515 1756 893 1830 obtinuissent,
950 1781 1126 1838 exque
1174 1770 1295 1826 aliis
1341 1771 1396 1826 in
1452 1772 1588 1830 alios
1638 1756 1944 1846 depositum

337 1846 638 1915 transisset,
675 1851 743 1906 ad
773 1865 1072 1912 extremum
1123 1860 1177 1916 in
1222 1862 1474 1919 monachi
1503 1864 1780 1935 cujusdam
1829 1884 1942 1924 ma-
1975 1884 2020 1944 Β

334 1953 436 1993 nus
464 1939 702 1998 devenit.
738 1944 1051 2007 Eustathius
1088 1953 1162 2007 illi
1210 1970 1409 2011 nomen
1437 1974 1452 2023 ;
1478 1972 1670 2015 sensus
1696 1976 1827 2017 vero
1855 1962 1938 2016 ni-

335 2028 408 2081 hil
440 2028 493 2083 in
534 2030 637 2086 fide
681 2051 861 2103 sanus,
890 2042 990 2095 etsi
1018 2043 1154 2099 alios
1204 2060 1358 2101 error
1385 2047 1529 2103 illius
1575 2048 1825 2105 latuerat.
1886 2051 1937 2108 ls

329 2131 547 2189 quoque
574 2124 801 2191 gratiam
831 2144 1163 2200 cauponans,
1191 2142 1303 2190 tum
1343 2137 1603 2193 creditum
1624 2140 1818 2210 pignus
1846 2158 1937 2198 ce-

329 2208 499 2277 labat,
523 2220 636 2268 tum
665 2230 788 2271 cum
812 2233 901 2287 eo,
918 2237 1078 2292 quam
1109 2226 1421 2294 opinionem
1448 2208 1704 2299 (Arianus
1727 2233 1935 2289 scilicet

328 2298 519 2373 homo)
548 2304 781 2363 colebat.
807 2309 877 2364 At
903 2313 993 2367 ubi
1017 2313 1287 2383 Emeseni,
1314 2298 1464 2375 unde
1484 2320 1645 2375 etiam
1675 2323 1935 2380 oriundus

325 2402 465 2461 erat,
497 2395 599 2451 viri
648 2414 830 2457 mores
874 2403 1140 2478 ﬁdemque
1186 2410 1404 2466 tandem
1449 2414 1832 2482 agnovissent,
1869 2434 1935 2476 ac

325 2502 453 2541 eum
485 2489 619 2545 urbe
642 2492 845 2561 pulsuri
875 2509 1079 2566 essent,
1109 2502 1332 2569 rogabat
1372 2504 1463 2561 ille
1508 2508 1593 2562 vel
1640 2509 1799 2566 unius
1824 2511 1932 2568 diei

325 2575 593 2645 inducias,
619 2588 839 2652 tumque
862 2585 1141 2655 ejicerent.
1178 2591 1309 2648 Erat
1336 2593 1452 2652 hmc
1481 2598 1714 2667 maligna
1741 2601 1931 2671 plena-

318 2683 429 2737 que
457 2672 668 2731 vafritie
689 2687 885 2735 strues.
917 2681 1127 2754 Quippe
1148 2702 1361 2745 sacrum
1391 2701 1556 2762 caput
1585 2695 1638 2750 iu
1669 2698 1927 2767 spelunca

319 2761 556 2830 quadam
586 2765 934 2839 deposuerat,
972 2773 1135 2845 inque
1172 2778 1416 2850 hydriam
1447 2761 1773 2855 conjecerat,
1801 2804 1927 2845 cru-

316 2861 401 2907 sta
432 2854 636 2924 lapidea
659 2857 725 2913 ad
753 2875 813 2914 os
835 2864 1029 2931 posita,
1049 2881 1114 2921 ac
1139 2883 1304 2924 arena
1337 2872 1385 2926 ei
1418 2854 1627 2943 ingesta
1656 2895 1668 2930 :
1698 2893 1928 2950 eamque

319 2943 392 2999 ob
422 2959 533 2999 rem
566 2951 828 3020 temporis
853 2969 1033 3012 moras
1082 2958 1199 3016 illas
1227 2963 1504 3032 captabat,
1535 2982 1643 3035 quo
1693 2967 1816 3025 inde
1841 2943 1930 3040 pi—

316 3047 455 3105 gnus
482 3038 741 3109 auferret,
770 3045 960 3114 suique
989 3048 1115 3103 illud
1134 3050 1270 3119 juris
1297 3054 1521 3115 demens
1547 3058 1711 3116 homo
1740 3061 1921 3118 eflicc-

315 3134 426 3182 ret.
457 3127 747 3189 Enimvero
776 3133 1051 3204 Emeseni,
1092 3156 1159 3196 ne
1196 3145 1280 3198 vel
1323 3159 1599 3204 momento
1631 3152 1772 3218 passi
1804 3168 1927 3207 con-

1003 370 1094 425 Αῐ)
1134 371 1406 431 ιιιδτοιι,
1450 369 1881 437 ΙΜῚΞΝΤΙΟΝΙΞ
1921 385 2186 451 CAPITIS
2226 396 2281 454 S.
2328 401 2451 460 ,ΙοΑ

345 479 403 523 c‘.
428 472 601 538 nobis,
635 474 828 545 inquit,
866 493 1055 548 magna
1089 484 1271 539 attulit
1299 486 1469 555 bona,
1501 501 1560 545 ut
1590 508 1687 547 nec
1718 494 1946 551 dicendo
1982 509 2021 564 Α
2056 484 2243 576 nam;

2455 409 2607 473 NNIS
2649 420 3011 486 APPENDIX.

2054 807 2137 857 καὶ
2163 801 2254 862 ἶσα
2281 808 2431 883 ἐτίμα
2458 820 2531 885 τῷ
2550 814 2764 890 ἀδελφῷ,
2784 824 2968 885 πολλῆς
2997 834 3083 882 καὶ
3103 840 3222 892 ταῖς
3248 835 3369 906 (sic)
3394 837 3483 892 ἀπ’
3504 842 3657 896 αύτοῦ

2057 897 2281 972 χάριτος
2309 905 2579 976 ἡσθομὲνη.
2608 915 2749 965 Ἐπεὶ
2788 912 2841 968 δὲ
2873 921 2958 972 καὶ
2993 922 3125 983 αύτὴ
3165 926 3296 994 πρὸς
3336 927 3538 996 δυσμὰς
3571 931 3656 993 ἧκε

2054 996 2146 1044 τοῦ
2190 992 2328 1061 βίου,
2356 1005 2469 1057 τοῖς
2508 1008 2723 1057 συνοῦσι
2762 1008 2850 1061 τόν
2893 1010 3144 1087 Θησαυρόν
3190 1023 3651 1092 παρακατατίθησι,

2054 1082 2214 1138 πολλὰ
2240 1090 2359 1162 περὶ
2386 1096 2478 1151 τῆς
2505 1093 2663 1148 αὐτοῦ
2688 1097 2907 1167 φυλακῆς
2937 1104 3338 1176 ἀσφαλισαμένη.

2125 1176 2314 1232 Πολλῶν
2344 1177 2397 1234 δέ
2433 1202 2485 1234 τε
2525 1183 2619 1239 ἀπ’
2644 1187 2828 1243 ἐκείνου
2860 1189 3225 1268 διαδεξαμένων
3258 1202 3316 1256 τὸ
3358 1202 3543 1279 δῶρον,
3575 1212 3656 1264 καὶ

2052 1264 2226 1325 ἄλλοτε
2276 1275 2347 1333 εἰς
2385 1271 2567 1339 ἄλλους
2595 1294 3004 1358 μεταχωρῆνγαν,
3034 1290 3328 1349 τελευταῖον
3369 1299 3499 1369 πρός
3542 1323 3656 1357 τινα

2050 1362 2326 1427 μονάζοντα
2370 1378 2615 1443 καταντᾷ,
2641 1375 2914 1435 Εύστάθιον
2957 1387 3047 1452 μὲν
3079 1386 3219 1439 νωιλοί
3229 1410 3393 1458 μενον,
3425 1391 3653 1466 φρόνημα

2052 1450 2105 1508 δέ
2136 1457 2227 1510 οὐκ
2254 1458 2399 1531 ὀρθόν
2428 1459 2643 1533 ἔχοντα.
2677 1470 2721 1521 εἰ
2758 1473 2841 1524 καὶ
2877 1475 3000 1535 τοὺς
3032 1474 3211 1540 ἄλλους
3249 1481 3527 1539 ἓλάνθανεν.
3558 1482 3652 1547 ’ος

2049 1567 2105 1618 γε
2136 1553 2218 1602 καὶ
2244 1556 2333 1610 τήν
2357 1555 2519 1630 χάριν
2540 1559 2861 1629 καπηλεύων.
2881 1566 2940 1621 τό
2961 1589 3016 1625 τι
3040 1571 3374 1642 ἔμπιστευθὲν
3401 1581 3650 1650 κειμήλιον

2049 1638 2302 1711 ἔκρυπτε,
2345 1651 2428 1703 καὶ
2466 1653 2562 1705 σύν
2601 1653 2795 1728 τούτῳ,
2825 1656 2851 1713 ὃ
2876 1671 3110 1737 περιεῖπε
3139 1665 3321 1742 δόγμα·
3353 1674 3648 1749 ἀρειανὶζων

2047 1736 2147 1807 γὰρ
2177 1734 2235 1796 ἧν
2260 1753 2275 1769 ⁸
2309 1740 2418 1796 ἐπεὶ
2447 1740 2493 1797 δ’
2522 1743 2754 1816 ἔγνωσαν
2786 1757 2968 1807 τοῦτον
2998 1755 3046 1809 οἱ
3074 1753 3331 1828 Ἐμεσηνοὶ
3359 1764 3440 1837 ἀφ’
3470 1762 3536 1819 ὧν
3566 1771 3648 1829 καὶ

2051 1828 2275 1902 ὥρμητο.
2325 1836 2409 1887 καὶ
2454 1844 2547 1897 τῆς
2588 1839 2780 1901 πόλεως
2825 1843 3127 1903 ἀπελαύνειν
3162 1828 3646 1933 ἴμλλονίλιπαριῖ

2044 1924 2258 1983 το·ἷτους
2287 1933 2458 1994 μεῖναι
2497 1930 2710 2002 ἡμέραν,
2750 1929 2840 1988 εἶτ’
2875 1936 3132 1994 ἐκϐαλεῖν
3166 1950 3459 2019 κακούργως
3504 1949 3642 2007 τοῦτ’

2041 2013 2475 2087 ἀπολογισάμενος
2502 2035 2514 2048 ·
2544 2018 2715 2092 ἔτυχε
2737 2025 2834 2097 γὰρ
2864 2028 2997 2104 πρός
3037 2053 3135 2086 τινι
3165 2037 3401 2108 σπηλαίῳ
3429 2045 3519 2099 τήν
3561 2064 3640 2097 κε-

2039 2104 2192 2176 φαλήν
2234 2111 2488 2172 καταθεὶς,
2519 2112 2567 2165 ἒν
2591 2112 2744 2189 ύδρίᾳ
2773 2118 2965 2179 ταύτην
2991 2121 3180 2190 βαλὼν,
3208 2128 3291 2181 καὶ
3324 2129 3494 2186 πλάκα
3518 2132 3638 2187 λιθί-

2037 2219 2125 2256 νην
2155 2196 2340 2255 ἄνωθεν
2378 2206 2618 2282 περιθεὶς,
2648 2213 2732 2263 καὶ
2780 2208 2949 2285 ἄμμον
2992 2216 3425 2293 ἕπαμησάμενος⁹
3458 2222 3507 2288 ὃς
3554 2232 3637 2284 και

2038 2288 2122 2344 διὰ
2150 2300 2319 2347 ταῦτα
2364 2295 2527 2359 ἐζήτει
2557 2300 2748 2374 καιρὸν,
2782 2304 2852 2363 ὡς
2894 2300 2953 2359 ἂν
2986 2308 3177 2364 ἐκεῖθεν
3222 2313 3279 2367 τὸ
3329 2313 3491 2390 δῶρον
3519 2319 3635 2390 ἀφέ-

2035 2380 2192 2446 λοιτο,
2219 2387 2305 2439 καὶ
2348 2386 2536 2443 ἑαυτοῦ
2564 2388 2589 2444 ό
2617 2388 2786 2472 ἄφρων
2828 2403 3122 2456 ποιήσοιτο.
3147 2401 3270 2458 Ἀλλ’
3308 2408 3365 2460 ού
3410 2412 3501 2480 μέν
3544 2406 3634 2465 οὖν

2037 2474 2208 2531 εἴασαν
2248 2486 2407 2536 τοῦτο
2448 2481 2710 2552 Ἐμεσηνοὶ
2751 2497 2916 2559 μεῖναι
2955 2496 3042 2547 καὶ
3086 2496 3217 2570 πρὸς
3262 2498 3477 2573 βραχύ”
3509 2503 3631 2560 ἀλλὰ

2034 2568 2218 2623 Θᾶττον
2246 2571 2554 2639 ἀπήλαυνον,
2586 2583 2677 2631 τοῦ
2712 2580 2847 2635 θείου
2878 2583 3086 2645 πάντως
3127 2586 3310 2663 ἀνδρὶς
3347 2592 3437 2652 τὴν
3475 2593 3630 2670 ὁρμήν

2034 2661 2206 2722 αὐτοῖς
2232 2665 2630 2738 παραθήξαντος,
2664 2674 2748 2725 καὶ
2775 2671 2968 2748 δρᾶσαι
3005 2680 3064 2732 τό
3096 2680 3247 2735 καλὸν
3298 2685 3509 2755 ἀμελητὶ
3537 2690 3622 2743 ἐπ-

2033 2756 2361 2826 οτρύναντος’
2387 2759 2446 2814 τὸ
2491 2759 2545 2816 δέ
2584 2783 2641 2834 γε
2667 2768 2911 2824 σπήλαιον
2947 2768 3278 2843 διαδέχονται
3306 2780 3435 2848 μετά
3464 2786 3625 2836 ταῦτα

2032 2844 2210 2922 ἄνδρες
2240 2856 2517 2922 μονασταὶ,
2550 2859 2631 2910 καί
2654 2857 2762 2930 βῖον
2798 2857 3009 2936 ἄριστον
3042 2866 3299 2937 μετιόντες
3327 2886 3342 2901 ⁶
3370 2874 3621 2938 οἰκοῦντες

2028 2943 2118 3011 μέν
2149 2950 2324 3011 τοῦτο,
2355 2949 2447 3001 οὐκ
2476 2948 2661 3011 εἰδότες
2700 2951 2754 3007 δὲ
2799 2951 2824 3007 ὃ
2872 2964 2945 3027 τῷ
2985 2960 3219 3033 σπηλαίῳ
3249 2965 3589 3040 ἐγκέκρυπται
3610 2984 3622 3001 ·

2027 3033 2293 3110 θησαυρός
2318 3040 2588 3113 πολύχους
2609 3048 2697 3100 καὶ
2737 3048 3026 3125 πάμφορος.
3050 3056 3141 3107 Καὶ
3177 3056 3335 3131 πέρας
3357 3062 3449 3130 μέν
3470 3066 3630 3116 τοῦτο

2025 3135 2116 3187 τῆς
2159 3132 2372 3203 πρώτης
2416 3136 2685 3212 εὑρέσεως,
2721 3142 2846 3196 κατά
2891 3148 2981 3202 την
3023 3145 3199 3204 εἰκάδα
3240 3152 3508 3227 τετάρτην,
3554 3158 3617 3216 ὡς

311 3220 525 3285 sistere,
559 3226 806 3294 protinus
835 3229 1171 3300 ablegarunt,
1204 3250 1326 3290 cum
1373 3238 1536 3308 plane
1582 3241 1663 3294 vir
1710 3242 1919 3298 divinus

2032 3219 2166 3276 ἔστιν
2192 3221 2335 3293 ἰδεῖν,
2366 3234 2465 3282 τοῦ
2488 3231 2828 3309 φεϐρουαρίου
2854 3242 3201 3312 γεγενημένης-

313 3310 574 3383 impetum
628 3316 733 3372 illis
779 3329 1003 3376 acueret
1052 3331 1219 3393 utque
1276 3326 1480 3383 bonum
1544 3329 1917 3387 incunctanter

312 3413 651 3475 przestarent,
680 3410 1002 3481 impelleret.
1053 3414 1365 3474 Succedunt
1410 3420 1667 3491 deinceps
1710 3423 1763 3477 in
1791 3437 1919 3487 spe-

325 3493 487 3550 lunca
522 3495 619 3549 viri
642 3500 920 3565 monachi,
952 3510 1115 3573 atque
1134 3505 1404 3573 optimum
1432 3507 1556 3560 vita!
1574 3516 1904 3563 consectan-

322 3596 407 3643 tes
438 3603 645 3663 genus;
674 3593 769 3662 qui
811 3592 1032 3664 quidem
1068 3596 1253 3652 locum
1311 3600 1581 3663 colerent,
1624 3602 1904 3656 occultum

320 3690 503 3735 tamen
520 3683 572 3763 in
594 3698 659 3738 eo
678 3685 899 3755 pignus,
916 3688 1235 3744 thesaurum
1253 3690 1407 3763 illum
1422 3691 1905 3749 afﬂuentissi-mum

316 3751 993 3844 haudquaquam‘scirent.
1023 3781 1195 3850 inque
1217 3783 1365 3839 hunc
1406 3760 1631 3838 modum
1657 3786 1904 3841 absoluta

316 3873 403 3918 est
428 3866 604 3934 prima
634 3868 881 3926 inventio
920 3872 1038 3942 ipsa
1092 3876 1192 3929 hac
1224 3877 1311 3932 die
1346 3878 1568 3932 circiter
1611 3877 1898 3933 Februarii

319 3957 583 4015 vicesima
612 3972 809 4032 quarta
843 3977 1084 4033 peracta,
1112 3978 1169 4022 ut
1199 3978 1282 4025 est
1313 3971 1654 4042 conjectura.

392 4052 534 4120 Quia
554 4069 704 4121 vero,
728 4066 789 4112 ut
806 4058 983 4127 aiunt,
1003 4061 1201 4117 iterum
1221 4079 1440 4136 quoque
1458 4067 1654 4137 pignus
1674 4068 1910 4137 contigit

319 4147 614 4214 occultari,
636 4163 763 4204 cum
799 4168 992 4223 nempe
1024 4154 1351 4226 designatus
1398 4159 1557 4215 modo
1584 4159 1909 4217 Eustathius

319 4240 592 4309 pravitate
621 4242 789 4298 animi
820 4253 1028 4301 struem
1058 4248 1316 4318 fecisset,
1348 4266 1529 4321 operm
1555 4254 1790 4322 pretium
1817 4264 1903 4310 est

318 4332 572 4387 dicamus
597 4335 840 4407 quoiam
868 4342 1053 4405 modo,
1086 4356 1329 4411 quonam
1361 4352 1629 4414 tempore,
1658 4361 1898 4415 quorum

320 4439 489 4493 opera
523 4430 894 4485 venerandum
933 4442 1103 4502 caput
1134 4435 1374 4489 secunda
1407 4452 1630 4506 quoque
1671 4440 1793 4493 vice
1821 4440 1907 4493 in-

323 4525 548 4572 ventum
570 4521 661 4587 sit,
685 4539 798 4593 quo
820 4525 981 4580 liceat
1006 4526 1140 4581 etad
1160 4527 1401 4590 tertiam.
1429 4528 1587 4598 cujus
1608 4530 1765 4586 nobis
1786 4547 1910 4603 gra-

321 4608 399 4663 tia
432 4613 612 4667 oratio
644 4615 892 4672 instituta
933 4627 1036 4683 est,
1064 4620 1437 4674 inventionem
1462 4622 1719 4676 transire.

396 4705 687 4763 Marcellus
707 4709 929 4777 quidam
949 4712 1060 4765 vita
1085 4712 1296 4778 clarus,
1321 4714 1569 4771 moribus
1593 4715 1906 4785 religiosus,

322 4799 417 4869 qui
446 4810 498 4855 et
517 4802 834 4857 monasterii
860 4804 925 4858 ad
940 4804 1257 4874 speluncam
1279 4806 1371 4861 siti
1398 4808 1754 4878 praepositum
1782 4825 1912 4874 age-

324 4894 438 4959 bat,
470 4902 628 4949 nocte
656 4894 891 4963 quadatn
927 4895 1120 4950 media:
1149 4897 1509 4953 hebdomadas
1546 4900 1904 4971 jejuniorum,

326 4988 603 5043 somnium
649 4986 985 5057 ejuscemodi
1020 4989 1190 5056 videt,
1224 4990 1606 5062 visionemque
1640 4992 1907 5049 fratribus

328 5083 573 5136 narravit
600 5082 693 5150 qui
728 5082 829 5135 sub
849 5096 916 5137 eo
938 5082 1318 5151 merebantur,
1346 5086 1450 5141 hoc
1470 5084 1586 5142 fere
1612 5087 1907 5143 verborum

334 5185 563 5229 tenore:
594 5194 611 5227 ι
644 5173 975 5231 Videbantur
997 5176 1154 5241 mihi,
1190 5178 1389 5248 inquit,
1417 5181 1739 5235 monasterii
1769 5181 1914 5237 fores

327 5282 520 5323 omnes
545 5276 767 5336 apertae,
785 5284 882 5337 per
895 5281 1035 5338 quas
1052 5268 1251 5325 ﬂuvius
1270 5271 1493 5339 quidam
1519 5287 1719 5342 magno
1745 5288 1916 5342 aqua-

332 5374 451 5412 rum
478 5359 709 5429 strepitu
737 5361 1057 5430 impetuque
1080 5361 1371 5416 transibat.
1406 5380 1425 5412 ι
1459 5361 1535 5414 Ea
1563 5378 1620 5418 re
1650 5363 1703 5416 in
1727 5372 1915 5429 stupoo

332 5468 448 5507 rem
480 5463 658 5516 actus,
684 5454 952 5508 visionem
987 5469 1180 5508 secum
1232 5452 1331 5510 ille
1358 5457 1632 5521 versabat,
1665 5457 1919 5515 nesciens

331 5544 464 5613 quid
519 5543 839 5611 conjiceret,
875 5561 1055 5614 quove
1088 5547 1267 5599 visum
1317 5546 1451 5601 illud
1503 5557 1804 5616 spectaret.
1835 5552 1920 5605 Ac

333 5653 491 5701 sane,
545 5635 745 5706 inquit,
784 5652 910 5692 cum
965 5653 1053 5693 me
1111 5638 1184 5692 ita
1241 5638 1523 5704 haberem,
1572 5641 1759 5696 statim
1816 5658 1919 5697 vox

334 5729 584 5798 quwdaut
616 5731 684 5785 ab
710 5730 820 5785 alto
874 5730 1174 5796 ferebatur,
1235 5733 1582 5788 tremendum
1618 5736 1913 5805 quemdam

336 5836 401 5875 ac
424 5836 679 5890 maguum
710 5822 950 5876 sonitum
1001 5823 1231 5879 habens.
1267 5825 1405 5878 Tum
1465 5824 1629 5879 etiam
1681 5840 1918 5881 concen-

340 5923 429 5969 tus
458 5914 659 5971 audieb
698 5930 788 5971 tur
835 5916 1069 5972 dulciter
1124 5917 1503 5988 psallentium.
1540 5917 1643 5984 Qui
1673 5930 1738 5973 eo
1795 5933 1918 5974 mu-

2096 3314 2236 3368 Ἐπεὶ
2268 3316 2345 3386 δέ,
2382 3322 2452 3383 ὡς
2491 3321 2517 3377 ὃ
2555 3324 2722 3399 λόγος,
2770 3333 2858 3384 καὶ
2888 3334 3136 3406 κρυϐῆναι
3182 3338 3242 3393 τὸ
3268 3339 3431 3410 τίμιον
3480 3339 3621 3405 αὖθις

2017 3405 2229 3472 συνέϐη,
2277 3418 2367 3465 τοῦ
2422 3411 2727 3479 δηλωθέντος
2773 3423 3052 3480 Εύσταθὶου
3110 3431 3370 3490 σκαιότητι
3417 3438 3615 3504 γνὼαης

2022 3497 2314 3571 δράσαντος
2346 3505 2404 3559 τό
2435 3509 2763 3581 σκαιιιρημα,
2800 3510 2927 3570 εἰκὸς
2962 3518 3070 3585 ἄρα
3126 3516 3210 3568 τὸν
3246 3515 3389 3585 λόγον
3421 3518 3604 3576 εἰπεῖν,

2019 3599 2131 3652 πῶς
2154 3591 2271 3655 ἤδη,
2302 3598 2388 3651 καὶ
2424 3596 2574 3657 πότε’.
2604 3604 2689 3654 καὶ
2716 3604 2860 3678 παρά
2884 3604 3030 3657 τίνων
3067 3609 3152 3659 καὶ
3179 3610 3268 3664 τὴν
3296 3605 3537 3681 δευτέραν
3572 3611 3603 3666 ἡ

2015 3686 2271 3759 πάντιμος
2288 3684 2455 3758 ἔσχεν
2468 3687 2674 3764 εὕρεσιν
2690 3694 2890 3767 κεφαλή·
2914 3698 2980 3755 ὡς
2998 3691 3055 3749 ἂν
3076 3698 3160 3767 ἐξῇ
3190 3699 3354 3766 τούτῳ
3372 3702 3456 3752 καὶ
3476 3700 3605 3771 πρὸς

2016 3779 2196 3852 τρίτην
2232 3787 2502 3852 χωρῆσαι,
2536 3780 2601 3836 δι’
2618 3783 2676 3841 ἣν
2706 3787 2789 3837 καὶ
2817 3790 2906 3844 τὴν
2936 3789 3234 3860 ἐγχείρησιν
3267 3791 3600 3849 ἐνεστήσατο.

2087 3871 2365 3945 Μάρκελλός
2389 3894 2472 3932 τις·
2490 3874 2576 3928 τὸν
2596 3874 2706 3946 βίον
2733 3877 2994 3948 ἔπιφανὴς,
3025 3880 3112 3934 τόν
3135 3881 3324 3955 τρόπον
3345 3883 3597 3954 θεοφιλής,

2017 3959 2072 4023 ὃς
2102 3966 2187 4017 καὶ
2235 3973 2392 4034 μονῆς
2420 3973 2513 4026 τῆς
2553 3968 2683 4022 κατά
2711 3970 2962 4027 σπήλαιον
3011 3973 3292 4043 καθηγεῐτο,
3328 3972 3455 4029 κατὰ
3496 3997 3607 4029 τινα

2011 4066 2165 4110 νύκτα
2192 4064 2284 4116 τῆς
2308 4065 2504 4129 μέσσης
2533 4058 2816 4129 ἑϐδομάδος
2855 4069 2954 4117 τῶν
2986 4071 3259 4130 νηστειῶν,
3288 4062 3408 4140 ὄναρ
3438 4073 3606 4120 τοιοῦ-

2011 4168 2097 4203 τον
2125 4146 2243 4221 ὁρᾷ⁶
2271 4145 2325 4209 ὃς
2352 4150 2515 4203 καὶτὸ
2539 4149 2714 4223 ὁραθξν
2744 4162 2850 4215 τοῖς·
2874 4154 2962 4208 ύπ’
2995 4157 3145 4209 αὐτὸν
3174 4155 3455 4227 διηγήσατο
3509 4159 3597 4211 ού-

2014 4246 2143 4300 τωσὶ
2168 4245 2298 4317 πρὸς
2341 4245 2469 4309 λέξιν
2498 4243 2710 4311 διεξιών
2775 4266 2792 4298 ι
2832 4252 2888 4304 Ai
2931 4259 3023 4312 τῆς
3052 4260 3201 4321 μονῆς
3240 4273 3326 4323 μοι
3378 4251 3601 4317 ἅπασαι,

2013 4340 2150 4408 φησὶ.
2180 4335 2357 4411 θύραι,
2386 4340 2693 4409 ἀνεῳγμέναι
2721 4337 2847 4395 εἶναι
2875 4340 3100 4396 ἐδόκουν.
3126 4342 3231 4416 ’Λφ’
3251 4340 3316 4398 ὧν
3340 4348 3423 4397 καὶ
3449 4366 3610 4400 ποτα-

2012 4428 2107 4498 μός
2132 4449 2210 4488 τις
2238 4428 2386 4491 διήει,
2412 4431 2578 4499 πολλῷ
2604 4439 2676 4502 τῷ
2703 4432 2854 4503 ῥοίζῳ
2880 4432 3153 4506 ἑλκόμενος.
3188 4454 3206 4486 ι
3230 4437 3325 4505 Ἐφ’
3418 4440 3503 4492 καί
3530 4459 3614 4509 γε·

2011 4523 2216 4592 νόμενος
2245 4522 2424 4584 ἕννεός,
2456 4525 2557 4577 καθ’
2579 4524 2759 4580 ἑαυτὸν
2786 4526 2845 4579 τὸ
2877 4525 3053 4601 όραθὲν
3085 4526 3314 4601 ἔστρεφε,
3348 4534 3416 4599 μό
3447 4552 3499 4585 τι
3529 4533 3614 4583 καὶ
3664 4534 3669 4537 ⁷

2011 4616 2290 4687 συμϐαλεῖν
2316 4614 2477 4687 ἔχων,
2506 4618 2634 4690 πρὸς
2662 4616 2739 4673 ὅτι
2766 4618 2823 4674 τό
2857 4618 3028 4693 ὅραμα
3054 4623 3215 4695 φέροι.
3253 4640 3270 4671 ι
3306 4626 3403 4676 Καὶ
3432 4621 3493 4681 δή
3526 4645 3612 4694 μοι

2015 4709 2179 4768 οὕτως
2218 4718 2412 4780 ἔχοντι,
2458 4713 2541 4765 καὶ
2582 4715 2717 4781 φωνή
2758 4734 2837 4774 τις
2878 4714 3027 4774 εὐθὺς
3068 4723 3367 4789 κατεφέρετο
3408 4713 3611 4777 ἄνωθεν,

2016 4799 2295 4861 ἕκπληκτόν
2313 4827 2430 4859 τινα
2452 4808 2532 4859 καὶ
2555 4807 2769 4878 μεγάλην
2792 4804 2997 4877 ἔχουσα
3018 4811 3106 4865 τήν
3128 4812 3284 4877 ηχήν.
3306 4806 3416 4860 Μεθ’
3431 4805 3490 4867 ἧς
3513 4804 3615 4877 ἄρα

2017 4898 2098 4951 καὶ
2124 4898 2271 4962 μέλος
2298 4896 2392 4956 ἡδύ
2422 4898 2708 4968 ψαλλόντων
2732 4905 2929 4960 ἠκνὺετο
2955 4922 2964 4930 ⁸
2996 4900 3171 4972 τάγμα
3198 4898 3241 4953 δ’
3261 4904 3471 4954 ἕκαστον
3499 4898 3608 4950 καθ’

2017 4989 2166 5044 ἑαυτὸ
2196 4987 2324 5049 ἦσαν
2352 4990 2396 5044 oi
2426 4990 2703 5060 ψάλλοντες
2721 5009 2735 5022 ⁸
2766 4988 2878 5063 εἶχε
2911 4990 2963 5046 δὲ
2992 4989 3188 5047 τοιάνδε
3215 4995 3304 5047 τήν
3333 4988 3549 5047 δήλωσιν
3578 4992 3608 5048 ἠ

2018 5086 2170 5154 φωνή,
2204 5110 2273 5121 -
2296 5080 2430 5136 Ἰδού
2467 5080 2491 5137 ὁ
2525 5082 2940 5155 μέγας-Ἰωάννης
2977 5081 3002 5137 ὁ
3033 5088 3123 5138 τοῦ
3160 5085 3383 5154 Χριστοῦ
3423 5091 3613 5134 Βαπτιη

2021 5178 2147 5233 στῆς
2178 5173 2543 5230 ἀναδείκνυται.
2577 5204 2647 5213 -
2666 5173 2804 5245 ’Δμα
2834 5173 2886 5229 δὲ
2912 5180 2974 5247 τῇ
3004 5181 3135 5246 φωνῇ
3164 5175 3251 5225 καί
3280 5178 3378 5225 τῶν
3408 5174 3607 5242 ταγμά-

2019 5288 2119 5321 των
2148 5274 2353 5323 ἒκαστον
2383 5265 2467 5322 διὰ
2496 5274 2595 5321 τῶν
2626 5268 2930 5323 ἀνατολικῶν
2959 5268 3121 5337 εἰσῄει
3151 5266 3340 5337 θυρῶν.

2090 5359 2176 5421 Ὠς
2218 5359 2262 5416 δ’
2290 5362 2370 5413 ἐπὶ
2411 5369 2518 5421 τοῖς
2558 5359 2808 5435 ὁραθεῖσιν
2846 5360 3126 5424 ἐξεστηκὼς
3166 5359 3316 5429 ἤμην,
3360 5355 3615 5431 ύπερεὶδω

2021 5455 2243 5523 ἐμαυτόν
2277 5453 2406 5526 πρός
2437 5475 2549 5507 τινα
2584 5453 2803 5523 κλίματα
2837 5460 2936 5508 τῶν
2972 5454 3098 5515 ἐκεῖ,
3135 5450 3253 5505 ἔνθα
3288 5470 3372 5521 μοι
3403 5452 3487 5504 καὶ
3520 5447 3613 5504 δυο

2021 5546 2378 5622 κώωράθηταν
2406 5545 2550 5599 πάλιν
2578 5545 2729 5599 αύλαί
2751 5560 2761 5569 ·
2792 5546 2822 5602 ἡ
2849 5555 2935 5613 μὲν
2962 5545 3091 5621 πρὸς
3117 5543 3377 5607 ἀνατολὰς,
3407 5545 3436 5599 ἦ
3465 5539 3510 5596 δ’
3533 5542 3616 5595 ἐπὶ

2023 5642 2346 5715 μεσημϐρίας·
2380 5638 2736 5712 τετραμμέναι.
2760 5635 2853 5690 Ὧν
2893 5640 3084 5707 μεταξύ
3128 5640 3211 5693 καὶ
3246 5638 3362 5695 ναός·
3398 5636 3618 5697 εἱστήκει

2023 5731 2349 5804 περικαλλὴς,
2382 5730 2430 5783 ἐν
2527 5730 2639 5785 καθ’
2666 5737 2871 5784 ἕκαστον
2899 5732 3071 5783 εἰσιὼν
3102 5736 3202 5783 τῶν
3231 5730 3501 5801 ταγμάτων
3534 5728 3617 5781 εύ-

2025 5825 2191 5883 λαϐῶς
2213 5829 2302 5882 την
2324 5823 2666 5899 προσκύνησιν
2689 5820 2932 5876 ἀπεδίδου
2958 5837 2967 5847 ·
2996 5819 3103 5889 μεθ’
3119 5818 3187 5874 ὧν
3210 5823 3294 5875 καί
3315 5827 3475 5893 ἕτεροι
3501 5818 3616 5881 δύο⁹

2028 5917 2083 5972 τὸ
2112 5913 2243 5979 εἶδος
2273 5916 2483 5982 ἐξαίσιοι
2514 5918 2811 5994 παραυτίκα
2842 5916 3073 5989 φανέντες
3105 5913 3266 5971 τοιάδε
3300 5934 3384 5985 μοι
3415 5915 3495 5968 καί
3527 5908 3617 5966 ού-
