4122 6522
432 418 536 478 ιω

435 554 564 595 nere
610 533 1041 604 delungebantur
1056 569 1071 593 ,

436 639 607 687 erant.
660 626 759 681 llic
786 636 976 679 sensus
1003 619 1154 673 vocis
1191 621 1311 669 erat
1340 629 1354 665 :
1386 608 1525 664 Ecce
1549 619 1770 677 magnus
1798 600 2030 656 Joannes

435 719 629 777 Christi
660 713 902 787 Baptista.
928 706 1238 766 ostenditur.
1280 701 1413 769 Quae
1452 712 1573 754 eam
1603 692 1890 761 mittebant
1931 704 2031 743 vo-

435 825 555 867 cem
584 807 785 863 classes
808 799 1058 871 singulae,
1090 811 1188 868 per
1232 789 1555 849 orientalem
1603 791 1815 858 portam
1866 782 2036 836 intra-

436 902 588 953 bant.

508 989 643 1045 Cum
685 992 868 1044 autem
907 997 1009 1054 ego
1060 995 1130 1036 ex
1169 978 1235 1033 iis
1261 989 1383 1045 quae
1430 973 1794 1044 apparuerant
1846 965 1901 1019 in
1927 970 2043 1019 stu-

436 1096 625 1154 porem
656 1086 829 1143 actus,
852 1051 1065 1131 cuidam
1092 1067 1251 1124 scalae
1277 1062 1394 1120 illic
1422 1060 1612 1133 posita!
1639 1056 1916 1118 inniterer,
1933 1051 2041 1105 duo

437 1176 633 1229 iterum
677 1169 814 1224 atria
841 1171 1066 1237 aspecto
1092 1178 1104 1214 :
1137 1159 1368 1214 alterum
1400 1152 1468 1208 ad
1496 1150 1779 1212 orientem,
1811 1143 2042 1199 alterum

439 1263 509 1319 ad
531 1261 812 1317 meridiem
842 1234 1228 1328 exporrectum
1268 1252 1404 1303 erat.
1449 1241 1687 1298 Medium
1714 1234 2047 1294 consistebat

441 1354 704 1425 templum
732 1346 1181 1423 pulcherrimum,
1212 1341 1267 1395 in
1292 1334 1439 1407 quod
1467 1329 1776 1403 singulatim
1806 1327 2047 1395 ingressa

448 1447 666 1517 agmina
723 1447 1039 1498 reverenter
1088 1428 1461 1489 adorationem
1511 1420 1861 1495 prmstabant.
1910 1413 2048 1469 Tum

449 1552 669 1609 quoque
720 1535 810 1589 alii
841 1533 951 1588 duo
990 1523 1272 1600 prmstanti
1299 1516 1481 1592 specie
1525 1513 1657 1570 mihi
1702 1510 1884 1567 statim
1923 1505 2050 1561 facti

448 1605 823 1702 conspicui,in
845 1627 962 1682 haec
993 1622 1155 1677 verba
1179 1614 1523 1673 clamabant:
1557 1606 1643 1661 En
1661 1605 1749 1660 tibi
1763 1612 1812 1658 et
1831 1616 2051 1673 magnus

444 1726 675 1781 Ioannes
704 1724 760 1777 in
785 1718 994 1790 templo,
1028 1728 1178 1787 quem
1205 1717 1254 1764 et
1284 1707 1397 1762 vide
1423 1712 1472 1759 et
1501 1702 1671 1757 crede.
1695 1696 1866 1766 Quem
1889 1696 2052 1751 etiam

446 1818 620 1873 multo
650 1814 860 1883 fulgore
887 1787 1275 1880 vsplendentem
1302 1795 1511 1869 aspexi.
1544 1794 1593 1849 Is
1636 1787 2052 1860 ingredientium

1695 388 2055 450 DIONYSIUS
2095 383 2421 443 EXIGUUS.

1128 526 1183 582 in
1225 523 1431 579 classes
1480 512 1710 572 seorsim
1757 507 2072 567 distributi,

2174 528 2214 561 οι
2242 505 2400 560 ἐϐόων
2420 518 2435 533 '
2470 531 2541 546 -——
2561 498 2684 556 Ἰδού
2729 519 2812 554 σοι
2839 498 2923 551 καί
2950 491 2976 551 ὁ
3004 493 3159 567 μέγας
3186 490 3417 550 Ἰωάννης
3442 489 3492 542 ἐν
3515 494 3585 558 τῷ
3606 491 3729 556 ναῷ,

3620 338 3725 395 HO

2138 597 2190 653 ίν
2216 601 2302 653 καὶ
2329 594 2443 671 ὅρα,
2484 595 2570 649 καί
2596 595 2830 647 πίστευε.
2860 615 2930 629 --
2954 586 3046 641 ⁸ον
3068 588 3150 639 καί
3172 584 3448 655 ἐθεασάμην
3478 580 3631 638 πολλῆ

2138 688 2285 765 αἴγλῃ
2322 689 2766 758 ἐναπολάμποντα.
2793 680 2884 742 ⁴⁵ος
2907 679 2968 739 δὴ
3012 681 3098 733 καί
3130 678 3195 733 τά
3232 674 3459 730 εἰσιόντα
3498 674 3738 747 τάγματα

2138 781 2373 856 μειδιῶσι
2420 779 2767 852 προσέϐλεπεν
2805 773 3115 847 ὀφθαλμοῖς,
3158 770 3293 823 κατὰ
3336 767 3478 830 τάξιν
3521 765 3740 836 εὐλογῶν

2139 876 2377 930 ἕκαστον.
2408 883 2495 933 Ὧς
2541 868 2586 926 δ’
2616 871 2779 924 ἐκεῖνα
2814 871 2905 926 τήν
2948 864 3176 935 εὐλογίαν
3214 859 3403 933 εἴληφε,
3448 858 3534 912 καί
3577 860 3739 933 πέρας

2142 960 2258 1038 εἶχε
2287 966 2345 1021 τὸ
2368 962 2481 1020 κατ’
2500 963 2704 1025 αὐτούς,
2729 962 2908 1018 ἀπῄειν
2932 958 3016 1010 καί
3056 955 3208 1014 αὐτὸς
3237 951 3461 1024 εὐλογίαν
3485 953 3577 1007 τήν
3598 947 3744 1022 παρὰ

2144 1055 2293 1115 τοῦδε
2350 1055 2651 1127 ληψόμενος.
2703 1053 2797 1107 Καί
2824 1048 2884 1108 δή
2909 1056 3023 1108 τοῖς
3044 1048 3204 1105 αὐτοῦ
3233 1046 3553 1120 προσπίπτω
3593 1045 3742 1103 ποσὶ,

2146 1151 2434 1225 σύντρομος
2477 1145 2542 1202 ὢν
2587 1148 2674 1199 καὶ
2711 1140 2949 1216 περιδεὴς
2995 1138 3140 1200 ὄλος’
3174 1137 3228 1197 ὃς
3270 1158 3333 1211 με
3373 1140 3460 1190 καί
3505 1137 3747 1209 ἀνεγείρει

2146 1247 2350 1305 θᾶττον,
2381 1242 2466 1294 καί
2501 1240 2725 1311 θάρσους
2750 1234 3054 1305 ἐμπίπλησι,
3085 1229 3204 1291 δούς
3232 1251 3320 1300 μοι
3359 1224 3446 1284 ἐπὶ
3475 1227 3642 1297 στόμα
3666 1228 3748 1278 καί

2149 1347 2241 1403 τήν
2266 1340 2465 1413 ἀγάπην
2485 1343 2577 1393 τοῦ
2603 1341 2815 1411 φρικτοῦ
2838 1334 3023 1389 ἐκείνου
3047 1331 3337 1405 φιλήματος.
3361 1324 3482 1383 Εἶτα
3500 1322 3749 1397 καίἆγγος

2151 1457 2203 1490 τι
2230 1434 2419 1509 πλῆρες
2449 1429 2649 1503 μέλιτος
2680 1434 2767 1485 τοῦ
2795 1427 2982 1482 κολποῦ
3014 1424 3240 1479 ἐκϐαλὼν
3275 1429 3337 1496 τῇ
3385 1420 3479 1494 ἐμῇ
3508 1420 3652 1492 χειρὶ
3679 1418 3750 1469 ἐν·

2154 1523 2594 1590 τίθησιν-Λάϐε,
2621 1522 2860 1593 φάμενος,
2886 1523 3060 1581 τοῦτο.
3085 1512 3301 1584 -ἰῖγώ
3346 1510 3398 1564 δὲ
3442 1509 3552 1581 ἅμα
3590 1509 3750 1561 ἐκεῖνο

2153 1619 2358 1684 ἔλαϐον,
2376 1618 2472 1685 Δκοιί
2495 1613 2605 1686 ἅμα
2630 1614 2807 1667 ἐκεῖθεν
2833 1610 3013 1683 tam,
3039 1605 3418 1679 προηγούμενος
3449 1600 3636 1655 ὡσανεί
3662 1604 3753 1658 τῆς

2158 1709 2296 1766 ὀδοῦ.
2326 1704 2447 1764 Εἶτα
2477 1709 2558 1760 καὶ
2587 1705 2744 1764 αὐτὸς
2771 1702 3044 1775 ἐπορεύετο
3079 1698 3226 1757 εὐθύς
3248 1694 3356 1766 μετ’
3379 1695 3491 1765 ἐμὲ,
3521 1694 3605 1746 καὶ
3629 1712 3755 1745 συν·

2160 1802 2411 1875 εισῂειμεν
2441 1797 2588 1868 ἆμῖω
2616 1798 2745 1871 πρὸς
2778 1799 2869 1852 την
2896 1796 3077 1863 μονήν
3106 1789 3391 1863 ἐφεπόμενοι
3411 1787 3576 1855 ἐκείνῳ
3603 1786 3685 1838 καί
3724 1781 3758 1836 ἃ

374 1956 383 1961 -
449 1908 671 1973 classes,
695 1875 1097 1961 subridentibus
1139 1888 1455 1963 aspectabat
1502 1882 1691 1943 oculis,
1721 1878 2054 1947 singulisque

2174 1896 2357 1970 ἑώρακα
2387 1893 2658 1966 τάγματα,
2690 1888 2815 1965 παρ’
2858 1884 2930 1947 οἷς
2976 1886 3255 1950 ἐθεασάμην
3287 1883 3373 1935 καί
3420 1875 3607 1935 στῦλόν
3647 1897 3760 1932 τινα

452 2001 641 2058 ordine
658 1970 1060 2054 benedictionis
1086 2000 1283 2043 munus
1310 1978 1675 2051 impendebat.
1702 1972 1807 2029 Ubi
1828 1971 1932 2026 illae
1952 1970 2039 2025 be-

452 2092 789 2150 nedictiones
835 2084 1124 2159 impertitte
1166 2080 1412 2141 fuissent,
1447 2071 1717 2139 ﬁnemque
1745 2080 1930 2123 earum
1969 2078 2058 2119 res

456 2184 793 2245 habuissent,
826 2156 942 2248 ipse
968 2186 1188 2246 quoque
1218 2169 1287 2225 ab
1327 2182 1394 2222 eo
1439 2159 1822 2220 benedictione
1846 2156 2056 2213 donan-

454 2277 556 2331 dus
582 2272 804 2330 accessi.
827 2246 903 2325 Ᾰο
930 2281 1067 2322 vero
1089 2263 1158 2319 ad
1186 2259 1353 2332 pedes
1383 2255 1459 2311 illi
1485 2253 1679 2320 aceidi,
1704 2256 1851 2305 totus
1894 2246 2061 2316 trepi—

456 2370 557 2424 dus
585 2382 651 2422 ac
675 2378 893 2436 pavens.
922 2363 989 2415 At
1010 2359 1099 2415 ille
1122 2355 1306 2412 statim
1331 2351 1508 2421 erigit,
1527 2362 1592 2402 ac
1621 2344 1812 2399 fiducia
1832 2340 2063 2411 implens

457 2461 524 2517 ad
554 2429 817 2515 tremendi
847 2452 958 2509 oris
1010 2447 1255 2506 osculum
1299 2442 1532 2510 benigne
1563 2435 1812 2493 admittit.
1858 2429 2065 2488 Deinde

457 2552 622 2607 etiam
652 2564 745 2605 vas
772 2546 933 2601 melle
952 2542 1173 2615 plenum
1199 2538 1322 2593 sinu
1350 2532 1664 2606 proferens,
1696 2526 1825 2581 mihi
1857 2526 1913 2578 in
1946 2537 2062 2579 ma:

460 2660 562 2699 nus
591 2640 826 2703 tradidit,
856 2613 1119 2707 jubetque
1150 2628 1431 2699 accipiam.
1464 2623 1587 2678 Mox
1610 2635 1675 2676 ac
1702 2616 1906 2686 accepi,
1940 2613 2068 2667 inde

461 2736 712 2799 exibam;
758 2747 823 2787 ac
877 2728 1026 2784 velut
1088 2724 1189 2779 vite
1239 2721 1430 2777 ducem
1479 2713 1724 2784 agebam.
1793 2707 1930 2762 Tum
1978 2704 2069 2759 ille

467 2825 617 2883 nulla
646 2837 797 2879 mora
848 2827 975 2891 post
1002 2831 1091 2872 me
1127 2811 1458 2882 sequebatur
1483 2848 1495 2870 .
1526 2802 1797 2870 simulque
1825 2797 1985 2852 ambo
2017 2794 2069 2848 in

463 2915 850 2974 monasterium
878 2924 1066 2968 sumus
1103 2903 1349 2975 ingressi.
1401 2899 1482 2955 llli
1532 2894 1760 2953 comites
1808 2897 1984 2955 erant,
2018 2896 2074 2943 ct

462 3020 598 3082 quas
624 3007 863 3064 videram
891 3002 1108 3066 classes,
1128 2995 1270 3068 apud
1290 3007 1429 3064 quas
1456 2989 1618 3047 etiam
1642 2986 1852 3055 igneam
1881 2995 2075 3051 quam-

464 3105 588 3160 dam
617 3101 927 3158 columnam
958 3093 1062 3150 illis
1104 3089 1488 3162 praelucentem
1536 3078 1742 3150 aspexi.
1799 3075 1934 3131 Hinc
1961 3088 2076 3127 ma-

466 3197 569 3266 iori
597 3192 878 3265 perculsus
903 3194 1073 3251 metu,
1099 3198 1169 3238 ex
1209 3177 1519 3235 turbatione
1547 3184 1795 3228 somnum
1840 3165 2071 3222 excussi.

2158 1992 2367 2058 πύρινον
2397 1987 2747 2058 ἐπιλάμποντα
2798 1981 3114 2057 ἔμπροσθεν.
3147 1976 3316 2032 ’Ἔνθεν
3355 1996 3437 2032 τοι
3470 1977 3553 2028 καί
3576 1972 3760 2044 μείζονι

2160 2082 2297 2155 φόϐῳ
2329 2080 2549 2151 ληφθείς,
2574 2076 2952 2153 τεταραγμένος
2980 2078 3073 2129 τοῦ
3095 2071 3254 2126 ὕπνου
3279 2069 3493 2142 άνέθορα
3517 2065 3567 2117 *.
3621 2067 3711 2118 Ital
3737 2061 3762 2117 ό

2160 2175 2250 2247 μὲν
2278 2169 2468 2246 ὄνειρός
2495 2192 2581 2242 μοι
2599 2168 2800 2227 τοιόσδε
2831 2167 3030 2242 μακρὸς
3057 2163 3146 2229 ὢν,
3175 2166 3259 2217 καί
3287 2161 3484 2236 μακράν
3512 2156 3654 2234 ἔχων
3674 2162 3762 2215 τήν

2162 2264 2403 2331 δήλωσιν,
2429 2264 2513 2317 καὶ
2537 2263 2739 2333 φρικτός
2768 2262 2917 2314 πλέον
2948 2258 2978 2317 ἣ
3006 2258 3187 2315 ἀληθὴς
3214 2252 3293 2309 ὅτι
3321 2257 3443 2323 περὶ
3495 2249 3645 2306 αὐτὸν
3685 2249 3766 2301 καί

2164 2357 2450 2432 ἀμφότερα.
2478 2355 2603 2426 Ἐγώ
2620 2352 2747 2408 δὲτὸ
2764 2349 2913 2408 τοῦδε
2934 2347 3024 2423 [Ρ.
3045 2348 3146 2420 leg.
3170 2341 3402 2413 τοιοῦδεῘ
3416 2345 3607 2416 ἀγωνίᾳ
3623 2361 3768 2416 περι-

2163 2452 2357 2513 πεσὼν,
2379 2455 2490 2507 τοῖς
2518 2446 2606 2501 ὑπ’
2634 2446 2719 2517 ἐμὲ
2740 2442 3150 2521 παρακελεύομαι
3165 2443 3444 2513 μοναχοῑς,
3470 2433 3767 2506 διχτίςὲκα-

2166 2559 2284 2594 στον
2300 2542 2389 2598 τήν
2408 2537 2597 2595 συνήθη
2617 2535 2821 2591 τελέσαι
2840 2535 3023 2605 εὐχήν.
3046 2534 3135 2587 Καί
3155 2551 3230 2591 τις
3254 2530 3417 2585 αὐτῶν
3430 2526 3638 2586 ἰσάκεος
3654 2522 3768 2580 r03}-

2167 2653 2296 2704 νομα
2319 2628 2351 2685 ἕ
2352 2653 2402 2685 τι
2431 2627 2653 2700 ψάλλων,
2681 2630 2765 2681 καί
2782 2632 2890 2695 Θεῷ
2912 2626 3032 2685 τοὺς
3056 2622 3334 2696 ὀφθαλμοὺς
3358 2618 3536 2692 αἴρων,
3561 2617 3656 2689 ὁρᾷ
3671 2615 3771 2688 πρὸ

2169 2731 2261 2780 τοῦ
2286 2723 2539 2782 σπηλαίου
2569 2717 2829 2791 καιόμενον
2858 2722 2985 2793 πῦρ,
3022 2718 3109 2771 καί
3150 2712 3296 2769 ἔνδον
3336 2720 3437 2767 τῶν
3466 2711 3633 2785 θυρῶν
3674 2714 3768 2765 τοῦ

2172 2822 2294 2871 ναοῦ
2325 2814 2505 2869 εἰσιόν⁰
2537 2809 2591 2873 ὅς
2621 2832 2708 2882 μοι
2752 2812 2840 2864 καί
2882 2811 2939 2864 τό
2978 2807 3154 2883 όραθέν
3200 2806 3499 2879 παραυτίκα
3546 2798 3766 2855 ἐδείκνυ·

2173 2910 2273 2979 ἑγὼ
2304 2905 2349 2962 δ’
2387 2900 2675 2975 ήσυχιῖςειν
2704 2908 2883 2958 τοῦτον
2935 2902 3125 2955 εἰπὼν.
3168 2896 3257 2953 ἅτε
3333 2899 3416 2949 καὶ
3457 2895 3515 2950 τὸ
3559 2896 3774 2966 πρᾶγμα

2175 3001 2555 3077 προῃσθημένος
2585 2999 2640 3052 ἐκ
2677 3005 2767 3056 τῆς
2793 2997 2894 3070 πρὸ
2919 2997 3101 3071 μικριῦ
3130 2988 3318 3062 ὅψεως,
3352 2994 3443 3041 τοῦ
3472 2984 3619 3044 δέους
3646 2985 3774 3043 τέως

2178 3093 2461 3155 ἀπάλλαξου
2486 3094 2628 3164 ἐῴκει
2654 3090 2752 3161 γάρ
2777 3109 2863 3156 μοι
2893 3082 3314 3155 δεδειματῶσθαι.
3344 3080 3484 3132 Ἐπεὶ
3513 3076 3564 3132 δὲ
3595 3078 3779 3148 ἡμέραι

2179 3187 2329 3240 πέντε
2361 3181 2737 3254 διαγεγόνασιν,
2765 3179 2916 3246 ἑτέρα
2940 3175 3087 3230 πάλιν
3113 3169 3230 3242 ὄψις
3259 3166 3537 3236 ἐπέσκηψε.

468 3257 745 3358 Ejusmodi
771 3281 872 3336 fuit
898 3275 1044 3347 quod
1080 3272 1209 3329 mihi
1235 3270 1288 3325 in
1309 3266 1579 3324 somnium
1609 3258 1827 3326 accidit,
1851 3257 2069 3324 longum

2247 3286 2367 3356 Χιὶρ
2389 3281 2487 3353 γάρ
2507 3298 2586 3336 τις
2609 3276 2737 3329 κατὰ
2756 3276 2918 3326 νύκτα
2932 3270 3224 3341 ἐπιφανεῖσα
3243 3265 3325 3318 τὸν
3344 3260 3498 3324 δεξιόν
3516 3280 3605 3330 μοι
3621 3257 3781 3315 πλήτ-

466 3378 599 3436 illud
620 3419 637 3447 ,
667 3391 731 3430 ac
755 3374 972 3442 longam
1021 3368 1228 3423 habens
1256 3358 1651 3432 expositionem
1678 3392 1693 3419 ,
1743 3367 1849 3407 non
1890 3350 2068 3403 minus

471 3469 806 3529 tremendum
859 3477 1023 3536 quam
1065 3473 1283 3522 verum,
1336 3450 1603 3524 siquidem
1656 3456 1882 3515 utraque
1920 3443 1972 3498 in
2003 3456 2069 3495 eo

470 3563 609 3619 ratio
637 3557 839 3616 existit.
872 3532 1094 3609 interim
1121 3561 1224 3618 ego
1254 3545 1449 3602 dubius
1487 3542 1696 3596 haerens
1740 3534 1968 3593 subditis
1992 3532 2073 3603 ju-

471 3658 594 3721 beo,
618 3654 680 3709 ut
703 3656 1024 3708 consuetum
1049 3656 1272 3717 precum
1300 3651 1528 3711 pensum
1581 3629 1948 3699 unusquisque
1977 3625 2074 3681 du-

471 3748 619 3820 plum
644 3742 946 3800 exsolvant.
978 3715 1152 3792 lnbis
1180 3746 1321 3788 unus
1349 3729 1564 3784 illorum
1593 3721 1792 3778 lsacius
1832 3715 2072 3779 nomine,

472 3810 596 3895 dum
637 3835 817 3892 adhuc
866 3830 1070 3903 psallit,
1100 3828 1266 3897 inque
1309 3822 1481 3877 Deum
1521 3815 1664 3873 tollit
1712 3810 1923 3876 oculos,
1952 3815 2079 3861 ante

473 3932 788 4003 speluncam
834 3927 1014 3996 ignem
1061 3920 1362 3983 ardentem,
1394 3915 1645 3980 intraque
1689 3904 1875 3974 templi
1930 3901 2083 3957 fores

473 4023 818 4080 invadentem
849 3993 1041 4074 cernit.
1081 4011 1269 4067 Visum
1325 4008 1418 4062 ille
1472 4000 1755 4059 confestim
1817 3993 2077 4051 ostendit.

477 4115 590 4187 Ego
619 4126 802 4170 tacere
836 4110 1052 4181 jubens,
1082 4104 1284 4175 quippe
1321 4101 1414 4170 qui
1461 4113 1528 4152 ex
1574 4090 1842 4164 superiori
1878 4087 2085 4143 visione

479 4216 608 4262 ante
638 4205 714 4260 rei
746 4216 961 4259 sensum
984 4208 1303 4266 acceperam
1326 4234 1341 4260 ,
1365 4198 1514 4245 metu
1552 4200 1675 4241 eum
1705 4182 1933 4238 liberum
1964 4177 2085 4233 feci.

478 4296 772 4352 Videbatur
812 4293 957 4349 enim
1000 4288 1133 4344 mihi
1195 4284 1361 4340 fuisse
1405 4275 1744 4350 perterritus.
1794 4269 2088 4336 Postquam

480 4395 662 4444 autem
691 4385 783 4440 alii
809 4383 1050 4454 quinque
1070 4378 1186 4435 dies
1219 4373 1569 4435 transissent,
1597 4365 1703 4420 alia
1730 4365 1923 4419 iterum
1961 4356 2090 4411 mihi

484 4477 627 4534 visio
656 4474 875 4543 obtigit.
1721 4523 1733 4537 .

553 4568 688 4625 Nam
715 4582 904 4621 manus
932 4563 1175 4634 quiedam
1205 4566 1367 4615 noctu
1398 4570 1688 4626 apparens,
1719 4548 1968 4605 dextrum
2004 4543 2095 4595 mi-

2168 3397 2245 3432 τιι
2264 3374 2444 3449 μηρόν.
2470 3369 2559 3431 Ἠς
2589 3372 2676 3423 καὶ
2716 3370 2847 3439 φωνὴ
2895 3364 3181 3432 ἀπηχεῖτο.
3232 3355 3521 3414 Ἀνάστα,
3576 3351 3777 3420 βοῶσα,

2174 3466 2311 3522 ἰδού
2340 3463 2654 3537 ἐδωρήθην
2681 3459 2843 3530 ύμῖν.
2865 3455 3163 3529 Εύρήσεις
3185 3445 3244 3503 δέ
3266 3446 3373 3499 καί
3412 3444 3657 3511 ἀστέρα
3678 3440 3783 3495 τόν

2173 3557 2366 3614 τόπον
2391 3550 2696 3609 ύποδεικν
2714 3548 2864 3603 ὗντά
2892 3540 3073 3602 σοι·ὃς
3088 3544 3175 3599 καὶ
3199 3537 3426 3612 παρευθύ
3450 3534 3684 3594 ἀνέστην,
3700 3532 3786 3585 καί

2178 3651 2286 3724 ἅμα
2305 3649 2612 3721 καὶὸἀστήρ
2644 3639 2918 3717 προηγεῖτό
2945 3658 3041 3710 μου
3070 3643 3162 3696 τῆς
3194 3629 3448 3694 ὁδοῦ,ἶως
3479 3626 3626 3681 ἐλθὼν
3656 3622 3783 3682 ἔστη

2180 3747 2348 3803 ἐπάνω
2364 3750 2453 3800 τοῦ
2466 3738 2777 3803 τόπου,έ’νθα
2789 3738 2847 3793 τὸ
2867 3734 3110 3793 σπήλαιον
3125 3728 3259 3796 {imis
3276 3723 3315 3801 ᾧ
3335 3727 3503 3800 κόγχη
3527 3724 3787 3795 ἐτύγχανε

2180 3841 2475 3922 προσεχὴς,
2520 3837 2686 3889 ἐκεῖσε
2736 3841 2828 3893 τῆς
2873 3828 3082 3902 κεφαλῆς
3112 3821 3529 3898 κατίιρυγμένης.
3567 3828 3652 3877 Ὧς
3697 3809 3787 3868 οὖν

3005 3920 3010 3922 _
3200 3915 3245 3922 ,,
3414 3912 3423 3922 ,
3498 3909 3508 3922 ,
3638 3898 3649 3922 ,
3766 3907 3777 3922 ,

2223 3898 2233 3922 ι
2352 3898 2393 3910 ι..
2465 3898 2471 3900 ν
2936 3898 2944 3902 .

2184 3935 2388 4008 ἐναργὲς
2411 3936 2561 3984 τοῦτο
2593 3933 2808 3994 σημεῖον
2840 3920 3139 3989 ἐθεασάμην,
3164 3915 3341 3973 κλίνας
3366 3912 3432 3965 τά
3457 3898 3670 3980 γόναταί,
3696 3907 3783 3959 καί

2185 4024 2344 4080 πολλὰ
2389 4021 2473 4074 τὸν
2512 4022 2729 4089 φανέντα
2773 4035 2856 4084 μοι
2897 4006 3195 4072 ἱκετεύσας,
3227 4005 3308 4059 τὸν
3360 4001 3520 4056 τόπον
3562 3998 3791 4073 ἠρξάμην

2191 4114 2445 4192 ὀρύττειν,
2478 4110 2673 4186 ὀργάνῳ
2698 4102 3028 4180 χρησάμενος
3058 4099 3186 4175 πρὸς
3212 4098 3268 4150 τό
3289 4092 3513 4171 ὄρυγμα.
3555 4090 3645 4142 Καὶ
3693 4090 3789 4142 τοῦ

2192 4208 2381 4291 βάθους
2408 4203 2689 4274 ἁψάμενος,
2723 4200 2806 4253 καὶ
2832 4193 2997 4267 ἅμμον
3022 4193 3135 4248 τινὰ
3163 4184 3587 4257 κατακεχυμένην
3606 4180 3791 4256 εύρών,

2194 4298 2301 4372 μεθ’
2317 4300 2375 4357 ἣν
2399 4300 2477 4351 καὶ
2491 4297 2729 4370 κέραμον,
2744 4286 2855 4344 εἶτα
2875 4286 3040 4343 πλάκα
3051 4275 3584 4345 λιθίνονρποκάτωθεν
3601 4273 3792 4330 ταύτης

2196 4393 2254 4447 τὸ
2279 4387 2554 4460 πολύτιμον
2595 4393 2761 4455 κτῆμα
2784 4382 3026 4454 εὑρίσκω,
3052 4373 3200 4452 ύδρίς
3226 4373 3323 4427 τινὶ
3343 4364 3791 4433 κατακαλυπτόμε-

2201 4506 2303 4547 νον,
2332 4483 2414 4536 καί
2438 4478 2560 4534 εἵσω
2588 4476 2960 4551 περιεχόμενον
2980 4484 2993 4499 ·
3028 4463 3098 4539 ἐφ’
3120 4464 3158 4539 ᾧ
3186 4467 3268 4518 καί
3309 4459 3528 4529 εἶῖθυμος
3573 4457 3792 4530 γεγονώς

2202 4577 2350 4631 πάλιν
2382 4576 2449 4634 ὡς
2474 4568 2618 4640 εἶχον
2634 4567 2726 4642 μ’.
2754 4567 2855 4636 leg.
2880 4558 3035 4632 εἰκὸςλ
3054 4561 3137 4615 τὸν
3162 4558 3317 4612 τόπον
3347 4551 3580 4622 tantum
3598 4590 3611 4610 ,
3642 4546 3796 4619 μηδὲν

484 4661 542 4717 bi
564 4656 797 4731 percutit
826 4654 1033 4719 femur;
1064 4667 1129 4706 ex
1150 4665 1255 4720 qua
1279 4648 1441 4703 etiam
1461 4659 1568 4700 vox
1589 4640 1877 4697 resonabat
1898 4636 1949 4690 in
1982 4635 2072 4688 him

2202 4647 2996 4739 ἐκεῖθενξξαγαγὼν,μήτ’ἕκφορον
3019 4653 3145 4710 τέως
3170 4651 3391 4707 ποιήσας
3420 4644 3476 4697 τὸ
3507 4641 3694 4719 ὁραθέν.

485 4750 650 4808 verba
671 4748 941 4805 clamans:
961 4744 1162 4816 Surge;
1184 4758 1299 4796 ecce
1326 4736 1467 4794 vobis
1498 4735 1632 4789 dono
1658 4744 1929 4785 concessus
1957 4741 2092 4779 sum.

488 4841 661 4899 Porro
702 4850 858 4895 etiam
901 4836 1052 4892 stella
1088 4831 1338 4895 occurrit,
1361 4841 1475 4896 qua:
1502 4824 1602 4900 loci
1630 4820 1790 4875 index
1810 4816 1931 4870 erit.
1960 4811 2098 4867 Tum

488 4947 592 5003 ego
629 4930 811 4986 statim
856 4925 1098 4991 surrexi,
1132 4918 1400 4986 simulque
1451 4911 1607 4970 stella
1643 4905 1886 4979 praeibat,
1927 4900 2100 4956 donec

488 5023 715 5078 veniens
733 5018 885 5077 stetit
913 5028 1077 5084 supra
1097 5011 1274 5065 locum
1290 5005 1380 5061 ubi
1408 4999 1665 5072 spelunca
1688 5000 1823 5057 erat,
1842 4994 1893 5046 in
1919 5005 2027 5059 quo
2045 4996 2101 5044 et

491 5113 699 5171 concha
727 5108 979 5175 contigua
1008 5099 1275 5161 exstabat,
1317 5093 1417 5158 sub
1446 5104 1554 5160 qua
1582 5086 1856 5142 defossum
1884 5093 2099 5135 sacrum

492 5204 685 5273 pignus
740 5198 857 5253 fuit.
880 5169 1046 5250 vCum
1095 5190 1278 5256 itaque
1328 5178 1670 5253 perspicuum
1714 5170 1852 5225 adeo
1890 5169 2102 5236 signum

494 5290 845 5363 aspcxissem,
878 5285 930 5339 in
958 5293 1133 5352 genua
1161 5269 1548 5348 procumbens,
1578 5261 1867 5329 multisque
1895 5255 2102 5327 suppli-

495 5397 629 5440 cans
658 5379 755 5446 illi,
786 5374 878 5447 qui
905 5388 965 5429 se
993 5369 1124 5425 mihi
1164 5362 1513 5435 conspicuum
1564 5355 1796 5419 fecerat,
1825 5350 2004 5404 locum
2035 5345 2102 5399 li-

494 5487 638 5543 gone
684 5469 871 5527 fodere
918 5463 1078 5535 cmpi.
1123 5459 1262 5515 Tum
1309 5455 1417 5509 alta
1462 5449 1755 5517 attingens,
1790 5457 1853 5497 ac
1882 5451 2101 5494 arenam

498 5561 789 5636 quamdam
826 5557 1049 5614 affusam
1080 5549 1380 5615 olfendens,
1408 5549 1533 5616 post
1574 5553 1735 5610 quam
1788 5535 1951 5591 etiam
1986 5537 2104 5585 erat

502 5656 705 5727 tegula,
733 5661 848 5708 tum
892 5656 1071 5707 crusta
1099 5643 1345 5716 lapidea,
1386 5637 1486 5694 sub
1537 5647 1603 5690 ea
1646 5624 2096 5702 pretiosissimum

502 5711 705 5820 pignus,
741 5738 955 5807 inveni,
982 5711 1174 5808 hydria
1204 5727 1436 5801 quadam
1480 5728 1731 5793 opertum
1755 5759 1768 5784 ,
1802 5716 1964 5785 inque
2010 5711 2101 5765 illa

506 5833 865 5893 reconditum.
903 5830 979 5883 Ea
1004 5843 1064 5883 re
1091 5825 1272 5881 animo
1299 5822 1450 5876 Icelus
1476 5816 1729 5876 effectus,
1762 5812 1958 5869 iterum
1999 5813 2104 5859 sla-

510 5930 611 5985 tint
637 5927 816 5981 locum
841 5918 1069 5983 occului,
1096 5915 1227 5970 nihil
1256 5911 1378 5967 inde
1404 5908 1716 5973 extrahens,
1739 5903 2105 5967 liactenusque

522 6017 662 6089 quod
684 6017 858 6075 visum
885 6012 1079 6077 fuerat,
1105 6005 1237 6063 nulli
1265 6002 1528 6074 aperiens.

2274 4761 2411 4814 Ἐπεί
2438 4755 2491 4810 δέ
2527 4755 2659 4826 μετὰ
2680 4752 2855 4824 μικρὸν
2888 4746 3170 4822 παρέξοιλεν
3214 4746 3330 4813 ἡμῖν
3359 4741 3442 4793 καί
3472 4736 3496 4790 ό
3532 4737 3795 4810 ἀρχιμκν-

2205 4851 2379 4928 δρίτης
2430 4845 2713 4907 Γεννεέδιος,
2750 4848 2876 4917 ἀνὴρ
2926 4843 3116 4899 ἐκεῖνος
3162 4835 3348 4894 πολλῆς
3383 4830 3653 4900 ἠξιωμένος
3704 4830 3800 4883 rvi:

2207 4944 2453 5018 χάριτος,
2502 4939 2555 5001 ὃς
2602 4942 2689 4994 καί
2725 4959 2837 4993 τινα
2868 4935 3128 4989 ὀπτασίαν
3157 4934 3237 4985 κατ
3270 4929 3420 4986 αὐτῖς
3455 4924 3704 4999 ἑωρακὼς,
3741 4925 3801 4994 τῇ

2205 5040 2305 5113 πρὸ
2333 5042 2511 5108 μικροῦ
2552 5032 2613 5092 δὴ
2650 5036 2813 5099 ταύτῃ
2843 5031 2923 5083 καί
2962 5027 3184 5100 ἡμετέρᾳ
3230 5018 3579 5093 συνᾴδουσαν,
3610 5015 3668 5072 ἥν
3714 5032 3804 5082 μοι

2207 5134 2293 5186 καὶ
2318 5133 2492 5185 πᾶσαν
2523 5123 2621 5182 ἄνα
2662 5125 2815 5200 μέρος
2844 5123 3062 5193 ἐξέφηνε,
3087 5118 3202 5173 τότε
3238 5113 3291 5170 δέ
3328 5116 3412 5167 καί
3437 5110 3593 5169 αὐτὸς
3627 5109 3806 5160 ἀνεπι-

2205 5225 2234 5281 δ
2264 5226 2458 5282 ιάστως
2487 5221 2650 5287 έκείνμ
2694 5215 3054 5279 ἁνακαλύπτω,
3084 5212 3151 5265 τὰ
3196 5208 3438 5282 ὁραθέντα
3477 5224 3564 5275 μοι
3605 5200 3806 5255 ἕκαστα

2208 5318 2338 5392 πρὸς
2366 5316 2494 5380 λέξιν
2523 5317 2699 5374 εἰπὼν,
2727 5313 2809 5366 καὶ
2836 5306 2991 5379 μηδὲν
3018 5307 3214 5361 τοὶτων
3249 5296 3676 5373 ἀποκρυψάμενος
3700 5308 3714 5324 ⁸
3751 5289 3805 5351 ἒς

2206 5409 2355 5481 ἡδονῇ
2396 5411 2480 5465 καὶ
2510 5407 2733 5468 ἐκπλήξει
2759 5402 2957 5475 ληοθεὶς
2995 5395 3244 5457 ἠντιϐόλει
3268 5391 3429 5456 δείξαι
3458 5389 3598 5458 αὐτῷ
3632 5387 3718 5439 καί
3746 5384 3805 5440 τὸ

2206 5507 2432 5580 ὄρυγμα,
2456 5506 2539 5558 καί
2567 5501 2651 5557 τόν
2691 5499 2842 5555 τόπον
2866 5511 2877 5522 ’
2910 5496 2993 5549 καί
3019 5495 3119 5546 ποῦ
3150 5483 3254 5559 ἆρα
3280 5485 3338 5541 τὸ
3383 5483 3515 5555 ἱερὸν
3555 5478 3808 5549 κειμήλιον

2205 5602 2545 5658 ἀποτέθειται.
2579 5599 2670 5651 Καὶ
2713 5593 2772 5651 δή
2813 5594 2894 5645 καί
2932 5587 3143 5645 δεικνύω
3182 5584 3344 5649 αὐτῷ,
3376 5574 3534 5657 ἄνδρα
3562 5576 3808 5629 τοσοῦτον

2209 5701 2277 5767 μὴ
2306 5699 2564 5766 στερήσεις
2586 5700 2677 5749 τῆς
2707 5690 2845 5747 θέας.

2283 5784 2368 5844 Ὠς
2396 5778 2483 5836 οὖν
2510 5781 2599 5837 ἀπ’
2642 5779 2861 5836 ἀλλήλων
2906 5773 3191 5844 cria-mutu,
3229 5767 3491 5838 λοχισμοῖς
3530 5758 3811 5825 ἐϐαλὶηόμην

2215 5876 2382 5941 αὖθις,
2413 5881 2464 5933 τί
2509 5878 2595 5930 iui
2638 5872 2740 5928 δέοι
2769 5891 2829 5942 με
2870 5868 3061 5936 πρᾶξαι
3092 5868 3297 5918 σκοπῶν
3322 5875 3334 5887 ⁸
3371 5856 3509 5910 ἔνθεν
3539 5857 3802 5908 καὶτοῦτο

2292 5978 2319 6010 ⁸
2360 5974 2467 6031 Sic.
2508 5971 2664 6026 Forte
2696 5965 2975 6034 legendum
3006 5960 3256 6031 ἐγρήγορα
3298 5952 3452 6004 limr.
