4122 6560
407 331 514 387 443

1701 311 2055 374 DIONYSIUS
2095 308 2411 376 EXIGUUS.

3597 295 3703 353 ιιι

403 470 469 507 ac
496 448 703 518 regioni
731 448 1042 501 thesaurum
1070 442 1288 496 uberem
1313 453 1372 492 ac
1405 435 1805 490 inexhaustum.
1866 429 2000 483 llac-
2038 438 2050 485 ὲ

2160 454 2182 490 ς
2209 436 2406 491 πύντας
2436 429 2736 489 διήκουσαν.
2759 428 2913 484 Ἀλλὰ
2941 429 3042 503 γὰρ
3085 426 3131 480 οί
3174 431 3264 481 τοῦ
3322 430 3450 479 Θεοῦ
3482 422 3711 496 ἀπόρρι-

411 554 568 597 tenus
593 539 829 595 secunda
876 534 1116 591 inventio
1165 546 1230 586 ac
1266 526 1631 583 manil‘e5tatie
1682 534 1794 578 tum
1839 524 2003 583 facta,

410 652 533 692 cum
566 633 969 689 Valentinianus
999 644 1063 683 ac
1093 624 1394 681 Marcianus
1434 619 1645 692 imperii
1685 626 1899 686 sceptra
1932 622 2010 669 tc-

413 736 623 781 nerent.
655 724 845 795 Operae
872 722 1105 792 pretium
1153 732 1283 773 vero
1314 725 1371 771 ut
1420 724 1477 769 ct
1519 728 1639 769 eam
1689 725 1809 780 qua:
1841 722 2014 777 nuper

413 817 654 881 contigit,
682 815 1007 882 tertiamque
1035 823 1370 872 enarrcmus,
1401 805 1556 874 cujus
1603 810 1660 857 et
1695 802 1861 855 etiam
1886 812 2014 851 eau—

416 924 475 963 sa
506 907 748 962 instituta
781 905 936 959 nobis
967 903 1144 958 oratio
1177 910 1287 967 est,
1317 914 1439 968 qua:
1482 908 1534 952 ct
1568 893 1788 965 reliquis
1834 890 2016 946 notior

417 1010 502 1058 cst
528 1011 690 1071 atque
716 999 994 1054 illustrior.

488 1114 623 1168 Cum
649 1112 831 1182 itaque
860 1125 1073 1164 sacrum
1103 1114 1263 1176 caput
1304 1104 1534 1164 Eincsar,
1564 1108 1622 1155 ut
1646 1098 1900 1161 diximus,
1933 1109 2021 1149 re-

420 1205 653 1276 positum
676 1213 841 1263 esset,
874 1210 1036 1267 atque
1067 1197 1132 1251 iis
1179 1195 1268 1265 qui
1299 1208 1330 1249 e
1361 1193 1540 1247 vicino
1587 1188 1789 1259 quique
1835 1183 2024 1256 procul

421 1314 487 1352 ac
517 1296 754 1364 undique
785 1293 1050 1353 venirent,
1086 1288 1411 1343 uberrimum
1462 1283 1649 1353 gratia:
1676 1294 1868 1335 Innuus
1900 1292 2027 1347 pro-

421 1397 611 1449 staret,
645 1392 916 1439 manserat
948 1382 1230 1436 thesaurus
1261 1378 1312 1433 in
1338 1391 1511 1431 annos
1560 1374 1741 1444 plures
1795 1370 1844 1426 ei
1904 1370 2028 1423 loco

423 1480 667 1535 addictus
698 1495 712 1532 :
740 1493 802 1532 ac
828 1489 1134 1546 quanquam
1164 1486 1231 1527 eo
1260 1466 1699 1536 circumscriptus
1728 1471 1866 1526 erat,
1916 1474 2028 1515 non

423 1581 606 1626 tamen
622 1564 1155 1623 illinsambituctiam
1172 1562 1398 1616 virtutes
1420 1557 1792 1619 arctabantur,
1819 1550 1914 1609 sed
1934 1564 2030 1605 co-

426 1664 579 1733 piose
608 1658 869 1715 beneﬁcia
916 1655 1245 1727 explicabat,
1276 1661 1333 1707 et
1363 1661 1421 1705 ut
1446 1648 1513 1703 ad
1543 1662 1733 1702 onmcs
1763 1644 2034 1717 pertinge-

428 1766 566 1811 rcnt.
599 1753 887 1808 Enimvero
926 1765 1045 1821 quae
1075 1748 1166 1802 Dei
1198 1759 1408 1801 arcana:
1439 1742 1695 1805 rationes,
1730 1740 2033 1808 incompre-

2113 543 2191 578 τοι
2233 522 2388 596 λόγοι,
2440 525 2524 577 καί
2568 529 2670 577 τῶν
2706 522 2863 576 αὐτοῦ
2914 520 3170 595 κριμάτων
3206 518 3265 572 τὸ
3312 514 3672 572 ἀκατάληπτον
3696 556 3712 581 ,

2114 617 2273 687 χέρσι
2303 615 2581 689 βαρϐάρων
2610 616 2733 675 τούς
2756 615 2803 667 ἐν
2827 615 3016 684 Ἐμὲσῃ
3056 612 3251 671 τόπους
3298 613 3385 664 καί
3438 610 3601 664 αὑτήν
3630 613 3719 666 τήν

2112 703 2336 779 Ἐμεσαν
2387 708 2510 762 ἑλεῖν
2559 710 3044 780 συγχωρήσαντος,
3102 705 3160 758 οὐ
3211 702 3400 759 δίκαιον
3444 699 3472 757 ό
3533 700 3719 771 ἀγαθὸς

2116 797 2300 875 ἔκρινε,
2331 803 2417 854 καὶ
2446 801 2608 875 κάραν
2637 805 2725 858 τὴν
2768 800 3020 867 πάντιμον
3071 798 3218 871 παρά
3247 796 3451 855 τούτοις
3471 794 3717 866 γενέσθαι·

2119 888 2304 946 οὔκουν
2331 890 2445 947 οὐδὲ
2472 893 2663 965 γίνεται
2693 907 2708 921 ⁸
2737 891 2862 945 ἀλλὰ
2908 890 3051 964 παρὰ
3079 909 3179 943 τινι
3218 894 3392 957 πιστῷ
3431 888 3516 939 καί
3562 902 3722 939 σπου·

2121 984 2248 1057 δαίῳ
2269 987 2388 1061 περί
2413 985 2477 1041 τὰ
2504 985 2649 1052 καλὰ,
2686 985 2872 1039 ἐκεῖθεν
2899 983 3030 1040 αὕτη
3047 983 3295 1055 ληφθεῖσα
3323 1021 3337 1045 ,
3368 978 3600 1048 ἀλλαχοῦ
3628 975 3722 1035 ἤδη

2122 1082 2520 1150 μετακομίζεται
2545 1094 2561 1110 ⁶
2586 1078 2782 1149 κόμα-δα
2802 1075 2845 1132 δ’
2867 1073 2927 1136 ἧν
2951 1078 2982 1135 ἡ
3005 1074 3248 1145 δεξαμένη
3269 1076 3327 1128 τὸ
3357 1071 3543 1146 δῶρον’
3570 1072 3723 1146 μικρὰ

2122 1171 2216 1238 μὲν
2246 1170 2391 1230 πόλις
2416 1173 2499 1223 καί
2529 1165 2732 1233 ἄσημος
2757 1208 2771 1227 .
2801 1169 3051 1240 ἐπίσημος
3105 1163 3146 1221 δ’
3176 1166 3392 1219 ἐντεῦθεν
3438 1162 3677 1236 γενομένη
3708 1204 3722 1228 ,

2126 1265 2210 1317 καί
2238 1269 2339 1317 τῶν
2379 1260 2541 1316 ἄλλων
2570 1260 2964 1337 διαφανεστέρα.
3264 1291 3299 1306 θ

2200 1356 2267 1410 Τὸ
2306 1353 2351 1410 δ’
2397 1353 2537 1411 ἔιδον
2583 1358 2811 1427 συνέχον
2858 1357 2945 1410 καί
2985 1354 3208 1426 κατέχον
3274 1354 3361 1409 τὸν
3433 1353 3725 1427 θησαυρὸν,

2132 1446 2319 1507 σκεῦός
2356 1468 2406 1502 τι
2448 1448 2694 1523 ἀργύριον
2718 1444 2799 1510 ἦν,
2826 1454 3061 1521 χρυσοῖς
3086 1446 3320 1506 πετάλοις
3346 1446 3726 1519 ἐνηρμοσμένον,

2134 1541 2199 1600 ὥς
2234 1534 2293 1593 ἂν
2320 1539 2380 1594 τὸ
2402 1539 2568 1610 τίμιον
2595 1538 2992 1614 περιστέλλοιτο.
3019 1538 3144 1596 Πλὴν
3181 1544 3411 1611 ἠγνοεῖτο
3457 1549 3566 1596 τοῖς
3609 1534 3730 1589 πολ-

2133 1632 2239 1692 λοῖς
2257 1673 2270 1695 ,
2298 1634 2385 1686 καί
2423 1632 2646 1703 μάλιστα
2672 1640 2780 1691 τοῖς
2802 1636 2911 1690 ,τήν
2949 1628 3195 1703 βασιλίδα
3224 1632 3468 1695 οἰκοῦσιν,
3499 1626 3630 1684 ὅπου
3672 1630 3732 1683 τὸ

2139 1722 2301 1799 δῶρον
2358 1724 2747 1789 ἐναποτέθειται,
2798 1731 2872 1797 τῷ
2927 1743 2983 1778 τε
3028 1725 3301 1793 ἀγνὼστως
3347 1727 3438 1780 τήν
3468 1722 3733 1792 μετάθςσιν

931 1800 1041 1821 νη
1077 1800 1093 1802 -
1126 1800 1143 1802 _
1278 1800 1283 1801 ,
1685 1800 1693 1805 ,
1913 1800 1926 1808 _

427 1848 706 1916 hensaque
729 1841 965 1914 judicia!
1015 1840 1149 1894 Cum
1180 1851 1372 1907 nempe
1403 1834 1721 1890 Emescnam
1753 1830 2028 1899 regionem

2153 1817 2465 1887 (εγενῆσοαι,
2514 1818 2598 1872 καί
2640 1823 2714 1886 τῷ
2753 1816 3046 1889 ἀγνοεῖσθαι
3073 1816 3162 1870 τόν
3186 1815 3373 1889 χρόνον
3395 1813 3503 1868 καθ’
3550 1810 3603 1868 ὃν
3636 1814 3734 1869 ἀπὸ

426 1944 709 2006 insanique
738 1936 924 1990 urbem
956 1932 1206 1987 Emesam
1235 1929 1587 1983 barbarorum
1611 1924 1858 1979 manibus
1877 1936 2036 1990 expu-

431 2030 582 2099 gnari
632 2028 866 2092 sivisset,
895 2042 958 2079 ac
1005 2039 1194 2079 eorum
1227 2021 1340 2076 licri
1370 2018 1608 2084 ditionis,
1659 2016 1799 2073 haud
1855 2025 2035 2069 tamen

431 2116 1466 2193 acquumputavitntetprctiosissimum
1496 2121 1659 2182 eaput
1688 2124 1854 2182 penes
1896 2107 2035 2172 illos,

432 2216 648 2282 illisque
679 2211 947 2266 addictum
979 2210 1138 2265 foret.
1167 2207 1426 2275 Adeoque
1455 2219 1631 2273 neque
1679 2202 1799 2270 fuit,
1828 2200 1922 2256 scd
1967 2200 2036 2271 pii

427 2303 713 2374 cujusdam
761 2303 1093 2371 honestique
1111 2298 1337 2355 cultoris
1365 2311 1531 2368 Opera
1560 2294 1686 2350 inde
1739 2302 2039 2362 sumptum,

436 2396 544 2451 alio
576 2404 687 2450 tum
703 2390 1372 2459 transfertur;Comanam
1403 2388 1632 2452 scilicet,
1663 2385 1916 2455 exiguam
1948 2398 2040 2437 ur-

438 2489 560 2543 bem
593 2504 657 2543 ac
683 2488 990 2553 obscuram,
1022 2500 1141 2556 qua:
1170 2495 1351 2541 tamen
1402 2499 1468 2539 eo
1498 2482 1725 2553 pignore
1779 2479 1947 2535 ditata
1979 2477 2043 2533 il-

438 2579 618 2634 lustris
638 2578 838 2650 evasit,
862 2594 925 2633 ac
953 2576 1172 2648 reliquis
1201 2576 1398 2631 clarior
1427 2573 1623 2631 exinde
1646 2573 1764 2627 fuit.

508 2658 663 2726 Quod
694 2659 970 2714 vasculmn
1021 2659 1332 2713 thesaurum
1387 2656 1530 2710 intus
1564 2654 1797 2709 habebat
1824 2666 1888 2708 ac
1911 2667 2045 2708 cou-

441 2746 666 2811 tinebat,
700 2761 832 2801 urna
862 2746 1107 2816 qnzcdam
1129 2753 1391 2815 argentea
1421 2743 1603 2798 aureis
1630 2750 1918 2812 compacta
1976 2741 2047 2795 la-

440 2838 599 2892 minis
639 2848 778 2905 erat,
805 2852 914 2907 quo
972 2852 1166 2908 nempe
1205 2837 1502 2907 pretiosum
1558 2836 1753 2906 pignus
1801 2833 2045 2902 pretioso

443 2927 660 2983 vasculo
687 2937 1057 2983 asscrvaretur
1128 2929 1396 2983 Caeterum
1436 2927 1681 2999 plerique
1708 2925 2041 2989 nesciebant,

444 3031 507 3071 ac
534 3032 806 3087 pnccrpuc
826 3018 1024 3087 regina:
1048 3017 1257 3072 urbium
1284 3017 1453 3085 cives,
1504 3031 1613 3086 quo
1642 3015 1773 3070 illud
1799 3015 1920 3071 loco
1949 3029 2046 3085 po-

444 3108 604 3163 situm
628 3118 769 3163 esset
802 3126 815 3161 :
850 3118 963 3162 tum
986 3110 1131 3178 quod
1162 3107 1443 3164 translatio
1468 3106 1681 3163 occulta
1720 3120 1784 3161 ac
1811 3106 1930 3162 sine
1956 3120 2042 3159 ar-

2137 1908 2353 1979 Ἐμέσης
2380 1909 2509 1985 πρὸς
2530 1909 2595 1965 τὰ
2625 1908 2820 1976 Κόμανα
2849 1908 3226 1977 μετατίθειται⁹
3268 1905 3383 1961 οὐδὲ
3425 1907 3520 1984 γὰρ
3563 1914 3734 1975 σαφῶς

2140 2022 2237 2066 τις,
2270 2000 2374 2057 ὅσα
2420 2022 2477 2073 γε
2525 2004 2669 2056 αὐτοὶ
2726 2002 2995 2071 συνίσμεν,
3038 2004 3157 2077 περὶ
3203 2000 3392 2055 τούτου
3446 2001 3735 2073 ἐγνώρισεν.

2140 2096 2328 2148 οὖκοὖν
2370 2095 2454 2148 καί
2497 2091 2671 2164 ε’μενεμ
2698 2101 2804 2153 τοῖς
2853 2094 3093 2163 ιίομὰνοις
3127 2094 3157 2151 ἦ
3206 2093 3387 2165 κεφαλὴ
3413 2134 3427 2157 ,
3461 2090 3587 2162 μηδὲ
3614 2093 3735 2166 παρ’

2142 2186 2306 2241 αὐτῶν
2332 2183 2495 2243 δήπου
2521 2192 2619 2241 τῶν
2640 2189 2923 2262 προσοίκων
2945 2185 3182 2255 ἀσφαλῶς
3203 2186 3350 2254 τάχα
3377 2187 3736 2260 γνωριζομένη·

2143 2279 2189 2331 οἶ
2216 2298 2268 2333 τε
2296 2278 2398 2350 γὰρ
2428 2276 2628 2350 χρόνοι,
2662 2280 2747 2330 καί
2773 2279 2837 2331 τὰ
2861 2278 3145 2351 πράγματα
3169 2319 3184 2343 ,
3214 2275 3395 2335 πολλὴν
3423 2282 3513 2335 τήν
3542 2274 3748 2347 ὕγνοιαν

2145 2371 2543 2441 ὄμπνιιησαντεςο
2576 2367 2805 2441 μάλιστα
2858 2374 3047 2440 μεταξύ
3103 2375 3187 2426 καί
3234 2379 3331 2426 τῶν
3373 2374 3738 2443 Εἰκονομαχων

2144 2459 2594 2533 ἁναφανέντωνότς
2609 2463 2714 2533 οὐχ
2732 2460 2869 2523 ὅπως
2892 2465 2954 2516 τὰ
2979 2469 3080 2516 τῶν
3102 2461 3255 2535 ἁγίων
3281 2463 3488 2517 ἐσέϐετο
3511 2461 3739 2532 λείψαναο

2146 2556 2270 2610 ἀλλὰ
2298 2558 2382 2610 καί
2408 2557 2532 2633 πυρί
2572 2556 2917 2630 ἐνεπίμπρατο
2970 2553 3019 2609 εἴ
3056 2578 3158 2610 που
3202 2554 3263 2613 δὴ
3312 2560 3392 2611 καί
3439 2563 3656 2626 ιανιείἐν⁹
3687 2553 3744 2615 ἦν

2146 2650 2320 2703 λοιπὸν
2362 2652 2444 2724 καί
2495 2650 2553 2705 τὸ
2595 2652 2831 2726 πανίερον
2873 2656 3026 2705 τοῦτο
3078 2658 3265 2724 χρῆμα
3292 2656 3360 2719 μή
3390 2651 3513 2725 παρ’
3536 2651 3744 2706 ὁτουοῦν

2147 2744 2413 2811 θεώμενον,
2461 2730 2735 2802 ἧὶὲκδηλον
2784 2744 3181 2813 καθιστάμενον·
3208 2746 3318 2797 ἐπεί
3362 2743 3415 2797 δὲ
3465 2752 3573 2804 τοῖς
3605 2744 3745 2815 ὀρθο-

2149 2834 2312 2900 δόξοις
2369 2834 2609 2894 ἐπανῆλθε
2660 2836 2725 2890 τὰ
2781 2837 3068 2907 πράγματα
3101 2876 3116 2901 ,
3172 2838 3258 2890 καί
3310 2836 3412 2890 ύπό
3479 2834 3747 2909 βασιλεῦσι

2150 2936 2353 2989 πιστοῖς
2392 2931 2460 2984 τὰ
2489 2937 2755 3005 σκῆπτρα,
2784 2930 2932 2983 πάλιν
2961 2932 3385 3002 μετακεχὼρηκε,
3436 2937 3536 2985 τῶν
3561 2928 3747 2983 δυο-σε·

2152 3020 2253 3074 ϐῶν
2275 3022 2633 3091 Εἱκονομὰχων
2657 3020 2769 3093 μετ’
2796 3021 2936 3092 ἤχου
2969 3021 3331 3081 ἀπολωλότων,
3363 3025 3448 3075 καὶ
3475 3022 3613 3084 ἀξίαν
3657 3028 3747 3079 τὴν

2151 3109 2414 3186 εἴσπραξιν
2444 3113 2749 3188 εὑρηκότων,
2778 3114 2893 3170 τότε
2926 3112 2986 3173 δὴ
3010 3118 3091 3168 καί
3121 3113 3146 3169 ὁ
3190 3113 3478 3189 Πρόδρομος
3507 3121 3595 3172 τήν
3624 3115 3749 3168 ἔαυ-

446 3199 587 3256 bitro
615 3199 753 3255 facta
782 3198 970 3254 fuisset
996 3173 1150 3265 {tum
1174 3199 1318 3271 quod
1372 3199 1672 3255 nesciretur
1701 3207 1915 3267 tempus
1937 3212 2047 3268 quo

2153 3211 2244 3259 τοῦ
2287 3204 2497 3277 κεφαλήν
2539 3212 2832 3278 φανερῶσαι
2888 3203 3174 3264 ηὐδόκησε⁶
3225 3210 3307 3260 καί
3356 3204 3516 3280 δῶρον
3560 3210 3751 3265 ταύτην

448 3290 536 3344 illa
564 3290 900 3359 contigisset.
931 3289 1116 3360 Neque
1138 3291 1281 3346 enim
1304 3292 1424 3361 quis
1445 3290 1641 3369 palam,
1657 3300 1917 3359 quantum
1945 3305 2049 3345 no-

451 3385 533 3439 bis
561 3384 1115 3452 asscquilicuit.cam
1170 3400 1284 3441 rem
1319 3385 1553 3440 tradidit.
1614 3383 1800 3455 Itaque
1856 3384 2054 3439 mansit

450 3476 699 3530 Cumana:
722 3486 903 3545 caput,
942 3491 1011 3532 ne
1042 3476 1190 3547 ipsis,
1224 3488 1387 3548 pulo,
1416 3477 1604 3533 incolis
1652 3478 1785 3533 satis
1842 3483 2049 3532 notum.

451 3564 586 3620 Tum
617 3566 759 3620 enim
788 3573 1055 3637 tempora,
1085 3578 1195 3622 tum
1220 3569 1433 3636 negotia
1462 3567 1571 3623 alta
1602 3583 1715 3623 rem
1748 3566 2053 3637 ignorantia

452 3656 774 3711 obtexerant
828 3674 841 3711 :
893 3673 1015 3713 cum
1056 3660 1355 3729 przesertim
1412 3658 1760 3715 lconomachi
1840 3658 2054 3714 interim

453 3747 816 3815 emersissent,
849 3764 988 3819 quos
1031 3760 1237 3805 tantum
1269 3752 1424 3806 abest
1475 3759 1535 3805 ut
1571 3759 1884 3806 sanctorum
1933 3749 2057 3804 reli-

452 3840 592 3907 quiis
621 3841 823 3896 cultum
851 3842 1191 3908 adhiberent,
1225 3854 1284 3897 ut
1309 3844 1473 3899 etiam
1500 3843 1806 3912 ubicunque
1827 3842 1930 3897 illa:
1961 3856 2056 3897 ex-

454 3941 600 3988 stare
629 3943 1004 4003 noscerentur,
1029 3935 1279 3990 inccndio
1301 3951 1395 3991 eas
1418 3935 1708 3990 traderent.
1738 3934 1869 3989 Eam
1900 3934 2063 4002 igitur

455 4030 526 4085 ob
556 4031 822 4085 rationem
844 4031 976 4086 nulli
998 4031 1255 4102 deinceps
1273 4032 1693 4087 sacratissimum
1715 4031 1908 4102 pignus
1930 4046 2064 4086 con-

456 4118 701 4189 Spicuum
730 4128 849 4176 erat
876 4130 970 4176 aut
997 4122 1359 4193 exploratum.
1397 4120 1688 4192 Postquam
1745 4130 1929 4176 autem
1976 4135 2064 4175 rc-

460 4229 803 4269 rumsumma
832 4221 902 4271 ad
924 4215 1260 4271 ortltodoxos
1290 4215 1467 4280 rediit,
1494 4216 1800 4283 iterumque
1847 4222 2064 4284 sceptra

465 4307 710 4364 tidelibus
737 4309 989 4378 Augustis
1010 4309 1320 4365 concredita
1343 4318 1487 4371 sunt,
1513 4324 1577 4365 ac
1599 4308 1943 4364 lconomachi
1967 4308 2068 4362 im-

464 4398 538 4467 pii
570 4414 694 4452 cum
722 4400 901 4455 sonitu
925 4400 1222 4469 petierunt,
1275 4400 1597 4468 condignam
1646 4400 1855 4455 scilicet
1906 4397 2066 4453 ultio-

466 4506 588 4545 nem
622 4492 786 4554 nacti,
822 4502 931 4546 tum
955 4508 1088 4548 sane
1117 4495 1279 4548 ctiam
1305 4492 1629 4547 l’raccursori
1655 4500 2065 4562 utcapntsuum

469 4580 811 4638 ntanil‘estum
842 4583 1045 4638 faceret
1098 4584 1341 4654 placuit;
1386 4583 1820 4653 stupendmnque
1877 4596 2072 4635 nlunus

471 4688 579 4726 non
610 4674 735 4727 huic
756 4673 899 4728 illive
927 4675 1129 4729 civitati
1182 4674 1411 4745 (exiguis
1462 4690 1656 4744 nempe
1694 4673 1907 4744 oppidis
1958 4672 2075 4727 cxi-

469 4766 697 4836 guisque
727 4767 967 4820 terminis
996 4767 1284 4838 deﬁnitis),
1315 4769 1408 4823 sed
1443 4778 1499 4823 nt
1525 4768 1767 4823 onmium
1828 4766 2074 4820 niaximzc

471 4874 792 4930 summeque
823 4860 1008 4928 regali,
1043 4876 1239 4930 nempe
1275 4859 1771 4929 Constantinopoli,
1806 4858 2072 4925 traderet;

472 4968 581 5020 quo
605 4970 799 5021 nempe
821 4963 875 5008 et
908 4955 1189 5009 thesaurus
1216 4954 1541 5008 inviolabilis
1589 4959 1919 5018 servaretur,
1955 4949 2076 5005 illa-

474 5060 581 5115 que
609 5046 724 5113 ejus
761 5045 1099 5115 depo.~itione
1145 5046 1547 5111 ltonestarelur,
1608 5045 1890 5114 ipsumque
1938 5042 2076 5097 adeo

474 5151 693 5191 sacrum
722 5153 935 5202 munus,
963 5148 1020 5192 ut
1058 5153 1156 5207 par
1196 5144 1301 5206 est,
1351 5136 1651 5207 splendoris
1690 5133 1891 5205 aliquid
1921 5134 1989 5188 ab
2013 5148 2077 5188 ca

479 5238 833 5307 mutuaretur,
865 5231 1009 5300 quod
1040 5246 1234 5303 nempe
1263 5245 1431 5303 penes
1475 5230 1618 5284 illam
1643 5229 1877 5299 majores
1906 5230 2081 5283 hono-

480 5335 565 5374 res
588 5322 1301 5395 cultumqneimpcnsiorem
1350 5323 1595 5378 haberet.
1655 5321 1791 5376 Tum
1848 5334 2080 5389 namque

482 5411 706 5466 Michael
730 5428 794 5468 ac
820 5412 1103 5470 Theodora
1133 5424 1347 5486 sceptra
1402 5422 1769 5484 susceperant,
1819 5412 2082 5481 lgnatius—

480 5516 586 5568 que
610 5502 865 5559 Methodii
887 5521 1195 5572 successor,
1228 5507 1312 5560 vir
1334 5506 1514 5562 multis
1544 5505 1722 5561 clarus
1765 5504 2078 5571 virtutibus,

484 5590 778 5648 Ecclesiam
794 5597 1035 5663 regebat.
1065 5598 1176 5651 Sub
1200 5598 1281 5652 his
1300 5597 1536 5669 inclytis,
1560 5598 1722 5653 etiam
1752 5595 2081 5667 pretiosissi-

486 5700 630 5737 mum
653 5686 845 5754 pignus
875 5686 1011 5741 istud
1042 5688 1091 5742 in
1119 5690 1354 5755 reginam
1387 5689 1599 5743 urbium
1658 5687 1903 5752 infertur,
1966 5696 2071 5740 tcr-

485 5784 723 5848 tiamque
771 5779 910 5835 hanc
968 5797 1029 5836 ac
1081 5791 1410 5853 postremam
1457 5781 1820 5837 inventionem
1885 5781 2074 5837 nanci-

2097 4548 2151 4609 D

2152 3292 2582 3369 ἀξιοθαύμαστόν,
2616 3297 2673 3351 ού
2710 3294 2830 3367 τῇδε
2861 3294 2891 3356 ἧ
2932 3295 3050 3366 τῇδε
3080 3306 3141 3367 τῇ
3172 3297 3312 3351 πόλει
3343 3295 3517 3352 δοῦναι
3545 3296 3705 3372 ἔκρινε
3734 3314 3749 3328 ’

2154 3394 2355 3464 μικραῖς
2389 3408 2497 3442 τισι
2526 3388 2745 3448 ταύταις
2774 3391 2858 3443 καί
2879 3396 3076 3461 μικροῖς
3095 3392 3551 3464 περιγραφομέηαις
3573 3389 3751 3466 ὁρίοις,

2155 3480 2277 3534 ἀλλά
2304 3488 2367 3549 τῇ
2391 3487 2577 3534 πασῶν
2605 3481 2794 3549 μείζονι
2839 3484 2923 3533 καί
2951 3480 3331 3554 βασιλικωτάτῃ
3489 3495 3753 3534 [imm-rav-

2155 3572 2295 3626 τίνου
2324 3572 2449 3643 φημί
2472 3587 2486 3600 ⁸
2519 3572 2587 3631 ὡς
2618 3566 2679 3624 ἂν
2707 3572 2903 3625 καὶτὸν
2931 3571 3149 3626 πλοῦτον
3192 3569 3455 3647 διατηροίη
3512 3568 3701 3626 ἄσυλον
3733 3613 3750 3636 ,

2156 3667 2241 3717 καί
2269 3664 2563 3733 σεμνύναιτο
2591 3664 2680 3733 μὲν
2707 3662 2838 3721 αὕτη
2957 3664 3253 3725 καταθέσει,
3279 3660 3581 3733 σεμνότερον
3610 3660 3657 3716 δ’
3688 3666 3755 3722 ὡς

2161 3755 2288 3813 εἰκὸς
2316 3753 2488 3808 καὶτὸ
2529 3750 2691 3827 δῶρον
2743 3753 2889 3826 παρά
2941 3753 3135 3812 ταύτης
3182 3752 3489 3808 ἀποτελοῖτο
3515 3794 3528 3814 ,
3583 3761 3655 3825 τῷ
3698 3774 3754 3808 τε

2160 3841 2399 3912 μειζόνως
2425 3842 2673 3912 τιμᾶσθαι
2699 3881 2715 3902 .
2743 3843 2828 3895 καί
2845 3848 2918 3911 τῷ
2946 3844 3147 3912 μείζοσι
3190 3849 3307 3903 ταῖς
3351 3844 3616 3914 εὐφημίαις
3662 3864 3757 3898 κα-

2163 3933 2583 4010 ταγεραίρεσθαι.
2626 3933 2850 4002 Μιχαὴλ
2868 3935 2969 4006 γὰρ
2992 3935 3077 3987 καί
3099 3932 3342 4010 Θεοδὼρα
3368 3941 3469 3989 τῶν
3489 3939 3758 4010 σκήπτρων

2163 4030 2440 4084 τηνικαῦτα
2488 4025 2844 4096 ἐπειλημμένοι
2867 4040 2882 4055 ⁸
2936 4027 3022 4081 καί
3066 4027 3197 4097 μετὰ
3245 4026 3478 4083 Μεθόδιον
3519 4028 3761 4100 Ἰγνάτιος

2165 4124 2256 4175 τῶν
2284 4117 2541 4175 ἐκκλησίαν
2571 4114 2711 4189 ἄγειν
2763 4121 3201 4189 πεπιστευμένος,
3255 4122 3381 4196 ἀνὴρ
3427 4122 3642 4183 πολλαῖς
3687 4123 3763 4177 ἕν·

2169 4211 2466 4285 διαπρέπων
2489 4221 2603 4272 ταῖς
2634 4214 2869 4290 χάρισινο
2902 4214 3003 4269 ύπό
3029 4216 3222 4269 τούτων
3245 4212 3306 4274 δὴ
3349 4223 3449 4270 τῶν
3478 4213 3718 4286 ἀοιδίμων
3743 4258 3762 4285 ,

2171 4305 2251 4358 καί
2294 4305 2352 4359 τὸ
2389 4304 2727 4376 πολυτίμητον
2769 4312 2924 4361 τοῦτο
2977 4315 3162 4379 χρῆμα
3189 4315 3253 4383 τῇ
3280 4306 3509 4378 βασιλίδι
3541 4310 3766 4381 ἀνακομί-

2173 4401 2316 4461 ζεται
2341 4413 2353 4426 ⁸
2386 4401 2469 4451 καί
2496 4401 2670 4471 τρίτην
2701 4400 2892 4456 ταύτην
2919 4438 2934 4459 ,
2966 4403 3047 4453 καὶ
3075 4398 3369 4455 τελευταίαν
3413 4401 3636 4477 εὑρίσκει
3677 4407 3767 4461 τήν

2176 4490 2397 4564 εὕρεσιν.
2421 4488 2478 4544 Ὀ
2504 4488 2555 4544 δὲ
2586 4489 2777 4565 τρόπος
2804 4488 2999 4546 τοιόσδε
3030 4499 3120 4549 τῆς
3150 4493 3483 4564 ἀνευρέσῖως.

2249 4584 2382 4637 κατὰ
2408 4583 2506 4655 γὰρ
2539 4584 2659 4653 μίαν
2686 4588 2784 4635 τῶν
2824 4590 3051 4647 νυκτῶν,
3098 4589 3169 4648 τῷ
3224 4584 3348 4636 κατὰ
3394 4585 3479 4637 τὸν
3528 4583 3770 4657 Θεοφόρον

2178 4674 2347 4743 τούτῳ
2379 4675 2461 4727 καί
2491 4671 2744 4745 ὁμωνύμῳ
2787 4676 2870 4726 καὶ
2909 4673 3179 4746 ὁμότρόπῳ
3233 4676 3478 4749 ἀρχιερεῖ
3518 4684 3626 4747 Θεῷ
3652 4677 3773 4735 τούς

2178 4764 2367 4834 ὕμνους
2408 4765 2747 4841 προσνρέροντι
2770 4805 2782 4827 ,
2815 4767 2919 4819 θεία
2957 4787 3035 4825 τις
3078 4763 3266 4820 ἄνωθεν
3310 4764 3428 4837 ὄψις
3466 4768 3780 4838 ἐπέσκηψεν⁸

2184 4853 2262 4911 ὅτι
2290 4856 2489 4926 κόμανα
2534 4858 2565 4914 ἡ
2613 4855 2754 4916 πόλις
2804 4861 2894 4913 την
2934 4858 3153 4927 πότιμον
3182 4858 3394 4931 κεφαλήν
3433 4857 3731 4930 διακατέχει
3757 4902 3772 4925 ,

2180 4949 2414 5022 ἀργυρέῳ
2441 4949 2615 5003 σκεύει
2641 4950 3047 5021 ἐγκεκρυμμένην
3070 4992 3085 5014 ,
3116 4955 3200 5004 καί
3228 4953 3347 5026 ἱερῷ
3375 4949 3516 5023 τόπῳ
3546 4954 3779 5009 ἐναποτε-

2180 5043 2408 5111 θειμένην
2432 5057 2443 5068 ·
2470 5039 2663 5104 καίότι,
2690 5045 2857 5112 φησὶν,
2886 5045 3190 5113 ἀνακομίσαι
3212 5053 3275 5115 τῇ
3302 5044 3561 5109 Βυζαντίδι
3586 5048 3778 5103 ταύτην

2183 5138 2432 5208 προσήκει
2463 5173 2475 5189 .
2521 5140 2679 5189 Τοῦτο
2728 5137 2811 5188 καὶ
2858 5142 2932 5207 τῷ
2979 5133 3248 5213 Προδρόμῳ
3291 5134 3500 5191 δοκοῦν*
3529 5133 3583 5196 ὃς
3611 5140 3688 5190 καὶ
3714 5139 3779 5191 τὰ

2187 5224 2428 5297 ὁραθέντα
2465 5224 2592 5284 δῆλα
2641 5228 2909 5284 καθίστησι
2949 5230 3034 5281 καί
3069 5234 3141 5300 τῷ
3177 5228 3412 5301 βασιλεῖ·
3453 5224 3528 5288 οἷς
3564 5232 3645 5281 καί
3687 5229 3780 5297 ἁμ-

2185 5319 2408 5392 φοτέροις
2421 5323 2531 5377 πῶς
2546 5312 2603 5371 ἂν
2619 5316 2776 5378 εἴποις
2792 5320 3014 5387 εὐθᾶμως
3031 5322 3147 5393 περὶ
3162 5319 3221 5373 τό
3233 5324 3450 5391 πρᾶγμα
3464 5317 3736 5374 διατεθεῖσι
3761 5359 3777 5382 ,

2185 5415 2474 5470 στέλλονται
2501 5416 2601 5490 πρό
2629 5418 2824 5471 τούτων
2847 5416 2991 5475 εὐθὺς
3018 5420 3101 5470 καί
3141 5418 3186 5469 οἱ
3212 5417 3291 5471 τὸν
3318 5419 3577 5493 θησαυρὸν
3618 5418 3781 5472 aii;an

2186 5528 2342 5576 μενοι.
2375 5507 2434 5561 Oi
2460 5512 2547 5564 καί
2574 5510 2660 5564 τὸν
2680 5509 2837 5565 τόπον
2862 5509 3246 5579 καταλαϐόντες,
3276 5516 3366 5565 καὶ
3393 5509 3513 5567 ἔνθα
3540 5514 3571 5571 ἡ
3597 5512 3779 5582 κεφαλή

2183 5599 2472 5655 ἕναπέκειτο
2519 5602 2841 5664 ἐπιστάντες,
2894 5603 3027 5657 καθά
3068 5605 3147 5657 καί
3191 5603 3215 5657 ό
3257 5604 3537 5680 ἀρχιερεὺς
3577 5607 3780 5663 τούτοις

2184 5692 2495 5763 ἐγνώρισεν,
2556 5693 2767 5764 ἐντίμως
2823 5693 3002 5748 ἐκεῖθεν
3067 5694 3521 5766 ἀναλαμεῗὰνουσι.
3581 5699 3668 5752 καί
3716 5706 3779 5769 τῇ

2184 5781 2409 5853 βασιλίδι
2481 5782 2645 5860 δῶρον
2708 5784 2921 5851 ἁξιόθεον
2988 5787 3409 5861 ίναπργέρυσιν
3478 5787 3610 5846 ἀλλὰ
3684 5790 3780 5866 γὰρ
