4122 6556
389 370 493 426 445

1040 369 1129 425 AD
1170 368 1443 424 lllSTOR.
1486 364 1920 424 INVENTIONIS
1956 365 2225 425 CAPITIS
2264 366 2323 423 S.
2365 365 2647 422 JOANNIS
2696 366 3057 422 APPENDIX.

3580 365 3687 421 4ὶῦ

383 496 574 553 scitur.
618 491 790 549 Porro
863 490 1259 547 adinventionis
1317 492 1508 548 modus
1558 491 1822 562 ejusmodi
1873 490 1981 546 fuit

2099 486 2244 543 οῧπω
2291 490 2594 548 ἐπιστάντες
2640 490 2722 543 καί
2766 488 3010 561 βασιλεὺς
3055 487 3162 559 ἅμα
3212 493 3295 544 καί
3328 496 3685 565 πατριάρχης,

456 586 630 643 Nocte
657 586 891 655 quadam
912 602 1035 641 cum
1051 585 1295 656 pontifex
1327 584 1654 656 Theophoro
1679 585 1758 639 illi
1782 596 1985 652 cogno-

382 677 515 733 mini
564 679 916 748 moribusque
944 675 1121 731 aﬂinis
1152 676 1335 732 laudes
1364 676 1476 733 Deo
1507 676 1759 741 offerret,
1805 677 1987 732 divina

381 774 630 847 quaedam
660 774 874 829 ccelitus
902 772 1037 828 visio
1060 771 1134 826 illi
1156 772 1346 840 obtigit
1373 771 1596 841 (habere
1624 768 1827 825 scilicet
1879 767 1987 823 Co-

381 882 597 920 manam
618 866 895 921 civitatem
928 863 1374 933 pretiosissimum
1399 870 1579 932 caput,
1613 869 1867 929 argentea
1892 876 1984 914 ur-

382 977 448 1014 na
476 960 760 1019 inclusum,
788 972 852 1010 ac
881 970 1038 1012 sacro
1071 957 1190 1012 loco
1219 956 1493 1013 conditum
1516 973 1531 1022 ;
1557 970 1844 1025 operteque
1872 968 1987 1024 pre-

381 1052 514 1105 tium
546 1064 668 1103 esse
722 1056 783 1101 ut
834 1048 1148 1117 Bysantium
1206 1044 1622 1109 transferretur;
1667 1046 1744 1099 sic
1789 1058 1987 1113 nempe

379 1143 543 1196 etiam
574 1139 901 1194 Przccursori
930 1138 1147 1206 visum).
1177 1136 1280 1203 Qui
1309 1144 1364 1190 et
1386 1135 1699 1205 imperatori
1721 1150 1841 1203 qua:
1866 1134 1982 1187 visa

378 1233 591 1287 fuerant
620 1231 933 1285 declaravit.
967 1228 1246 1283 Ambobus
1267 1228 1431 1296 igitur
1456 1242 1577 1282 eam
1610 1227 1663 1281 in
1687 1242 1801 1281 retu
1847 1225 1987 1279 bene

378 1327 651 1389 animatis,
675 1324 959 1378 mittuﬂur
982 1323 1166 1377 statim
1195 1321 1264 1375 ab
1292 1330 1523 1390 utroque
1543 1318 1636 1390 qui
1670 1318 1985 1373 thesaurum

379 1421 591 1475 tollant.
614 1418 813 1473 Hicum
836 1417 901 1470 ad
929 1417 1106 1471 locum
1121 1414 1416 1481 venissent,
1441 1428 1504 1468 ac
1529 1413 1617 1466 ubi
1632 1418 1794 1481 caput
1818 1409 1988 1479 depo-

377 1513 538 1567 situm
570 1518 737 1576 esset,
767 1524 877 1578 quo
900 1508 978 1563 eis
1000 1506 1245 1577 pontifex
1281 1504 1481 1559 indicin
1535 1503 1795 1572 signarat,
1848 1499 1988 1555 didi-

377 1606 596 1670 cisseut,
623 1609 934 1657 reverenter
961 1600 1085 1655 inde
1122 1604 1496 1653 extraxerunt.
1530 1594 1818 1649 Enimvero
1849 1608 1987 1647 non-

378 1698 502 1753 dum
533 1707 684 1752 certo
714 1696 794 1749 rei
824 1695 878 1748 in
908 1693 1100 1747 urbem
1130 1692 1296 1745 allato
1328 1689 1538 1754 nuntio,
1589 1689 1886 1758 imperator
1912 1686 1987 1741 si-

379 1789 489 1843 mul
520 1804 585 1843 ac
610 1787 938 1857 patriarcha,
954 1801 1017 1840 ac
1037 1791 1306 1853 quotquot
1328 1782 1379 1835 in
1395 1781 1512 1835 aula
1530 1795 1801 1850 proceres,
1825 1786 1988 1847 quot-

2090 579 2205 635 ὄσον
2239 582 2449 659 περὶτὰ
2474 581 2739 655 βασίλεια,
2792 584 2878 635 καὶ
2934 578 3057 635 ὅσον
3099 584 3150 635 ἐν
3191 582 3384 656 ἱερεῦσι
3422 591 3506 639 καὶ
3537 589 3682 655 μονά-

2090 679 2235 739 ζουσι
2266 717 2281 741 ,
2330 684 2421 736 τῆς
2472 677 2669 736 πόλεως
2712 679 3032 747 προεξηέσαν
3058 718 3071 739 ,
3123 680 3305 754 μύροις
3345 683 3428 733 καί
3455 680 3687 752 λαμπάσι

2088 774 2513 835 προῦπαντῶντες
2537 805 2552 828 ,
2585 769 2668 821 καὶ
2692 769 2786 819 σύν
2811 766 2966 840 πολλῇ
2989 765 3267 842 δορυφορίᾳ
3295 778 3359 842 τῇ
3386 771 3572 845 πεφαλῇ
3598 776 3687 829 τήν

2088 855 2287 912 εἴσοδον
2310 859 2703 933 εύτρεπίζοντες⁸
2788 854 3015 929 ὄμματα,
3044 863 3124 913 καί
3152 862 3321 930 χείλη,
3347 866 3431 916 καί
3450 865 3683 935 μέτωπα,

2088 954 2175 1005 καὶ
2225 954 2327 1027 πρό
2366 955 2563 1005 το·ἷτων
2617 949 2832 1026 καρδίας
2867 951 3261 1026 προσάψαντες,
3295 956 3486 1013 ταύτην
3527 960 3686 1030 χερσί

2088 1047 2422 1119 φριττούσαες
2463 1044 2486 1099 ὁ
2531 1046 2813 1121 ἀρχιερεύς
2852 1045 3164 1116 ἀνελόμενος,
3210 1054 3283 1117 τῷ
3328 1048 3378 1099 ὲν
3407 1047 3686 1117 βασιλείοις

2087 1137 2138 1190 ἐν
2148 1139 2381 1213 λποφέρει
2528 1138 2673 1190 κάκεῖ
2690 1138 2778 1191 τὸν
2800 1137 3052 1211 θησαυρίν
3078 1140 3374 1194 κατατίθησι
3393 1180 3408 1203 ,
3452 1141 3684 1210 πέμπτην

2088 1224 2301 1299 ἄγοντος
2328 1228 2441 1283 τότε
2472 1230 2555 1281 καί
2577 1226 2750 1281 εἰκάδα
2773 1233 2864 1281 τοῦ
2893 1228 3063 1281 Μαΐου
3087 1230 3263 1297 μην³ς⁶
3294 1228 3424 1286 αὕτη
3461 1232 3561 1303 γάρ
3602 1234 3686 1283 καὶ

2086 1329 2178 1380 τῆς
2207 1324 2543 1399 πανηγύρεως
2591 1321 2778 1395 ἡμέρα,
2813 1322 2900 1374 καὶ
2945 1320 3097 1392 ἐορτή
3145 1318 3333 1378 δηλαδὴ
3377 1328 3467 1380 τῆς
3508 1322 3685 1391 τρίτης

2088 1413 2401 1485 ἀνευρέσεως
2422 1456 2435 1477 ,
2468 1412 2497 1470 ἦ
2524 1414 2607 1465 καί
2635 1412 2957 1471 καταθέσεως
2976 1428 2989 1442 ·
3021 1410 3245 1482 λεγέσθω
3273 1413 3374 1485 γάρ
3404 1410 3682 1485 ἀμφότερα,

2088 1501 2166 1558 ὅτι
2192 1506 2274 1558 καί
2303 1506 2395 1574 μία
2423 1507 2542 1578 περί
2573 1504 2834 1581 ἀμφότερα
2862 1505 2893 1561 ἡ
2922 1507 3227 1577 πανήγυρις.
3266 1499 3402 1557 Ἐδει
3447 1504 3544 1576 ’γὰρ
3598 1502 3684 1557 τὸν

2086 1602 2177 1656 τήν
2201 1595 2396 1673 Τριάδα
2424 1600 2733 1667 τιμήσαντα,
2766 1599 2852 1649 καί
2877 1604 2991 1655 τοῖς
3019 1593 3184 1654 ἄλλοις
3230 1592 3496 1671 διαρρήδην
3540 1596 3682 1668 inpri-

2084 1710 2270 1748 ναντα.
2304 1691 2416 1762 τρὶς
2445 1690 2528 1741 καὶ
2557 1688 2709 1741 αὐτὸν
2735 1695 2827 1747 τῆς
2856 1687 3068 1759 κεφαλῆς
3097 1687 3310 1756 ἓμφάναι
3342 1691 3431 1744 τήν
3460 1685 3679 1760 εὕρεσιν

2085 1783 2169 1832 καί
2195 1777 2313 1848 μήτ’
2341 1776 2592 1847 ἐλλεῖδιαι,
2625 1779 2738 1850 μήθ’
2772 1777 3053 1848 ὑπερϐῆναι
3106 1777 3191 1829 τὸν
3242 1776 3471 1849 ἀριθμῶν
3513 1778 3581 1835 ὡς
3624 1769 3685 1828 ἂν

379 1887 512 1949 quot
541 1878 726 1933 clerici
756 1893 821 1931 ac
848 1874 1122 1940 monachi,
1176 1882 1329 1927 extra
1382 1872 1651 1926 civitatem
1679 1869 1833 1923 effusi
1857 1884 1981 1923 cum

2090 1866 2214 1938 ἔχοι
2233 1870 2323 1922 κάν
2350 1871 2518 1939 τούτῳ
2541 1871 2715 1943 ὥσπερ
2739 1867 2800 1926 δή
2828 1870 2919 1921 κάν
2949 1876 3056 1927 τοῖς
3087 1865 3255 1927 ἄλλοις
3290 1877 3353 1943 τῇ
3399 1870 3684 1942 ἀρχιφὼτῳ

378 1970 646 2025 suﬂitibus
669 1984 734 2023 ac
762 1966 1096 2036 lampadibus
1117 1962 1331 2018 obviam
1358 1966 1757 2031 processerunt,
1785 1958 1984 2012 multo-

378 2076 484 2129 que
513 2065 774 2128 apparatu
805 2062 969 2125 caput
990 2068 1186 2124 pompa
1212 2051 1583 2115 deduxerunt;
1615 2049 1702 2103 cui
1757 2057 1811 2102 et
1853 2062 1982 2102 ocu-

378 2152 477 2215 los,
502 2161 559 2207 et
582 2151 746 2213 labia,
776 2156 830 2202 et
859 2146 1112 2211 frontem,
1136 2159 1354 2216 prteque
1383 2142 1502 2199 aliis
1546 2150 1769 2213 pectora
1796 2141 1982 2195 admo-

380 2250 592 2300 verunt.
616 2240 752 2295 Tum
775 2236 1015 2309 pontifex
1047 2237 1252 2306 trepida
1282 2251 1445 2289 manu
1487 2233 1777 2299 sublatum,
1831 2232 1983 2303 pala-

380 2338 494 2393 tino
526 2336 728 2405 templo
758 2336 1069 2388 thesaurum
1101 2330 1281 2397 infert,
1309 2345 1375 2385 ac
1402 2329 1509 2384 illic
1538 2327 1759 2399 deponit
1791 2345 1804 2380 :
1830 2341 1983 2379 nem-

378 2444 446 2500 pe
474 2428 563 2483 die
590 2426 660 2481 ‘25
692 2425 892 2481 mensis
921 2423 1064 2477 Maii.
1094 2420 1191 2476 llic
1212 2421 1355 2476 enim
1384 2419 1715 2475 celebritatis
1739 2417 1872 2482 dies,
1898 2415 1982 2471 fe-

378 2530 521 2576 stum
550 2519 759 2574 scilicet
811 2516 987 2571 tertia:
1032 2513 1361 2569 lnveutionis
1418 2527 1513 2566 seu
1594 2509 1976 2580 Depositionis.

380 2610 678 2680 Utrumque
732 2610 876 2663 enim
906 2609 1133 2674 dicatur,
1165 2606 1382 2678 quando
1404 2615 1459 2660 et
1487 2606 1768 2674 utriusque
1801 2604 1978 2658 uomi-

381 2720 449 2759 ne
468 2720 571 2757 una
594 2704 769 2770 agitur
797 2701 1133 2756 solemmtas.
1162 2698 1267 2754 Par
1318 2700 1460 2753 enim
1506 2708 1626 2753 erat
1680 2705 1739 2751 ut
1767 2695 1981 2750 Triadis

380 2795 575 2859 cultor,
601 2808 663 2847 ac
692 2808 783 2861 qui
832 2791 950 2845 aliis
984 2790 1102 2859 ejus
1142 2791 1428 2863 perspicue
1456 2788 1747 2843 detexisset
1776 2794 1979 2859 myste-

382 2886 541 2947 rium,
569 2885 739 2938 tribus
765 2897 981 2953 quoque
1004 2881 1209 2936 vicibus
1234 2889 1398 2953 caput
1426 2896 1579 2935 suum
1598 2877 1979 2933 inveniendum

381 2977 666 3048 proderet;
697 2992 763 3031 ac
793 2992 969 3045 neque
995 2977 1062 3031 ab
1091 2991 1157 3030 eo
1179 2975 1433 3030 deficeret
1451 2989 1695 3039 numero,
1729 2988 1831 3027 nec
1855 2988 1979 3027 eum

380 3078 689 3139 superaret;
729 3079 787 3123 ut
813 3069 913 3123 hac
937 3084 1155 3138 quoque
1206 3066 1436 3129 ratione,
1466 3066 1543 3120 uti
1597 3065 1737 3130 aliis,
1792 3065 1980 3134 prima:

379 3160 505 3214 duci
535 3159 713 3213 Triadi
747 3160 884 3213 uniri
941 3168 1142 3229 posset,
1168 3168 1329 3228 atque
1364 3158 1482 3229 ejus
1530 3173 1755 3211 numero
1808 3157 1980 3211 hone-

381 3250 538 3305 stari.
570 3248 844 3305 Pretiosus
866 3265 1098 3319 namque
1125 3265 1383 3304 numerus
1428 3257 1530 3313 est,
1588 3247 1868 3316 omnique,
1919 3258 1978 3301 ut
2010 3234 2057 3293 Β

324 3364 329 3369 ·
382 3340 463 3393 sic
483 3338 679 3403 dicam,
712 3338 1029 3408 acceptione
1067 3338 1277 3405 dignus.
1333 3336 1540 3391 Etenim
1574 3337 1673 3390 tria
1704 3345 1831 3391 sunt
1858 3350 1978 3405 qum

383 3428 671 3483 adoramus
696 3427 776 3482 sic
828 3428 1075 3498 personis
1104 3427 1377 3489 distincta,
1421 3427 1522 3481 etsi
1584 3436 1775 3481 natura
1831 3427 1977 3481 unita

381 3528 528 3574 sunt.
560 3518 691 3574 Tres
719 3520 848 3575 item
890 3528 1072 3589 partes
1093 3519 1234 3574 circa
1283 3519 1518 3573 animam
1568 3518 1975 3586 dignoscuutur,

381 3612 578 3682 quibus
601 3610 799 3665 animal
820 3610 1085 3666 rationale
1114 3610 1371 3666 incitatur
1396 3625 1460 3664 ac
1480 3609 1684 3678 agitur;
1713 3615 1823 3663 tres
1843 3623 1980 3678 quo-

380 3718 489 3771 que
516 3703 661 3758 circa
682 3718 879 3772 corpus
906 3702 1294 3772 dimensiones,
1319 3703 1513 3772 quibus
1542 3702 1672 3757 illud
1688 3700 1943 3757 delinitur
1960 3744 1977 3770 ,

380 3803 493 3849 tres
512 3794 717 3848 homini
745 3793 883 3849 datm
904 3794 1071 3863 leges,
1091 3795 1287 3864 quibus
1315 3802 1736 3864 componeretur
1768 3810 1782 3845 :
1815 3800 1977 3847 natu-

380 3883 527 3948 ralis,
561 3884 781 3954 scripta,
813 3898 878 3939 ac
898 3884 1105 3953 gratim.
1136 3882 1329 3940 Tribus
1379 3886 1591 3938 animus
1644 3883 1975 3954 contempla-

381 3976 619 4030 tionibus
645 3976 971 4031 desiderium
994 3976 1264 4042 subvehit,
1297 3990 1494 4047 nempe
1548 3976 1799 4041 naturali,
1826 3975 1979 4030 intel-

380 4070 590 4140 ligibili,
617 4085 766 4125 acea
794 4085 916 4140 qua:
974 4071 1080 4125 vim
1134 4085 1348 4126 omnem
1390 4069 1698 4125 intellectus
1742 4069 1972 4124 excedit.

381 4165 499 4221 Non
522 4165 663 4221 enim
695 4165 859 4219 habet
879 4180 988 4235 quo
1010 4164 1237 4219 ulterius
1257 4162 1600 4228 extendatur,
1632 4163 1719 4217 vel
1773 4162 1819 4216 si
1852 4176 1978 4232 per-

378 4258 777 4329 spicacissimus
805 4258 893 4313 sit.
914 4256 1047 4312 Tres
1086 4257 1249 4311 etiam
1278 4256 1329 4310 iu
1363 4255 1631 4325 baptismo
1658 4254 1972 4319 mersiones,

378 4364 500 4419 qua:
527 4356 583 4402 et
612 4348 930 4403 Trinitatem
973 4346 1225 4415 ﬁgurant,
1254 4362 1321 4402 ac
1372 4346 1605 4401 obscure
1647 4344 1973 4414 significant.

381 4440 600 4511 Triplex
632 4440 864 4511 Spiritus
893 4440 1066 4495 sancti
1097 4440 1150 4493 iu
1182 4439 1475 4509 discipulos
1505 4452 1536 4492 a
1564 4436 1849 4493 Salvatore
1892 4435 1974 4491 fa-

380 4540 469 4588 cta
499 4530 807 4596 insufﬂatio,
852 4532 1045 4601 quibus
1086 4532 1162 4586 illi
1210 4532 1491 4601 copiosum
1541 4531 1728 4599 gratia:
1781 4545 1975 4585 munus

382 4623 563 4693 adepti
591 4631 736 4679 sunt.
768 4622 900 4677 Tres
929 4623 1058 4677 item
1082 4636 1262 4676 rerum
1313 4621 1664 4689 mutationes,
1707 4636 1843 4690 quas
1866 4628 1976 4675 ter-

381 4724 639 4771 rwmotus
666 4722 889 4782 vocant,
910 4725 1214 4783 quanquam
1266 4712 1437 4767 altera
1492 4713 1685 4767 harum
1737 4711 1977 4766 nondum

379 4809 605 4864 exstitit.
624 4806 760 4874 Quid
791 4822 919 4861 vero
967 4821 1103 4875 opus
1136 4805 1291 4875 plura
1320 4806 1387 4861 de
1420 4806 1657 4860 ternario
1688 4820 1752 4860 ac
1782 4804 1978 4859 Triade

380 4903 601 4957 dicere?
632 4900 720 4955 Uti
742 4900 885 4955 enim
944 4899 1097 4953 Trias
1134 4899 1258 4954 lidei
1311 4908 1511 4955 nostra:
1562 4907 1726 4970 caput
1751 4907 1855 4967 est,
1900 4899 1978 4954 sic

380 4992 542 5063 plane
570 5000 627 5046 et
654 4992 921 5046 tcrnarius
950 4992 1092 5045 inter
1120 5006 1375 5045 nmneros
1402 4990 1632 5046 eximius
1659 4998 1760 5058 est,
1807 4991 1894 5045 cui
1924 4999 1979 5045 et

384 5084 627 5139 inventio
666 5084 781 5138 haec
807 5083 947 5137 sacri
979 5083 1218 5152 pignoris
1258 5091 1696 5148 connumeratur,
1753 5098 1817 5137 ac
1870 5096 1977 5150 qua

380 5177 722 5231 honestatem
752 5176 1072 5246 ampliorem
1106 5184 1263 5230 nacta
1295 5182 1398 5231 est.
1459 5174 1644 5243 Neque
1685 5175 1830 5229 enim
1886 5174 1979 5228 illa

381 5286 489 5326 una
518 5277 604 5325 est
630 5278 687 5325 et
710 5270 1019 5338 singularis,
1040 5268 1257 5338 quando
1299 5268 1462 5323 etiam
1514 5284 1680 5321 unum
1723 5282 1979 5321 numerus

379 5358 731 5431 imperfectus
752 5368 835 5416 est
864 5376 930 5415 ac
957 5374 1150 5415 carens
1168 5358 1504 5426 quantitate;
1550 5371 1726 5425 neque
1755 5355 1976 5427 duplex,

379 5451 526 5522 quod
556 5457 614 5506 et
640 5452 880 5506 binarius
908 5448 1479 5505 materiaecommixtus
1492 5449 1580 5513 sit,
1615 5464 1644 5502 a
1675 5463 1781 5523 qua
1810 5446 1979 5502 Joan-

381 5559 481 5599 nes
508 5558 675 5613 purus
695 5542 922 5599 exstitit.
948 5541 1137 5611 Itaque
1164 5540 1235 5595 ob
1262 5554 1381 5594 eam
1411 5554 1627 5595 causam
1670 5539 1865 5609 triplex
1911 5554 1976 5593 ea

380 5643 485 5698 est,
511 5634 657 5703 quod
688 5633 764 5688 illi
795 5634 1057 5688 tertiarius
1110 5632 1305 5689 honori
1356 5630 1636 5697 habeatur,
1669 5646 1733 5685 ac
1781 5630 1977 5686 cbarus

380 5724 473 5790 sit,
498 5734 754 5794 tanquam
786 5725 1036 5782 nimirum
1065 5723 1261 5780 Triade
1290 5723 1606 5780 honestatus
1653 5737 1718 5779 ac
1747 5723 1796 5779 ei
1843 5738 1977 5779 con-

382 5829 723 5876 εευιηοῐοιῦε.

2085 1961 2318 2017 ένοῦσθαι
2346 1960 2547 2037 τριάδι.
2592 1964 2677 2015 καὶ
2707 1962 2904 2036 ἀριθμῷ
2952 1969 3028 2029 τῷ
3078 1963 3267 2022 ἐκείνης
3305 1964 3636 2035 σεμνύνεσθαι
3665 1979 3678 1992 ⁶

2083 2054 2248 2123 τίμιος
2278 2056 2379 2127 γάρ
2411 2051 2435 2106 ὁ
2466 2053 2698 2127 ἀριθμὸς,
2724 2054 2807 2104 καὶ
2834 2058 2924 2107 τοῦ
2954 2053 3163 2117 παντὸς,
3198 2056 3266 2112 ὡς
3294 2055 3477 2118 εἰπεῖν,
3502 2051 3639 2116 ἄξιος
3665 2069 3682 2087 ⁸

2084 2150 2206 2217 τρία
2250 2144 2348 2217 ’γάρ
2387 2145 2504 2213 ἡμῖν
2536 2144 2601 2197 τά
2652 2145 3114 2217 προσκυνούμενα,
3169 2152 3284 2204 ταῖς
3335 2147 3684 2200 ύποστάσεσιν

2085 2233 2221 2287 οὕτω
2251 2236 2516 2306 νοούμενα,
2545 2230 2639 2289 κᾶν
2760 2238 2911 2308 φύσει
2942 2240 3233 2295 συνήνωται
3253 2256 3265 2268 ⁸
3311 2243 3396 2290 καί
3422 2242 3541 2312 τρία
3564 2242 3686 2315 περὶ

2084 2335 2176 2387 τήν
2219 2328 2399 2399 ψυχήν
2428 2330 2556 2402 μέρη
2584 2327 2906 2399 διέγνωσται,
2935 2331 2983 2382 ἐν
3012 2327 3084 2389 οἷς
3110 2334 3193 2385 καί
3221 2335 3279 2385 τὸ
3317 2331 3513 2402 λογικὸν
3558 2335 3684 2395 ζῶον

2083 2421 2320 2492 ἐξάγεται
2337 2436 2349 2448 ’
2382 2429 2523 2492 τρεῖς
2551 2423 2637 2474 καί
2662 2423 2783 2495 περί
2804 2422 2862 2475 τὸ
2886 2428 3037 2491 σῶμα
3057 2419 3376 2482 διαστάσεις,
3407 2425 3457 2475 ἐν
3478 2419 3557 2481 αἷς
3586 2420 3683 2481 ἤδη

2083 2519 2161 2567 κα“
2207 2518 2590 2590 περιγράφεται.
2634 2521 2790 2588 Τρεῖς
2836 2516 2923 2567 καί
2962 2514 3006 2566 οί
3056 2513 3281 2574 δοθέντες
3324 2516 3492 2586 τούτῳ
3545 2515 3681 2589 νὸμοι

2083 2604 2214 2680 πρὸς
2237 2605 2583 2679 ἐπανόρθωσιν
2610 2648 2624 2672 ,
2656 2605 2866 2676 φυσικὸς
2899 2604 3010 2675 ἅμα
3034 2608 3118 2659 καὶ
3145 2607 3393 2682 γραπτὸς.
3427 2610 3509 2659 καὶ
3539 2605 3564 2659 ὁ
3589 2614 3681 2666 τῆς

2087 2698 2310 2770 χάριτος
2336 2714 2349 2726 ·
2382 2699 2433 2750 ίν
2460 2700 2597 2774 τρισὶ
2628 2699 2863 2772 θεωρίαις
2895 2699 2982 2751 καί
3010 2696 3176 2759 ὁνοῦς
3223 2700 3398 2769 ἀνάγει
3444 2702 3532 2755 τήν
3578 2696 3680 2771 ἴφι-

2083 2813 2166 2845 σιν
2190 2809 2202 2822 ’
2233 2790 2392 2866 ὁρατῇ
2418 2830 2434 2855 ,
2466 2794 2614 2864 φημί,
2646 2794 2727 2844 καί
2748 2798 2924 2864 νοητῇ,
2958 2795 3041 2845 καί
3172 2791 3304 2865 ὑπὲρ
3351 2795 3440 2848 τήν
3490 2790 3677 2849 νόησιν.

2083 2882 2214 2937 Ούδέ
2240 2886 2341 2957 γάρ
2373 2881 2492 2954 ἔχει
2521 2881 2639 2937 ἄλλο
2681 2906 2731 2937 τι
2757 2886 2888 2955 πρὸς
2915 2880 2940 2937 ὃ
2969 2886 3148 2957 ἐκταθῇ
3177 2926 3190 2947 ,
3234 2881 3324 2938 κάν
3372 2884 3680 2939 διαϐατικώ-

2082 2996 2239 3035 τατος
2284 2977 2509 3047 γένηται.
2535 2982 2682 3049 Τρεῖς
2714 2978 2799 3029 καί
2826 2976 2878 3028 αί
2911 2977 2960 3029 ἐν
2989 2983 3063 3049 τῷ
3108 2977 3437 3047 βαπτίσματι
3466 2974 3680 3030 καταδύς

2084 3086 2193 3126 σεις
2218 3107 2232 3127 ,
2266 3065 2316 3119 οἳ
2356 3070 2442 3121 καί
2479 3072 2568 3125 τὴν
2606 3067 2799 3140 Τριάδα
2844 3075 3070 3125 τυποῦσι
3094 3108 3108 3131 ,
3166 3073 3252 3123 καί
3300 3069 3677 3144 ὑπογράεουσι.

2085 3166 2232 3234 Τρεῖς
2258 3162 2346 3213 καί
2373 3160 2425 3215 αί
2455 3168 2565 3220 τοῖς
2592 3162 2840 3231 μαθηταῖς
2873 3161 3173 3232 ἐμπνεύσεις
3195 3168 3287 3217 τοῦ
3329 3161 3475 3233 ἁγίου
3522 3163 3678 3215 πνεύ-

2082 3269 2245 3321 ματος
2272 3252 2419 3325 παρὰ
2459 3256 2552 3305 τοῦ
2584 3260 2846 3327 Σωτῆρος,
2877 3252 2923 3304 ἐν
2952 3248 3031 3311 αἷς
3060 3255 3143 3305 καί
3171 3250 3359 3321 δαψιλῆ
3388 3257 3477 3310 τὴν
3520 3250 3680 3327 χάριν

2081 3343 2610 3415 προσεπεσπάσαντο.
2638 3351 2783 3419 Τρεῖς
2814 3347 2901 3398 καί
2929 3345 2982 3398 αἱ
3022 3352 3121 3399 τῶν
3157 3346 3475 3419 πραγμάτων
3514 3366 3671 3414 μετα·

2084 3431 2265 3485 ϐολαί·
2298 3435 2505 3496 σεισμοὶ
2542 3432 2676 3488 οὕτω
2722 3434 3016 3507 καλούμενοι
3046 3475 3061 3499 ,
3109 3432 3201 3488 κέν
3251 3438 3462 3511 θάτερος
3512 3437 3679 3489 αὐτῶν

2082 3521 2231 3576 οὔπω
2256 3523 2508 3581 ἐνέστηκε.
2541 3528 2642 3578 Καὶ
2662 3528 2713 3580 τί
2742 3524 2823 3580 δεῖ
2864 3548 2950 3596 μοι
2974 3527 3175 3582 πλείονκ
3199 3528 3357 3600 λέγειν
3382 3530 3502 3598 περὶ
3530 3536 3681 3604 τριῶν

2079 3621 2166 3670 καὶ
2203 3616 2428 3693 τριάδος.
2460 3630 2545 3678 Ὠς
2572 3622 2673 3692 ’γὰρ
2718 3619 2850 3677 αὕτη
2896 3630 2991 3680 τῆς
3031 3623 3256 3681 πίστεως
3283 3624 3423 3692 ἡμῶν
3449 3625 3508 3676 τὸ
3535 3644 3680 3694 κεςια-

2078 3709 2247 3772 λαῖον,
2273 3710 2406 3765 οὕτω
2433 3712 2637 3771 πάντως
2652 3714 2731 3765 καὶ
2757 3719 2844 3766 τοῦ
2875 3713 3093 3785 ἀριθμοῦ
3119 3714 3178 3767 τὸ
3206 3714 3378 3786 τρίτον
3401 3714 3676 3788 ἐξαίρετον,

2079 3796 2121 3873 ᾧ
2151 3803 2231 3855 καί
2259 3803 2290 3859 ἠ
2319 3801 2521 3876 εὕρεσις
2549 3804 2936 3877 συνηρίθμηται,
2961 3805 3043 3856 καί
3072 3798 3112 3874 ᾧ
3132 3805 3410 3880 σεμνοτέρα
3438 3807 3680 3859 καθίστα-

2079 3912 2192 3949 ται·
2226 3893 2339 3949 ούδέ
2365 3895 2463 3971 γὰρ
2491 3899 2583 3966 μία
2610 3895 2742 3952 αὕτη
2772 3936 2786 3959 ,
2826 3893 2905 3951 ὅτι
2938 3898 3022 3950 καὶ
3051 3894 3077 3950 ὃ
3113 3892 3184 3956 εἷς
3212 3896 3423 3970 ἀριθμὸς
3442 3941 3455 3962 ,
3497 3898 3680 3958 ἀτελής

2078 3990 2166 4042 καί
2194 3984 2416 4050 ἅποσος·
2451 3986 2565 4043 οὐδὲ
2593 3986 2808 4063 δευτέρα
2835 4029 2850 4053 ,
2903 3983 2982 4044 ὅτι
3027 3991 3113 4043 καί
3157 3987 3182 4042 ὁ
3226 3986 3461 4062 δεύτερος
3584 3989 3680 4062 ὕλῃ

2082 4081 2410 4152 σύμμικτος,
2466 4078 2524 4140 ἧς
2563 4081 2719 4140 αὐτὸς
2773 4081 3071 4154 ἐκαθάρενεν
3096 4095 3111 4109 ⁶
3160 4081 3340 4133 οὐκοῦν
3394 4078 3478 4134 διά
3526 4086 3680 4135 τοῦτο

2078 4171 2245 4245 τρίτη,
2271 4169 2349 4226 ὅτι
2376 4174 2461 4225 καὶ
2487 4173 2622 4245 αὐτῷ
2649 4175 2814 4242 τίμιον
2836 4173 2894 4226 τὸ
2921 4173 3090 4246 τρίτον
3104 4174 3188 4225 καὶ
3206 4170 3677 4245 περισπούδαστον,

2081 4269 2149 4327 ὠς
2178 4276 2239 4342 τῇ
2264 4267 2446 4342 Τριάδι
2470 4272 2747 4342 τιμώμενον
2777 4272 2861 4323 καὶ
2880 4268 3365 4340 συναριθμούμενον.

2151 4359 2274 4414 Ἀλλ’
2300 4364 2411 4415 ἐπεί
2437 4382 2516 4421 σε.
2551 4356 2590 4413 ὦ
2616 4364 2976 4436 μακαριώτατε
3021 4359 3278 4435 Προδρομε
3301 4398 3317 4424 ,
3345 4368 3437 4421 τῆς
3463 4356 3678 4433 Τριάδος

2082 4449 2309 4524 ἔγνωμεν
2352 4456 2437 4506 καί
2482 4453 2701 4525 λάτρην,
2757 4454 2842 4506 καί
2888 4451 3212 4526 πρεσϐευτὴν
3252 4448 3465 4522 ἄριστον
3489 4490 3504 4515 ,
3533 4448 3596 4505 δι’
3622 4452 3681 4509 ἣν

2080 4547 2162 4597 καί
2224 4549 2313 4604 τήν
2385 4544 2596 4613 κεφαλὴν
2662 4544 3018 4615 ἀποτέτμησαι
3048 4581 3065 4608 ,
3113 4546 3182 4612 μή
3246 4541 3442 4611 ἐλλείπῃ
3489 4541 3681 4598 ταύτην

2081 4637 2204 4708 ἡμῖν
2271 4638 2447 4706 εὐμενῆ
2522 4636 2805 4692 κχθιστῶν⁶
2883 4637 2951 4695 ὡς
3001 4630 3060 4688 ἂν
3111 4635 3175 4689 τά
3235 4654 3289 4689 τε
3359 4630 3484 4688 ἄλλα
3512 4674 3527 4699 ,
3598 4635 3681 4687 καί

2081 4730 2255 4804 τρίϐον
2286 4734 2374 4787 τήν
2400 4728 2531 4803 πρὸς
2554 4729 2736 4786 ἐκείνην
2766 4726 3055 4801 βαδίζοιμῖν
3074 4767 3089 4789 ,
3115 4731 3218 4782 πᾶν
3248 4728 3444 4781 σκολιὸν
3469 4724 3552 4780 διὰ
3582 4731 3679 4780 σοῦ

2081 4818 2454 4894 ἐκτρεπόμενοι.
2486 4820 2572 4873 καὶ
2598 4820 2728 4893 πρὸς
2757 4816 2905 4879 ὁδούς
2929 4819 3021 4879 τὰς
3047 4818 3236 4876 εὐθείας
3265 4816 3676 4888 άπευθυνὸμενοιο

2085 4910 2289 4983 οἴδαμεν
2317 4914 2418 4984 γάρ
2445 4917 2537 4970 τήν
2572 4913 2691 4986 περὶ
2723 4912 2859 4980 ἡμᾶς
2904 4930 3001 4965 σου
3042 4912 3127 4963 καὶ
3153 4914 3371 4981 στοργήν
3410 4911 3492 4960 καὶ
3518 4906 3680 4962 διάθε-

2083 5014 2184 5057 σιν⁶
2210 5004 2289 5055 καὶ
2310 5010 2420 5061 πῶς
2448 4999 2553 5055 καθ’
2570 5000 2789 5057 ἑκάστην
2810 5000 3054 5054 πλουσίαν
3070 4995 3399 5069 ἕπιδαῲιλεύῃ
3416 5001 3505 5055 τήν
3522 4998 3680 5071 χάριν

2082 5096 2223 5164 ἡμῖν,
2255 5094 2474 5161 ποίμνης
2503 5100 2594 5151 τῆς
2622 5100 2718 5151 σῆς
2738 5097 3138 5161 προϊστάμενος,
3189 5090 3272 5142 καί
3316 5089 3435 5147 τούς
3479 5094 3550 5157 τῷ
3574 5095 3679 5159 ναῷ

2084 5194 2162 5256 σῷ
2188 5181 2658 5258 προσεδρεύοντας,
2717 5182 2962 5253 μεγάλαις
2999 5188 3119 5241 ταῖς
3161 5177 3376 5256 δωρεαῖς
3406 5172 3681 5246 ἀμειϐόμε-

2083 5293 2186 5337 νος·
2219 5274 2285 5329 ὦν
2310 5279 2395 5329 κιί
2416 5274 2586 5345 εἴημεν
2608 5273 2950 5330 ἀπολαύοντες
2970 5312 2983 5335 ,
3019 5273 3106 5325 καί
3126 5270 3325 5326 αὐτόθεν
3356 5267 3408 5323 δέ
3432 5270 3678 5342 ἀπαίρον-

2084 5388 2168 5429 τες
2190 5365 2369 5442 Τρηάδι
2389 5374 2451 5441 τῇ
2484 5365 2606 5439 ἁγία
2633 5364 3042 5437 παρασταὶημεν,
3088 5364 3173 5415 καί
3225 5368 3298 5431 τῷ
3340 5363 3525 5420 ἐκείνης
3551 5362 3679 5431 φωτί

2089 5458 2493 5529 ἐλλαμφθλημεν,
2528 5453 2577 5508 ἕν
2602 5460 2805 5527 Χριστῷ
2818 5450 2983 5511 Ἰησοῦ
3005 5458 3078 5524 τῷ
3098 5454 3257 5527 κυρίῳ
3274 5454 3434 5523 ἡμῶν,
3526 5456 3679 5507 πᾶσα

2080 5552 2267 5622 πρέπει
2295 5552 2415 5617 τιμή
2444 5549 2527 5600 καί
2553 5546 2909 5621 προσκύνησις
2949 5546 3047 5597 σὺν
3095 5550 3169 5613 τῷ
3212 5545 3430 5617 άνάρχῳ
3469 5545 3631 5619 πατρί
3656 5584 3676 5613 ,

2080 5644 2258 5711 καὶτῷ
2288 5642 2518 5708 παναοιίῳ
2548 5640 2800 5709 ῐινεύματι
2818 5692 2831 5705 η,
2844 5642 2933 5691 νῦν
2980 5637 3067 5690 καί
3101 5637 3171 5697 είς
3210 5638 3333 5700 τούς
3367 5641 3677 5700 αἰῶναςτῶν

2083 5735 2295 5787 αἰὼνων⁹
2324 5732 2473 5790 άαην.
