4122 6526
518 294 619 352 451

1826 284 2091 343 DIONYSI
2100 284 2184 342 US
2221 285 2542 345 EXICUUS.

3716 300 3828 356 $52

521 408 740 479 lus,'qui
771 424 799 462 a
830 404 1035 462 nefario
1062 403 1225 461 cubili
1273 402 1529 459 cohibere
1557 400 1722 469 velit;
1751 401 1842 471 qui
1888 400 1967 455 ira
2008 397 2112 455 exi-

2225 404 2316 459 τήν
2344 402 2603 461 θειοτάτην
2633 403 2812 479 κάραν,
2833 404 3126 471 στάζουσαν
3151 407 3217 463 τά
3238 409 3417 487 ῥεῖθρα
3445 416 3546 466 τῶν
3572 412 3825 486 αἱμάτων,

523 518 670 558 mere
697 503 979 570 ingruente
1018 497 1262 552 facinori.
1306 496 1534 552 Sensum
1578 494 1869 565 accepisti?
1910 508 2117 562 nequa-

524 609 702 664 quam.
733 591 1034 657 Castigatus
1062 603 1150 654 es,
1182 586 1489 657 resipuisti?
1519 585 1739 639 minime
1758 584 2018 654 gentium.
2040 581 2121 637 Li-

525 681 754 735 bidinem
787 695 893 733 non
923 677 1158 732 minuisti
1185 694 1197 729 :
1230 683 1402 731 totum
1446 675 1684 729 animum
1716 683 1862 728 tuum
1894 672 2120 727 Maenadi

524 773 723 833 fecisti;
776 768 962 823 ludicri
1013 768 1234 839 pmmio
1275 766 1666 824 divinissimum
1706 775 1865 836 caput
1912 764 2121 819 stillans

519 862 795 930 sanguinis
839 863 985 917 rivos
1028 864 1082 919 in
1128 865 1277 921 disco
1318 867 1639 937 produxisti.
1686 868 1827 925 Proh
1870 871 2118 925 immani-

523 953 724 1006 tatem!
753 954 888 1025 proh
921 956 1395 1025 impudicissimum
1418 960 1752 1014 convivium!
1783 959 1927 1015 Istud
1976 962 2115 1016 idem

521 1053 579 1098 et
626 1044 1107 1115 impraesentiarum
1155 1050 1333 1120 reipsa
1381 1052 1587 1120 agitur;
1637 1053 1826 1122 sinque
1894 1052 2118 1108 Joannis

521 1134 661 1188 tollit
690 1144 871 1205 caput,
904 1146 957 1191 at
987 1138 1185 1194 Christi
1231 1142 1475 1197 membra
1528 1143 1829 1199 meretricis
1876 1145 2117 1198 membra

521 1223 667 1278 facit.
701 1225 841 1290 Quid
868 1228 1010 1281 enim
1040 1227 1183 1282 aliud
1215 1231 1506 1286 ebrietates
1534 1239 1787 1301 praestant
1818 1247 1882 1287 ac
1908 1247 2118 1287 comes-

520 1315 779 1381 sationes,
798 1317 950 1385 juxta
979 1319 1223 1390 Apostoli
1252 1337 1488 1376 sensum.

591 1404 738 1460 Cedo
768 1415 826 1460 tu
873 1423 1118 1479 quoque,
1164 1411 1409 1480 improba
1435 1412 1770 1482 scelestaque
1812 1412 2114 1485 llerodias;

521 1496 865 1551 commodine
904 1498 1104 1567 aliquid
1148 1514 1215 1554 ex
1246 1503 1536 1557 temeraria
1570 1510 1659 1557 tua
1687 1503 1964 1557 molitione
1995 1516 2117 1570 per'

520 1587 744 1657 cepisti?
773 1588 1068 1659 Baptistam
1099 1592 1198 1645 sub
1224 1602 1365 1647 terra
1388 1594 1713 1648 condidisti?
1740 1594 1855 1648 Non
1884 1603 1967 1647 est
1986 1607 2116 1663 ergo

521 1679 612 1746 qui
639 1680 932 1736 etiamnum
968 1685 1304 1739 contradicat
1331 1700 1397 1739 ac
1442 1685 1792 1740 adversetur?
1832 1685 2117 1742 Enimvero

2222 499 2315 546 Φεῦ
2354 502 2445 554 τῆς
2470 494 2850 569 ἀπανθρωπίας⁸
2880 498 3069 553 ἀϐἀλαι
3113 507 3205 556 τοῦ
3253 502 3632 574 ἀσελγεστάτευ
3684 528 3824 578 συμο

2222 584 2435 639 ποσίου.
2468 591 2634 639 Τοῦτο
2660 584 2721 645 δή
2749 592 2834 640 καὶ
2860 595 2947 643 νῦν
2976 590 3431 666 τελεσιουργεῖται.
3467 594 3602 650 Καίὸ
3632 598 3819 669 πόρνος

2223 677 2269 727 εἰ
2311 679 2381 746 μή
2425 679 2517 733 τήν
2554 678 2709 747 κάραν
2735 685 2826 731 τοῦ
2853 686 3148 735 Βαπτιστοῦ
3179 680 3342 757 αἴρει,
3371 684 3493 739 ἀλλὰ
3531 706 3587 756 ’γε
3618 690 3681 742 τά
3703 690 3821 758 μέλη

2222 772 2313 819 τοῦ
2341 773 2561 840 Χριστοῦ
2599 768 2791 843 πόρνης
2821 770 2945 839 μέλη
2976 772 3269 829 καθίστησι.
3316 776 3376 826 Τί
3408 776 3509 849 γάρ
3566 773 3686 830 ἄλλο
3734 783 3819 831 καί

2225 857 2351 927 οὐχί
2380 864 2533 912 τοῦτο
2563 861 2960 933 κατεργάζωνται
2992 863 3044 916 αἱ
3076 866 3241 933 μέθαι,
3277 868 3363 920 καί
3387 867 3432 919 οἱ
3461 874 3617 937 κῶμοι
3646 908 3659 933 ,
3690 871 3815 923 κατὰ

2223 951 2313 1002 τήν
2341 948 2683 1007 ἀποστολικην
2705 948 2756 1003 ἕν
2783 971 2890 1004 οιαν
2923 967 2939 1016 ;

2295 1036 2451 1106 Φράζε
2480 1039 2561 1090 καί
2594 1036 2661 1091 σύ
2690 1061 2774 1108 μιι
2816 1042 2846 1098 ἠ
2891 1042 3179 1104 ἀτάσθαλος
3214 1044 3476 1117 Ἧρωδιάς·
3525 1052 3706 1107 ὠνήσω
3754 1055 3818 1105 τά

2222 1134 2322 1181 τῶν
2351 1130 2615 1202 τολμηρῶν
2641 1152 2735 1183 σου
2765 1133 3156 1208 ἐγχειρημάτων
3181 1152 3195 1200 ;
3217 1135 3393 1198 ἕιζαλες
3420 1141 3502 1194 τόν
3531 1149 3819 1202 Βαπτεστήν

2224 1218 2325 1271 ὑπό
2364 1219 2561 1288 χθόνας
2612 1222 2703 1274 οὐκ
2758 1220 2904 1276 ἔστιν
2950 1219 3038 1277 οὖν
3078 1222 3221 1287 ὅστις
3273 1230 3639 1303 ἀντιφθέγξξταξ
3667 1274 3683 1299 ,
3734 1239 3819 1289 καί

2223 1308 2433 1382 ἀντείπῃ
2465 1330 2549 1364 σοι
2577 1308 2686 1375 ἴτις
2717 1316 2797 1366 καὶ
2821 1319 2919 1382 μὴν
2944 1318 3140 1381 ματαία
3169 1319 3199 1374 ἠ
3227 1319 3366 1378 Furi;
3392 1341 3506 1383 σου,
3537 1324 3817 1399 ἀνισχυρόν

2226 1421 2321 1454 σου
2352 1403 2408 1455 τὸ
2439 1400 2641 1477 δρᾶμα,¹
2667 1405 2816 1459 εωῗὀν
2846 1407 2902 1460 τό
2940 1407 3274 1467 ἐπιτήδευμα.
3310 1409 3708 1487 ’Δντέστραπται
3751 1420 3815 1470 τὰ

2224 1492 2525 1565 πράγματα·
2568 1491 2685 1547 ὅσον
2709 1493 2763 1549 ἐδ
2779 1500 2867 1549 ’κει
2896 1518 2980 1550 σοι
3006 1499 3348 1572 ὑποκρύπτειν
3374 1544 3391 1570 ,
3432 1511 3679 1560 τοσοῦτον
3732 1529 3815 1562 τε..

2223 1582 2491 1660 θρύλληταί
2537 1607 2631 1640 σου
2674 1588 2730 1640 τὸ
2755 1584 2898 1656 ἆ,ος⁹
2944 1591 3016 1661 ἐφ’
3051 1588 3173 1645 ὅσον
3202 1592 3303 1664 ᾤου
3339 1595 3605 1661 λανθάνειν,
3631 1604 3815 1653 τοσοῦ-

2226 1695 2308 1729 τον
2329 1684 2531 1746 γενεαῖς
2557 1686 2735 1749 ’γενεῶν
2762 1683 3165 1754 παραπέμπεταί
3194 1708 3287 1740 σου
3314 1691 3373 1745 τὸ
3401 1690 3658 1761 τόλμημα.

522 1783 657 1823 vana
692 1785 816 1839 spes
862 1781 973 1838 tua,
1024 1772 1255 1828 invalida
1300 1789 1461 1843 quam
1508 1775 1680 1831 lusisti
1725 1775 1925 1841 fabula,
1953 1776 2110 1831 inane

2295 1770 2393 1819 Καὶ
2421 1769 2486 1820 σὺ
2514 1773 2610 1839 μὴν
2643 1769 2797 1829 ἑάλως
2828 1776 3217 1849 πικρῷβανάτῳ
3245 1781 3338 1831 σὺν
3374 1787 3448 1852 τῷ
3476 1784 3685 1855 συζύγῳ
3713 1785 3813 1839 ῦπό

520 1863 758 1917 studium
800 1878 865 1919 ac
914 1874 1160 1921 conatus.
1203 1865 1370 1921 Facta
1424 1883 1604 1923 rerum
1662 1869 1943 1924 conversio
1984 1877 2105 1937 est,

520 1962 782 2022 quantum
812 1955 1087 2009 occultare
1117 1955 1213 2010 tibi
1236 1957 1353 2014 visa
1381 1966 1483 2023 est,
1516 1969 1725 2012 tantum
1757 1959 1934 2014 scelus
1960 1968 2109 2014 tuum

523 2042 853 2112 divulgatum
884 2045 1001 2099 fuit.
1036 2045 1155 2113 Quo
1182 2047 1353 2103 latere
1397 2050 1765 2114 arbitrabaris,
1814 2064 1879 2105 eo
1910 2050 2112 2108 facinus

524 2141 673 2187 tuum
700 2135 751 2189 in
780 2136 1155 2203 generationes
1183 2139 1588 2207 generationum
1616 2142 2010 2197 transmittitur.

593 2224 671 2279 Ac
699 2233 755 2279 tu
786 2226 1001 2296 quidem
1026 2241 1131 2281 una
1151 2243 1272 2283 cum
1288 2229 1407 2284 viro
1436 2244 1617 2284 amara
1633 2231 1882 2285 interiisti
1913 2241 2107 2304 morte,

520 2316 787 2384 corruptis
835 2316 1211 2387 olentibusque
1270 2318 1410 2374 infra
1465 2320 1772 2390 sepulcrum
1827 2322 2108 2379 amborum

520 2404 873 2459 cadaveribus
919 2421 983 2460 ac
1015 2408 1279 2461 vermium
1333 2409 1488 2478 capia
1551 2412 1912 2480 scatentibus;
1958 2412 2106 2483 quod

519 2505 647 2544 vero
677 2489 992 2560 prmcidistis
1016 2498 1194 2561 caput,
1240 2507 1402 2563 super
1447 2499 1645 2547 terram
1695 2494 1819 2548 salit
1852 2511 1864 2545 :
1897 2503 2117 2548 sancto-

514 2597 635 2636 rum
663 2583 715 2637 ei
741 2597 930 2638 manus
957 2583 1344 2655 obsequuntur,
1377 2584 1718 2640 sacerdotum
1746 2586 1896 2641 chori
1917 2600 2113 2655 pompa

514 2672 867 2741 comitantur,
898 2675 1289 2728 monachorum
1327 2675 1540 2744 agmina
1576 2675 1953 2745 deprecantur,
1986 2691 2112 2745 pro-

515 2776 697 2815 rerum
724 2770 914 2816 turma:
941 2764 1307 2834 magnificam,
1325 2780 1390 2819 ac
1420 2764 1667 2821 laudibus
1689 2776 2108 2836 prosequuntur.

516 2852 699 2923 Longe
726 2855 1016 2909 maximam
1046 2856 1324 2910 hominum
1353 2856 1752 2912 multitudinem
1795 2867 2109 2928 congregat,

515 2943 609 2998 Dei
638 2944 860 2999 numine
902 2945 1190 3000 collectum
1238 2954 1468 3013 coetum;
1518 2947 1713 3017 ipsam,
1742 2957 1804 3003 ut
1830 2949 1996 3003 verbo
2025 2950 2110 3004 di-

514 3052 654 3105 cam,
688 3036 1003 3105 angelorum
1036 3036 1432 3093 multitudinem
1462 3054 1570 3095 una
1598 3039 1874 3108 colligens,
1905 3040 2107 3095 laudis-

2215 1856 2369 1927 τάφον
2395 1855 2715 1932 διεφθαρότες
2737 1864 2819 1915 καί
2845 1861 3117 1924 ὀδωδότες,
3150 1868 3419 1926 σκωλήκων
3447 1870 3633 1933 πλῆθος
3664 1870 3813 1948 ἄμφω

2215 1944 2478 2021 βρύοντες
2498 1949 2555 2005 ἣν
2578 1947 2631 2002 δὲ
2656 1951 2869 2022 κεφαλήν
2891 1955 3296 2024 ἀποτετμήκατε,
3320 1962 3452 2035 ὑπὲρ
3473 1972 3563 2036 γῆν
3586 1965 3812 2021 ἅλλεται.

2214 2047 2573 2113 Δορυφορεῑται
2601 2046 2790 2115 χερσίν
2818 2042 3009 2106 ὁσίαις.
3029 2051 3391 2121 προπέμπεται
3416 2065 3594 2125 χοροῖς
3617 2061 3811 2132 ἱερέων,

2217 2132 2529 2188 λιτανεύεται
2557 2141 2855 2207 συστήμασι
2898 2150 3167 2209 μοναστῶν
3187 2184 3201 2208 ,
3229 2147 3557 2217 με’)αλύνεται
3587 2151 3811 2222 μιγάδων

2216 2227 2450 2285 «Mem-
2486 2231 2774 2301 συναγείρει
2799 2228 2954 2301 δῆμον
2975 2235 3380 2313 πολυάνθρωπον,
3404 2244 3679 2318 πανήγυριν
3703 2245 3810 2297 Oro-

2218 2318 2511 2372 σύλλεκτον⁶
2556 2320 2730 2386 αὐτην,
2763 2324 2830 2381 ὡς
2856 2321 2979 2383 ἔπος
3007 2329 3185 2393 εἰπεῖν,
3220 2334 3311 2388 τήν
3339 2332 3602 2405 ἀγγελικὴν
3625 2335 3809 2392 πληθὺν

2213 2410 2640 2483 συναθροίζουσα,
2674 2414 2758 2464 καὶ
2785 2412 2871 2466 τόν
2901 2424 2992 2474 τῆς
3014 2418 3252 2489 εὐφημίας
3282 2422 3399 2490 ἡμῖν
3435 2423 3588 2491 ὕμνον
3629 2446 3808 2479 συνεπη

2214 2498 2442 2573 ᾁδουσα,
2499 2499 2641 2578 εἴπερ
2706 2505 2914 2575 φιλτάτη
2967 2510 3135 2568 αὐτοῖς
3178 2511 3208 2566 ἠ
3259 2517 3350 2564 τοῦ
3403 2511 3672 2583 ὁμωνύμου
3724 2521 3808 2569 καί

2215 2594 2478 2657 ὶσοκλεοῦς
2509 2601 2673 2653 αὐτῶν
2696 2600 2869 2659 τελετή
2895 2604 3190 2661 παναίσιος.
3216 2604 3431 2674 Ιιηγάζει
3456 2610 3520 2660 τά
3550 2609 3691 2680 μύρα
3716 2616 3807 2667 τῆς

2217 2684 2435 2761 χάριτος
2483 2692 2616 2765 ὑπὲρ
2663 2690 2872 2762 νάρδον,
2919 2694 3051 2767 ὑπὲρ
3079 2694 3278 2767 κρόκον,
3311 2695 3444 2770 ῦπέρ
3484 2701 3762 2770 κινάμωμον
3790 2742 3803 2762 ,

2213 2778 2344 2853 ίπέρ
2368 2780 2538 2835 πάντα
2560 2784 2626 2835 τά
2661 2784 2909 2854 μυρετικά
2931 2785 3204 2856 ἀρώματα.
3234 2793 3388 2840 Φωνεῖ
3419 2791 3503 2841 καί
3538 2788 3637 2860 βοᾷ
3682 2791 3808 2844 ἀλα-

2213 2867 2377 2929 λὴτως
2389 2872 2779 2945 θριαμϐεύουσα
2810 2877 2889 2929 ἀεί
2915 2877 2973 2929 τὸ
3004 2874 3443 2953 δραματούρσγημά
3470 2900 3587 2933 σου.

2283 2970 2509 3015 Τοιαῦτα
2549 2961 2611 3021 δὴ
2651 2959 2739 3017 οὖν
2776 2966 2842 3019 τά
2869 2966 2982 3023 τέλη
3008 2975 3099 3025 τῆς
3124 2969 3333 3039 ἀνομίας
3354 3007 3370 3034 ,
3401 2973 3486 3023 καί
3514 2971 3642 3040 μετά
3670 2971 3804 3029 τηλι-

2212 3051 2406 3104 κούτων
2440 3053 2881 3128 θριαμϐευμάτων.
2924 3061 3018 3111 Καὶ
3058 3064 3222 3114 ταῦτα
3265 3057 3374 3114 ἴστε
3435 3060 3667 3130 βασιλεῖς
3713 3071 3805 3121 τῆς

515 3143 621 3197 que
650 3130 805 3183 nobis
834 3131 1111 3185 consortio
1153 3130 1447 3199 accedens;
1489 3132 1754 3200 siquidem
1780 3147 1989 3188 summe
2017 3148 2106 3186 an-

2214 3149 2328 3213 γῆς·
2360 3145 2628 3218 σατράπαι
2662 3166 2715 3198 τε
2756 3150 2842 3200 καί
2870 3145 3141 3214 δυνάσται,
3165 3147 3418 3225 ἄρχοντές
3443 3172 3497 3205 τε
3519 3158 3601 3205 καί
3631 3154 3801 3227 ἀρχό-

514 3220 648 3288 gelis
678 3220 859 3286 chara,
884 3221 1001 3291 pari
1028 3236 1146 3275 cum
1177 3222 1254 3276 eis
1283 3223 1500 3278 nomine
1540 3238 1605 3279 ac
1648 3224 1817 3293 gloria
1856 3225 2113 3280 certantis

516 3312 929 3381 prmclarissima
956 3312 1244 3368 celebritas
1268 3313 1466 3369 existit.
1497 3311 1697 3370 Gratiae
1721 3324 1992 3385 unguenta
2020 3332 2113 3371 su-

516 3416 614 3474 per
639 3403 887 3469 nardum,
918 3418 1081 3473 super
1105 3420 1351 3473 crocum,
1373 3421 1537 3476 super
1561 3408 1963 3464 cinnamomum
1992 3410 2110 3480 pig-

516 3494 887 3564 mentariaque
914 3495 1094 3549 omnia
1124 3503 1369 3550 aromata
1396 3497 1641 3551 scaturit.
1679 3496 1891 3553 Clamat
1918 3513 1983 3554 ac
2012 3515 2112 3555 vo-

518 3582 775 3637 ciferatur
815 3592 964 3638 tuam
1008 3599 1222 3656 semper
1251 3587 1473 3643 sceleris
1514 3588 1730 3659 plenam
1772 3590 2112 3645 molitionem

516 3676 633 3731 sine
655 3691 787 3731 voce
817 3677 1120 3733 traducens.
1424 3736 1427 3739 .

586 3765 857 3835 Ejusmodi
880 3775 964 3822 est
998 3768 1360 3838 improbitatis
1403 3768 1545 3837 finis,
1580 3780 1835 3841 tantaque
1864 3772 2009 3827 illam
2037 3774 2115 3827 in-

515 3857 676 3913 famia
699 3858 1006 3914 comitatur.
1040 3858 1168 3915 Haec
1193 3870 1249 3915 et
1268 3877 1388 3924 vos,
1415 3876 1572 3931 reges
1595 3871 1771 3929 terras,
1804 3864 2107 3933 intelligite,

515 3959 745 4019 satrapae
768 3965 833 4005 ac
874 3957 1147 4020 potentes,
1179 3952 1542 4021 praesidesque
1588 3968 1653 4008 ac
1692 3954 1914 4018 subditi,
1947 3966 2110 4025 atque

516 4041 794 4095 hominum
822 4054 991 4109 genus
1020 4055 1203 4109 omne,
1231 4057 1359 4111 quo,
1394 4049 1455 4095 ut
1483 4042 1535 4095 in
1566 4042 1703 4107 aliis,
1730 4045 1807 4098 sic
1836 4043 1888 4097 in
1920 4044 2103 4112 conju-

515 4132 617 4199 giis
644 4131 788 4200 quod
832 4131 1130 4201 legitimum
1171 4141 1255 4187 est
1300 4140 1589 4199 sectantes,
1640 4150 1747 4191 non
1780 4136 1831 4189 in
1861 4138 2108 4191 eamdem

518 4232 680 4292 atque
708 4222 922 4277 scelesti
952 4221 1048 4288 illi,
1078 4222 1195 4291 pari
1224 4222 1426 4292 probro
1469 4224 1762 4294 deturpati,
1794 4241 1990 4281 noxam
2022 4227 2107 4280 in-

516 4315 726 4371 cidatis.

586 4407 785 4462 Verum
813 4423 935 4462 cum
962 4422 1184 4463 aureum
1212 4416 1395 4479 caput,
1438 4409 1615 4478 quoad
1652 4426 1971 4466 concessum
2001 4418 2103 4478 est,

516 4512 650 4551 auro
679 4497 1084 4566 pretiosioribus
1126 4497 1341 4552 laudum
1384 4496 1606 4554 floribus
1636 4501 2097 4568 coronaverimus,
2130 4511 2183 4569 1)

516 4602 637 4655 age,
667 4601 867 4655 quaaso,
909 4594 966 4641 et
992 4587 1231 4642 membra
1274 4587 1379 4642 alia
1420 4591 1621 4659 pariter
1648 4606 2002 4658 assumamus,
2037 4606 2105 4647 ne

517 4695 583 4733 ex
609 4687 762 4749 parte
791 4676 1182 4732 Prmcursorem
1214 4679 1524 4747 laudantes,
1556 4681 1871 4736 diminutum
1916 4683 2103 4737 lauda-

517 4772 719 4825 tionem
741 4783 806 4823 ac
826 4768 972 4837 justo
1002 4769 1263 4823 minorem
1291 4771 1487 4827 anerre
1518 4773 1808 4828 videamur.
1835 4774 1973 4840 Quid
2003 4775 2107 4829 ita-

516 4876 623 4930 que
668 4858 910 4915 manibus
958 4860 1289 4930 Splendidius
1332 4861 1667 4931 lucidiusque
1721 4878 1841 4932 quae
1887 4864 2103 4919 Christo
2166 4880 2167 4885 ‘

518 4950 723 5019 imponi
771 4951 825 5004 in
872 4949 1140 5022 baptismo
1188 4952 1540 5005 meruerunt?
1581 4950 1716 5005 Cum
1769 4953 1913 5007 enim
1963 4953 2105 5009 Deus

516 5040 653 5107 ignis
679 5039 895 5102 existat,
927 5039 1093 5093 divini
1114 5024 1333 5093 verticis
1361 5048 1508 5094 tactu
1536 5038 1733 5095 factum
1779 5044 1976 5111 cogita,
2007 5060 2104 5099 ve-

520 5132 617 5185 luti
660 5132 797 5199 ignis
836 5130 1187 5197 commercio,
1218 5137 1278 5184 ut
1324 5129 1678 5186 Prmcursoris‘
1718 5148 1929 5196 manus,
1970 5135 2104 5190 nihil

518 5230 723 5277 mutata
744 5238 931 5277 eorum
957 5231 1172 5291 natura,
1199 5218 1459 5277 flammeae
1478 5223 1846 5279 redderentur.
1875 5225 2103 5283 Dorsum

519 5314 635 5380 ejus
658 5314 709 5367 in
742 5313 947 5383 pallore
968 5313 1107 5381 auri,
1131 5313 1288 5382 juxta
1317 5315 1459 5385 quod
1487 5316 1698 5371 canitur
1728 5317 1898 5390 (Psal.
1936 5336 2100 5389 uvn,

523 5404 648 5475 14),
674 5407 766 5476 qui
796 5404 1256 5461 Christi-crucem
1282 5416 1471 5477 portet
1511 5408 1564 5462 in
1614 5410 1872 5467 humeris.
1914 5412 2104 5469 Venter

520 5498 630 5567 ejus
661 5498 811 5567 pyxis
856 5497 1081 5551 eburnea
1129 5513 1283 5566 super
1320 5499 1545 5570 lapidem
1573 5504 1876 5574 sapphirum
1908 5503 2101 5576 (Cant.

522 5600 575 5649 ν,
618 5584 730 5656 ﬂ.)
763 5587 839 5641 uti
868 5586 1143 5658 Scriptura
1172 5588 1428 5659 loquitur,
1461 5593 1554 5662 qui
1574 5596 1778 5651 ventris
1805 5595 2025 5653 delicias
2050 5598 2103 5653 in

523 5677 777 5737 umbilico
814 5680 1107 5738 existentes
1146 5682 1521 5742 eliminaverit.
1554 5687 1745 5746 Lumbi
1782 5691 1899 5762 ejus
1943 5697 2105 5752 casti-

2214 3253 2355 3304 μενοι
2380 3277 2395 3303 ,
2427 3238 2508 3288 καί
2541 3242 2645 3298 πᾶς
2674 3235 2818 3298 ὅστις
2844 3233 2933 3291 οὖν
2963 3242 3013 3293 ἐν
3038 3240 3155 3312 βίῳ,
3184 3242 3248 3294 ἶν’
3269 3244 3593 3311 ἐννομοῦντες
3622 3247 3690 3305 ὡς
3722 3246 3803 3297 ἐπὶ

2215 3331 2352 3380 πᾶσι
2372 3330 2455 3380 καί
2482 3328 2528 3379 ἐν
2554 3335 2665 3387 τοῖς
2687 3329 2890 3401 γάμοις,
2944 3336 3013 3400 μή
3057 3335 3123 3386 τὰ
3152 3335 3285 3387 αὐτά
3312 3334 3518 3389 πάθοιτε
3555 3343 3660 3394 τοῖς
3688 3338 3804 3390 ἔνι-

2213 3421 2328 3494 οιέσι
2351 3423 2761 3492 στηλιτευόμενοι
2790 3425 2841 3487 ἐξ
2869 3422 3002 3478 ἴσου.

2284 3514 2409 3568 ’.ἀλλ’
2436 3516 2549 3568 ἐπεὶ
2578 3520 2666 3574 τὴν
2690 3524 2899 3591 χρυσῆν
2920 3518 3153 3590 κεφαλήν,
3188 3521 3255 3578 ὥς
3276 3521 3330 3573 τέ
3355 3522 3487 3585 ἐστι,
3518 3528 3627 3580 τοῖς
3649 3522 3804 3592 ῦπαρ·

2217 3614 2445 3682 χρυσοῖς
2497 3615 2596 3662 τῶν
2630 3608 2884 3681 ἐγκωμίων
2921 3606 3093 3666 ἄνθεσι
3123 3615 3639 3683 κατεστεφανὼσαμεν
3664 3653 3679 3677 ,
3711 3611 3802 3684 ἆγε

2214 3696 2275 3757 δή
2303 3693 2391 3752 οῦν
2418 3701 2503 3752 καί
2547 3701 2615 3754 τά
2656 3700 2807 3773 ἕτερα
2834 3702 2961 3776 μέρη
2982 3703 3534 3776 πμπαραληψὼμεθα,
3560 3706 3641 3758 ἶνα
3662 3712 3731 3776 μή
3749 3708 3801 3758 ἐκ

2212 3792 2401 3866 μέρους
2431 3793 2766 3862 ἀνυμνοῦντες
2817 3794 2900 3847 τόν
2942 3793 3271 3869 Πρόδρομον,
3324 3795 3543 3866 δόξωμεν
3591 3798 3799 3857 ἐλλιπῶς

2213 3883 2355 3953 ἔχειν
2380 3891 2469 3943 τῆς
2493 3886 2751 3955 εὐφημίας.
2802 3887 2864 3937 Τί
2899 3890 3065 3939 τοίνυν
3103 3893 3201 3939 τῶν
3229 3894 3418 3957 χειρῶν
3448 3887 3643 3940 ἐκιῖνων
3668 3887 3800 3958 λαμ-

2212 3977 2461 4052 πρότερον
2489 3981 2571 4030 καί
2605 3976 3045 4053 φωτοειδέστερον,
3075 3979 3126 4033 αἳ
3152 3984 3238 4034 τὸν
3256 3982 3473 4054 Χριστὸν
3503 3981 3801 4051 χειροθετὴ-

2215 4090 2307 4123 σαι
2335 4070 2713 4132 κατηξιώθησαν
2767 4072 2817 4123 ἕν
2855 4079 2927 4141 τῷ
2959 4072 3314 4141 βαπτίσματι;
3354 4075 3411 4125 Εἰ
3461 4075 3558 4148 γάρ
3598 4080 3705 4147 πῦρ
3744 4076 3800 4128 τό

2211 4165 2336 4215 θεῖον
2375 4160 2558 4226 ἔνεστι,
2587 4162 2689 4216 νόει
2716 4183 2802 4234 μοι
2834 4161 2913 4217 ὅτι
2940 4172 3003 4239 τῇ
3027 4172 3117 4223 τῆς
3154 4167 3287 4226 θείας
3317 4167 3480 4239 ἐπαφῇ
3506 4169 3664 4243 κάρας
3688 4207 3702 4231 ,
3732 4170 3801 4228 ὡς

2212 4255 2263 4307 ἓν
2288 4257 2535 4327 συναφεία
2565 4256 2725 4328 πυρὸς
2764 4256 3003 4329 φλογεραί
3031 4257 3083 4309 αἱ
3106 4256 3397 4334 Προδρόμου
3424 4259 3684 4327 παλάμαι,
3710 4268 3799 4319 τῆς

2212 4347 2391 4405 οἰκείας
2413 4344 2611 4420 φύσεως
2630 4351 2700 4417 μη
2728 4346 3116 4417 μεταϐληθεῖσαι
3142 4348 3397 4419 ’γε-γόνασι.
3422 4356 3498 4402 Τὰ
3515 4352 3799 4422 μετάφρενα

2214 4440 2370 4492 αὐτοῦ
2424 4438 2471 4490 ἐν
2520 4438 2809 4513 χλωρότητι
2839 4442 3065 4512 χρυσίου
3089 4480 3103 4504 ,
3133 4434 3265 4494 κατά
3314 4441 3372 4494 τό
3411 4441 3678 4512 ᾀδόμενον,
3712 4444 3795 4497 τόν

2206 4530 2433 4605 σταυρόν
2457 4536 2681 4600 Χριστοῦ
2712 4529 2793 4584 ἔπ’
2825 4528 2974 4599 ὤμων
2996 4532 3365 4603 βαστάζοντος
3392 4535 3423 4591 ἡ
3458 4534 3617 4587 κοιλία
3639 4536 3794 4588 αὐτοῦ

2206 4623 2386 4685 πυξίον
2411 4622 2716 4692 ἐλεφάντινον
2742 4624 2824 4675 ἐπὶ
2850 4623 2987 4677 λίθου
3018 4630 3321 4697 σαπφείρου,
3348 4627 3418 4681 ὧς·
3450 4625 3473 4677 ό
3505 4626 3530 4677 λ
3560 4647 3667 4697 γης.
3704 4630 3797 4686 τὰς

2206 4711 2289 4767 ἐπ’
2333 4712 2553 4784 ὀμφαλοῦ
2595 4714 2824 4787 γαστρός
2853 4712 3031 4775 ἡδονάς
3066 4716 3524 4789 ἔξοστρακίζιρντος.
3554 4716 3604 4769 'll
3638 4719 3793 4788 ὀσφῦς

2208 4804 2365 4857 αὐτοῦ
2393 4810 2482 4862 τήν
2510 4803 2812 4875 άγιαστικην
2833 4808 3163 4879 σωφροσύνην
3192 4807 3582 4881 περιειλημμένη
3618 4810 3675 4861 τὸ
3706 4818 3797 4868 τῆς

2208 4899 2473 4972 παρθενίας
2527 4896 2687 4971 δῶρον
2731 4898 3133 4973 ἐπανῃρημένου.
3179 4898 3379 4972 Ῥυθμοί
3424 4909 3590 4979 μηρῶν
3633 4906 3789 4958 αὐτοῦ

2210 4985 2370 5059 ὅμοιοι
2391 4988 2676 5064 ὁρμίσκοις,
2700 4996 2790 5049 τὴν
2810 4999 2902 5051 τῆς
2924 4994 3167 5052 ἀπαθεὼις
3187 4995 3435 5067 ῥομφαίαν
3452 5000 3796 5073 περιεζωσμέ-

2208 5100 2316 5133 νου.
2361 5087 2549 5150 Κνῆμαι
2582 5082 2742 5134 αὑτοῦ
2777 5083 2958 5136 στῦλοι
2998 5088 3303 5157 μαρμάρινα
3330 5126 3343 5149 ,
3388 5087 3795 5158 τεθεμελιωμένοι

2208 5171 2295 5223 ὲπί
2338 5170 2516 5240 βάσεις
2568 5177 2811 5249 χρυσᾶς,
2862 5178 2961 5226 τῶν
3018 5176 3216 5245 ἀρετῶν
3267 5174 3530 5233 δηλονότι·
3561 5178 3607 5230 ci
3638 5177 3794 5239 πόδες

2207 5263 2462 5324 θεοϐαδεῖς
2487 5304 2502 5329 ,
2565 5266 2657 5323 τάς
2702 5266 2913 5337 τρίϐους
2967 5270 3142 5341 κυρίου
3198 5273 3581 5341 καταρτίζοντας
3608 5286 3620 5298 ·
3658 5268 3797 5326 ἅπαν

2208 5358 2364 5427 μέλος
2390 5357 2540 5411 ὅπλον
2562 5357 2882 5421 ὂιραιοσύνης
2924 5366 3012 5415 τοῦ
3045 5361 3311 5438 ίερωτάτου
3340 5363 3525 5416 ἑκείνου
3544 5366 3633 5416 καί
3658 5366 3796 5417 άπα-

2207 5451 2456 5503 θεστάτου
2493 5451 2729 5521 σώματος
2755 5464 2769 5477 ⁶
2815 5457 2995 5510 σκεῦος
3041 5451 3281 5515 ἐκλεκτόν,
3317 5453 3637 5524 ἡγιασμένον.
3679 5450 3794 5507 Ἠν-

2208 5540 2401 5615 δρωσεν
2448 5540 2621 5611 ἀρνεία
2649 5583 2661 5603 ,
2704 5543 2963 5597 ἐτελείωσε
3018 5550 3294 5619 προσευχή
3333 5548 3556 5607 arma”.
3594 5549 3683 5603 καί
3705 5568 3795 5615 μοι

2208 5633 2321 5691 οῦδὲ
2351 5636 2415 5689 τά
2446 5634 2584 5695 ἐκτός
2632 5636 3012 5709 παραλειπτέα,
3052 5643 3144 5691 τοῦ
3198 5637 3477 5712 ἐνδῦματός
3516 5662 3665 5712 φημι,
3710 5645 3800 5693 καί

2210 5738 2301 5789 τῆς
2358 5731 2537 5793 ζώνης.
2576 5726 2699 5783 Ἀλλ’
2749 5727 2776 5782 ὁ
2818 5732 2911 5797 μὲν
2959 5730 3299 5808 πατριάρχης
3347 5733 3530 5789 Ἰακὼϐ
3594 5744 3793 5805 χιτῶνα
