4122 6534
395 387 501 462 ‘71

1583 397 1902 455 HISTORIA
1937 394 2141 454 CYCLI
2179 394 2488 455 DIONYSII.

3574 403 3678 461 ΕΒ

394 515 775 581 antecedente,
820 512 1023 588 pariter
1061 527 1126 569 ac
1170 514 1221 567 in
1262 512 1513 569 omnibus
1557 511 1695 579 aliis,
1726 496 1988 581 perpetuo
2022 513 2067 571 A
2096 511 2339 581 nysiano,
2373 519 2578 567 tantum
2609 512 2761 570 abest
2780 520 2841 566 ut
2873 512 3133 581 venditat,
3159 525 3215 571 ut
3242 517 3384 574 hunc
3404 518 3559 588 plane
3582 532 3680 590 pro

393 613 661 670 adhibent
697 622 862 664 seram
891 604 1269 669 Christianam,
1313 619 1435 659 cum
1480 604 1783 674 Dionysius,
1814 602 1867 655 in
1900 600 1988 654 illo

393 723 455 765 se
479 720 644 762 seram
675 700 1016 765 Diocletiani,
1046 713 1154 768 qua
1182 695 1414 768 Cyrillus
1458 712 1583 752 usus
1626 694 1823 759 fuerat,
1862 692 1991 747 reti-

393 798 599 861 nuisse,
629 795 786 863 eique
812 791 1173 847 Christianam
1204 789 1272 844 ab
1300 805 1444 843 anno
1472 789 1686 842 demum
1718 784 1823 839 532
1860 784 1987 839 sub-

393 888 658 951 stituisse,
691 886 894 939 diserte
933 882 1252 952 proﬁteatur
1283 878 1382 951 (a).
1405 879 1491 933 IV.
1524 877 1582 932 In
1614 878 1805 932 eodem
1834 874 1991 946 cyclo

394 982 717 1040 indictiones
745 978 904 1033 aliter
926 991 1086 1045 quam
1113 991 1143 1028 a
1172 973 1372 1045 Cyrillo
1423 979 1480 1027 et
1517 978 1772 1040 corrupte
1811 976 1993 1021 nume-

394 1082 587 1131 rantur
614 1072 711 1141 (b).
743 1069 919 1125 Taceo
958 1067 1153 1122 menda
1182 1064 1591 1134 quamplurima,
1632 1060 1893 1132 imprimis
1934 1059 1989 1114 in

394 1164 647 1221 columna
676 1170 847 1226 sexta,
882 1161 972 1215 ubi
1003 1160 1145 1213 lunae
1175 1156 1398 1213 decima:
1429 1164 1671 1224 quartae;
1702 1161 1757 1209 et
1797 1155 1852 1208 in
1891 1167 1989 1213 co-

396 1258 581 1312 lumna
629 1256 878 1325 septima,
917 1253 1006 1307 ubi
1055 1250 1318 1308 Paschata
1362 1251 1477 1319 ipsa
1522 1262 1807 1318 perperam
1845 1244 1990 1300 desi-

401 1356 640 1418 gnantur
668 1355 832 1415 atque
859 1343 914 1397 in
944 1342 1150 1397 alienos
1178 1341 1295 1395 dies
1324 1339 1739 1395 transferuntur.

1078 1432 1107 1504 ς
1147 1429 1308 1486 xvn.

467 1528 615 1585 Inter
634 1527 814 1583 omnia
845 1540 965 1596 quae
992 1526 1271 1595 hucusque
1298 1525 1368 1579 de
1393 1523 1550 1595 cyclo
1578 1522 1907 1593 Dionysiano
1935 1522 1990 1577 in

393 1622 571 1678 lucem
597 1620 934 1692 prodierunt,
957 1619 1004 1673 si
1026 1617 1365 1686 antiquitatis
1389 1624 1446 1673 et
1464 1615 1803 1671 auctoritatis
1824 1614 1994 1671 ratio-

396 1730 520 1770 nem
565 1714 788 1778 habeas,
830 1712 1125 1782 principem
1175 1708 1335 1765 facile
1370 1709 1551 1765 locum
1578 1715 1729 1763 tenet
1764 1720 1992 1777 apogra-

400 1804 570 1875 phum
606 1802 818 1873 lapidis,
857 1800 1145 1864 Ravennae,
1178 1799 1231 1854 in
1260 1813 1477 1854 camera
1514 1798 1755 1854 ecclesiae
1796 1804 1994 1852 metro-

2091 600 2375 670 deperdito
2404 602 2604 658 habeat
2632 604 2733 675 (ί).

2762 694 2791 767 5
2832 693 3017 751 xvnt.

2162 779 2291 847 Quae
2327 796 2453 839 cum
2500 785 2576 840 ita
2619 800 2680 841 se
2717 786 2996 853 baberent,
3034 787 3257 860 Cyclum
3296 788 3535 861 Dionysii
3579 804 3682 846 nec

2089 869 2359 941 integrum
2402 876 2633 945 amplius
2666 885 2899 945 exstare,
2934 894 3036 935 uec
3074 880 3173 934 nisi
3213 895 3311 950 per
3344 880 3681 951 conjecturas

2089 965 2357 1036 ejusmodi
2399 970 2611 1025 restitui
2654 986 2835 1041 posse,
2863 973 2997 1027 viris
3032 973 3205 1030 doctis
3251 975 3412 1045 plane
3455 975 3679 1040 credidi,

2076 1058 2400 1128 priusquam
2426 1060 2630 1116 codicis
2658 1061 2931 1130 Digbaeani
2962 1063 3016 1117 in
3052 1063 3378 1120 bibliotheca
3408 1064 3680 1121 Osouien-

2091 1149 2232 1204 sium
2281 1149 2569 1205 Bodleiana
2621 1151 2936 1221 inspiciendi
2973 1154 3130 1224 copia
3161 1155 3293 1211 mihi
3322 1158 3679 1224 contingeret.

2090 1236 2211 1295 Hoc
2237 1240 2383 1296 enim
2422 1241 2560 1297 libro
2597 1243 2908 1299 verissimas
2936 1243 3443 1321 ἐννιαδεκαετηρίδων
3480 1246 3682 1319 Diony-

2089 1331 2364 1387 sianarum
2390 1332 2623 1402 tabulas,
2653 1335 2843 1404 quales
2876 1336 2946 1391 ab
2980 1335 3099 1406 ipso
3123 1344 3346 1392 auctore
3372 1338 3500 1392 olim
3525 1338 3682 1394 edita:

2089 1430 2237 1490 sunt,
2262 1423 2550 1489 contineri,
2593 1427 2703 1493 q'uo
2732 1425 3040 1494 diligentius
3068 1427 3354 1497 anquisivi,
3383 1435 3536 1484 tanto
3563 1443 3683 1484 cer-

2092 1512 2321 1569 tioribus
2348 1515 2680 1582 argumentis
2699 1517 2973 1586 cognitum
3000 1517 3251 1573 iudicavi.
3280 1516 3415 1573 Cum
3437 1518 3574 1574 liber
3594 1520 3683 1575 ille

2091 1602 2419 1673 praecipuam
2445 1604 2570 1659 huic
2595 1605 3038 1662 commentationi
3067 1608 3410 1663 occasionem
3438 1609 3682 1677 pnebue-

2090 1694 2183 1759 rit,
2233 1710 2343 1751 non
2389 1695 2627 1751 alienum
2667 1695 2775 1752 hoc
2821 1696 2945 1753 loco
2994 1697 3227 1763 videtur,
3276 1699 3526 1754 notitiam
3568 1699 3682 1769 ejus

2090 1795 2256 1868 paulo
2290 1794 2611 1867 ampliorem
2636 1810 2799 1865 quam
2828 1795 3108 1864 catalogus
3146 1810 3246 1851 ms.
3279 1794 3485 1866 Anglia:
3510 1796 3684 1853 conti--

401 1894 657 1965 politana:
686 1893 1059 1962 conspicuum,
1092 1891 1161 1945 ab
1191 1888 1425 1945 Henrico
1449 1888 1663 1944 Norisio
1705 1888 1908 1944 editum
1937 1894 1995 1943 et
2022 1879 2069 1937 B
2097 1895 2189 1943 net
2215 1886 2291 1959 (g)
2336 1886 2704 1956 suppeditare.
2739 1885 2981 1957 Scriptus
3015 1894 3101 1944 est
3140 1887 3195 1941 in
3235 1887 3548 1943 membrana
3573 1884 3681 1944 fon-

396 1988 733 2044 illustratum
775 1985 875 2052 (e).
919 1981 1106 2050 Neque
1150 1981 1293 2035 enim
1334 1980 1422 2035 hic
1457 1978 1727 2034 immerito
1756 1977 1990 2048 lapidem

393 2082 568 2145 illum,
596 2084 651 2133 ut
679 2081 1087 2133 monumentum
1110 2071 1240 2143 cycli
1260 2069 1593 2140 Dionysiani,
1617 2070 1767 2124 initio
1789 2071 1986 2135 statim,

393 2174 499 2229 hoc
539 2177 622 2226 est
665 2170 783 2239 ipso
819 2165 1015 2224 smculo
1057 2179 1128 2227 Vt,
1173 2163 1402 2216 ecclesia:
1445 2162 1856 2232 metropolitanw
1886 2159 1992 2214 Ra-

392 2261 715 2327 vennatensi,
761 2257 906 2330 eique
950 2253 1254 2312 contributis
1293 2255 1568 2323 episcopis,
1612 2270 1737 2325 quos
1781 2261 1984 2318 vocant,

393 2351 761 2424 suﬂ'raganeis,
811 2348 1016 2420 probati
1069 2364 1131 2401 ac
1178 2349 1385 2417 recepti,
1438 2346 1799 2401 commendare
1842 2345 1985 2399 ride-

393 2456 479 2502 tur
508 2446 607 2516 td).
648 2442 756 2499 Sed
801 2449 1026 2507 erraret,
1064 2442 1109 2497 si
1156 2442 1276 2512 quis
1312 2442 1405 2497 illo
1443 2450 1615 2497 totum
1656 2439 1985 2509 diagramma

392 2538 532 2611 cycli
575 2535 885 2607 Dionysiani
918 2535 1182 2590 contineri
1228 2542 1463 2604 putaret.
1511 2533 1647 2589 Cum
1694 2533 1839 2588 enim
1884 2533 1987 2589 hoc

391 2637 522 2684 octo
543 2626 812 2682 columnis
831 2632 1060 2689 constet,
1086 2624 1138 2678 in
1164 2623 1563 2679 Ravennatensi
1582 2631 1813 2692 quatuor
1835 2624 1983 2693 prio-

392 2735 498 2787 res,
524 2734 645 2788 quae
672 2726 945 2773 certorum
972 2731 1238 2771 annorum
1267 2731 1523 2771 numeros
1543 2722 1599 2769 et
1616 2715 1981 2782 characteres,

391 2823 592 2876 atram,
636 2814 767 2876 puta
811 2804 1191 2871 Christianam,
1241 2805 1626 2874 indictionem,
1673 2814 1894 2876 epactas
1928 2813 1986 2883 et

391 2910 776 2960 concurrentes
793 2901 1241 2973 complectuntur,
1266 2903 1478 2957 omissae
1498 2910 1643 2969 sunt,
1666 2911 1827 2973 atque
1844 2903 1983 2960 adeo

392 3001 624 3062 quatuor
652 2998 858 3045 tantum
884 2990 1215 3059 posteriores
1240 3004 1359 3060 quae
1385 2990 1455 3046 ad
1483 2989 1845 3060 designandos
1866 2992 1984 3049 dies

392 3084 692 3156 paschales,
721 3084 775 3139 in
811 3083 997 3137 orbem
1032 3081 1343 3151 redeuntes,
1371 3082 1619 3139 suflicere
1642 3082 1979 3151 videbantur,

391 3182 674 3244 apparent,
704 3172 973 3238 videlicet,
1006 3171 1062 3226 1⁸
1103 3172 1328 3227 circulus
1374 3174 1595 3238 lunaris,
1628 3174 1683 3228 2⁸
1713 3176 1852 3230 luam
1891 3176 1984 3232 de-

2091 1992 2195 2033 mae
2222 1977 2468 2043 minoris,
2494 1977 2641 2031 illam
2669 1991 2832 2046 quam
2858 1984 3105 2033 octavam
3132 1979 3475 2035 nominamus
3505 1980 3683 2050 pauln«

2090 2079 2200 2134 lum
2240 2079 2580 2144 excedentis;
2624 2078 2821 2133 litteris
2848 2078 3060 2133 illarum
3089 2078 3377 2135 simillimis
3402 2093 3540 2150 quas
3572 2079 3683 2134 Ma-

2088 2158 2343 2224 billonius
2371 2168 2452 2240 (It)
2479 2166 2679 2224 saeculo
2704 2184 2798 2222 vut
2823 2167 3028 2223 tribuit.
3053 2166 3291 2221 Primum
3319 2167 3372 2221 in
3396 2168 3488 2222 illo
3504 2168 3683 2225 locum

2088 2268 2238 2315 tenet
2282 2260 2467 2330 cyclus
2503 2259 2771 2329 paschalis
2808 2258 2876 2313 ab
2901 2273 3046 2313 anno
3073 2258 3392 2313 Diocletiani
3421 2257 3546 2324 229,
3575 2258 3682 2312 hoc

2087 2359 2172 2406 est
2198 2366 2325 2405 ann.
2349 2350 2547 2406 Christi
2568 2349 2694 2416 515,
2719 2364 2817 2419 per
2834 2349 2907 2403 20
2928 2349 3499 2414 enneadecaeterides,
3522 2357 3683 2419 atque
3716 2388 3721 2392 ο

2086 2443 2223 2499 adeo
2254 2458 2428 2512 usque
2469 2442 2538 2497 ad
2584 2456 2787 2496 annum
2817 2440 3017 2497 Christi
3061 2440 3168 2495 892
3213 2442 3584 2508 continuatus;
3614 2455 3683 2496 ex

2084 2534 2282 2602 quibus
2307 2530 2913 2587 enneadecaeteridihus
2948 2547 3045 2588 sex
3087 2533 3296 2602 priores
3339 2542 3527 2602 postea
3555 2546 3682 2603 pro-

2083 2625 2342 2693 feremus,
2371 2633 2427 2679 et
2462 2623 2789 2694 ipsissimum
2832 2622 3073 2695 Dionysii
3103 2623 3313 2695 cyclqu
3350 2623 3682 2681 constituere

2082 2712 2593 2770 demonstrabimus.
2622 2712 2732 2766 Illis
2759 2712 3096 2782 subjungitur
3122 2712 3508 2781 compendiosa
3529 2727 3679 2782 qua}-

2082 2806 2206 2861 dam
2229 2814 2536 2878 temporum
2559 2803 2889 2875 supputatio,
2915 2804 2984 2858 ab
3008 2804 3142 2859 orbe
3169 2804 3390 2859 condito
3417 2819 3586 2876 usque
3612 2806 3679 2861 ad

2082 2900 2261 2956 Caroli
2281 2900 2351 2954 Μ.
2373 2906 2601 2954 mortem
2624 2897 2875 2963 deducta,
2900 2903 2955 2951 et
2978 2896 3339 2951 calendarium
3356 2894 3679 2963 Romanum,

2080 3004 2205 3045 cum
2223 2990 2400 3044 aureis
2424 2987 2682 3052 numeris,
2706 2987 2822 3043 sive
2837 2987 3004 3059 cyclis
3035 2985 3349 3041 Latinorum
3372 2996 3427 3042 et
3450 2985 3683 3043 Alexan-

2081 3082 2359 3138 drinorum
2407 3081 2491 3153 (i).
2525 3080 2838 3149 Sequuntur
2879 3077 3075 3134 deinde
3100 3092 3339 3133 canones
3363 3077 3678 3148 paschales,

2083 3173 2361 3228 orationes
2405 3180 2462 3229 et
2508 3172 2752 3243 epistola:
2805 3169 3113 3241 Theophili,
3166 3168 3422 3237 Protcrii,
3473 3168 3678 3240 Cyrilli,

392 3265 542 3318 εἰναι
569 3271 767 3333 quartae
802 3262 1096 3330 paschales,
1126 3261 1183 3317 5°
1213 3261 1327 3315 dies
1353 3261 1628 3319 dominica:
1661 3266 1975 3335 festivitatis,
2002 3250 2050 3312 (ἕ
2083 3263 2414 3331 Paschasihi,
2442 3263 2701 3335 Dionysii,
2726 3263 2940 3333 aliaque
2958 3270 3205 3316 veterum
3228 3261 3430 3331 scripta
3454 3260 3520 3315 ad
3543 3260 3679 3331 cycli

392 3352 449 3407 ιο
480 3354 607 3406 tuna
634 3352 787 3423 hujus
817 3352 920 3407 diei
954 3352 1248 3418 dominicis,
1277 3360 1333 3407 et
1359 3353 1462 3409 ista
1489 3354 1703 3422 quidem
1746 3370 1855 3410 non
1882 3370 1982 3410 eo;

392 3444 588 3501 lumnis
616 3444 887 3509 distincta,
935 3442 1030 3498 sed
1071 3444 1413 3499 orbiculatim
1457 3444 1714 3515 disposita
1746 3454 1890 3516 sunt,
1922 3455 1981 3502 ut

393 3538 512 3607 ipso
562 3546 785 3605 aspectu
834 3536 1094 3591 circulum
1143 3536 1383 3593 referant
1431 3536 1523 3609 (e).
1574 3537 1692 3608 Ipse
1738 3537 1982 3597 Norisius

392 3635 565 3682 rotam
603 3640 758 3681 suam
806 3625 1271 3681 Ravennatensem
1309 3642 1409 3697 pro
1436 3627 1647 3695 integro
1675 3628 1827 3699 cyclo
1854 3627 1984 3685 Dio-

486 3820 541 3892 ᾳ)
578 3820 639 3892 In
673 3820 987 3892 praefatione
1014 3819 1159 3892 Cycli
1187 3821 1373 3890 pasch.
1407 3821 1472 3875 ad
1500 3822 1828 3879 Petronium.

486 3822 541 3892 a)
578 3822 639 3877 In
673 3822 987 3892 praefatione
1014 3822 1159 3890 Cycli
1187 3822 1373 3890 pasch.
1407 3822 1472 3875 ad
1500 3822 1828 3879 Petronium.

462 3822 537 3964 fit)
574 3890 658 3949 Ita
688 3908 776 3948 an.
801 3890 999 3947 Christi
1155 3892 1365 3946 additur
1386 3892 1604 3948 indictio
1623 3910 1715 4017 lvxur
1739 3911 1836 3964 pro
1863 3910 1935 4021 ΕΙ

2082 3353 2354 3425 paschalis
2407 3353 2827 3423 explicationem
2882 3352 3208 3423 spectantia,
3256 3366 3290 3406 a
3332 3350 3679 3419 Regenboldc

2081 3443 2362 3500 sacerdote
2403 3443 2636 3513 quodam
2678 3443 2908 3498 collecta
2943 3442 3045 3513 (j).
3082 3441 3291 3509 Quibus
3338 3441 3553 3496 tandem
3585 3440 3680 3494 ad-

2082 3534 2282 3590 duntur
2311 3545 2626 3603 argumenta
2657 3533 3037 3605 Egyptiorum
3069 3532 3343 3603 paschalia
3382 3546 3450 3587 ex
3478 3531 3681 3587 versioJ

2083 3642 2154 3682 ne
2181 3625 2438 3697 Dionysii,
2471 3625 2743 3681 nonnullis
2766 3624 2982 3694 quidem
3013 3622 3415 3692 accessionibus
3443 3628 3603 3677 aucta
3624 3627 3681 3678 et

2088 3896 2219 3963 Quae
2244 3895 2518 3975 aberratio
2538 3893 2611 3948 ita
2640 3821 2824 3963 usqsuie5
2847 3892 2913 3947 ad
2953 3891 3199 3952 ultimum
3228 3837 3365 3965 οῖοῗὶ
3389 3890 3548 3960 hujus
3561 3834 3676 3946 illi:

2089 3982 2217 4022 num
2247 3973 2611 4021 continuatur.

967 4050 1055 4109 Sic
1082 4053 1279 4124 pascha
1305 4055 1431 4109 anni
1459 4054 1565 4131 §§§
1596 4073 1626 4111 a
1654 4059 1741 4113 die
1768 4076 1796 4113 ν
1836 4061 1938 4115 cal.
1965 4060 2093 4131 Apr.
2162 4059 2481 4114 transfertur
2545 4061 2613 4114 ad
2644 4058 2897 4131 calendas
2926 4057 3097 4131 April.

1768 4146 1843 4184 mt
1870 4131 1943 4185 id.
1976 4125 2108 4200 Apr.
2546 4130 2613 4185 ad
2647 4129 2783 4200 prid.
2813 4125 3099 4200 _id.4_AfpriI.

1466 4195 1574 4271 §§§
1765 4201 1869 4255 cal.
1914 4195 2084 4271 April.
2545 4201 2613 4271 ad
2639 4195 2849 4271 calend.
2870 4195 3031 4271 Maii.

1463 4264 1568 4337 569
1764 4285 1820 4324 x1
1847 4264 2113 4326 ealfMaii
2542 4269 2613 4324 ad
2644 4285 2697 4323 χι
2724 4269 2825 4323 cal.
2853 4268 3021 4337 April.

1459 4334 1562 4408 571
1718 4384 1719 4387 η
1764 4354 1818 4395 tv
1844 4340 1949 4395 cal.
1980 4340 2108 4408 Apr.
2540 4340 2605 4393 ad
2636 4354 2692 4393 Ill
2722 4338 2824 4392 cal.
2848 4334 3028 4408 April.

1461 4405 1566 4476 585
1767 4424 1857 4465 xtv
1886 4412 1989 4467 cal.
2021 4405 2148 4466 Maii
2539 4408 2607 4462 ad
2630 4424 2721 4462 xrv
2746 4408 2848 4461 cal.
2877 4405 3048 4476 April.

1456 4475 1561 4531 588
1765 4496 1855 4535 xtv
1883 4481 1985 4536 cal.
2013 4481 2140 4537 Maii
2536 4478 2606 4534 ad
2632 4495 2685 4533 tv
2711 4478 2813 4533 cal.
2836 4475 2981 4532 Maii.

463 4563 538 4636 (ε)
575 4563 803 4620 Dissert.
832 4564 901 4619 de
929 4565 1094 4637 Cyclo
1136 4566 1377 4635 paschali
1422 4566 1667 4623 Ravenn.
1715 4584 1977 4625 annorum

391 4637 484 4701 95,
516 4636 1031 4721 una_.cumdepochis
1069 4634 1607 4721 _S‘ylro.Macedonum,
1637 4637 1841 4695 Patavii
1871 4641 1981 4710 pri-

392 4721 539 4764 mum
568 4705 735 4774 edita,
757 4712 814 4758 et
842 4704 1032 4774 Lipsiae
1063 4704 1203 4759 1694
1234 4722 1440 4761 recusa.

488 4774 544 4843 ά)
576 4773 730 4848 μεθ
759 4773 924 4848 dicto,
961 4789 1081 4848 pag.
1114 4774 1216 4829 175
1244 4777 1371 4830 edit.
1404 4775 1547 4848 Lips.

487 4848 537 4916 e)
576 4844 728 4917 Ilotae
756 4843 1080 4917 hujusmodi,
1111 4854 1170 4899 ut
1198 4843 1487 4913 vocantur,
1509 4848 1787 4917 paschales
1811 4848 1861 4903 in
1886 4864 1981 4903 an-

392 4914 554 4985 tiquis
600 4914 781 4987 libris,
805 4914 872 4969 de
914 4918 1470 4987 temporuﬁmrratione
1509 4914 1741 4986 scriptis,
1783 4921 1981 4987 passim

393 4987 565 5040 obviae
583 4992 727 5057 sunt.
754 4985 989 5039 Duorum
1012 4986 1273 5057 imprimis
1293 4987 1560 5050 codicum,
1587 4985 1639 5043 in
1662 4989 1766 5044 hoc
1786 4985 1983 5057 genere

392 5055 905 5130 antiquissimorum,
936 5056 1209 5130 recordor,
1250 5057 1301 5130 in
1347 5059 1540 5130 quibus
1581 5059 1705 5130 illm,
1746 5055 1980 5130 Dionysii

393 5074 905 5126 auuqurssnmorum,
936 5074 1209 5121 recoruor,
1250 5074 1301 5110 tn
1347 5074 1540 5180 quibus
1581 5074 1705 5125 tuae,
1748 5074 1980 5130 Utonysn

393 5127 646 5197 epistolis
679 5125 1114 5193 argumentisque
1160 5127 1356 5196 pascha
1383 5129 1497 5182 ibus
1535 5128 1806 5197 subjectae,
1837 5131 1981 5185 aliud

394 5197 570 5270 agenti
600 5196 1423 5270 obgengrun_t;__uniushsmculo
1452 5215 1503 5252 Ix
1532 5196 1736 5270 scripti,
1770 5201 1821 5254 in
1846 5201 1977 5257 bibl.

396 5262 646 5321 Remensi
671 5262 728 5335 δ.
763 5264 1009 5335 Remigii,
1045 5282 1097 5319 η.
1131 5264 1259 5335 298,
1289 5270 1581 5324 secundum
1613 5262 1850 5327 veterem
1888 5288 1980 5328 ca-

397 5337 632 5404 talogum
681 5334 742 5388 D.
802 5334 897 5399 IX;
942 5337 1164 5392 alterius
1211 5334 1269 5392 in
1311 5338 1444 5394 bibl.
1484 5339 1836 5396 Cottoniana.
1881 5343 1979 5399 sub

392 5406 626 5473 imagine
653 5404 904 5475 Caligulm
933 5406 996 5459 A.
1029 5405 1116 5460 15.

491 5477 543 5546 f)
579 5475 698 5530 Vid.
734 5475 762 5547 ς
792 5475 877 5540 15,
911 5477 1015 5558 col.
1039 5476 1165 5545 475,
1197 5485 1309 5533 not.
1348 5479 1447 5603 ἳᾳ).

491 5547 543 5603 al
568 5545 624 5601 In
646 5547 893 5603 catalogo
924 5548 1044 5602 IIbl'.
1078 5564 1204 5603 mss.
1232 5551 1349 5603 Ana
1376 5566 1436 5603 me

466 5545 543 5619 (g)
568 5545 624 5601 In
645 5545 893 5619 catalogo
924 5548 1044 5602 libr.
1078 5564 1204 5604 mss.
1232 5545 1436 5618 Anglice
1463 5559 1518 5604 et
1543 5549 1809 5605 Hibernia:
1836 5548 1981 5604 Oxo-

394 5616 599 5671 niiV'an.
635 5616 774 5670 1697
803 5618 971 5684 edito,
1005 5616 1342 5675 bibliothecai
1374 5621 1691 5684 Bodleianm,
1722 5622 1893 5675 classe
1925 5619 1977 5685 5,

394 5688 537 5761 inter
556 5687 772 5742 codices
808 5685 1059 5761 Iicnehni
1098 5688 1318 5758 Digbmi,
1351 5707 1469 5761 pag.
1498 5690 1586 5761 80,
1615 5709 1671 5747 η.
1705 5690 1858 5753 1664,
1885 5691 1973 5757 65,

393 5758 565 5812 etulex
594 5766 777 5811 noster
807 5759 888 5812 his
914 5760 1094 5815 verbis
1132 5758 1481 5817 recense—tur:
1520 5760 1671 5815 Liber
1708 5763 1814 5817 sive
1838 5773 1975 5815 trac-

397 5838 533 5883 tatus
584 5828 860 5883 admodum
901 5831 1140 5895 antiquus
1190 5832 1252 5885 de
1302 5831 1519 5888 Ratione
1542 5833 1975 5896 Paschatis,cum

1136 4566 1377 4641 paschali
1405 4566 1667 4641 _Ravenn_.
1715 4584 1977 4641 annorum
2012 4577 2058 4634 D
2083 4572 2238 4627 veteri
2284 4571 2584 4626 calendario
2606 4580 2655 4624 et
2692 4571 2926 4625 oratione
2954 4568 3224 4641 Theopjili
3244 4569 3588 4641 Casareensis
3613 4573 3678 4628 de

2087 4641 2270 4696 eadem
2299 4659 2374 4705 re,
2409 4650 2506 4697 etc.
2523 4659 2541 4707 ;
2573 4641 2797 4695 Proterii
2826 4640 3065 4709 epistola,
3095 4638 3390 4694 ’Tractatus
3438 4640 3677 4709 Dionysii

2095 4710 2282 4783 Exigui
2307 4710 2529 4783 abbatis;
2560 4708 3187 4783 Computatiaﬂegigaldi
3216 4710 3520 4783 sacerdotis;
3542 4708 3677 4783 alius

2096 4778 2343 4835 tractatus
2372 4782 2629 4836 deTitulis
2656 4778 3395 4851 paschalibus—rﬂ'ggptiorum,
3415 4791 3515 4836 etc.
3544 4781 3676 4834 ch

2090 4856 2266 4922 quinia
2305 4852 2661 4920 antiquissimo
2710 4851 3004 4922 charactere
3028 4860 3274 4922 “exarata
3312 4859 3452 4922 sunt,
3495 4851 3677 4922 primis

2093 4919 2505 4977 Christianorum
2534 4922 2805 4977 Saxonum
2831 4923 2887 4974 in
2903 4919 3093 4990 Anglia
3122 4920 3452 4990 temporibus.

2188 4993 2242 5061 Ιι)
2275 4990 2569 5061 Maliillon.,
2592 4992 2659 5046 de
2684 4992 2762 5045 Re
2790 4988 3020 5061 Diplom.
3053 4990 3125 5044 lib
3148 4988 3229 5053 .v,
3253 4989 3362 5045 tab.
3387 4989 3440 5055 9,
3472 5006 3525 5060 p.
3547 4988 3672 5047 561.

2180 5060 2231 5130 ἕ)
2263 5060 2547 5117 Geminum
2591 5062 2696 5117 hoc
2722 5060 3087 5130 calendarium
3110 5070 3193 5115 est
3222 5060 3296 5114 illi
3325 5061 3467 5128 quod
3497 5069 3673 5115 exstat

2084 5131 2138 5186 in
2164 5128 2321 5187 Bedae
2349 5130 2448 5201 Op.
2483 5141 2613 5186 tom.
2643 5130 2694 5197 I,
2725 5147 2779 5200 p.
2818 5128 2949 5201 212,
2977 5131 3075 5185 sub
3114 5130 3302 5185 titulo:
3335 5130 3670 5201 Ephemeris,

2085 5210 2140 5272 et
2166 5203 2308 5271 apud
2348 5199 2651 5268 Petavium,
2674 5199 2814 5272 libro,
2839 5216 2889 5253 vr
2924 5200 2991 5272 de
3017 5201 3200 5256 Doctr.
3244 5199 3435 5271 temp},
3464 5200 3585 5272 cap.
3619 5199 3674 5269 5,

2086 5269 2214 5328 licet
2240 5273 2307 5326 ab
2337 5281 2564 5341 utroque
2586 5273 2637 5325 in
2670 5271 2848 5325 multis
2878 5269 3039 5341 etiam
3068 5271 3357 5326 diversum.

2157 5342 2234 5424 (Ι)
2264 5343 2392 5424 less
2410 5339 2605 5424 "circa
2634 5356 2811 5424 ευυεην
2836 5339 2999 5424 Paul?
3025 5349 3146 5409 ροει
3167 5339 3671 5424 ερίξιοιειειηβρίρ·

2087 5408 2223 5483 nysii
2255 5408 2703 5483 adBonifacium,
2737 5411 2821 5483 his
2838 5408 3351 5483 Vverbisprolitetur
3371 5430 3384 5465 :
3419 5411 3567 5483 Finit
3608 5412 3668 5465 liv

2088 5477 2177 5536 ὀὲν
2217 5485 2281 5536 de
2311 5482 2719 5551 Computatione.
2758 5477 3143 5551 Regenboldas,
3170 5481 3411 5536 sacerdos
3440 5483 3504 5536 de
3528 5481 3671 5535 Pen-

2087 5555 2249 5613 tonia,
2283 5550 2490 5624 scripsit
2518 5554 2671 5624 istum
2700 5551 2947 5624 libellum,
2984 5558 3033 5602 et
3058 5550 3511 5624 quicunqueulegit,
3534 5568 3673 5624 sem-_-

2085 5641 2176 5693 per
2204 5639 2296 5692 pro
2337 5620 2428 5693 illo
2466 5632 2594 5693 oret.
2622 5622 2758 5693 Quae
2801 5620 2963 5676 verba
3012 5636 3120 5693 non
3175 5620 3547 5693 esse_librarii,
3580 5621 3669 5680 sed

2083 5688 2409 5757 collectoris,
2437 5692 2529 5762 vel,
2549 5691 2672 5746 inde
2701 5699 2868 5762 patet,
2896 5688 3042 5759 quod
3074 5704 3181 5744 non
3212 5690 3264 5744 in
3294 5690 3400 5745 fine
3430 5693 3548 5747 libri
3576 5709 3672 5760 po-

2080 5764 2182 5817 sita
2230 5768 2391 5829 sunt,
2438 5761 2535 5817 sed
2578 5761 2754 5834 plura,
2798 5762 2988 5818 eadem
3016 5774 3178 5816 manu
3228 5762 3454 5835 scripta,
3480 5764 3667 5819 subse-

2078 5841 2334 5901 quuntur.
