4122 6508
470 291 564 348 ικτ

1887 291 2173 351 DiONYSll
2217 291 2450 348 EXIGUI
3682 295 3770 350 '88

466 418 604 472 clum
646 423 696 480 ⁸,
719 415 842 481 quia
873 427 966 468 sex
1007 413 1179 466 adhuc
1232 427 1298 466 ex
1352 426 1418 465 co
1464 410 1588 464 anni
1625 419 1965 480 supererant,
2013 409 2063 463 in
2099 413 2142 469 Λ
2173 411 2485 472 decurrant,
2519 415 2737 477 epactas
2764 407 2946 469 etiam,
2980 423 3112 477 quas
3138 407 3310 462 Circei
3343 419 3556 480 vorant,
3591 413 3640 467 id
3669 427 3770 477 est,

467 515 654 561 nostro
685 505 788 561 hoc
830 520 995 576 opere
1025 503 1412 576 pnelerentes,
1444 519 1509 559 ac
1546 503 1803 575 deinceps
1831 503 2070 572 quinque

467 599 600 652 alios
640 595 794 667 juxta
825 610 1070 650 normam
1120 593 1362 663 ejusdem
1409 593 1699 666 pontiﬁcis,
1748 595 1854 649 imo
1893 595 2072 664 potius

468 705 611 759 saepe
652 688 783 745 dicti
824 687 1024 743 Nicaeni
1074 686 1309 751 concilii,
1363 700 1463 742 nos
1511 685 1810 754 ordinasse,
1843 681 2069 756 proﬁte-

469 797 605 834 mur.
634 777 769 845 Quia
798 793 927 833 vero
953 777 1010 834 S.
1046 776 1278 852 Cyrillus
1309 778 1538 848 primum
1577 777 1790 848 cyclum
1823 777 1891 831 ab
1922 791 2066 830 anno

471 872 787 928 Diocletiani
831 873 1127 927 centesimo
1158 871 1604 944 quinquagesimo
1637 871 1795 926 tertio
1825 870 1988 940 erepit
2019 877 2073 924 ct

467 965 714 1021 ultimmn
766 966 817 1020 in
848 966 1219 1021 ducentesimo
1249 965 1667 1035 quadragesimo
1703 965 1935 1035 septimo
1963 971 2075 1018 ter—

469 1057 709 1125 minavit,
743 1056 769 1096 b
810 1073 908 1112 nos
932 1073 964 1112 a
1001 1057 1374 1112 ducentesimo
1416 1057 1829 1129 quadragesimo
1879 1064 2073 1111 octavo

468 1167 614 1207 anno
663 1149 906 1223 ejusdem
957 1153 1170 1223 tyranni
1218 1153 1397 1222 potius
1444 1168 1604 1224 quam
1647 1149 1923 1222 principis,
1985 1150 2070 1205 in-

471 1246 754 1310 choantes,
792 1243 1065 1302 noluimus
1095 1245 1310 1300 circulis
1340 1244 1542 1300 nostris
1576 1244 1891 1300 memoriam
1920 1244 2070 1316 impii

466 1344 523 1389 et
550 1336 916 1405 persecutoris
944 1335 1244 1404 innectere,
1275 1337 1372 1393 sed
1403 1337 1573 1405 magis
1602 1337 1862 1406 elegimus
1893 1336 1962 1392 ab
1992 1337 2074 1391 in-

467 1427 790 1483 carnatione
818 1426 1030 1482 Domini
1059 1427 1231 1484 nostri
1259 1426 1386 1482 Jesu
1408 1427 1604 1483 Christi
1643 1443 1907 1482 annorum
1939 1437 2076 1483 tem-

471 1534 600 1588 pora
632 1526 942 1590 pramotare
968 1535 980 1586 ;
1010 1529 1277 1589 quatenus
1307 1518 1588 1574 exordium
1620 1520 1732 1590 spei
1763 1529 1962 1574 nostrae
1986 1535 2076 1572 no-

471 1609 576 1662 tius
609 1609 763 1664 nobis
798 1609 1075 1675 existeret,
1110 1617 1164 1664 et
1209 1625 1370 1664 causa
1413 1609 1774 1680 reparationis
1803 1610 2070 1676 humanm,

470 1701 524 1754 id
571 1709 672 1767 est,
731 1701 909 1772 passio
945 1699 1330 1773 Redemptoris
1376 1701 1565 1770 nostri,
1617 1701 1919 1758 evidentius
1958 1701 2076 1756 elu-

469 1799 619 1847 ceret
643 1803 690 1846 ε.

539 1883 657 1941 Hoc
691 1894 953 1956 praeterea
999 1885 1260 1942 lectorem
1293 1885 1602 1958 putavimus
1648 1883 2074 1953 admonendum,

471 1975 615 2047 quod
644 1978 878 2033 circulus
908 1979 1009 2034 iste
1040 1975 1066 2015 ⁶¹
1099 1979 1388 2048 nonaginta
1419 1987 1475 2034 et
1519 1977 1757 2049 quinque
1786 1994 2070 2042 annorum,

472 2083 631 2136 quem
675 2067 923 2135 fecimus,
957 2085 1102 2137 cum,
1136 2068 1287 2124 linito
1317 2078 1583 2140 tempore,
1617 2070 1670 2124 in
1702 2069 1754 2124 id
1782 2070 1956 2141 ipsum
1984 2086 2073 2126 re-

473 2159 609 2211 verti
660 2159 907 2229 coeperit,
962 2176 1067 2213 non
1123 2175 1220 2230 per
1247 2161 1428 2215 omnia
1480 2162 1865 2231 prepositam°
1895 2170 2079 2216 teneat

475 2245 802 2303 firmitatem.
837 2249 968 2302 Nam
997 2249 1125 2304 licet
1171 2250 1298 2304 anni
1328 2248 1539 2305 Domini
1571 2251 1738 2306 nostri
1763 2248 1892 2306 Jesu
1929 2251 2077 2305 Chri-

474 2343 544 2396 sti
580 2341 595 2379 τ
627 2343 872 2398 ordinem
923 2359 1076 2398 suum
1120 2344 1432 2399 continuata
1481 2344 1620 2400 serie
1664 2343 1990 2410 custodiant,
2023 2353 2079 2399 et

480 2433 809 2490 indietiones
848 2450 947 2506 per
973 2449 1147 2491 annos
1185 2435 1492 2507 quindecim
1536 2435 1694 2492 solita
1737 2435 2078 2492 revolutione

474 2617 541 2690 ile
567 2636 674 2688 quo
690 2621 947 2690 quaeritur
975 2617 1085 2673 552
1111 2627 1261 2690 recte
1285 2617 1636 2690 investigatns
1665 2624 1719 2671 et
1739 2617 2078 2690 constitutus

475 2689 560 2765 sit.
590 2687 678 2744 ’At
708 2687 990 2762 perperam
1023 2692 1146 2745 hinc
1177 2688 1406 2765 infertur
1447 2689 1674 2765 primum
1707 2701 1905 2739 annum
1934 2687 2076 2765 cycli

478 2759 820 2833 Dionysiani;
838 2763 1130 2816 secundum
1160 2775 1323 2833 ueram
1342 2759 1548 2833 Christi
1577 2765 1943 2833 numeratum,
1965 2759 2073 2833 _qui

477 2830 516 2883 N
543 2832 600 2884 Β.
617 2826 839 2888 somnis
869 2840 972 2897 est,
997 2850 1064 2887 ex
1087 2839 1266 2885 mente
1296 2829 1554 2897 Dionysii,
1574 2828 1785 2882 initimn
1815 2826 2074 2880 habuisse

477 2903 541 2979 ab
582 2903 672 2979 illa
719 2905 785 2958 14
817 2906 940 2958 luna
961 2890 1208 2979 paschali
1257 2900 1383 2954 anni
1416 2890 1549 2953 55L
1579 2898 1732 2964 Quod
1762 2897 1958 2979 mirum
1989 2903 2074 2951 est

479 2970 754 3030 Petavium
786 2987 842 3031 et
869 2982 948 3029 tot
975 2966 1115 3031 alios
1155 2987 1279 3028 eum
1322 2981 1544 3027 secutos
1575 2986 1682 3024 non
1729 2966 2074 3022 animadver-

477 3043 625 3100 tisse.

481 3119 484 3122 ’
545 3125 571 3184 9
614 3115 687 3169 lta
718 3113 761 3170 Α
789 3125 844 3171 et
872 3116 932 3172 Β.
967 3115 1090 3184 Alii,
1122 3114 1391 3170 circulum.

545 3182 572 3223 δ
612 3184 672 3252 C,
705 3188 1029 3244 elucesceret.

547 3266 574 3330 ς
611 3256 679 3330 ᾼ,
708 3258 880 3329 cyclus
906 3260 1036 3330 ipse.

544 3323 570 3363 ἀ
615 3323 678 3398 A,
725 3323 1077 3398 prirpositnm.

548 3408 572 3434 °
616 3395 929 3456 Latercnlus
961 3401 1317 3455 Dionvsiauus
1340 3404 1466 3452 octo
1495 3402 1578 3450 vel
1608 3410 1799 3451 novem
1828 3395 2074 3450 versibus

479 3484 529 3524 ε(
548 3470 783 3537 ιικιειιιςιι,
814 3480 920 3525 etc.
955 3461 1365 3527 Adnn'iationem
1391 3469 1529 3537 hanc
1553 3467 1754 3520 Petavii
1775 3467 1884 3535 jam
1908 3479 2072 3536 supra

478 3542 526 3593 in
569 3537 703 3613 i_l'r_st.
735 3541 871 3612 cycli
912 3543 1246 3613 Dionysiani,
1434 3548 1558 3592 nota
1587 3539 1664 3608 (α)
1693 3539 1988 3613 a_tt_nlimus.
2019 3545 2074 3613 et

473 3611 600 3685 quid
633 3611 684 3664 in
804 3628 951 3685 vere,
984 3604 1106 3685 quid
1139 3604 1366 3667 falso'de
1390 3609 1562 3665 forma
1594 3604 1730 3682 cycli
1759 3607 2073 3681 Dionysiani

476 3680 796 3748 conjecerit,
831 3680 1204 3741 indica-vimus.

551 3751 570 3789 τ
611 3752 672 3812 C.
703 3755 904 3810 eadem.

550 3833 575 3870 Β
617 3822 952 3892 Explicatum
981 3825 1084 3880 hoc
1111 3834 1193 3880 est
1224 3823 1314 3878 lib.
1348 3839 1385 3879 ιι
1411 3821 1478 3877 de
1509 3819 1697 3876 Doctr.
1732 3829 1921 3892 temp.,
1951 3833 2072 3888 cap.

474 3891 562 3964 67,
595 3911 645 3964 p.
672 3891 776 3947 2'26
800 3905 852 3950 et
882 3896 1007 3951 2‘27.
1037 3895 1326 3952 Punvws.

547 3961 572 4034 ξι
596 3961 677 4026 Ἀ,
711 3968 1038 4034 septimanae.

551 4033 564 4071 ί
614 4037 678 4099 Α,
715 4033 1038 4092 Damiuicus.

549 4109 562 4176 ι
606 4105 739 4160 Vide
765 4123 883 4176 qua:
913 4108 980 4162 ad
1025 4109 1164 4162 hanc
1197 4107 1320 4163 locu
1345 4124 1373 4159 ιι
1406 4106 1646 4176 disputat
1694 4102 2070 4166 Pctaviusﬂih.

477 4190 510 4231 tt
535 4175 600 4230 ile
632 4175 816 4231 Doctr.
853 4188 1042 4246 temp.,
1069 4195 1117 4232 (υ.
1147 4178 1234 4232 67.

545 4246 570 4320 ξ
613 4249 657 4320 Α
687 4256 741 4301 et
766 4249 826 4313 C,
861 4251 1294 4320 septimunurum;
1325 4247 1436 4317 alii,
1471 4257 1662 4320 septem
1689 4247 1907 4303 dierum.

553 4315 568 4356 ¹
615 4319 677 4380 C,
711 4315 945 4386 septimo.

547 4397 585 4426 ιη
627 4387 667 4440 Β
693 4399 745 4444 ct
775 4390 835 4452 C,
866 4409 1094 4446 recursu.

550 4467 576 4495 η
621 4459 680 4530 C,
713 4461 939 4530 deﬁciat.

551 4541 576 4565 υ
616 4528 677 4595 C,
713 4528 806 4584 bis.

551 4611 577 4687 lit
620 4586 707 4687 Ιξῖλ
727 4601 893 4687 initio‘
909 4602 1041 4674 cyi-li
1068 4602 1378 4676 Diooysiani
1409 4619 1498 4659 an.
1531 4602 1886 4687 Christ._i.53_2,
1917 4605 2070 4687 cyclo

478 4673 610 4729 solis
647 4671 730 4736 l9,
785 4674 825 4726 D
855 4672 894 4727 C
927 4671 1092 4730 aureo
1139 4671 1361 4731 mmiero
1403 4692 1450 4738 ι,
1504 4676 1774 4744 paschalis
1803 4671 2070 4731 dominia

475 4745 590 4798 dies
619 4744 861 4813 signatur
903 4761 956 4800 ιιι
1003 4745 1073 4799 id.
1123 4747 1276 4814 Apr.,
1319 4748 1442 4801 lun-i
1487 4763 1592 4810 xx;
1640 4762 1825 4800 verum
1856 4748 2072 4802 evolato

477 4817 629 4886 cyclo
659 4832 922 4870 annorum
957 4834 1076 4878 xcv,
1115 4834 1255 4872 anno
1285 4817 1480 4872 Christi
1511 4818 1632 4870 627.
1669 4817 1938 4873 Dominica
1973 4834 2067 4887 pa-

477 4887 674 4941 schalis
701 4887 753 4940 in
778 4888 926 4959 cyclo
956 4887 1140 4943 Isiziori
1169 4898 1382 4943 notatur
1408 4890 1544 4957 prid.
1576 4889 1671 4950 ιιι..
1701 4887 1749 4944 id
1775 4899 1857 4944 est
1883 4891 1968 4942 die
2002 4906 2071 4942 xu

477 4959 696 5028 Aprilis,
729 4958 853 5012 luna
882 4976 991 5023 xxi,
1034 4975 1096 5014 ac
1138 4960 1383 5028 proinde,
1435 4959 1580 5027 quod
1623 4961 1894 5016 bissextus
1929 4976 2070 5013 anno

478 4977 519 5013 Α
563 4977 696 5021 ruis,
729 4977 853 5012 mna
882 4977 991 5023 xxi,
1034 4977 1096 5014 ac
1138 4977 1383 5028 proinde,
1435 4977 1580 5027 quoa
1623 4977 1894 5016 bissextus
1929 4977 2070 5013 anno

478 4977 677 5084 (liii-isti
703 5027 806 5082 532
832 5029 1103 5088 inseritur.
1145 5032 1197 5084 in
1227 5031 1452 5098 repetita
1482 5031 1726 5099 periodo,
1766 5040 1824 5084 ut
1846 5031 1920 5084 ait
1942 5031 2070 5085 Dio-

479 5101 685 5170 nysius,
722 5099 925 5154 Pascha
961 5100 1287 5156 Dominicum
1318 5118 1432 5154 cum
1460 5117 1554 5154 sua
1586 5101 1711 5156 luna
1738 5103 1883 5156 vario
1921 5102 2071 5156 modo

481 5172 701 5224 rationis
752 5173 1007 5237 occurrit,
1057 5188 1178 5226 cum
1212 5172 1342 5227 illud
1386 5172 1439 5226 in
1473 5172 1775 5240 proximum
1807 5173 1947 5226 diem
1980 5172 2073 5226 de-

479 5241 723 5309 scendat,
769 5258 833 5296 ac
862 5243 999 5297 luam
1042 5253 1171 5297 ictas
1209 5251 1489 5312 augeatur.
1539 5241 1646 5297 Sed
1695 5243 1868 5312 major
1910 5244 2072 5296 etiam

481 5313 708 5366 variatio
738 5315 1043 5374 accidebat,
1099 5314 1310 5382 quoties
1346 5329 1488 5366 anno
1516 5314 1779 5370 hissextili
1823 5314 1947 5368 luna
1976 5313 2073 5369 de-

483 5381 616 5435 cina
643 5393 835 5452 quarta
881 5381 1175 5446 Paschalis,
1201 5385 1441 5439 incidens
1470 5385 1520 5437 in
1549 5383 1690 5440 diem
1722 5385 2072 5452 dominicam,

485 5452 674 5506 fustium
711 5454 761 5507 in
793 5457 1090 5522 proximam
1121 5456 1444 5508 dominicam
1477 5472 1539 5510 ac
1565 5455 1741 5510 lunam
1776 5471 1868 5511 xxi
1900 5466 2075 5509 trans-

485 5526 748 5578 mittebat.
797 5525 946 5582 Tunc
987 5528 1126 5580 enim
1170 5527 1218 5579 in
1269 5527 1424 5596 cyclo
1457 5527 1752 5582 instaurata
1788 5527 1990 5583 Pascha
2023 5528 2072 5580 in

484 5596 808 5650 anteriorem
870 5597 1256 5652 helnlomadem
1315 5598 1706 5654 retrocedehat.
1785 5599 1860 5652 lta
1930 5613 2072 5650 anno

488 5666 744 5738 liissextili
800 5667 995 5722 Christi
1053 5668 1156 5720 448
1189 5707 1203 5732 ,
1261 5671 1411 5738 cyclo
1467 5671 1594 5725 solis
1647 5671 1713 5734 9,
1771 5686 1875 5732 nc,
1938 5671 2075 5722 hunc

487 5752 590 5802 xu,
651 5737 701 5790 in
759 5741 912 5809 cyclo
966 5738 1147 5810 Cyr-illi
1209 5737 1487 5794 ιιίιιιιιιοιιὶτι
1547 5741 1814 5810 paschalis
1869 5738 2073 5810 aﬂixa,

486 5809 782 5864 sei-nudum
832 5809 1065 5864 canones
1115 5809 1686 5879 Alt-xandrimis,idici
1741 5827 1848 5866 xxtt
1899 5809 2074 5865 Martil

2173 499 2505 569 adjectiones
2531 514 2738 555 annuas
2761 500 2979 554 lunares
3001 500 3252 554 undecim
3282 515 3403 570 qua:
3431 505 3646 572 triginta
3667 507 3777 561 die-

2176 610 2294 649 rum
2327 592 2433 650 ﬁne
2458 594 2511 649 in
2537 607 2596 650 se
2620 593 2869 660 redeunt,
2903 592 3023 648 ﬁxis
3049 593 3250 661 regulis
3277 594 3522 651 invenias
3549 597 3776 654 adnota-

2175 697 2280 753 tas,
2312 686 2861 744 decemnovennalem
2893 701 3110 756 quoque
3139 701 3442 757 recursum,
3471 697 3526 743 et
3549 693 3777 761 pascha—

2176 779 2255 834 les
2293 789 2515 850 quartas
2544 778 2782 834 decimas
2827 777 3001 846 lunas,
3044 779 3260 834 easdem
3287 787 3312 828 Β
3345 781 3588 836 omnium
3632 798 3777 839 aevo-

2176 887 2295 926 rum
2341 870 2680 926 revolutione
2724 871 2997 941 reperias;
3031 878 3210 926 tamen
3251 879 3498 928 tenorem
3544 875 3778 930 similem

2175 966 2491 1019 constantia:
2519 958 2554 1000 ιι
2584 972 2859 1032 nequeunt
2907 962 3182 1018 custodire
3224 971 3613 1021 concurrentes
3659 965 3779 1022 dies

2175 1056 2575 1112 hebdomadam
2603 1057 2648 1123 τ,
2700 1063 2756 1111 et
2791 1055 2906 1112 dies
2951 1054 3172 1112 Pascha:
3219 1049 3434 1112 Domini
3463 1061 3510 1124 ι,
3541 1058 3781 1131 lunaque

2178 1153 2344 1225 ipsius
2369 1151 2474 1207 diei
2505 1149 2758 1206 dominici
2795 1153 2839 1206 i.
2865 1149 3323 1205 Concurrentinm
3360 1160 3541 1206 autem
3565 1153 3776 1208 hebdo—

2178 1242 2442 1300 madumIl
2477 1243 2637 1308 ratio,
2696 1257 2815 1313 quae
2851 1241 2919 1297 de
2971 1241 3102 1296 solis
3152 1258 3314 1298 cursu
3369 1245 3638 1314 provenit,
3689 1260 3778 1299 se-

2177 1347 2344 1408 pteno
2372 1334 2388 1374 ι
2418 1351 2682 1390 annorum
2727 1335 2840 1405 jugi
2889 1333 3116 1389 circuitu
3169 1335 3513 1393 terminatur.
3565 1333 3622 1390 In
3669 1355 3778 1408 quo

2177 1445 2274 1501 per
2302 1445 2474 1482 annos
2502 1426 2744 1496 singulos
2795 1442 2956 1480 unum
3007 1443 3294 1481 numerare
3323 1427 3568 1490 curabis;
3607 1429 3662 1484 in
3711 1445 3778 1486 eo

2179 1520 2553 1574 tantummodo
2599 1534 2743 1574 anno
2786 1521 2838 1574 in
2870 1535 2978 1590 quo
3003 1517 3276 1575 bissextus
3306 1521 3488 1591 fuerit,
3521 1521 3655 1579 duos
3684 1524 3778 1578 ad-

2171 1612 2345 1682 jicies.
2377 1611 2506 1679 Quae
2534 1626 2695 1668 causa
2727 1613 2888 1666 etiam
2924 1611 3052 1668 facit
3090 1620 3148 1667 ut
3193 1629 3298 1667 non
3336 1629 3437 1684 per
3463 1616 3642 1670 omnia
3672 1616 3779 1674 cir~

2177 1704 2331 1758 culus
2371 1703 2471 1757 iste
2516 1701 2807 1771 nonaginta
2855 1703 3095 1772 quinque
3135 1717 3400 1758 annormn
3447 1719 3548 1760 suo
3594 1720 3779 1762 recur-

2110 1800 2155 1859 B
2182 1795 2264 1850 sui
2287 1804 2325 1831 ω
2350 1793 2669 1850 concordari
2694 1794 2958 1848 videatur.
2988 1793 3119 1848 Nam
3144 1810 3264 1849 cum
3293 1799 3349 1852 in
3381 1798 3593 1853 ceteris
3621 1800 3778 1855 annis

2182 1905 2288 1944 non
2312 1887 2594 1943 dissentiat
2615 1896 2664 1955 ιι,
2683 1887 2732 1941 in
2764 1887 2867 1942 illis
2893 1897 2917 1924 ο
2943 1887 3096 1955 solis,
3129 1887 3181 1941 in
3205 1887 3398 1958 quibus
3426 1904 3486 1946 se
3507 1889 3780 1948 bissextus

2182 1981 2452 2038 interserit
2475 1992 2520 2044 ρ,
2547 1979 2753 2036 Pascha
2802 1979 3129 2036 dominicum
3159 1997 3282 2036 cum
3331 1997 3426 2037 sua
3471 1982 3594 2037 luna
3627 1985 3778 2040 vario

2182 2061 2344 2129 modo
2389 2072 2619 2128 rationis
2648 2072 2882 2151 occuL-rit
2905 2081 2952 2126 ει.
2985 2069 3092 2126 Sed
3138 2073 3192 2126 bi
3239 2073 3332 2142 qui
3366 2061 3567 2130 ordine
3617 2073 3725 2132 fixo
3753 2087 3776 2115 ι·

2181 2183 2279 2238 per
2323 2164 2504 2220 omnia
2557 2163 2856 2218 decurrunt
2903 2172 3166 2234 tempora,
3212 2165 3492 2220 mobilium
3539 2183 3723 2222 casum
3752 2174 3772 2204 ⁸

2181 2271 2276 2311 sua
2320 2254 2498 2310 stabili
2530 2254 2848 2310 circuitione
2887 2254 3004 2310 sine
3051 2255 3157 2309 ulla
3185 2265 3415 2326 possunt
3463 2257 3777 2316 diﬂicultate

2180 2347 2432 2416 dirigere.
2465 2343 2532 2400 Et
2558 2347 2680 2400 ideo
2730 2353 2852 2416 post
2888 2345 3254 2416 expli-tionem
3294 2363 3396 2403 xcv
3435 2364 3698 2406 annorum
3728 2355 3775 2420 ι,

2180 2454 2303 2496 cum
2332 2439 2525 2494 harum
2556 2443 2736 2493 rerum
2776 2435 3010 2508 diligens
3053 2438 3120 2494 ad
3168 2439 3452 2496 exordium
3481 2443 3661 2500 redire
3689 2461 3776 2502 vo-

2181 2618 2440 2688 prodehat
2472 2617 2654 2670 lunam
2684 2616 2770 2671 die
2800 2615 2834 2668 4
2864 2617 3078 2681 Aprilis,
3113 2619 3414 2686 dominica;
3465 2623 3608 2677 unde
3636 2623 3774 2680 dila-

2177 2687 2293 2744 tum
2343 2687 2546 2744 Pascha
2596 2689 2649 2765 in
2683 2688 2835 2765 diem
2909 2705 2958 2742 xl
3009 2690 3136 2765 raptt.
3195 2690 3349 2765 lima_
3370 2707 3501 2765 xxr._
3534 2695 3601 2746 At
3653 2705 3774 2765 post

2182 2777 2352 2835 annos
2393 2776 2516 2824 xcv,
2543 2758 2806 2835 videlicet
2838 2775 2979 2835 mmo
3009 2760 3212 2835 Christi
3251 2759 3374 2828 545,
3403 2763 3592 2817 eodem
3618 2758 3773 2835 chclo

2182 2831 2322 2903 luna:
2353 2847 2442 2893 xu,
2464 2831 2602 2903 solis
2630 2846 2716 2893 xx,
2749 2830 2827 2903 lit.
2856 2829 2918 2896 D,
2949 2831 3075 2903 luna
3101 2832 3305 2885 decima
3328 2842 3520 2901 quarta
3547 2829 3774 2903 pascha-

2181 2901 2247 2955 lis
2282 2903 2333 2956 in
2365 2902 2514 2973 cyelo
2545 2900 2873 2971 Dionysiano
2915 2902 3158 2968 signatur
3187 2917 3222 2955 ιι
3251 2900 3370 2958 nos.
3403 2919 3526 2958 Αιιιι.
3549 2900 3770 2961 Pascha

2181 2982 2362 3026 autem
2396 2987 2548 3025 NONIS
2588 2987 2706 3026 APR.
2760 2987 2897 3026 LUNA
2929 2988 3015 3035 xv,
3062 2988 3124 3028 ac
3163 2973 3386 3042 proinde
3423 2973 3626 3031 Pascha
3666 2991 3772 3032 una

2219 3043 2332 3115 rius
2355 3043 2867 3115 hebdomade,_sive
2893 3057 2990 3096 sex
3017 3052 3173 3115 antea
3199 3043 3411 3115 diebus.
3437 3061 3598 3115 quam
3628 3062 3772 3102 anno

2218 3113 2287 3188 48
2307 3114 2644 3188 celebratum
2669 3111 2784 3166 fuit.
2815 3113 2992 3169 Nonis.
3020 3113 3146 3168 diss.
3177 3114 3210 3168 5
3230 3115 3297 3171 de
3321 3111 3486 3188 Cyclo
3511 3119 3770 3188 paschali,

2097 3191 2144 3257 ο
2175 3202 2230 3258 p.
2264 3183 2386 3241 165.

2247 3269 2272 3311 cl
2314 3258 2375 3319 D,
2407 3256 2635 3310 decurrit

2251 3339 2272 3366 τ
2313 3327 2710 3399 Concurrentes
2739 3326 2942 3399 Cyrilli,
2991 3343 3089 3383 nec
3118 3342 3226 3383 non
3257 3327 3447 3385 littera!
3475 3329 3772 3390 dominica-

2175 3399 2272 3463 les,
2307 3406 2532 3470 propter
2557 3397 2732 3470 labem
2761 3397 2918 3470 cycli,
2949 3407 3191 3470 tenorem
3221 3415 3375 3454 suum
3404 3402 3641 3458 retinere
3662 3420 3769 3459 non

2175 3465 2447 3540 poterant.
2499 3465 2579 3542 Ob
2610 3468 2660 3523 id
2689 3465 2847 3542 aliain
2879 3469 3074 3524 seriem
3110 3469 3402 3542 Dionysius
3447 3485 3774 3542 apposuerat

2176 3541 2609 3598 concurrentium
2637 3548 2693 3595 et
2723 3541 3056 3604 litterarum;
3108 3541 3269 3595 initio
3309 3542 3375 3595 ab
3414 3541 3558 3597 anno
3596 3545 3773 3604 primo

2178 3611 2942 3682 enuenecontapentaetcridis
2955 3625 3066 3664 suae
3082 3610 3262 3675 ducto,
3279 3613 3463 3682 quiest
3480 3610 3772 3674 an.Christi

2177 3682 2303 3736 551.
2338 3679 2489 3736 Unde
2513 3679 2611 3750 pro
2638 3698 2725 3742 eo,
2756 3681 2900 3751 quod
2933 3681 2984 3736 in
3006 3697 3134 3752 mss.
3166 3691 3222 3738 et
3242 3679 3382 3751 apud
3408 3682 3606 3738 Bedam
3639 3685 3772 3752 legi-

2177 3762 2265 3807 tur
2299 3771 2311 3805 :
2343 3753 2608 3806 mobilium
2649 3769 2892 3813 casuum,
2925 3751 3315 3808 emendandum
3343 3755 3651 3810 censuimus
3679 3751 3771 3812 cit-

2177 3841 2310 3878 sum.
2361 3821 2754 3896 Pe_ravms._—-
2781 3821 3077 3892 Dupliciter
3119 3825 3206 3896 hic
3252 3825 3452 3880 erravit
3499 3823 3772 3896 Petavius,

2179 3896 2376 3965 primo,
2405 3892 2542 3965 dum
2567 3893 2762 3965 seriem
2793 3895 3228 3965 concurrentium
3256 3904 3310 3949 et
3340 3896 3638 3950 litterarum
3671 3892 3773 3952 do;

2181 3963 2530 4038 ininicalium
2587 3963 2743 4038 simul
2809 3963 3046 4038 Dionysii
3103 3967 3559 4038 cyclojusertam
3611 3966 3775 4024 fui~se

2179 4033 2552 4090 ereilidit.\’id.
2589 4031 2724 4087 llist.
2775 4036 2909 4106 cycli
2933 4031 3173 4105 Dionysi.
3210 4037 3240 4160 ξ
3274 4036 3359 4091 16.
3390 4035 3616 4105 Deinde,
3647 4043 3770 4093 dum

2182 4107 2338 4160 huius
2385 4106 2594 4158 initium
2624 4105 2691 4160 ab
2728 4120 2870 4160 anno
2894 4106 3098 4160 vulgari
3139 4106 3212 4160 5'5
3282 4107 3568 4160 repetitum
3610 4110 3770 4160 fuisse

2182 4105 2870 4178 hujusinitiumabanno
2894 4106 3098 4178 vulgari
3139 4105 3240 4162 5'51
3282 4107 3568 4178 repetitum
3610 4110 3773 4165 fuisse

2180 4175 2539 4252 scripsityid.
2575 4175 2746 4252 ejusd.
2778 4175 2940 4252 H_ist.,
2973 4176 3112 4242 §9.i.),
3146 4187 3201 4233 et
3228 4175 3498 4241 col.'48‘:,
3533 4189 3645 4233 not.
3673 4181 3771 4252 (gl.

2257 4257 2278 4284 ⁸
2321 4247 2396 4319 lt_a
2424 4246 2465 4299 Β
2494 4246 2620 4319 ctD
2655 4265 2666 4298 :
2699 4248 2904 4319 reitius
2944 4258 3091 4302 certe
3134 4265 3294 4319 quam
3323 4265 3563 4313 casuum,
3605 4260 3663 4304 ut
3692 4246 3772 4306 est

2182 4319 2320 4388 apud
2353 4316 2693 4390 Eucherium.
2739 4317 3000 4390 Loquitur
3038 4316 3181 4373 enim
3225 4319 3509 4390 Dionysius
3547 4321 3616 4372 de
3643 4339 3771 4377 cawu

2184 4387 2457 4442 mobilium
2487 4387 2692 4440 dierum
2725 4389 3084 4456 paschalium,
3138 4399 3194 4443 ut
3235 4387 3490 4445 observat
3533 4390 3771 4446 Nnrisis

2183 4459 2289 4529 loc.
2315 4460 2406 4513 cit.
2434 4473 2496 4529 ρ.Δ
2517 4458 2541 4511 1
2574 4456 2639 4529 _9.
2663 4457 2831 4514 Recte
2853 4459 3116 4527 igiturhic
3136 4460 3370 4529 coniecit
3389 4469 3445 4514 et
3466 4464 3772 4517 emendavit

2184 4527 2453 4584 Petavius.
2481 4527 2537 4582 ιιι
2559 4527 2600 4582 C
2624 4530 2792 4583 multo
2805 4529 2960 4583 aliter
2976 4531 3186 4599 legitur,
3203 4527 3770 4588 ἕήιηιοιιὶιὶυιιιτιινειιπι.

2259 4603 2274 4636 ⁸
2308 4599 2488 4672 Cyclis
2516 4600 2626 4654 suis
2645 4601 2881 4669 quinque
2905 4599 3186 4671 Dionysius
3207 4605 3509 4671 ρπρῆκεηι
3529 4605 3772 4660 ιιῑιὶιιηπιι

2149 4680 2154 4684 ’
2179 4670 2384 4742 ΟΥΓῘΙΗ,
2415 4670 2481 4725 de
2506 4685 2613 4744 quo
2643 4686 2736 4723 sex
2765 4680 2933 4744 erant
2967 4670 3092 4744 anni
3123 4670 3342 4729 residui.
3374 4673 3642 4729 Admonet
3671 4677 3772 4744 igi-

2181 4741 2285 4805 tur,
2329 4752 2384 4796 ut
2413 4743 2642 4810 expletis
2671 4743 2824 4795 annis
2855 4743 2969 4796 suis
2999 4741 3086 4804 95',
3114 4745 3371 4798 redeatur
3413 4745 3478 4796 ad
3513 4745 3650 4799 idem
3681 4741 3774 4800 iiii-

2182 4815 2477 4894 tiumhnon.
2524 4812 2656 4894 cycli
2685 4812 2879 4894 Cyrilli
2912 4814 3119 4894 quinti._
3143 4814 3236 4868 sed
3265 4815 3420 4894 primi
3453 4818 3554 4894 sui.
3585 4815 3641 4870 In
3667 4832 3776 4886 quo

2180 4882 2509 4953 perdifficilis
2557 4882 2698 4937 inest
2738 4885 2984 4955 qumstio.
3021 4882 3437 4940 Videtur’enim
3493 4882 3777 4955 liionrs'ius

2176 4955 2384 5025 cyrlum
2415 4969 2676 5007 annorum
2705 4953 2774 5006 95
2806 4955 2966 5007 talem
2995 4957 3364 5020 existimasse,
3399 4966 3453 5010 ut
3492 4957 3544 5011 in
3585 4953 3722 5013 orbe
3744 4978 3774 5010 n

2179 5027 2359 5092 lci-ias,
2389 5035 2442 5079 et
2481 5025 2766 5096 paschales
2794 5027 3108 5088 dominicas,
3139 5043 3201 5081 ac
3242 5028 3378 5082 luna:
3423 5028 3536 5082 dies
3575 5045 3775 5096 repue-

2178 5105 2434 5151 st-ntarct.
2467 5093 2616 5162 QunJ
2651 5104 2828 5166 tamen
2877 5097 3064 5165 paucis
3103 5105 3228 5152 ante
3261 5099 3502 5152 versibus
3544 5093 3778 5166 negare-

2179 5178 2294 5230 rat;
2326 5177 2381 5221 et
2426 5183 2513 5238 res
2541 5166 2653 5233 ipsa
2692 5165 2804 5220 ﬁeri
2837 5183 2941 5220 non
2995 5184 3153 5238 posse
3192 5169 3560 5234 demonstrat;
3603 5165 3660 5224 ut
3711 5188 3776 5226 ex

2180 5238 2439 5311 laterculo
2470 5237 2664 5311 disces,
2687 5239 2832 5307 quod
2857 5238 2946 5291 lib.
2974 5254 3023 5292 xt
3051 5239 3116 5294 de
3140 5238 3320 5294 Doetr.
3348 5249 3543 5309 temp.,
3570 5258 3622 5311 p.
3649 5241 3774 5302 Q27.

2178 5308 2580 5380 descripsimus.
2625 5308 2811 5380 Itaque
2855 5311 3184 5380 ppelhtionis
3229 5311 3263 5364 il
3291 5313 3372 5365 ius
3405 5308 3615 5373 auctor,
3660 5328 3776 5380 qua:

2181 5381 2320 5448 apud
2372 5378 2842 5452 Pellanrcirculis
2889 5378 3123 5452 Dionysii
3176 5381 3490 5451 prmligitur,
3545 5378 3775 5451 primum

2183 5447 2330 5505 illum
2372 5449 2611 5520 Dionysii
2655 5447 2898 5520 Cyclum,
2933 5451 3000 5504 ad
3027 5447 3188 5520 quem
3227 5452 3492 5509 conlectis
3524 5447 3681 5508 annis
3709 5454 3780 5511 95

2183 5519 2566 5576 recurrendum
2611 5519 2729 5573 esse.
2773 5523 2998 5592 monuit,
3031 5519 3097 5577 de
3127 5525 3281 5591 ercto
3318 5538 3513 5592 magno
3542 5523 3651 5579 5'52
3680 5542 3780 5579 au-

2183 5608 2374 5648 norum
2424 5593 2626 5660 interpr
2648 5601 2822 5644 -tatur.
2872 5591 3065 5646 Verum
3098 5595 3226 5648 nihil
3270 5591 3533 5663 ejusmodi
3579 5597 3781 5652 Dionv-

2182 5665 2346 5718 sianis
2371 5678 2436 5715 ex
2463 5664 2637 5738 verbis
2661 5663 2902 5734 exsculpi
2933 5673 3129 5731 potest.
3158 5666 3287 5718 Nam
3317 5667 3492 5734 primu
3513 5685 3546 5720 ιι
3571 5669 3779 5738 cvclnni

2183 5752 2335 5807 suum
2367 5733 2601 5801 appellat
2633 5747 2750 5786 eu.n
2781 5733 2940 5807 quem
2973 5751 3001 5788 a
3033 5754 3088 5788 se
3139 5733 3412 5792 t'oiiiitum
3453 5733 3617 5807 paulo
3656 5752 3780 5793 ante

2183 5806 2416 5868 dixerat,
2450 5817 2714 5859 annorum
2747 5805 2985 5875 quinque
3013 5816 3068 5860 ct
3101 5809 3411 5877 nonaginta.
3445 5805 3776 5866 Crediderim
