4122 6554
390 341 492 398 189

1451 348 1645 403 LIBER
1687 347 1772 402 DE
1813 347 2196 404 PASCIIATE.
2241 347 2630 404 PREFATIO.

3578 357 3681 410 490

389 457 568 523 luerit,
599 474 706 514 non
737 459 803 514 ad
833 462 1078 530 quintum
1107 464 1314 535 cyelum
1358 463 1414 518 S.
1449 465 1658 536 Cyrilli,
1685 479 1846 534 quem
1877 480 1982 517 no-
2014 471 2055 525 Α
2092 475 2210 532 tur,
2241 463 2448 535 praefati
2472 465 2809 522 venerabiles
2840 463 2856 503 ὶ
2885 468 3112 522 trecenti
3137 476 3196 523 et
3220 469 3521 525 octodecim
3547 490 3675 541 po...-

388 547 470 603 bis
515 552 824 606 necessario
875 555 1274 622 proposuimus,
1323 553 1417 608 sed
1467 553 1537 608 ad
1584 563 1829 609 nostrum
1875 553 1986 622 pri—

388 654 535 694 mum
579 640 864 710 vigilanter
901 655 1184 706 excurrat;
1238 656 1294 701 et
1320 656 1342 680 η
1367 645 1558 700 ordine
1599 659 1708 714 quo
1752 644 1986 698 diximus

383 745 484 800 per
511 745 606 787 eos
627 733 720 804 qui
763 735 972 788 lirmum
1009 751 1223 790 cursum
1275 737 1530 802 retinent,
1589 751 1778 790 eorum
1803 735 1828 772 ι’
1861 750 1986 805 pro-

386 842 656 899 gressum,
686 831 776 901 qui
810 832 1056 886 videntur
1083 833 1334 895 titubare,
1369 841 1634 888 sustentet
1661 843 1706 886 ιε.

459 919 594 975 lllud
635 937 852 994 quoque
904 939 1009 977 non
1060 926 1302 979 minorid
1338 941 1464 980 cura
1518 925 1816 981 notandum
1864 937 1988 980 esse

389 1013 718 1076 censuimus,
760 1030 827 1069 ne
869 1016 919 1069 in
947 1017 1106 1086 primi
1154 1017 1358 1072 mensis
1402 1017 1676 1085 agnitione
1716 1016 1982 1070 fallamur.

388 1103 527 1162 [line
550 1108 692 1162 enim
716 1123 855 1179 pene
879 1118 1106 1164 cunctus
1131 1126 1286 1166 error
1309 1120 1331 1148 ε
1354 1110 1732 1180 discrepantia:
1761 1110 1987 1180 pascha-
2037 1170 2040 1174 ,

389 1196 458 1252 lis
497 1198 761 1260 exoritur.
794 1199 920 1253 dum
946 1200 1206 1270 temporis
1239 1199 1444 1254 initium
1473 1201 1753 1269 ignoratur
1788 1199 1830 1254 ί.
1853 1198 1987 1254 Nam

391 1302 513 1343 cum
559 1287 822 1343 Dominus
867 1291 1210 1361 omnipotens
1258 1292 1397 1346 hanc
1443 1291 1856 1346 sacratissimum
1893 1306 1985 1345 so-

390 1377 725 1434 lemnitatem
773 1379 1156 1434 celebrandam
1197 1379 1317 1435 filiis
1361 1380 1544 1444 lsrael,
1591 1381 1680 1450 qui
1719 1395 1789 1435 ex
1813 1378 1986 1449 Aﬂgy-

391 1471 504 1539 ptia
548 1471 809 1526 servitute
859 1472 1249 1537 liberabantur,
1306 1473 1584 1536 indiceret,
1637 1474 1714 1526 ait
1750 1473 1803 1527 in
1848 1473 1987 1528 libro

391 1559 568 1616 Exodi
592 1571 616 1610 8
649 1562 715 1617 ad
745 1562 963 1634 Moysen
995 1573 1050 1618 et
1079 1563 1257 1618 Aaron
1289 1564 1341 1617 in
1373 1575 1514 1619 terra
1555 1563 1774 1635 Egypti
1798 1581 1811 1617 :
1835 1562 1988 1618 Hen—

390 1657 463 1710 sis
491 1656 590 1709 iste
614 1656 930 1725 principium
959 1658 1234 1719 mensium,
1269 1657 1468 1727 primus
1508 1658 1607 1710 erit
1647 1656 1701 1709 in
1726 1655 1986 1710 mensibus

391 1749 538 1803 anni.
572 1746 814 1818 Itemque
859 1749 1054 1802 ibidem
1093 1748 1114 1784 h
1163 1767 1176 1801 :
1210 1748 1412 1812 Primo,
1454 1748 1644 1818 inquit,
1676 1764 1870 1816 mense,
1897 1748 1990 1802 de-

2094 555 2265 610 tilices
2313 556 2519 626 antiqui
2561 557 2728 612 moris
2773 558 3174 614 observantiam
3203 561 3284 633 [et
3322 559 3383 632 ιιι]
3411 561 3606 616 exinde
3651 577 3682 615 a

2086 658 2276 704 sancto
2315 649 2499 721 Moyse
2528 650 2801 718 traditam,
2832 652 2975 707 sicut
3003 653 3056 707 in
3098 654 3331 723 septimo
3352 663 3380 690 η
3405 654 3542 709 libro
3590 653 3684 709 Ec-

2090 741 2404 796 clesiastica:
2432 741 2667 798 refertur
2695 743 2962 808 ilistorire,
2991 744 3243 798 solertius
3272 744 3680 814 investigantes,

2096 832 2158 886 ab
2210 840 2402 886 octavo
2459 832 2578 887 idus
2642 833 2816 888 Martii
2871 848 3040 902 usque
3094 835 3146 888 in
3206 834 3349 889 diem
3417 847 3682 889 nonarum

2090 923 2260 992 April.
2293 933 2316 959 ο
2343 933 2524 978 natam
2564 924 2744 979 lunam
2777 924 2958 980 facere
2995 924 3251 979 dixerunt
3293 925 3449 994 primi
3481 925 3686 979 mensis

2089 1015 2408 1080 exordium;
2457 1023 2512 1070 et
2551 1030 2584 1069 a
2613 1015 2936 1070 duodecimo
2983 1015 3070 1070 die
3117 1015 3465 1070 calendarum
3511 1016 3682 1084 April.

2091 1121 2260 1176 usque
2287 1107 2338 1160 in
2369 1106 2640 1162 decimum
2666 1116 2918 1176 quartum
2942 1106 3200 1162 calendas
3223 1106 3349 1161 Mai.
3381 1108 3563 1162 lunatn
3589 1107 3684 1162 de-

2090 1199 2286 1253 cimam
2329 1207 2576 1267 quartam
2627 1200 2878 1254 solertius
2924 1199 3380 1269 inquirendame;
3409 1215 3531 1269 qua:
3554 1201 3684 1268 quia

2089 1305 2214 1346 cum
2257 1290 2390 1346 solis
2417 1307 2580 1346 cursu
2611 1307 2720 1346 non
2747 1292 3074 1361 qmqualiter
3105 1292 3358 1362 volvitur,
3407 1301 3684 1347 tantorum

2090 1378 2299 1434 dierum
2331 1379 2539 1451 spatiis,
2573 1396 2858 1436 occursum
2891 1383 3124 1437 vernalis
3151 1382 3458 1450 aequinoctii
3488 1399 3684 1438 conse-

2089 1479 2288 1540 quatur
2310 1481 2356 1538 τ,
2387 1471 2479 1540 qui
2508 1486 2540 1525 a
2569 1470 2884 1527 duodecima
2914 1473 3261 1527 calendarum
3284 1474 3546 1544 Aprilium
3575 1474 3682 1541 die,

2089 1569 2409 1618 cunctorum
2453 1559 2810 1617 Orientaliqu
2838 1565 3143 1630 sententiis,
3182 1574 3237 1619 et
3263 1566 3497 1619 maxime
3524 1564 3685 1636 Egy-

2089 1652 2346 1722 ptiorum,
2378 1651 2472 1721 qui
2501 1651 2872 1709 calculationis
2901 1669 3013 1724 prie
3041 1656 3290 1710 omnibus
3337 1659 3489 1724 gnari
3531 1667 3679 1724 sunt,

2090 1743 2401 1812 specialiter
2455 1742 2766 1799 adnotatur.
2797 1741 2855 1797 ln
2881 1758 2991 1813 quo
3019 1745 3229 1800 etiamsi
3263 1754 3282 1780 ³
3318 1746 3442 1800 luna
3469 1746 3683 1803 decima

391 1840 524 1893 cimo
578 1849 761 1911 quarto
807 1840 891 1894 die
936 1841 1126 1894 mensis
1153 1882 1168 1908 ,
1220 1841 1289 1893 ad
1339 1857 1600 1910 vesperam
1647 1838 1661 1876 ί
1717 1840 1993 1894 comedetis
2027 1832 2070 1890 Β
2097 1845 2288 1905 quarta
2327 1835 2556 1890 sabbato
2584 1837 2894 1905 contigerit,
2924 1839 3068 1906 quod
3105 1840 3272 1894 semel
3304 1840 3356 1894 in
3389 1842 3682 1910 nonaginta

392 1946 607 2000 azyma,
650 1947 811 2001 usque
840 1930 907 1983 ad
944 1931 1241 2001 vigesimum
1273 1930 1757 2009 primunLejusdem
1795 1929 1866 1982 ad
1904 1945 1992 1982 ue-

394 2038 617 2090 speram.
662 2021 720 2075 In
760 2023 1180 2077 Denteronomio
1211 2023 1224 2072 t'
1258 2038 1474 2091 quoque
1523 2023 1662 2076 idem
1712 2021 1991 2088 legislator

394 2113 605 2185 Moyses
634 2115 706 2168 ita
746 2114 1000 2186 populum
1032 2114 1100 2168 de
1140 2113 1244 2169 hac
1290 2129 1349 2168 re
1388 2123 1716 2178 commonet,
1749 2113 1935 2168 dicens
1966 2131 1980 2164 :

396 2208 628 2262 Observa
667 2225 892 2262 mensem
935 2223 1186 2261 novarum
1218 2209 1442 2278 frugum,
1483 2217 1535 2261 et
1572 2208 1713 2260 verni
1761 2207 1984 2277 primum

395 2303 662 2372 temporis,
689 2309 744 2354 ut
773 2302 939 2372 facias
983 2301 1177 2371 pascha
1206 2299 1430 2354 Domino
1460 2299 1570 2353 Deo
1601 2309 1707 2364 tuo,
1739 2298 1984 2367 quoniam

393 2396 448 2448 in
475 2397 576 2448 isto
607 2410 782 2447 mense
806 2393 984 2446 eduxit
1017 2403 1064 2446 te
1107 2391 1359 2446 Dominus
1391 2390 1528 2444 Deus
1574 2401 1688 2444 tuus
1717 2393 1781 2442 de
1809 2390 1984 2461 {Egy-

397 2496 481 2556 plo
530 2483 752 2539 noctu“.
809 2482 980 2537 Tanta
1019 2483 1121 2537 hac
1165 2481 1494 2536 auctoritate
1545 2480 1723 2534 divina
1769 2481 1984 2546 claruit,

398 2577 567 2648 primo
604 2590 809 2637 mense,
843 2573 1054 2628 det-imo
1085 2581 1279 2643 quarto
1304 2572 1410 2638 die,
1455 2571 1525 2625 ad
1554 2586 1858 2641 vesperam,
1894 2585 1985 2624 us-

398 2683 499 2734 que
548 2666 614 2720 ad
645 2665 957 2733 vigesimum
989 2663 1241 2734 primum,
1281 2661 1628 2718 festivitatem
1677 2661 1986 2730 paschalem

398 2756 595 2812 debere
643 2757 928 2811 celebrari.
971 2753 1078 2810 Sed
1116 2753 1238 2824 quia
1269 2754 1469 2809 mensis
1496 2753 1586 2808 hic
1632 2752 1776 2808 unde
1811 2761 1990 2810 sumat

396 2849 678 2904 exordium
711 2848 794 2902 vel
823 2848 908 2902 ubi
941 2847 1283 2912 tcrminctur,
1313 2844 1592 2901 evidenter
1619 2844 1690 2900 ibi
1721 2859 1830 2900 non
1853 2843 1987 2913 legi-

393 3025 668 3095 equidem,
703 3022 1011 3096 Dionysium
1043 3021 1113 3096 ad
1141 3023 1393 3078 eumdem
1438 3023 1645 3096 cyclnm
1696 3022 1768 3096 95
1813 3039 1986 3096 anno-

398 3113 533 3160 rum,
569 3094 1054 3161 concurrentium,
1082 3094 1381 3148 litterarun.
1423 3095 1846 3162 dominicalium,
1888 3095 1990 3150 do-

397 3169 713 3222 minicarum
755 3166 1085 3236 paschalium
1135 3181 1199 3220 ac
1251 3165 1390 3219 luna:
1429 3167 1635 3219 dierum
1685 3168 1988 3235 geminatus

399 3239 715 3309 apposuisse
761 3252 975 3299 versus;
1024 3246 1096 3309 et_
1127 3244 1364 3309 notasse,
1415 3238 1608 3309 quibus
1655 3237 1989 3309 vertentibus

398 3299 579 3380 ciclis,
608 3323 730 3380 qua:
755 3306 1192 3380 concurrentium
1219 3322 1284 3380 ac
1314 3299 1635 3380 litterarum,
1661 3317 1794 3380 etc,
1821 3308 1991 3380 series
2020 3299 2067 3364 C

399 3376 654 3452 capienda
687 3377 844 3452 foret.
871 3376 1320 3452 Fortassi_s__etiam
1345 3393 1412 3431 ex
1434 3377 1993 3452 periodiUVictoriantc

397 3447 661 3505 annorum
689 3447 794 3501 552
816 3449 1070 3502 methodo
1102 3448 1220 3518 illas
1250 3451 1394 3518 ipsas
1423 3448 1762 3503 mutabilium
1799 3450 1992 3504 chara-

396 3529 609 3574 cterem
639 3521 808 3574 series
836 3520 1108 3590 ascripsit.
1138 3517 1197 3572 in
1228 3517 1382 3590 cyelo
1414 3531 1607 3586 magno
1637 3519 1861 3590 Victorii
1891 3534 1992 3574 en-

397 3589 1107 3658 nenecontapentaeterides
1127 3599 1249 3644 sunt
1266 3589 1508 3659 ’quinque
1522 3589 1730 3656 solidae,
1751 3605 1874 3645 cum
1897 3604 1992 3644 an-

400 3663 483 3716 nis
513 3659 601 3723 57,
633 3661 745 3713 sive
771 3661 936 3729 cyclis
967 3660 1152 3713 tribus.
1199 3659 1305 3713 Sex
1337 3661 1497 3728 igitur
1535 3660 1833 3714 istiusmodi
1871 3675 1995 3716 ver-

400 3747 489 3787 sus
513 3731 795 3803 Dionysius
813 3731 1061 3803 instituit,
1077 3731 1174 3803 qui
1189 3731 1649 3803 concurrentium,
1667 3729 1988 3803 litterarum,

398 3812 530 3867 etc.,
580 3797 826 3855 ordinem
854 3797 1225 3855 continebant.
1264 3800 1422 3854 Anno
1449 3797 1650 3854 Christi
1700 3801 1827 3866 457,
1883 3815 1992 3869 quo

400 3874 632 3943 primum
660 3870 1074 3943 Cyrilli_paseha
1103 3869 1202 3924 fuit
1226 3872 1380 3943 cyle
1418 3871 1547 3925 solis
1562 3870 1657 3943 726,
1680 3871 1865 3943 littera
1897 3873 1994 3943 do-

399 3939 664 4012 minicalis
693 3939 900 4012 eratC,
932 3939 1398 4012 concurrentesib,
1427 3942 1629 4012 pascha
1658 3942 1746 3996 die
1767 3941 1803 3994 2
1836 3941 1994 4012 Apri-

401 4015 483 4069 lis.
513 4011 754 4067 Evolutis
781 4010 870 4077 95,
896 4027 1041 4065 anno
1063 4011 1262 4067 Christi
1289 4010 1414 4076 552,
1433 4010 1835 4066 concurrentes
1879 4010 1995 4066 fue-

402 4093 529 4141 runt
554 4083 607 4148 4,
642 4083 818 4137 littera
841 4082 1183 4136 dominicalis
1203 4083 1246 4136 D
1267 4082 1329 4137 C.
1364 4082 1471 4138 Sed
1497 4082 1791 4140 bissextilis
1827 4083 1995 4137 ratio-

400 4172 524 4210 nem
554 4154 860 4226 conturbat.
891 4153 1101 4226 Quippe
1130 4168 1278 4226 anno
1303 4161 1506 4226 quarto
1527 4152 1990 4226 cycli_Cyril_lian_i,

399 4228 493 4294 qui
531 4235 613 4279 est
639 4223 838 4277 Christi
877 4220 1011 4287 410,
1033 4220 1214 4294 littera
1254 4220 1352 4277 fuit
1395 4222 1441 4277 G
1466 4221 1530 4294 Β,
1560 4220 1894 4294 ἒγοιοίεοιίε
1939 4224 1992 4294 1,

401 4292 543 4350 luna:
571 4294 624 4358 4,
656 4303 1043 4349 concurrentes
1072 4292 1264 4348 Martio
1295 4307 1482 4348 mense
1513 4292 1564 4364 1,
1594 4292 1795 4364 pascha
1839 4295 1928 4348 die
1961 4293 1992 4346 7

401 4366 622 4436 Aprilis.
656 4365 726 4436 At
762 4380 927 4436 anno
940 4373 1136 4436 quarto
1156 4364 1299 4436 _cycli
1327 4363 1487 4436 primi
1524 4363 1856 4436 Dionysiani,
1903 4365 1993 4432 qui

401 4431 504 4492 l'u'it
532 4434 729 4490 Christi
759 4431 883 4497 555,
917 4431 1096 4488 littera
1138 4431 1479 4488 dominicalis
1516 4443 1635 4488 erat
1665 4431 1732 4500 '6,
1766 4431 1997 4489 concur-

401 4518 583 4561 rentes
615 4505 666 4569 7,
700 4506 892 4572 pascha
919 4504 1007 4557 die
1034 4502 1066 4556 8
1093 4504 1306 4572 Aprilis.
1335 4503 1522 4572 Itaque
1550 4520 1657 4558 non
1685 4505 1914 4559 redeunt
1942 4505 1998 4559 in

400 4580 590 4631 orbem
615 4576 838 4630 annales
864 4576 1267 4628 characterismi
1297 4583 1419 4645 post
1455 4590 1627 4628 alIIIOS
1655 4573 1743 4628 95.
1777 4575 1908 4628 Nam
1943 4583 2000 4629 et

439 4648 660 4702 aulatim
707 4647 1064 4712 discrepantia
1107 4645 1279 4712 major
1305 4645 1509 4710 existit,
1542 4655 1598 4698 ut
1619 4660 1686 4699 ex
1732 4646 1996 4699 laterculo

439 4665 660 4702 :lUlatllll
707 4665 1064 4712 mscrcpanua
1107 4665 1279 4712 IIHIJOI'
1305 4665 1509 4710 CXISUI,
1542 4665 1598 4698 UI.
1619 4665 1686 4699 ex
1732 4665 1995 4699 μηδι-(ιιιιο

400 4665 520 4773 libri
546 4734 604 4783 ιι,
629 4731 748 4784 pag.
786 4716 910 4778 2:27,
938 4726 1102 4784 patet.
1134 4716 1257 4770 Ideo
1283 4717 1525 4770 diversos
1547 4716 1995 4770 characterismo-

400 4805 520 4844 rum
565 4789 789 4840 irlOl’Ulll
821 4787 1035 4840 ordines
1087 4787 1152 4838 ad
1195 4787 1996 4854 cnncnecontapetitaeteridem

399 4875 552 4914 suam
591 4857 876 4926 Dionysius
905 4857 1352 4918 accommodavit,
1377 4873 1512 4925 quas
1558 4858 1676 4910 sine
1711 4857 1894 4919 dubio,
1929 4871 1997 4911 ex

401 4932 623 4999 majoris
665 4928 800 5000 cycli
827 4928 1103 4992 methodo,
1151 4929 1224 5000 uti
1261 4929 1512 4992 diximus,
1539 4926 1999 5000 iawepitaPt-zn-

401 4998 534 5056 vws.
587 5030 657 5040 ——
695 4998 850 5051 Vatiae
898 5006 1025 5051 sunt
1068 4998 1406 5066 conjecturae,
1459 4999 1652 5067 quibus
1699 4999 1993 5065 dillicilem,

400 5088 562 5140 quam
601 5069 703 5140 sibi
731 5069 900 5136 lingit,
930 5069 1283 5140 quaestionem
1325 5069 1539 5123 solvere
1579 5080 1807 5123 conatur
1839 5068 1998 5122 Peta-

401 5138 539 5195 vius.
592 5139 658 5193 lis
705 5140 954 5193 omnibus
1002 5138 1357 5207 supersedere
1404 5153 1706 5207 possumus,
1760 5140 1828 5206 si,
1887 5155 1993 5193 non

403 5213 603 5276 dicam,
643 5207 1411 5282 cyclum_Dionysii,ﬂPetavio
1458 5210 1723 5282 ignotum,
1752 5210 1861 5282 sed
1909 5211 1996 5264 vel

403 5283 572 5350 ipsam
591 5279 730 5335 hanc
751 5279 1118 5348 praefationem
1146 5280 1605 5350 illiusdiligentius
1629 5281 1992 5350 inspiciamus.

404 5349 537 5405 Nam
569 5368 692 5406 cum
723 5351 932 5421 cyelum
958 5366 1114 5404 suum
1139 5349 1208 5404 95
1238 5365 1525 5415 annorum,
1553 5366 1658 5405 non
1685 5349 1784 5404 rea
1827 5367 1990 5405 eumn

402 5423 724 5491 propositam
781 5421 1084 5490 ﬁrmitatem
1145 5430 1339 5485 tenere,
1395 5422 1658 5486 dixisset,
1697 5421 2000 5475 luculenter

403 5495 657 5556 ostendit,
688 5506 934 5560 quaenam
965 5493 1098 5561 cycli
1122 5493 1204 5546 sui
1235 5491 1497 5546 columnae
1521 5491 1662 5545 illam
1693 5492 1998 5547 lirmitatem

405 5570 651 5627 teneant,
681 5577 801 5630 quae
832 5562 1030 5616 minus.
1065 5563 1144 5614 Ad
1175 5562 1294 5616 illas
1315 5561 1566 5616 videlicet
1587 5564 1754 5617 relert
1793 5561 1856 5613 1ο
1899 5578 1996 5621 an-

406 5649 508 5688 nos
535 5633 756 5696 Christi,
791 5631 847 5685 2'
878 5630 1224 5696 indictiones,
1248 5631 1312 5685 5°
1343 5641 1584 5700 epactas,
1630 5632 1697 5685 4η
1739 5633 1997 5688 circulum

405 5703 988 5768 deceninovennalem,
1019 5712 1074 5756 et
1118 5701 1172 5755 5"
1206 5705 1359 5757 lunas
1385 5702 1478 5769 M;
1529 5704 1595 5757 ad
1633 5704 1748 5767 has,
1782 5703 1836 5756 1⁸
1868 5720 2000 5760 con-

407 5785 707 5837 currentes,
739 5773 801 5825 Ξο
832 5775 948 5828 dies
980 5773 1222 5840 l’asehze,
1249 5773 1304 5826 5⁸
1337 5774 1516 5828 lunam
1546 5774 1653 5828 diei
1693 5775 1996 5831 dominicm.

408 5845 652 5917 Expletis
683 5846 842 5914 igitur
868 5843 940 5898 95
967 5846 1141 5912 annis,
1169 5849 1233 5898 ad
1257 5847 1487 5914 primum
1517 5845 1727 5918 cyclum
1764 5843 1885 5900 ΝΒ.
1929 5849 2004 5901 vi-

656 5945 932 6006 Pnaou.
982 5945 1240 6006 LXVII.

2026 4686 2079 4748 D

2093 1928 2334 1998 quinque
2355 1927 2511 1982 annis
2536 1927 2785 1983 accidere
2827 1929 3170 1984 manifestum
3201 1940 3304 1996 est,
3329 1933 3575 2001 sequenti
3595 1933 3684 1989 die

2092 2018 2387 2084 dominico,
2430 2018 2485 2073 id
2527 2027 2613 2075 est
2639 2018 2925 2075 undecimo
2964 2020 3068 2074 cal.
3101 2022 3271 2090 April.
3320 2023 3445 2078 luna
3471 2023 3683 2080 decima

2089 2112 2298 2182 quinta,
2327 2110 2707 2167 celebrandum
2739 2111 2941 2166 Pascha
2996 2112 3188 2167 eadem
3231 2124 3417 2170 sancta
3444 2117 3685 2186 synodus

2089 2203 2208 2258 sine
2227 2202 2580 2271 ambiguitate
2602 2200 2856 2271 ﬁrmavit,
2883 2203 2988 2258 hoc
3013 2204 3188 2259 modis
3213 2205 3464 2260 omnibus
3493 2206 3684 2262 admo-

2092 2310 2251 2364 nens,
2279 2304 2340 2351 ut
2367 2304 2493 2351 ante
2520 2295 2898 2352 duodecimum
2926 2297 3139 2352 calend.
3174 2297 3343 2369 April.
3379 2300 3560 2353 lunam
3591 2303 3689 2355 de.

2088 2387 2285 2441 cimam
2330 2396 2580 2456 quartam
2620 2387 2895 2459 paschalis
2941 2387 3063 2444 festi
3119 2391 3298 2446 nullus
3351 2391 3684 2462 inquireret;

2089 2491 2252 2545 quam
2314 2493 2420 2531 non
2471 2477 2629 2546 primi
2680 2477 2906 2545 mensis,
2961 2477 3056 2534 sed
3114 2479 3322 2546 ultimi,
3375 2497 3497 2538 esse
3553 2499 3687 2539 cou-

2092 2577 2283 2624 staret.

2165 2659 2270 2716 Sed
2323 2676 2424 2716 nec
2470 2660 2577 2716 hoc
2622 2661 3052 2731 praetereundum
3103 2677 3227 2718 esse
3280 2665 3586 2734 putavimus
3623 2667 3638 2702 ι
3669 2705 3687 2732 ,

2094 2752 2240 2823 quod
2279 2753 2439 2807 nimis
2477 2762 2664 2808 errant
2696 2753 2788 2823 qui
2834 2753 3014 2808 lunam
3054 2768 3316 2824 peragere
3339 2770 3556 2810 cursum
3604 2756 3688 2812 sui

2095 2843 2282 2900 circuli
2313 2844 2530 2914 triginta
2560 2843 2766 2899 dierum
2798 2845 2986 2915 spatiis
3022 2845 3373 2912 :estimantes,
3403 2846 3686 2902 duodecim

2094 3023 2339 3097 gilanter,
2371 3033 2427 3082 et
2455 3025 2530 3080 ita
2559 3037 2838 3080 recurrere
2861 3021 3032 3091 jubet,
3067 3031 3126 3076 ut
3146 3040 3238 3086 per
3263 3039 3349 3077 eos
3377 3024 3576 3094 cyclos,
3603 3028 3694 3097 qni

2093 3096 2305 3166 ﬁrmum
2319 3113 2522 3150 cursum
2543 3097 2783 3166 retinent,
2807 3109 2982 3149 eorum
3001 3110 3322 3166 progressus,
3346 3097 3434 3166 qui
3456 3096 3694 3152 videntur

2098 3164 2336 3236 titubare,
2353 3176 2686 3233 sustentetur,
2701 3165 2816 3219 sive
2831 3164 3122 3219 secundum
3134 3164 3281 3233 leges
3301 3164 3437 3236 cycli
3457 3166 3688 3222 Alexan-

2093 3235 2416 3362 drianibquas
2447 3247 2605 3292 vocat
2635 3242 2950 3305 argumenta
2989 3237 3281 3306 paschalia,
3307 3235 3687 3294 antistituatur.

2287 3349 2302 3362 .
2331 3325 2417 3362 ex.

2173 3316 2198 3344 ⁸
2239 3309 2302 3372 C,
2331 3325 2417 3362 ex.

2171 3376 2197 3416 δ
2237 3379 2297 3450 C,
2329 3396 2620 3450 eorumque:

2174 3460 2196 3486 ο
2240 3449 2300 3515 C,
2330 3448 2567 3504 sustinet.
2603 3448 2668 3513 D,
2697 3449 2976 3504 sustinent.

2169 3517 2194 3555 ά
2235 3519 2296 3584 C,
2325 3521 2562 3574 minima.
2833 3528 2844 3539 ‘

2171 3598 2196 3628 ο
2234 3587 2298 3652 C,
2330 3605 2480 3645 error
2509 3590 2725 3644 cunctis.

2174 3658 2193 3698 τ
2235 3659 2482 3730 Quatuor
2508 3661 2624 3730 haec
2651 3659 2898 3730 proxima
2926 3659 3183 3716 vocabula
3214 3660 3271 3716 in
3293 3659 3334 3715 A
3365 3661 3582 3723 desunt.

2171 3739 2196 3778 Β
2237 3729 2408 3785 Exod.
2434 3747 2528 3793 χιι,
2552 3729 2606 3784 2.

2172 3799 2198 3837 ιι
2239 3801 2397 3868 lbid.,
2421 3816 2562 3855 vers.
2590 3799 2678 3854 18.

2175 3871 2313 3950 ίνιια
2337 3871 2377 3927 C
2407 3879 2462 3926 et
2487 3869 2568 3924 D:
2612 3871 2810 3928 rectius
2852 3871 3080 3929 fortasse
3109 3886 3270 3942 quam
3318 3875 3432 3944 alii,
3473 3877 3566 3950 qui
3592 3875 3692 3934 ha-

2097 3945 2226 4000 bent
2254 3958 2539 4013 vesperum.

2173 4013 2188 4064 i
2238 4012 2398 4068 Deut.
2429 4029 2539 4080 xvr,
2565 4012 2614 4066 1.

2170 4083 2197 4122 κ
2237 4083 2302 4145 Α,
2336 4093 2505 4138 nocte.

2175 4153 2193 4193 ι
2236 4153 2388 4210 Hanc
2409 4169 2601 4209 vocem
2622 4153 2826 4208 addunt
2847 4155 2892 4207 Α
2914 4165 2968 4209 et
2993 4155 3055 4209 C.

2173 4235 2211 4262 ω
2251 4224 2308 4279 1η
2337 4223 2379 4278 C
2401 4233 2572 4285 recte,
2607 4233 2664 4278 ut
2691 4226 2923 4287 videtur.
2957 4227 3131 4281 deest.

2170 4304 2199 4332 ιι
2237 4295 2294 4349 1η
2323 4292 2364 4349 C
2395 4295 2610 4364 legitur,
2641 4293 2749 4349 1111.

2173 4375 2198 4402 °
2238 4365 2302 4432 C,
2329 4367 2380 4418 in
2411 4381 2535 4418 non.
2567 4365 2732 4435 April.

2173 4447 2201 4486 Ρ
2242 4436 2304 4502 C,
2333 4435 2770 4506 investigandum.

2175 4517 2203 4556 (ι
2333 4507 2454 4578 quia
2475 4497 2580 4560 non
2602 4505 2727 4560 solis
2748 4507 2920 4560 cursui
2944 4497 3235 4580 azqttalitbr,
3265 4519 3374 4568 etc.

2177 4588 2201 4615 ι’
2245 4578 2307 4642 A,
2339 4592 2443 4630 non
2469 4586 2732 4646 sequatur.

2179 4659 2201 4687 ι
2242 4648 2470 4703 Notetur
2505 4647 2610 4723 hoc
2661 4646 2924 4723 Dionysii,
2954 4648 3292 4723 i_m_o_Nic:nni
3327 4654 3566 4723 concilii,
3606 4655 3694 4712 de-

2103 4729 2335 4792 cretum,
2354 4724 2555 4792 contra
2571 4715 2860 4792 Scaligeri,
2883 4720 3208 4792 Calvisiiﬁet‘
3225 4723 3275 4775 id
3305 4737 3474 4792 genus
3518 4715 3699 4781 calen-

2102 4791 2240 4847 darii
2265 4788 2784 4858 artilicumidogma;
2812 4790 2902 4858 qui
2927 4791 3052 4845 luna
3077 4791 3144 4844 15
3185 4788 3392 4848 Pascha
3436 4795 3699 4852 celebrari

2103 4862 2253 4917 nefas
2283 4866 2494 4929 putant.
2529 4857 2742 4912 Etenim
2791 4857 2913 4914 cum
2964 4863 3087 4915 luna
3118 4861 3185 4914 M
3219 4863 3270 4915 in
3301 4864 3581 4918 sabbatum
3616 4867 3697 4918 in-

2103 4933 2250 5004 cidit,
2275 4946 2351 4984 xu
2377 4930 2480 4984 cal.
2512 4929 2722 5004 April.,_
2752 4931 2856 4985 hoc
2899 4941 2984 5004 est
3008 4933 3094 5004 die
3118 4931 3178 4984 21
3209 4932 3406 5004 Martii,
3438 4935 3699 5004 postridie

2101 5003 2307 5057 Pascha
2339 5010 2644 5070 peragetur.
2672 4999 2727 5053 Id
2756 5017 2863 5055 non
2889 5003 2989 5056 nisi
3033 5003 3172 5056 luna:
3202 5003 3351 5072 cyclo
3401 4999 3484 5059 vel
3531 5022 3699 5061 aureo

2103 5088 2325 5144 num-ero
2350 5087 2438 5144 x_\'t
2463 5073 2678 5125 evenire
2704 5081 2915 5144 potest;
2942 5073 3201 5143 cycloque
3231 5073 3358 5128 solis
3390 5073 3459 5144 7'5,
3487 5085 3580 5130 aut
3606 5074 3699 5144 20,

2102 5154 2194 5198 aut
2236 5141 2327 5196 ‘25.
2375 5141 2564 5210 Itaque
2615 5141 2809 5213 quater
2840 5143 2891 5196 in
2945 5141 3070 5213 tela
3115 5141 3342 5213 periodo
3387 5141 3699 5201 Victoriana
3749 5200 3761 5209 _

2103 5214 2481 5288 eontingit,_nt
2508 5213 2569 5288 in_
2590 5213 2746 5288 annis
2775 5211 2976 5288 Christi
3016 5211 3262 5279 72⁷519,
3298 5213 3420 5288 iiii,
3454 5215 3580 5280 509,
3606 5219 3699 5288 qui

2100 5294 2226 5355 sunt
2247 5284 2444 5355 prioris
2456 5283 2688 5355 periodi,
2703 5285 2755 5336 in
2777 5285 3012 5355 secunda
3036 5301 3164 5340 vero
3186 5285 3340 5340 annis
3360 5286 3552 5341 Chriin
3570 5283 3698 5355 604,

2099 5354 2228 5420 851,
2248 5351 2383 5427 ’1011
2397 5351 2604 5427 [1155.
2636 5351 2869 5427 Proinde
2894 5356 3060 5410 semel
3099 5357 3149 5410 in
3191 5351 3700 5427 ennenecontapcIIL

2101 5426 2368 5481 taeteride
2397 5424 2604 5496 Cyrilli,
2633 5432 2689 5478 et
2715 5423 2769 5476 in
2796 5424 3116 5496 Dionysiana
3141 5429 3308 5483 semel
3334 5433 3459 5482 item
3482 5423 3698 5486 accidit.

2103 5496 2158 5552 In
2177 5499 2301 5564 hac,
2324 5511 2466 5550 anno
2493 5495 2658 5564 ipsius
2680 5509 2866 5558 Lxxnt,
2891 5498 2980 5563 qui
3009 5510 3091 5551 est
3112 5499 3306 5554 Christi
3330 5498 3453 5554 601.
3489 5497 3696 5556 Peuv.

2180 5572 2196 5603 ι
2245 5563 2604 5636 Memorabilis
2633 5563 2742 5636 hic,
2771 5565 2936 5619 locus.
2977 5582 3043 5620 ex
3078 5584 3206 5636 quo,
3236 5581 3396 5624 aetate
3444 5569 3530 5624 illa
3577 5571 3698 5625 Dio-

2104 5638 2260 5708 nysii,
2291 5635 2547 5708 discimus
2575 5635 2837 5708 quosdam
2865 5636 3028 5690 fuisse
3055 5635 3144 5706 qui
3190 5641 3429 5696 lunarem
3461 5657 3699 5698 mensem

2104 5705 2174 5761 50
2207 5707 2394 5776 diebus
2447 5705 2972 5772 circumscribercnt,
3005 5705 3123 5776 qua":
3150 5709 3251 5764 fuit
3290 5722 3536 5767 veterum
3582 5729 3702 5767 ma-

2105 5780 2249 5832 xime
2263 5775 2582 5855 _Gra:corum
2607 5777 3007 5855 per_suasio,nti
3034 5779 3123 5833 lib.
3160 5797 3174 5834 I
3203 5781 3270 5835 de
3294 5781 3474 5837 l‘oetr.
3509 5793 3701 5855 temp.,

2106 5864 2225 5920 cap.
2263 5847 2316 5915 7,
2347 5846 2851 5902 demonstravhnus.
2888 5847 3174 5907 Paravws.

3194 5949 3268 6009 16
