4122 6498
463 253 562 312 491

1843 252 2131 310 DIONYSII
2171 255 2403 311 EXIGUI

3662 251 3770 306 499

469 367 685 424 lunares
713 383 950 437 menses,
990 368 1044 422 in
1074 366 1332 422 trecentis
1361 367 1644 435 sexaginta
1666 365 1856 422 diebus
1881 383 2068 422 nume-
2099 385 2138 434 Λ
2173 367 2444 433 salutifera
2487 370 2814 423 solemnitate
2862 364 3119 438 paschali,
3153 363 3676 419 excommunicaudos
3718 379 3765 420 et

470 468 613 526 rant,
644 459 838 530 quibus
867 460 1029 515 etiam
1069 457 1308 526 quinque
1347 457 1463 511 dies
1505 456 1786 527 adjiciunt,
1817 471 1955 526 quos
1986 457 2068 511 in-

473 553 772 607 tercalares
820 549 1113 627 appellavit
1135 549 1452 618 antiquitas,
1486 557 1547 603 ut
1591 549 1824 604 solarem
1867 563 2068 602 annum

477 643 772 713 adimplere
802 643 1117 707 videantur;
1147 655 1270 696 cum
1301 640 1531 710 diligens
1560 639 1838 709 inquisitio
1867 640 2069 694 verita-

473 737 883 804 tis-ostenderit,
912 735 966 788 in
988 733 1201 790 duobus
1229 734 1370 786 luna:
1401 733 1615 788 circulis
1635 748 1752 787 non
1787 732 2067 800 sexaginta

472 831 608 890 dies.
640 826 738 884 sed
762 827 1150 898 quinquaginta
1193 840 1388 880 novem
1417 825 1620 880 debere
1663 823 1956 878 numerari.
1991 825 2069 879 Ac

476 927 577 991 per
616 920 722 974 hoc
763 921 816 974 in
859 919 1142 974 duodecim
1174 918 1452 973 lunaribus
1493 917 1766 973 mensibus
1793 925 2068 971 trecento-

473 1029 590 1068 rum
619 1012 1010 1083 quinquaginta
1048 1020 1284 1082 quatuor
1315 1012 1521 1065 dierum
1564 1025 1828 1066 summam
1868 1009 2068 1080 colligi,

471 1104 558 1158 cui
582 1111 801 1173 epaetas
831 1102 1074 1176 Egyptii
1096 1117 1326 1170 annuas,
1356 1102 1406 1155 id
1434 1109 1520 1156 est
1550 1101 1798 1156 undecim
1829 1101 1944 1155 dies
1973 1115 2070 1154 ac-

471 1194 853 1254 commodant;
885 1203 945 1247 ut
982 1195 1057 1247 ita
1087 1193 1303 1248 demum
1330 1192 1532 1246 lunaris
1559 1191 1802 1245 emensio
1825 1199 1849 1226 λ
1873 1187 2073 1244 rationi

473 1284 602 1339 solis
633 1284 1172 1352 adatquetur..Quod
1215 1285 1555 1338 verissimum
1586 1297 1705 1338 esse
1753 1291 1916 1351 atque
1961 1295 2074 1335 cer-

476 1374 760 1439 tissimum,
793 1388 956 1444 supra
1000 1375 1327 1444 scriptorum
1361 1371 1578 1427 Patrum
1624 1373 1893 1426 sententia
1923 1386 2071 1426 eom-

476 1465 754 1533 probatur,
779 1464 870 1532 qui
897 1463 1051 1532 juxta
1073 1465 1212 1518 banc
1236 1462 1610 1535 Egyptiorum
1634 1464 2070 1526 calculationem,

475 1563 696 1624 quartas
722 1555 962 1610 decimas
987 1556 1140 1609 lunas
1169 1555 1434 1626 paschalis
1455 1555 1813 1610 observantia:
1844 1554 2075 1608 tradide-

477 1656 622 1703 runt.
671 1646 778 1701 Sed
829 1647 1073 1702 nonnulli
1129 1654 1294 1702 tantm
1341 1645 1680 1711 subtilitatis,
1737 1647 1851 1700 sive
1894 1646 2074 1716 potius

482 1738 780 1794 sanctionis
809 1738 1000 1806 ignari,
1031 1738 1158 1793 dum
1189 1737 1292 1792 alia
1327 1737 1732 1809 'supputationis
1761 1745 2074 1806 argumenta

478 1829 797 1900 perquirunt
830 1830 878 1893 ι),
927 1843 958 1882 a
986 1829 1230 1884 veritatis
1279 1832 1497 1883 tramite
1543 1829 1804 1884 recedunt
1830 1839 1877 1884 ο.
1921 1827 2077 1885 Unde

479 1919 802 1989 plerumque
843 1917 1152 1988 contingitd
1195 1927 1253 1972 ut
1279 1933 1442 1989 quam
1468 1928 1491 1956 ο
1523 1933 1668 1989 saepe
1709 1919 1843 1973 dicti
1889 1917 2077 1973 Patres

481 2010 744 2066 decimam
765 2018 1014 2077 quartam
1044 2009 1228 2063 lunam
1269 2018 1497 2079 ponunl,
1545 2024 1666 2064 eam
1696 2009 1782 2064 isti
1812 2009 2078 2064 decim-nn

482 2101 728 2171 quintam
757 2101 1130 2170 suspicentur;
1156 2110 1214 2156 et
1237 2116 1356 2170 qua:
1379 2101 1636 2170 vigesima
1667 2101 1837 2170 prima
1867 2109 1972 2169 est,
2001 2102 2079 2155 vi-

482 2193 743 2261 gesimam
771 2191 1061 2248 secundam
1083 2207 1203 2248 esse
1226 2194 1598 2263 pronuntient.
1623 2191 1730 2248 Sed
1758 2193 1934 2258 nobis,
1959 2193 2082 2263 qui-

472 2285 583 2342 bus
610 2299 765 2340 amor
791 2293 847 2339 et
869 2300 999 2340 cura
1027 2294 1115 2340 est
1146 2284 1467 2340 Christianae
1497 2286 1793 2355 religionis,
1837 2301 1867 2340 a
1897 2293 2079 2342 tanto-

480 2391 602 2431 rum
633 2374 952 2445 pontilicum
977 2376 1368 2432 constitutione
1395 2375 1411 2413 ί
1439 2376 1585 2430 nulla
1612 2391 1836 2446 prorsus
1864 2386 2082 2445 oportet

483 2469 691 2524 ratione
739 2468 1048 2533 discedere;
1091 2470 1183 2524 sed
1229 2467 1504 2539 prtelixam
1545 2469 1612 2523 ab
1657 2467 1741 2521 his
1772 2469 2079 2537 paschalem

490 2560 730 2628 regulam
769 2560 1132 2615 sincerissima
1180 2559 1435 2615 convenit
1471 2558 1761 2614 devotione
1786 2568 1810 2604 Β
1839 2573 2077 2613 servare.

555 2649 768 2716 Quanta
797 2665 928 2707 vero
958 2650 1010 2706 iu
1045 2650 1300 2706 Ecclesiis
1330 2657 1445 2705 toto
1468 2658 1733 2704 terrarum
1765 2648 1900 2711 orbe
1925 2648 2083 2704 dili'u-

488 2742 558 2798 sis
596 2743 790 2798 horum
833 2741 1055 2797 Patrum
1099 2745 1338 2797 nitamur
1385 2743 1732 2808 auctoritate,
1780 2756 1888 2795 non
1928 2741 2085 2797 labor

491 2840 567 2886 est
596 2833 918 2900 ostendere,
957 2849 1077 2888 cum
1106 2845 1350 2888 sanctum
1381 2834 1671 2888 concilium
1712 2834 1854 2902 apud
1896 2832 2084 2888 Antio-

486 2922 662 2978 chiam
696 2920 722 2958 ιι
749 2931 872 2992 post
900 2931 1278 2992 tempora‘nOn
1307 2924 1381 2977 ita
1410 2923 1570 2992 longe
1605 2925 1954 2990 conveniens,
1987 2939 2084 2980 eo-

487 3028 603 3067 rum
646 3015 896 3084 primitus
925 3012 1300 3068 deﬁnitionem
1324 3028 1484 3083 quam
1515 3013 1588 3068 de
1605 3015 1846 3084 paschali
1871 3016 2084 3071 ratione

493 3110 841 3177 protulerunt
877 3107 890 3146 ί
920 3109 1068 3164 nullo
1099 3109 1261 3165 modo
1298 3107 1606 3165 violandam
1635 3126 1754 3165 esse
1788 3112 2080 3166 censuerit.

481 3187 734 3268 Denique
771 3201 823 3255 in
874 3202 1076 3257 sanctis
1124 3203 1422 3258 canonibus
1459 3203 1560 3258 sub
1588 3204 1743 3258 titulo
1791 3213 2083 3273 septuage-

490 3294 627 3345 sitne
662 3308 826 3358 nono,
867 3293 959 3362 qui
989 3302 1072 3348 est
1101 3295 1306 3364 primus
1336 3294 1502 3364 ipsius
1535 3295 2085 3352 Antiochcni'conci-

490 3385 564 3446 lii,
612 3383 696 3437 his
746 3384 926 3438 verbis
979 3386 993 3434 l
1053 3386 1334 3440 invenitur.
1364 3401 1680 3456 expressum
1711 3405 1723 3440 :
1751 3385 1944 3442 Omnes
1993 3390 2086 3460 qui

490 3478 601 3530 nusi
643 3479 836 3546 fuerint
881 3477 1158 3533 dissolvere
1201 3480 1554 3549 definitionem
1581 3483 1773 3534 sancti
1812 3489 1863 3534 et
1907 3483 2084 3552 magni

492 3569 694 3621 concilii
725 3567 862 3639 quod
882 3569 1020 3640 apud
1049 3565 1104 3623 Ν
1107 3572 1287 3625 ἱειεαηι
1311 3577 1683 3644 congregatim
1704 3581 1798 3634 est,
1833 3571 1926 3626 sub
1944 3590 2082 3641 prte-

493 3661 661 3713 seutia
689 3661 910 3730 piissimi
955 3669 1004 3714 et
1037 3663 1314 3716 venerandi
1351 3664 1603 3736 principis
1643 3662 1992 3732 Constantini,
2023 3665 2086 3719 de

565 3828 590 3853 ⁸
629 3816 690 3875 C.
726 3818 998 3872 dimensio.
1052 3823 1056 3827 ’

562 3889 588 3925 b
626 3887 690 3959 ς,
722 3889 1010 3959 requirunt.

566 3970 586 3995 ε
622 3957 685 4019 C,
718 3957 1057 4013 recesserunt.

559 4027 586 4065 ά
618 4028 746 4105 _Nun
777 4028 996 4082 dubium
1024 4039 1107 4084 est
1132 4033 1264 4105 istos
1288 4034 1380 4101 qui
1408 4032 1497 4086 hic
1525 4048 1554 4086 a
1596 4033 1852 4105 Dionysio
1899 4049 2088 4104 repre-

494 4099 818 4168 hetnluntur,
865 4103 1258 4157 astronomicas
1305 4099 1515 4158 tabulas
1559 4099 1776 4160 secutos
1825 4099 1977 4170 esse,
2025 4121 2089 4158 ac

493 4176 776 4248 προήγησιν
817 4170 1283 4248 animadvertisse.
1329 4175 1486 4248 ᾼηιιο
1514 4171 1876 4248 βῒιιὶειίίδῖὕτ
1922 4191 2090 4248 aureo

498 4241 723 4294 ninnero
751 4255 827 4302 ιιι,
865 4241 1198 4297 novilunium
1232 4244 1464 4298 medium
1512 4244 1703 4300 incidit
1730 4247 1782 4300 in
1824 4247 1968 4301 diem
1995 4245 2087 4299 -50

495 4310 695 4376 Martii,
729 4309 859 4362 feria
892 4310 943 4374 '5,
977 4312 1107 4366 liora
1145 4313 1237 4374 25.
1268 4314 1354 4368 δι’
1383 4329 1412 4368 a
1454 4316 1630 4370 media
1658 4326 1821 4372 nocte
1850 4317 1903 4371 in
1925 4353 1928 4356 ~
1952 4317 2094 4370 hori-

498 4389 672 4457 sonte
726 4379 1176 4457 [jegjpmontano
1211 4384 1441 4457 itaque
1483 4387 1768 4457 neomenia
1826 4387 2096 4457 paschalis

496 4450 597 4502 fuit
625 4451 710 4524 die
739 4449 798 4524 51
830 4447 1006 4524 Martii
1031 4471 1043 4505 :
1077 4469 1184 4522 quo
1209 4455 1260 4507 in
1287 4447 1375 4509 die
1396 4455 1678 4524 obsignata
1703 4466 1789 4513 est
1817 4447 1847 4512 ἃ
1879 4457 2092 4512 Nieama
2121 4463 2176 4522 D

493 4519 718 4598 synod_o_
739 4519 1108 4598 plenilunium
1132 4524 1366 4598 medium
1395 4525 1482 4598 die
1511 4519 1825 4598 “Aprilis,
1857 4527 1989 4598 feria
2020 4544 2092 4594 iv,

493 4587 627 4644 liora
654 4587 747 4654 l7,
769 4587 856 4668 $6.
884 4588 1050 4659 Igitur
1091 4595 1352 4650 terminus
1371 4599 1435 4668 in
1458 4597 1543 4651 die
1574 4587 1864 4668 13'Aprilis
1891 4587 2099 4668 defixus

495 4669 600 4727 est,
629 4674 748 4731 qua:
779 4661 900 4714 luna
933 4678 1021 4716 xw
1061 4670 1173 4717 tum
1225 4675 1359 4720 erat.
1413 4667 1567 4722 Anno
1607 4661 1735 4724 vero
1764 4669 1963 4724 Christi
1993 4665 2098 4724 554

496 4733 687 4787 eodem
727 4731 904 4808 _cycl_on
931 4731 1211 4808 lunam,
1238 4738 1574 4808 novilunium
1628 4740 1864 4794 medium
1905 4740 2102 4808 Regio-

496 4811 682 4882 monte
708 4802 794 4882 die
943 4802 1139 4882 illartii,
1185 4804 1317 4882 feria
1349 4805 1566 4882 5,‘hora
1601 4809 1689 4875 15,
1725 4810 1833 4882 51λῖἱ
1874 4802 2102 4882 plenilu-

498 4874 644 4927 nium
695 4872 782 4927 die
831 4871 898 4925 14
947 4877 991 4936 Α
1032 4877 1164 4944 rilis,
1211 4877 1342 4932 feria
1387 4871 1444 4945 ’6,
1497 4878 1626 4935 hora
1677 4871 1727 4943 7,
1768 4871 2101 4935 BS'CVerum

497 4945 751 5020 quoniam
793 4945 1096 5020 anuus554
1137 4949 1408 5005 secundus
1452 4959 1536 5005 est
1575 4959 1698 5020 post
1744 4951 2095 5014 bissextilem,

497 5016 854 5087 priorautem
901 5017 975 5070 illi
1005 5022 1282 5086 proximus
1312 5021 1379 5075 ab
1409 5016 1633 5087 eodem;
1664 5021 1784 5075 ideo
1814 5037 1908 5076 sex
1949 5021 2098 5076 horis

498 5085 691 5141 ablatis
720 5101 787 5140 ex
831 5085 1150 5161 posteriore,
1200 5091 1244 5145 si
1291 5091 1539 5161 eumdem
1569 5085 1688 5145 cum
1719 5093 1898 5161 priore
1947 5091 2096 5145 ordi-

497 5172 619 5230 nem
650 5156 876 5230 _tene_t'et
905 5156 1204 5230 indiiliano
1234 5160 1606 5228 quadriennio,
1649 5156 1963 5230 contigisset
2001 5179 2096 5217 n0-

496 5227 755 5306 vilunium
779 5227 920 5306 liora
949 5228 998 5306 7,
1030 5229 1136 5295 δι’,
1169 5238 1226 5306 ut
1251 5227 1821 5306 irpori'matc‘conslala'
1836 5234 1905 5287 sit
1931 5233 2094 5306 hora-

501 5314 618 5350 rum
651 5297 718 5352 16
745 5299 962 5353 circiter
985 5300 1036 5352 in
1060 5301 1213 5354 annis
1243 5297 1506 5356 ducentis.
1537 5298 1771 5356 Proinde
1813 5302 2096 5358 ueomeuia

499 5368 700 5422 lunaris
726 5369 1085 5424 astronomiea
1115 5373 1471 5426 conveniebat
1520 5373 1571 5425 in
1612 5373 1752 5427 diem
1786 5375 1846 5427 51
1895 5373 2090 5436 Martii,

499 5439 928 5513 deciuiaquarta
960 5441 1022 5513 in~
1042 5441 1184 5494 diem
1219 5441 1284 5494 l9.
1323 5443 1492 5513 April.
1526 5442 1654 5509 Quae
1684 5459 1844 5498 causa
1875 5443 1973 5496 fuit
2001 5459 2098 5497 cur

503 5509 744 5585 nonnulli
790 5509 1024 5582 Dionysii
1056 5517 1298 5585 tempore
1328 5509 1508 5585 lunam
1548 5515 1694 5567 illam
1728 5532 1791 5568 xv
1824 5523 2094 5585 putarent,

501 5592 621 5646 quae
663 5577 878 5658 Nicmno
909 5577 1106 5636 sleeulo
1137 5577 1376 5658 fuitsiv.
1413 5584 1598 5658 Itaque
1647 5577 1956 5658 castigandi
1991 5577 2099 5639 non

501 5659 675 5709 erant,
706 5651 804 5702 uisi
837 5661 1101 5719 quatenus
1139 5656 1346 5708 civilem
1377 5665 1432 5710 ct
1460 5651 1879 5712 ecclesiasticam
1909 5656 2097 5709 obser-

503 5721 771 5773 vationem
795 5725 996 5788 privata
1025 5735 1344 5779 auctoritate
1368 5726 1780 5781 labefactabant.
1808 5728 1938 5780 Nam
1963 5727 2099 5779 alio-

505 5792 594 5860 qui
624 5800 767 5846 recte
798 5792 864 5845 de
893 5793 1015 5846 luna
1041 5794 1152 5864 ipsa
1184 5798 1477 5853 secundum
1509 5799 1898 5856 astronomicas
1933 5799 2100 5852 ratio-

2171 463 2234 515 de
2266 461 2507 515 Ecclesia
2538 461 2801 532 pellendos
2831 476 2943 514 esse
2973 474 3236 512 censemus
3287 456 3333 524 ⁸,
3368 461 3413 511 si
3447 468 3615 510 tamen
3641 475 3755 512 cou-

2169 553 2438 605 tentiosius
2468 549 2482 588 ι
2527 552 2772 606 adversus
2801 568 2863 604 ea
2891 566 3005 620 quae
3027 549 3156 602 bene
3174 556 3294 601 sunt
3316 547 3520 600 decreta
3543 551 3755 618 perstite

2169 643 2293 695 rint.
2330 640 2397 694 Et
2427 645 2536 695 haec
2560 642 2763 712 quidem
2801 641 2864 695 de
2901 641 3050 694 laicis
3079 639 3218 692 dicta
3246 639 3370 692 sint.
3430 637 3492 692 Si
3536 640 3648 709 quis
3677 657 3770 692 uu—

2174 741 2273 785 tem
2303 749 2478 786 eorum
2521 735 2604 805 qui
2645 741 2876 801 prtcsunt
2906 731 3174 796 Ecclesiae,
3218 738 3305 783 aut
3345 732 3637 801 episcopus,
3681 742 3772 784 unt

2169 825 2454 896 presbyter,
2493 835 2583 878 aut
2611 827 2882 890 diaconus,
2914 834 3031 894 post
3059 824 3195 876 hanc
3216 823 3571 892 definitionem
3609 833 3774 876 tenta—

2169 919 2337 980 verit,
2399 916 2470 969 ad
2521 917 2901 970 subversionem
2951 914 3256 985 pepulorum
3308 924 3358 967 et
3408 913 3766 967 Ecclesiurum

2161 1005 2630 1076 perturbationem,
2655 1010 2876 1060 seorsim
2904 1005 3166 1076 colligere,
3211 1012 3259 1058 et
3287 1020 3401 1058 cum
3421 1003 3622 1058 Judwis
3663 1003 3773 1056 Pu-

2172 1097 2296 1149 sclta
2323 1096 2599 1164 celebrare,
2626 1106 2810 1150 sancta
2831 1095 3060 1166 synodus
3081 1095 3217 1148 hunc
3239 1095 3464 1148 alienum
3473 1093 3589 1164 jam
3605 1095 3723 1148 hinc
3737 1106 3773 1130 ηι

2175 1188 2237 1242 ab
2270 1187 2503 1242 Ecclesia
2521 1188 2777 1258 judicavit
2803 1203 2821 1240 :
2851 1187 2987 1258 quod
3030 1203 3134 1240 non
3181 1187 3345 1240 solum
3381 1185 3515 1253 sibi,
3543 1186 3634 1239 sed
3661 1187 3776 1254 pln-

2174 1279 2320 1332 rimis
2362 1294 2520 1332 causa
2550 1278 2906 1347 corruptionis
2948 1293 3010 1330 ac
3059 1276 3464 1346 perturbationis
3497 1277 3772 1330 exstiterit.

2178 1370 2290 1424 Nec
2322 1373 2485 1426 solum
2521 1389 2552 1424 a
2581 1371 2873 1425 ministerio
2908 1370 3037 1424 tales
3069 1379 3306 1434 removet,
3339 1369 3432 1423 sed
3459 1369 3618 1423 etiam
3648 1368 3726 1425 illi
3749 1379 3775 1407 ι

2176 1464 2262 1534 qui
2289 1473 2403 1535 post
2443 1464 2835 1517 damnationem
2871 1461 3168 1532 ltujusmodi
3207 1462 3595 1514 communicare
3621 1470 3645 1496 ο
3676 1471 3777 1514 ten-

2180 1557 2422 1622 taverint,
2463 1555 2700 1608 damnati
2729 1563 2849 1608 sunt
2873 1563 2920 1618 P,
2954 1554 3095 1608 omni
3123 1568 3320 1623 quoque
3347 1553 3666 1606 extrinsecus
3691 1551 3776 1605 lto—

2149 1709 2152 1712 ,
2179 1664 2304 1701 nore
2323 1647 2538 1717 privati,
2573 1663 2722 1718 quem
2741 1655 2927 1700 sancta
2955 1644 3136 1716 regula
3164 1655 3190 1693 τι
3215 1653 3264 1697 et
3303 1643 3655 1699 sacerdotium
3686 1641 3782 1699 Dei

2111 1740 2479 1817 “promeruit.
2510 1738 2604 1792 His
2635 1755 2741 1794 non
2771 1739 3049 1794 dissimilia
3078 1739 3405 1793 venerabilis
3433 1754 3574 1809 papa
3606 1738 3783 1805 Leo',

2179 1830 2321 1885 sedis
2349 1831 2662 1900 apostolicae
2702 1829 2921 1902 praesul,
2972 1830 3304 1898 pronuntiat,
3335 1829 3558 1884 dicens:
3589 1827 3782 1884 Contra

2177 1934 2374 1980 statuta
2416 1941 2675 1979 canonum
2723 1935 3076 1996 paternorum,
3131 1940 3246 1995 qua:
3299 1932 3420 1978 ante
3469 1924 3783 1996 longissimis

2180 2018 2356 2070 wtatis
2387 2033 2554 2070 annos
2595 2017 2650 2069 in
2693 2016 2817 2070 urbe
2855 2014 3042 2070 Nicaea
3069 2015 3390 2086 spiritalibus
3417 2027 3540 2070 sunt
3567 2018 3784 2088 fundata

2176 2107 2417 2167 decretis,
2451 2106 2581 2160 nihil
2611 2107 2851 2176 cuiquam
2892 2105 3084 2159 audere
3134 2105 3469 2170 conceditur;
3519 2107 3597 2160 ita
3644 2113 3700 2158 ut
3738 2107 3784 2158 si

2179 2201 2294 2271 quis
2335 2199 2590 2252 diversum
2637 2198 2760 2268 quid
2804 2197 2924 2252 velit
2953 2197 3245 2262 decernere,
3274 2214 3329 2251 se
3373 2199 3545 2267 potius
3573 2199 3777 2252 minuat

2181 2306 2336 2358 quam
2356 2289 2450 2343 illa
2494 2297 2810 2358 corrumpat.
2853 2284 2983 2351 Qui:
3027 2289 3092 2354 si,
3149 2296 3205 2340 ut
3250 2297 3472 2357 oportet,
3511 2303 3545 2341 a
3582 2291 3783 2342 cunctis

2179 2380 2514 2452 pontiﬁcibus
2534 2382 2844 2435 intemerata
2873 2390 3154 2446 serventur,
3194 2397 3284 2450 per
3312 2381 3581 2435 universas
3621 2381 3783 2434 eccle-

2184 2474 2291 2527 sias
2311 2489 2416 2544 patc
2446 2473 2546 2527 erit
2565 2480 2616 2526 et
2643 2473 2799 2542 ﬁrma
2829 2471 3129 2527 concordia.
3165 2469 3228 2524 Et
3257 2471 3453 2525 iterum
3485 2489 3498 2524 :
3526 2470 3592 2525 In
3622 2475 3785 2526 omni-

2185 2563 2296 2628 bus,
2328 2564 2518 2633 inquit,
2551 2563 2920 2618 ecclesiasticis
2960 2565 3150 2628 causis,
3199 2563 3280 2617 his
3318 2563 3518 2636 legibus
3541 2564 3780 2637 obsequi-

2185 2671 2318 2718 mur,
2345 2671 2472 2725 quas
2501 2654 2570 2707 ad
2596 2655 2874 2725 paciﬁcum
2911 2654 3296 2708 observantiam
3340 2655 3572 2710 omnium
3599 2671 3778 2709 sacer-

2186 2747 2386 2811 dotum,
2440 2762 2532 2816 per
2585 2754 2838 2800 trecentos
2888 2745 3172 2800 octodecim
3220 2747 3487 2816 episcopos
3543 2745 3775 2816 Spiritus

2187 2847 2397 2891 sanctus
2443 2837 2704 2901 instituit;
2748 2838 2822 2891 ita
2862 2845 2920 2890 ut
2972 2837 3176 2892 etiamsi
3218 2837 3380 2891 multo
3430 2837 3604 2906 plures
3644 2837 3790 2892 aliud

2187 2944 2342 2999 quam
2369 2927 2448 2980 illi
2487 2935 2716 2982 statuere
2765 2927 3068 2995 decernant,
3110 2929 3163 2981 in
3214 2927 3359 2981 nulla
3402 2929 3691 2982 reverentia
3722 2929 3788 2982 sit

2189 3017 2484 3072 habendum
2511 3017 2759 3090 quidquid
2789 3018 2946 3090 fuerit
2969 3035 3002 3072 a
3028 3018 3398 3090 praedictorum
3423 3019 3790 3073 constitutione

2112 3137 2157 3200 ρ
2192 3110 2468 3164 diversum.

2269 3201 2650 3269 Sul‘l‘tcienter,
2709 3213 2770 3281 ut
2820 3210 3103 3274 putamus,
3155 3202 3364 3260 cunctis
3412 3202 3669 3260 indicitur
3721 3220 3792 3260 ne

2190 3293 2446 3364 deinceps
2477 3295 2634 3350 aliter
2661 3310 2824 3365 quam
2865 3310 2894 3350 a
2925 3297 3127 3351 sancis
3158 3294 3514 3352 constitutum
3559 3306 3644 3352 est
3687 3295 3789 3352 Pa-

2192 3385 2363 3441 tribus
2389 3386 2814 3444 sacratissimum
2851 3384 3063 3443 Pascha
3091 3386 3417 3443 celebretur.
3441 3387 3597 3453 Quod
3637 3390 3684 3445 si
3715 3401 3790 3445 te.

2191 3479 2444 3534 stimonia
2475 3487 2748 3534 tantorum
2797 3479 3140 3534 sacerdotum
3167 3477 3395 3534 forsitan
3442 3480 3564 3549 quis
3615 3482 3818 3537 obsti-.

2191 3577 2318 3624 nata
2361 3577 2545 3625 mente
2590 3570 2918 3641 despexerit,
2972 3571 3136 3626 etiam
3181 3571 3235 3626 in
3264 3570 3489 3626 historia
3529 3573 3790 3628 ecclesia-

2193 3663 2328 3719 stica
2355 3663 2507 3734 paria
2534 3663 2772 3719 breviter
2813 3663 3060 3718 intimata
3090 3664 3328 3734 reperiet
3351 3681 3371 3732 ;
3391 3664 3793 3735 multorumque

2193 3823 2754 3898 nessexistimabant:
2788 3825 3210 3898 tametsi__minus
3239 3825 3306 3880 ad
3345 3826 3654 3898 paschalem
3687 3827 3794 3883 Ec-

2191 3895 2368 3972 clesia:
2394 3894 2789 3972 rittim_taceret
2818 3895 3187 3972 hzeeillorum
3214 3894 3466 3972 napié‘uq.
3503 3897 3794 3972 Pennus.

2197 4036 2208 4048 _
2269 3975 2291 4002 ο
2318 3965 2410 4088 lita
2437 3980 2508 4021 ex
2551 3965 2595 4019 Β
2622 3973 2678 4020 et
2716 3965 2760 4020 Ω
2799 3965 3110 4031 scribimus,
3135 3982 3235 4036 pro
3261 3965 3492 4040 quando,
3532 3970 3678 4038 quod
3712 3981 3799 4029 est

2197 4053 2248 4088 Hl
2282 4052 2312 4088 a
2339 4052 2424 4088 IIS.

2195 4053 2248 4090 Hl
2282 4052 2424 4090 ams.

2271 4106 2286 4144 τ
2331 4107 2576 4172 Quatuor
2602 4105 2702 4162 has
2721 4121 2962 4173 voces,.a
2992 4106 3216 4162 Petavio
3245 4114 3302 4163 et
3340 4107 3611 4164 Bucherio
3633 4112 3797 4167 omis-

2192 4191 2310 4301 εειεὰ
2331 4193 2400 4231 ex
2422 4176 2476 4301 Ec
2494 4184 2552 4232 et
2578 4176 2623 4230 D
2649 4178 2982 4247 supplemus.
3019 4175 3294 4234 Posterior
3319 4180 3484 4234 etiam
3511 4179 3661 4235 addit
3689 4201 3703 4236 :
3742 4199 3800 4238 ut

2199 4264 2270 4301 nu
2313 4265 2367 4301 a.
2388 4266 2416 4301 e
2481 4288 2494 4300 .

2199 4257 2367 4312 nulla,
2388 4257 2494 4303 etc.

2275 4329 2299 4366 8
2334 4319 2417 4390 ita
2465 4334 2533 4390 ex
2564 4316 2606 4371 Β
2634 4327 2691 4390 et
2717 4318 2759 4374 C
2784 4327 2840 4374 et
2866 4318 2909 4371 D
2937 4319 3241 4387 scribimus,
3283 4335 3383 4390 pro
3421 4319 3799 4389 obseruatione,

2204 4389 2348 4459 quod
2370 4389 2528 4444 estin
2560 4389 2738 4444 editis.

2273 4457 2300 4497 ⁸³
2330 4459 2388 4534 In
2427 4459 2586 4534 editis
2633 4460 2721 4514 hic
2764 4476 3047 4534 perperam
3096 4461 3291 4534 legitur
3342 4459 3602 4528 Nicaeam,
3653 4465 3798 4534 quod

2202 4531 2383 4585 sensui
2411 4532 2614 4604 pariter
2641 4546 2704 4585 ac
2732 4530 2953 4604 mssiB,
2987 4530 3026 4584 C
3058 4541 3112 4585 et
3143 4532 3186 4585 Ι)
3213 4545 3493 4601 repugnat,
3522 4530 3801 4604 exquibus

2203 4617 2386 4656 veram
2416 4601 2704 4656 lectionem
2731 4603 3080 4656 restituimus.

2283 4670 2297 4709 ί
2343 4671 2434 4743 Sic
2460 4670 2500 4722 Β
2527 4681 2581 4726 et
2611 4671 2673 4725 Ι).
2697 4672 2820 4737 Alii,
2843 4674 3185 4743 protulerunt.

2281 4746 2295 4793 ι
2343 4741 2530 4797 Canon
2581 4741 2940 4816 iste_eoncilii
2984 4745 3304 4816 Αιιιὶοειιθηί
3351 4747 3584 4816 primus,
3607 4746 3658 4800 in
3689 4746 3800 4802 C0~

2205 4813 2326 4888 dice
2365 4829 2635 4888 canonum
2678 4813 2932 4869 Ecclesiae
2963 4815 3245 4882 universe,
3291 4813 3453 4887 quem
3484 4819 3800 4888 Christum».

2207 4881 2464 4939 Justellus
2494 4883 2679 4947 edidit,
2707 4896 2790 4941 est
2811 4901 2974 4940 Lxxx.

2278 4954 2304 4992 κ
2345 4953 2388 5007 Β
2413 4963 2468 5008 et
2497 4953 2561 5018 C,
2589 4958 2900 5010 censuimus.

2282 5024 2299 5063 ι
2341 5024 2420 5078 lta
2449 5023 2512 5080 C.
2541 5026 2664 5090 Alii,
2689 5028 3016 5082 contentiusi.

2278 5107 2315 5133 ω
2359 5095 2412 5148 Η
2416 5096 2501 5150 inc
2525 5098 2575 5150 in
2597 5095 2637 5149 C
2662 5096 2835 5152 deest.

2277 5177 2302 5204 υ
2336 5167 2397 5232 C,
2429 5168 2568 5222 illos.

2277 5248 2300 5274 ο
2341 5239 2406 5306 C,
2433 5239 2918 5293 communicatione.

2279 5320 2306 5358 p
2345 5309 2407 5370 C,
2440 5309 2788 5363 damnandos.

2278 5391 2304 5430 ιι
2343 5381 2406 5443 (3,
2437 5382 2517 5450 pri
2525 5382 2650 5432 vari.

2279 5462 2313 5524 r_
2344 5447 2452 5505 Leo
2479 5453 2642 5524 epist.
2674 5447 2743 5503 55
2770 5450 2834 5524 ad
2865 5451 3206 5510 Puleheriam
3234 5457 3545 5524 Augustam.
3570 5455 3652 5512 ibi
3675 5475 3806 5516 vero

2203 5523 2262 5577 S.
2294 5521 2404 5576 Leo
2431 5537 2542 5575 non
2567 5521 2636 5576 de
2666 5523 3007 5589 paschalibus
3034 5529 3267 5581 decretis
3294 5521 3422 5593 agit,
3445 5529 3542 5582 sed
3573 5529 3637 5580 de.
3668 5531 3806 5583 «εἰω-

2205 5609 2408 5665 eesemn
2453 5593 2730 5665 limitibus,
2764 5609 2898 5662 quos
2940 5597 3444 5652 innovare'vnlebat
3499 5599 3801 5665 Anatolius,

2205 5663 2830 5740 giinstaiitiiiopolitaiius
2897 5668 3200 5740 cpisc0pus.
3275 5668 3417 5733 Lege
3492 5663 3802 5738 epistolam.

2207 5735 2529 5794 Bucumws.
