4122 6514
460 330 562 390 5θὸ

1773 339 2064 398 DIONYSII
2106 338 2265 394 EXIG
2275 339 2338 397 Ul

3649 367 3746 425 501

457 446 592 503 ﬁunt
621 465 702 515 ιιι
725 450 900 507 deduc
939 467 1065 516 xxx,
1094 459 1379 508 remanent
1421 467 1530 507 ιιι.
1559 450 1706 508 Luna
1739 470 1834 510 ιιι
1885 465 1968 511 est
1993 456 2048 512 in
2079 460 2123 516 Α
2153 456 2238 513 los
2264 472 2454 523 annos,
2486 466 2650 528 quota
2677 460 2748 515 sit
2777 461 2930 530 feria,
2969 479 3126 523 sume
3150 483 3327 531 annos
3361 474 3750 534 incantatiorus

453 539 542 594 die
571 544 982 600 resurrectionis
1012 544 1244 598 Domini.

524 632 580 688 Si
612 636 854 704 requiras
892 652 922 690 a
971 635 1274 706 Septembri
1319 651 1490 706 usque
1516 635 1586 691 ad
1617 645 1643 673 ι
1677 635 2051 704 Decembrem,

457 732 566 778 tres
592 739 807 795 semper
851 726 904 780 in
952 725 1035 781 his
1079 741 1132 782 Iv
1164 727 1441 782 mensibus
1466 726 1745 796 regulares
1785 726 2048 795 adjicias:

452 817 505 873 in
537 819 774 875 hissexto
811 829 994 880 autem
1022 821 1362 878 solummodo
1402 835 1546 876 anno
1589 820 1727 878 duos
1774 819 2053 887 regulares

451 910 830 982 suprascriptis
857 913 1130 968 mensibus
1159 911 1560 977 adnumerabis,
1587 919 1642 966 et
1672 926 1771 981 pro
1798 909 2049 976 xxxidie,

449 1020 600 1062 xxxn
665 1005 818 1061 annis
864 1005 1088 1076 singulis
1141 1005 1430 1062 Decembri
1476 1020 1665 1061 mense
1707 1019 1949 1060 assumes
1996 1004 2048 1059 in

451 1095 554 1152 line
587 1098 632 1152 δ.

446 1230 582 1286 Anc.
625 1229 689 1287 Χ.
730 1230 812 1286 De
858 1234 945 1287 die
990 1234 1294 1305 septimana
1342 1240 1543 1288 sanctte
1589 1233 1726 1304 feria
1789 1229 2046 1303 paschali.

517 1343 575 1398 Si
601 1345 682 1399 vis
711 1359 1043 1413 cognoscere
1065 1354 1262 1414 quotus
1289 1345 1407 1401 dies
1425 1344 1741 1416 septimana:
1760 1352 1866 1413 est,
1894 1360 2048 1400 sume

445 1435 562 1488 dies
589 1450 616 1488 a
649 1434 907 1491 Januario
933 1451 1103 1506 usque
1127 1437 1195 1492 ad
1231 1451 1474 1492 mensem
1503 1450 1663 1505 quem
1686 1435 1947 1500 volueris,
1987 1445 2048 1491 ut

443 1537 594 1596 puta,
627 1527 692 1580 ad
723 1543 829 1581 ιιι
858 1526 998 1582 diem
1029 1528 1229 1584 mensis
1264 1527 1441 1583 Martii
1474 1537 1524 1594 ο,
1547 1525 1682 1582 tiunt
1701 1542 1922 1582 ιιιιιι.
1951 1525 2047 1583 His

443 1616 664 1686 adjicies
685 1633 899 1689 semper
927 1634 1114 1687 unum,
1145 1618 1278 1673 iiunt
1306 1634 1402 1684 xc;
1434 1625 1488 1672 et
1516 1631 1732 1688 semper
1751 1615 1887 1672 adde
1915 1632 2042 1688 epao

442 1716 558 1762 etas
585 1708 736 1778 solis,
784 1709 835 1764 id
884 1718 967 1765 est
994 1718 1382 1765 concurrentes
1408 1710 1722 1780 septimana:
1747 1708 1863 1764 dies
1890 1707 2044 1777 cujus

442 1801 677 1860 volueris
705 1803 853 1867 anni,
889 1813 947 1857 ut
977 1812 1104 1873 puta
1135 1817 1210 1864 ιιι,
1245 1801 1432 1857 indict.
1463 1817 1520 1868 ιι,
1563 1801 1698 1857 ﬁunt
1725 1802 1882 1856 simul
1909 1816 2037 1856 xcu.

439 1887 551 1945 llos
581 1891 781 1960 partire
805 1907 901 1962 per
929 1909 1019 1958 vn,
1062 1900 1306 1947 remanet
1334 1907 1440 1947 una
1470 1911 1484 1946 :
1517 1893 1632 1964 ipsa
1660 1901 1744 1948 est
1769 1891 2041 1948 dominica

440 1981 706 2050 paschalis
735 1979 759 2018 ἀ
789 1983 932 2037 l‘esti.
965 1980 1056 2037 Sic
1083 1983 1379 2051 quamlibet
1400 1981 1544 2036 diem
1583 1997 1613 2036 a
1642 1982 1748 2038 cal.
1779 1980 1904 2037 Jan.
1945 1995 2042 2035 us-

440 2087 545 2150 que
573 2071 640 2126 ad
679 2089 790 2128 ιιι
845 2073 987 2127 diem
1050 2073 1252 2128 mensis
1312 2073 1641 2136 Decembris,
1689 2081 1857 2142 quota
1906 2071 2038 2126 feria

438 2161 621 2230 fuerit,
669 2163 912 2220 invenies
952 2163 1336 2234 computando,
1371 2170 1430 2218 ut
1458 2165 1760 2233 regularem
1790 2179 1954 2218 unum
1983 2170 2042 2219 et

437 2267 847 2324 concurrentes,
896 2271 1018 2328 qua:
1064 2257 1374 2314 aJanuario
1434 2271 1624 2314 mense
1651 2272 1867 2328 semper
1903 2255 2040 2312 inci-

437 2351 612 2426 piunt,
655 2351 864 2422 pariter
902 2367 1169 2407 assumas.

649 2486 782 2547 Anc.
823 2485 892 2543 XI
938 2498 981 2541 υ.
1025 2486 1106 2542 De
1144 2487 1270 2543 luna
1318 2487 1479 2543 citimi
1526 2487 1812 2559 paschalis.

504 2599 564 2656 Si
588 2599 669 2656 vis
695 2601 836 2657 seire
861 2609 1029 2672 quota
1079 2601 1206 2658 luna
1251 2602 1322 2657 sit
1351 2603 1406 2658 in
1436 2618 1489 2658 xt
1520 2603 1730 2658 calend.
1759 2599 1957 2673 Aprilis
1987 2605 2031 2669 ί,

433 2708 586 2748 smne
611 2710 783 2750 annos
827 2695 1216 2750 incarnationis
1283 2695 1494 2750 Domini
1524 2696 1692 2750 nostri
1716 2693 1844 2751 Jesu
1872 2696 2032 2750 Chri-

431 2783 524 2848 sti,
558 2792 616 2837 ut
642 2792 795 2854 puta,
827 2800 1036 2840 ncuxv
1068 2794 1114 2838 ε.
1149 2784 1260 2840 llos
1305 2786 1506 2856 partire
1549 2800 1648 2855 per
1677 2801 1754 2852 ιι,
1782 2784 1916 2838 liunt
1941 2800 2029 2840 cx.

431 2871 640 2930 Partire
672 2875 964 2944 tricesima,
1023 2884 1309 2931 remanent
1353 2893 1461 2930 xx:
1492 2875 1748 2930 vicesima
1786 2874 1910 2930 luna
1953 2884 2034 2930 est

430 2966 487 3026 in
537 2967 723 3024 ncal.
774 2968 944 3039 April.
994 2966 1053 3023 Si
1101 2976 1284 3024 autem
1338 2985 1430 3036 vu,
1485 2968 1745 3039 septima;
1788 2967 1832 3022 si
1887 2984 2030 3035 asse,

428 3072 628 3129 prima.

1077 3176 1214 3231 Anc.
1270 3175 1380 3230 XII.

1077 3191 1214 3232 anc.
1274 3191 1380 3230 λιι.

497 3267 556 3324 Si
579 3268 657 3324 vis
678 3282 840 3325 nosse
868 3267 1012 3324 diem
1048 3269 1396 3325 calendarum
1441 3269 1700 3333 Januarii,
1724 3284 1821 3340 per
1846 3268 2032 3339 singu-

497 3527 524 3590 ρ
549 3517 793 3590 Cotton.,
823 3533 982 3590 usque
1010 3519 1086 3573 in.

497 3589 524 3627 δ
557 3587 612 3643 lu
640 3585 967 3643 Cottoniano
1008 3589 1088 3645 sic
1116 3587 1312 3659 legitur
1343 3605 1357 3642 :
1393 3585 1462 3640 Et
1506 3603 1601 3659 per
1645 3602 1756 3642 ιιι
1792 3604 1898 3644 uno
1937 3589 2024 3643 die

421 3675 551 3732 xxxi
581 3661 735 3714 annis
756 3660 994 3732 singulis,
1025 3668 1130 3716 etc.
1165 3660 1341 3732 Locus
1379 3660 1432 3712 in
1463 3668 1693 3732 utroque
1730 3668 2025 3729 corruptus

419 3731 653 3795 videtur,
685 3729 855 3802 queui
878 3732 997 3786 aliis
1016 3731 1390 3802 extricandum
1428 3729 1800 3802 relinquimus3

493 3814 514 3840 ο
545 3802 599 3856 in
628 3799 787 3872 quem
817 3802 1027 3857 scilicet
1072 3801 1280 3857 Pascha
1310 3816 1453 3855 anno
1483 3799 1696 3872 Christi
1729 3799 1857 3872 525,
1893 3801 2020 3857 Dio-

417 3869 754 3944 cletianijﬂrl
785 3915 799 3936 ,
848 3873 1052 3936 incidit,
1087 3873 1380 3944 secundum
1411 3873 1619 3944 eyelum
1659 3869 1844 3942 Cyrilli
1891 3872 2021 3928 ulti-

418 3959 598 4008 mum,
632 3943 959 4014 Dionysiano
992 3943 1343 4014 [immissum

487 4017 514 4053 ά
548 4015 603 4068 Ι·ιι
633 4011 786 4082 Digb.
838 4013 1076 4077 legitur:
1111 4012 1388 4068 Dominica
1430 4011 1662 4079 Pascha,
1695 4013 1749 4067 in
1775 4011 2021 4082 Cotton.,

419 4086 710 4144 Dominicis
736 4085 1021 4154 paschalis.

491 4167 514 4194 ο
547 4155 620 4217 Ea
644 4153 765 4225 qua:
788 4157 873 4210 hic
902 4165 1020 4224 post
1047 4163 1421 4223 argumentum
1447 4153 1498 4208 Χ
1524 4162 1759 4218 exstant,
1784 4154 1836 4209 in
1859 4153 2018 4210 codd.

414 4229 569 4296 high.
603 4235 658 4282 et
685 4226 928 4291 Cotton.,
961 4226 1152 4282 eodem
1177 4226 1338 4281 modo
1369 4225 1637 4296 leguntur,
1663 4225 1766 4280 nisi
1795 4225 1940 4294 quod
1965 4226 2018 4280 in

417 4294 726 4367 posteriori,
759 4297 880 4367 loco
919 4298 1153 4366 exempli
1201 4297 1271 4351 ab
1316 4294 1464 4352 anno
1503 4294 1627 4360 675,
1659 4297 2020 4352 substituatur

414 4366 541 4422 ann.
575 4368 679 4421 688
704 4368 789 4423 vel
821 4366 945 4422 689.
976 4369 1042 4422 Et
1084 4368 1211 4422 illud
1259 4370 1435 4438 ipsum
1475 4383 1676 4422 novum
1705 4367 2016 4437 exemplum

415 4440 541 4496 anni
572 4437 697 4499 675,
731 4439 985 4508 Dionysio
1024 4439 1259 4508 alioquin
1284 4437 1399 4508 non
1441 4440 1718 4501 usitatum,
1751 4438 2016 4507 suspicio-

414 4525 538 4566 nem
572 4519 754 4562 movet
794 4504 1109 4576 argumenta
1150 4504 1218 4563 'in
1257 4504 1451 4579 quibus
1492 4509 1730 4565 occurrit
1757 4524 1788 4563 a
1809 4504 2014 4578 juniori

413 4596 485 4645 qu
515 4581 647 4634 dam
697 4579 1042 4641 caleulatore,
1073 4581 1116 4635 si
1166 4596 1273 4635 non
1319 4582 1522 4645 addita,
1566 4580 1758 4634 saltem
1807 4587 2012 4634 mutata

413 4666 555 4710 esse.
587 4649 697 4704 Nec
719 4666 848 4703 sane
879 4650 1086 4705 mendis
1113 4650 1201 4704 illa
1231 4667 1417 4707 carere
1438 4652 1708 4707 videntur.
1741 4649 1849 4705 Sed
1871 4665 2007 4718 quo-
2039 4654 2084 4711 ι)

413 4736 628 4792 cunque
659 4721 818 4774 modo
847 4737 906 4775 se
929 4721 1181 4792 habeant,
1231 4739 1337 4776 non
1366 4722 1730 4778 inconsultum
1761 4721 2010 4792 duximus

412 4791 658 4861 integra,
709 4803 764 4845 ut
809 4792 861 4846 in
911 4791 1098 4846 Codice
1156 4791 1442 4858 Digbteano
1489 4792 1856 4862 reperiuntur,
1896 4791 2012 4844 huc

412 4864 724 4936 transferre,
759 4862 878 4918 aliis
925 4863 1251 4936 diiudicandi
1291 4873 1348 4918 et
1379 4863 1703 4919 emendandi
1741 4871 2016 4932 potestate

410 4935 619 4990 relicta.
992 4933 998 4938 ’

488 5005 506 5043 ί
539 5005 734 5061 Notum
759 5013 860 5067 est,
896 5020 946 5059 ιι
973 5004 1074 5059 cal.
1112 5005 1306 5073 April.,
1337 5005 1450 5057 sive
1495 5005 1636 5056 diem
1669 5019 1777 5056 xxii
1812 5001 2010 5067 Martii,

411 5078 707 5151 secundum
770 5077 1012 5129 instituta
1068 5077 1552 5151 Alexandrinorum
1576 5090 1670 5151 ,_a
1733 5074 2012 5151 Dionysio,

412 5147 576 5218 Beda,
608 5147 831 5218 aliisque
861 5155 1097 5212 servata,
1149 5150 1377 5218 primum
1420 5147 1541 5218 sive
1563 5145 1803 5218 citimum
1847 5145 2013 5218 fuisse

409 5217 583 5286 diem,
608 5217 659 5272 in
687 5215 845 5286 quem
877 5233 1030 5271 sacra
1061 5217 1285 5283 alicujus
1309 5217 1432 5271 anni
1466 5215 1736 5284 paschalia
1773 5215 2013 5286 incidere

407 5285 852 5357 pOTerant,_sicut
881 5299 952 5342 vn
981 5289 1082 5341 cal.
1116 5287 1262 5350 5lai.,
1293 5289 1406 5341 sive
1425 5287 1540 5339 dies
1571 5302 1676 5339 xxv
1705 5285 1901 5357 Aprzlis
1930 5286 2009 5357 ul:

412 5353 573 5413 timus
601 5353 718 5413 erat
763 5368 816 5412 et
844 5358 1253 5412 remwtissimus.
1299 5357 1441 5412 Beda
1492 5359 1544 5410 in
1593 5353 1803 5411 canone
1833 5355 2010 5410 lunari

411 5431 750 5498 penultimo:
785 5427 1196 5498 Christianomnt
1242 5427 1452 5482 Pascha
1500 5428 1565 5486 ab,
1609 5444 1658 5482 ιι
1701 5428 1801 5480 cal.
1834 5427 2003 5496 April.

408 5515 568 5570 usque
594 5503 648 5554 in
678 5517 748 5554 vn
798 5500 900 5554 cal.
935 5497 1086 5560 Maii,
1139 5516 1438 5570 quocunque
1467 5500 1550 5552 die
1581 5498 1838 5570 dominico
1883 5500 2008 5570 lana

411 5567 710 5631 occurrerit.
737 5581 974 5625 sanctam
1009 5571 1211 5622 Pascha
1239 5567 1405 5624 modis
1432 5569 1668 5624 omnibus
1701 5567 2002 5622 celebrabili.

411 5640 544 5694 Ante
573 5656 626 5694 ιι
651 5643 750 5695 cal.
796 5643 988 5709 Aprit.,
1022 5643 1226 5694 etiamsi
1273 5642 1397 5695 luna
1436 5650 1735 5700 occurrent.
1771 5640 1847 5694 rel
1891 5648 2005 5707 post
2059 5690 2066 5696 .

414 5725 481 5764 vti
512 5713 611 5765 cal.
643 5710 794 5773 Maii,
826 5711 1029 5764 Pascha
1052 5712 1346 5765 nullatenus
1367 5710 1668 5766 celebrabis.
1702 5710 1821 5777 Quo
1847 5710 2006 5764 modo

404 5780 762 5836 Alexandrini
810 5783 1094 5836 terminum
1147 5784 1420 5851 paschalis
1464 5783 1732 5845 ultimum,
1787 5781 1874 5833 die
1916 5795 2005 5834 ιιι

409 5856 583 5921 April.
631 5853 927 5921 antiquitus
975 5854 1352 5920 constitutum,
1407 5868 1579 5921 usque
1609 5851 1680 5905 ad
1709 5851 1867 5921 ,dieiu
1898 5865 2005 5904 xxv

413 5920 580 5994 April.
618 5920 975 5999 protulerint,
1005 5924 1240 5980 ostendit
1290 5920 1581 5982 Buchcrius
1612 5923 1665 5977 in
1695 5920 2000 5982 Conuiient.

2163 548 2370 604 Domini
2403 551 2573 606 nostri
2616 551 2743 608 Jesu
2766 553 2985 622 Christi,
3015 567 3076 613 ut
3100 571 3254 631 puta,
3304 579 3478 620 annos
3517 583 3746 627 ncsxxv.

2159 644 2341 700 Deduc
2369 660 2566 712 assem,
2598 659 2885 704 remanent
2929 667 3178 709 ncuxiv.
3211 655 3323 712 llos
3372 673 3468 728 per
3502 673 3748 730 quartam

2156 745 2362 807 partem
2412 739 2650 807 partiris,
2682 750 2738 795 et
2765 752 3011 810 quartam
3043 754 3272 814 partem,
3319 763 3480 817 quam
3527 753 3750 820 partitus

2154 843 2233 892 es,
2265 827 2486 897 adjicies
2512 846 2676 900 super
2703 848 2950 902 υςιιιιν,
2977 835 3110 891 liunt
3146 838 3302 893 simul
3330 855 3592 897 ncccxui.
3643 843 3751 902 llos

2153 922 2371 992 partiris
2398 938 2498 992 per
2521 939 2614 988 vn,
2638 935 2920 982 remanent
2951 944 3011 984 ιι.
3053 927 3299 986 Secunda
3329 943 3410 988 est
3429 933 3548 990 dies
3571 934 3750 989 calen-

2153 1012 2344 1068 darum
2369 1011 2590 1070 Januar.
2618 1014 2679 1071 Si
2721 1033 2780 1081 ν,
2800 1019 2987 1088 quinta
3023 1018 3182 1088 feria;
3205 1021 3250 1077 si
3279 1037 3424 1089 asse,
3651 1040 3744 1090 ca;

2151 1101 2198 1158 si
2228 1103 2382 1170 nihil,
2412 1104 2697 1161 sabbatum
2728 1105 2776 1160 ιι.

2299 1285 2432 1340 Aac.
2476 1283 2612 1340 Xlll.
2655 1285 2735 1341 De
2781 1287 2907 1342 luna
2953 1289 3293 1346 calendarum
3335 1291 3605 1352 Ianuarii.

2221 1396 2278 1453 Si
2302 1398 2385 1454 vis
2410 1399 2552 1455 scire
2575 1409 2743 1471 quota
2781 1401 2908 1456 luna
2937 1403 3008 1458 sit
3035 1403 3277 1460 calendis
3303 1404 3566 1476 Januarii,
3614 1409 3750 1468 scito

2147 1498 2347 1559 quotus
2373 1489 2575 1546 lunaris
2621 1491 2807 1564 cyclus
2854 1493 2945 1561 sit,
2999 1495 3151 1550 verbi
3195 1499 3366 1565 gratia
3420 1501 3604 1572 cyclus
3658 1518 3747 1558 xv.

2149 1577 2298 1634 Tene
2340 1579 2438 1634 tibi
2475 1595 2666 1650 unum,
2713 1581 2768 1636 id
2794 1590 2880 1638 est
2929 1585 3071 1654 ipsas
3115 1585 3369 1642 calendas
3404 1586 3666 1656 Januarii,
3695 1602 3748 1648 et

2145 1669 2312 1726 duces
2338 1671 2624 1741 quinquies
2643 1672 2929 1743 quinquies
2951 1674 3133 1731 decies
3157 1694 3169 1730 :
3195 1675 3395 1734 faciunt
3420 1696 3591 1750 Lxxv;
3613 1700 3748 1755 quos

2149 1760 2376 1831 adjicies
2400 1778 2565 1834 super
2593 1780 2782 1830 unum,
2829 1773 2886 1821 et
2913 1764 3048 1820 fiunt
3081 1783 3268 1826 uxvr.
3300 1769 3432 1826 Item
3473 1772 3638 1830 duces
3663 1791 3746 1831 se-

2073 1840 2122 1900 Β
2149 1852 2266 1908 xies
2288 1853 2470 1910 decies
2489 1855 2797 1925 quinquies,
2826 1853 3032 1913 faciunt
3049 1873 3151 1926 xc;
3181 1874 3320 1930 quos
3344 1862 3565 1933 adjicies
3585 1881 3746 1938 super

2142 1963 2325 2013 Lxxvr,
2356 1948 2501 2005 etsic
2523 1965 2735 2006 summa
2755 1965 3102 2008 numerorum
3130 1968 3319 2022 cum;
3346 1955 3398 2010 in
3421 1958 3615 2027 quibus
3626 1975 3748 2030 par-

2141 2038 2260 2094 tiris
2285 2039 2582 2105 tricesima,
2616 2049 2904 2097 remanent
2933 2058 3040 2098 xvr.
3078 2042 3246 2100 Sexta
3277 2045 3487 2103 decima
3515 2049 3640 2106 luna
3662 2060 3744 2107 est

2140 2129 2382 2186 calendis
2409 2129 2669 2199 Januarii,
2700 2140 2756 2188 et
2782 2133 2970 2204 puncti
3006 2133 3022 2172 ί
3055 2150 3166 2191 ινι.
3197 2134 3307 2192 Isto
3339 2140 3502 2194 modo
3531 2158 3627 2213 per
3654 2159 3742 2200 ιιι

2138 2221 2323 2294 cyclos
2348 2221 2568 2301 lunares
2586 2224 2927 2295 computabis
2945 2240 3180 2298 semper,
3214 2237 3268 2285 et
3283 2229 3523 2288 calendis
3543 2235 3744 2292 Janua-

2138 2317 2224 2384 rii,
2246 2325 2413 2388 quota
2437 2317 2510 2373 sit
2537 2317 2684 2384 luna,
2711 2317 2916 2389 absque
2944 2334 3132 2376 errore
3155 2324 3414 2393 reperies.

2210 2427 2344 2484 Dum
2373 2437 2555 2484 autem
2583 2430 2798 2484 veneris
2816 2427 2885 2484 ad
2909 2445 3017 2486 xvn
3036 2432 3174 2503 cyeli
3198 2432 3401 2490 lunaris
3422 2435 3466 2502 i,
3499 2445 3555 2491 et
3573 2438 3740 2494 duxe-

2136 2521 2211 2576 ris
2239 2519 2525 2590 quinquies
2551 2519 2734 2576 decies
2761 2523 2980 2592 septies,
3012 2539 3177 2594 super
3203 2525 3308 2579 cal.
3351 2525 3498 2593 Jan.,
3536 2530 3624 2598 qui
3653 2529 3734 2585 fa-

2136 2620 2284 2674 ciunt
2310 2633 2491 2672 ιιιιν
2518 2616 2568 2682 ι,
2599 2619 2643 2672 si
2676 2619 2894 2688 partiris
2921 2621 3274 2687 sexagesima,
3321 2631 3378 2677 et
3410 2624 3630 2693 adjicies
3655 2627 3738 2698 ip-

2135 2725 2254 2765 sum
2287 2724 2484 2775 assem,
2528 2708 2662 2762 liunt
2689 2725 2908 2765 Lxxxu.
2944 2709 3148 2768 Deinde
3173 2712 3324 2769 ducis
3351 2717 3528 2772 sexies
3557 2719 3736 2776 decies
3783 2721 3788 2724 ’

2135 2807 2336 2878 septies
2368 2807 2414 2872 ι,
2469 2803 2603 2860 ﬁunt
2631 2821 2723 2862 cu.
2754 2803 2860 2861 Eos
2887 2805 3110 2875 adjicies
3137 2823 3302 2879 super
3345 2827 3546 2868 Lxxxvr
3591 2823 3650 2881 ω,
3679 2823 3736 2872 et

2139 2899 2274 2955 ﬁunt
2317 2915 2612 2956 cuxxvm.
2664 2897 2875 2956 Partire
2923 2900 2996 2956 ibi
3025 2901 3318 2968 tricesima,
3348 2918 3632 2964 remanent
3653 2925 3730 2967 ιι.

2133 2991 2285 3047 Nona
2315 2991 2441 3045 luna
2468 2999 2551 3045 est
2581 2989 2817 3045 ealendis
2844 2988 3107 3057 Januarii,
3150 3001 3206 3048 et
3239 2996 3425 3064 puncti
3465 3013 3609 3053 ιινι.
3641 2997 3731 3056 Sic

2133 3092 2190 3140 ct
2216 3083 2272 3140 in
2302 3099 2430 3139 xvm
2457 3091 2513 3138 et
2559 3099 2650 3137 ιιι
2679 3083 2832 3155 cyelo
2880 3080 3066 3140 facies.
3109 3084 3153 3139 Α
3207 3087 3382 3157 primo
3411 3105 3540 3145 vero
3579 3093 3728 3164 cyclo

2059 3213 2106 3277 Ο
2137 3175 2335 3241 lunari,
2365 3189 2536 3245 usque
2561 3175 2615 3229 in
2644 3183 2856 3231 sextum
2878 3174 3170 3244 decimum,
3199 3194 3307 3235 non
3329 3181 3546 3251 partiris
3559 3199 3727 3240 sexa-

2138 3267 2423 3338 gesimam,
2458 3281 2524 3322 ne
2557 3267 2608 3321 in
2641 3282 2882 3321 errorem
2913 3265 3136 3323 incidas.

2129 3516 2198 3571 ad
2221 3516 2444 3589 Victorii
2473 3515 2605 3589 Can.
2640 3515 2851 3584 pasch.,
2881 3530 2934 3586 p.
2968 3515 3090 3572 104.
3115 3515 3217 3584 Qui
3245 3519 3397 3589 plura
3425 3520 3490 3575 de
3519 3523 3729 3581 ratione

2129 3595 2187 3642 et
2223 3586 2528 3643 differentia
2575 3595 2845 3641 metarum
2877 3589 3208 3656 paschalium
3235 3586 3262 3652 ξ
3299 3592 3592 3647 secundum
3623 3594 3726 3649 La-

2130 3658 2276 3713 tinos
2302 3667 2360 3712 et
2405 3658 2801 3712 Alexandrinos
2830 3657 3123 3722 desiderat,
3153 3659 3314 3715 adeat
3351 3663 3545 3718 Norisii
3595 3666 3722 3721 diss.

2125 3728 2470 3803 de_Pa_sch_ali
2503 3729 2813 3803 Latinorum
2838 3729 3009 3800 cyclo,
3046 3744 3098 3798 p.
3141 3731 3230 3787 96.
3275 3731 3371 3786 illo
3391 3733 3510 3803 ipso
3550 3734 3638 3791 die
3663 3754 3720 3795 xt

2129 3800 2234 3874 cal.
2275 3799 2443 3874 April.
2481 3799 3118 3874 aequinoctiuinvernum
3167 3799 3428 3874 proxime
3452 3809 3719 3874 sequenti,

2128 3868 2762 3946 inserebantur‘epactaz.
2794 3868 3257 3946 _Lege_Beda_'de
3287 3873 3410 3946 Rat.
3457 3868 3635 3946 comp.
3671 3868 3720 3933 e.

2129 3941 2218 3997 14.
2248 3940 2378 4008 Quae
2409 3941 2635 4010 proinde
2675 3956 2746 3995 ex
2792 3941 3111 4009 investigata
3164 3942 3288 3998 luna
3333 3945 3475 4000 illius
3500 3940 3605 4001 diei
3633 3963 3726 4005 co-

2125 4013 2549 4080 gnoscebantur,
2579 4012 2878 4067 secundum
2911 4011 3068 4066 Beda:
3105 4011 3380 4070 Canonem
3429 4017 3670 4073 lunarem
3705 4039 3718 4075 :

2127 4083 2192 4139 Si
2223 4084 2298 4138 vis
2341 4085 2473 4137 scire
2501 4093 2658 4154 quota
2684 4081 2751 4135 sit
2767 4091 2973 4154 epacta,
3001 4100 3140 4138 anno
3161 4101 3260 4154 quo
3290 4086 3509 4140 colueris
3533 4131 3548 4154 ,
3582 4106 3724 4144 com-

2127 4103 2192 4139 at
2223 4103 2298 4138 vts
2341 4103 2473 4137 θεῖνε
2501 4103 2658 4154 quam
2684 4103 2750 4135 su
2767 4103 2970 4152 epacta,
3001 4103 3140 4138 anno
3161 4105 3177 4136 t
3196 4103 3260 4139 uo
3290 4103 3509 4140 tatuerts
3533 4131 3548 4154 ,
3582 4106 3724 4144 com-

2124 4165 2250 4225 puta
2270 4164 2428 4226 quota
2471 4157 2538 4226 sit
2568 4154 2691 4207 luna
2720 4155 2774 4206 in
2808 4169 2862 4226 ιι
2891 4153 2993 4206 cal.
3033 4103 3227 4222 April.,
3261 4169 3308 4209 et
3333 4158 3445 4226 ipsa
3476 4158 3596 4212 lana
3628 4164 3725 4214 ιιι-ἱι

2123 4224 2333 4300 epacta.
2369 4224 2520 4279 Verbi
2544 4226 2738 4300 gratia,
2771 4225 2815 4278 si
2838 4225 2962 4278 luna
2987 4227 3140 4300 fuerit
3161 4241 3234 4290 Ix,
3261 4227 3314 4300 in
3343 4224 3392 4282 si
3419 4231 3519 4282 cal.
3553 4232 3719 4300 April.

2119 4297 2238 4365 ipsa
2257 4296 2357 4350 erit
2375 4307 2576 4366 epacta,
2596 4295 2679 4370 rel
2692 4311 3033 4370 qaonamero
3056 4295 3233 4370 lanam
3263 4299 3536 4362 inveneris,
3556 4295 3720 4370 ipsum

2121 4365 2611 4442 numeram'epacta
2661 4365 2886 4424 habebit.
2937 4365 3358 4421 Fundamentum
3399 4385 3521 4441 ergo
3568 4365 3718 4442 hujus

2115 4439 2343 4507 computi
2393 4447 2696 4508 epactarum
2746 4452 2977 4508 praesens
3020 4447 3380 4508 argumentum
3455 4439 3717 4497 common-

2117 4517 2269 4563 urat.

2189 4589 2216 4626 ε
2240 4579 2376 4634 Cod.
2405 4577 2646 4641 Cotton.,
2672 4594 2995 4635 DCLXXXVIII.

2185 4646 2208 4686 δ
2238 4649 2295 4724 l_n
2336 4650 2456 4704 cod.
2507 4649 2724 4724 Cotton.
2791 4651 2896 4724 hoc
2941 4659 3313 4724 argumentum
3357 4652 3429 4708 ita
3474 4655 3718 4724 legitur:

2120 4719 2183 4774 Si
2211 4722 2282 4774 vis
2310 4737 2463 4797 nosse
2483 4720 2618 4797 diem
2640 4721 2973 4774 colendarum
3003 4720 3130 4797 Jan.
3164 4739 3254 4792 per
3277 4724 3510 4797 singulos
3521 4719 3719 4797 :annos,

2117 4801 2274 4861 quota
2298 4793 2364 4846 sit
2416 4792 2566 4861 feria,
2599 4807 2745 4844 sume
2793 4808 2959 4848 annos
2991 4794 3054 4846 ab
3101 4792 3462 4850 incarnatione
3507 4792 3719 4854 Domini

2117 4859 2283 4916 nostri
2311 4859 2435 4915 mu
2465 4859 2658 4916 Christi
2688 4877 2977 4918 ncuxxtx.
3005 4863 3182 4917 Deduc
3211 4879 3411 4929 assem,
3454 4880 3720 4924 remanent

2117 4947 2441 4987 DCLXXXVIII.
2481 4932 2593 5009 llos
2632 4951 2722 5003 per
2749 4943 2991 5009 quartam
3019 4943 3217 5004 partem
3242 4937 3475 5003 partiris,
3519 4950 3569 4992 et
3592 4958 3716 5009 par-

2119 5013 2219 5080 tem
2239 5021 2393 5080 (piam
2422 5005 2644 5080 partitas
2674 5022 2728 5058 es
2759 5004 2974 5080 adjicies
3011 5021 3166 5074 super
3207 5021 3533 5075 DCLxxxvm,
3586 5004 3720 5080 ﬁunt
3783 5031 3802 5048 ο

2117 5073 2274 5128 simul
2294 5089 2519 5146 nccccx.
2548 5073 2663 5146 os
2685 5073 2880 5146 partire
2906 5094 2996 5143 per
3016 5073 3106 5136 vni,
3133 5087 3402 5130 remanent
3423 5073 3544 5133 sex':
3572 5073 3719 5135 sexta

2117 5146 2257 5222 feria
2272 5155 2349 5222 est
2370 5144 2601 5222 calentlis
2623 5144 2890 5222 Januarii.
2907 5146 2968 5200 Si
2991 5163 3044 5211 ι,
3068 5147 3251 5218 quinta
3271 5149 3436 5216 [ei-fa;
3460 5151 3505 5203 si
3521 5155 3717 5222 prima,

2116 5213 2472 5278 dominicum;
2505 5218 2549 5268 si
2579 5216 2744 5276 nihil,
2775 5216 3067 5271 sabbatum.

2194 5296 2211 5324 ι
2243 5285 2428 5359 Codex
2459 5286 2609 5354 Digb.
2655 5287 2858 5359 habet,
2893 5301 3106 5358 puncta.
3157 5290 3263 5347 Sed
3312 5291 3587 5359 sequimur
3635 5295 3718 5349 hic

2112 5356 2334 5412 Cotton.
2367 5357 2459 5412 Sic
2486 5366 2541 5409 et
2584 5358 2724 5426 apud
2757 5356 2952 5413 Beda‘m
3003 5359 3055 5412 in
3104 5360 3238 5415 Can.
3282 5356 3440 5424 l.uu'.,
3476 5381 3524 5429 p.
3561 5361 3668 5417 575
3703 5385 3714 5417 :

2115 5429 2176 5484 Si
2204 5430 2290 5502 vis
2309 5445 2461 5502 nosse
2489 5437 2610 5502 quot
2622 5438 2850 5502 inuictos
2871 5445 3190 5502 unaquccqae
3217 5434 3342 5487 lana
3369 5434 3421 5486 in
3453 5435 3536 5487 die
3563 5435 3714 5499 lucet,

2113 5499 2408 5574 etc_._Coni'.
2461 5497 2565 5574 cui;
2617 5497 2742 5551 ιιι.
2800 5499 2912 5554 lino
2959 5497 3009 5553 in
3062 5497 3180 5570 ipso
3223 5505 3344 5557 cod.
3397 5504 3548 5571 Digh.
3600 5497 3714 5574 arg.

2117 5569 2232 5644 XVI
2256 5571 2456 5644 legitur
2485 5587 2497 5621 :
2526 5569 2759 5623 Panctas
2784 5587 2898 5644 vero
2929 5587 3062 5624 unus
3083 5569 3268 5641 quarta
3298 5592 3421 5644 pars
3454 5569 3595 5629 honr
3620 5569 3709 5628 cst.

2190 5643 2204 5690 1
2245 5641 2487 5704 Cotton.,
2517 5650 2720 5694 ινιτηυῃῖ
2748 5641 2943 5711 cyclam
2976 5644 3232 5698 lunarem.

2187 5715 2207 5747 κ
2236 5711 2480 5776 Cotton.,
2505 5711 2615 5764 dies
2642 5727 2806 5764 Lxxx.

2194 5779 2206 5818 ¹
2238 5779 2478 5854 Cotton.,
2503 5782 2670 5835 sexies
2702 5782 2868 5838 decies
2895 5785 3141 5854 qutnltcs.

2187 5862 2224 5890 ω
2250 5850 2496 5925 Cotton.ll
2520 5868 2758 5916 cxxxvu.
