4122 6484
373 358 481 415 505

1201 344 1403 402 LIBER
1443 342 1529 398 DE
1559 337 1935 397 PASCIIATE.
1963 336 2394 394 ARGUMENTA
2426 335 2830 394 PASCHALIA.

3575 340 3679 394 506

373 480 508 530 Anc.
552 465 689 522 XIV.
731 463 902 531 Quota
956 463 1089 537 feria
1128 463 1260 537 luna
1306 477 1397 516 xxv
1450 458 1651 537 incidat
1697 456 1828 528 cycli
1883 455 1975 509 de—
2002 463 2049 519 Α
2080 456 2205 509 anni
2232 455 2680 511 concurrentibus
2707 454 2818 509 suis
2863 452 3140 522 regulares
3192 452 3244 508 in
3302 453 3407 509 line
3463 470 3533 509 vn
3580 470 3680 511 au-

767 531 1182 591 cemnouennalis
1221 550 1361 587 anno
1399 531 1587 602 primo.

444 657 639 728 lncipit
681 653 969 711 calculatio
1018 648 1290 719 quomodo
1328 647 1554 717 reperiri
1597 644 1768 717 possit
1806 651 1973 713 quota

373 754 505 809 feria
532 748 819 819 singularis
839 746 965 800 anni
993 754 1016 782 ⁸
1032 745 1239 801 decima
1260 750 1451 813 quarta
1472 742 1597 795 luna
1618 738 1907 810 paschalis,
1922 735 1976 790 id

374 852 457 900 cst
485 841 643 912 primi
672 838 857 896 circuli
889 836 1419 894 decenmovennalis.
1446 835 1601 890 Anno
1629 835 1827 905 primo,
1849 832 1975 902 quia

376 951 483 989 non
530 931 697 987 habet
745 939 963 1000 epactas
1001 930 1237 993 lunares,
1269 943 1369 997 pro
1416 943 1483 982 eo
1511 927 1655 997 quod
1694 942 1815 982 cum
1849 923 1979 979 noni

375 1026 568 1084 decimi
597 1023 866 1079 inferioris
914 1022 1041 1076 anni
1088 1036 1239 1086 xvm,
1268 1030 1323 1076 et
1350 1021 1462 1076 suis
1490 1037 1544 1074 xi
1575 1020 1780 1089 epactis
1810 1017 1859 1083 δ,
1887 1016 1982 1071 ad-
2020 1048 2021 1051 η

375 1119 489 1174 dito
517 1117 680 1172 etiam
723 1115 792 1170 ab
823 1113 1094 1186 IEgyptiis
1136 1114 1224 1169 die
1271 1130 1397 1177 una,
1445 1111 1580 1168 ﬁunt
1630 1129 1762 1177 xxx,
1818 1112 1871 1166 id
1899 1117 1984 1165 est

374 1208 501 1263 luna
530 1207 731 1262 mensis
762 1206 919 1261 unius
951 1207 1181 1275 integra,
1212 1214 1267 1259 et
1292 1205 1425 1260 nihil
1468 1212 1714 1259 remanet
1744 1204 1813 1258 de
1854 1216 1985 1272 epa-

376 1301 498 1365 ctis,
524 1308 580 1354 et
613 1296 761 1369 quod
808 1298 862 1351 in
902 1297 1071 1367 Aprili
1119 1312 1308 1352 mense
1354 1296 1544 1351 incidit
1572 1310 1639 1351 eo
1668 1309 1812 1349 anno
1855 1294 1984 1349 luna

377 1389 645 1460 paschalis
666 1404 775 1457 xiv,
809 1397 931 1441 tene
960 1388 1233 1457 regulares
1260 1388 1311 1441 in
1343 1403 1411 1442 eo
1423 1401 1640 1458 semper
1653 1400 1823 1453 xxxv,
1851 1385 1985 1440 sub-

382 1484 538 1537 trahe
567 1498 694 1548 xxx,
723 1481 779 1536 id
810 1490 891 1537 est
922 1481 1036 1550 ipsa
1083 1481 1208 1535 luna
1259 1481 1493 1551 integra,
1524 1489 1580 1535 et
1608 1486 1892 1535 remanent
1930 1495 1982 1534 v.

376 1575 579 1642 Quinto
603 1574 691 1629 die
712 1589 741 1628 a
755 1573 1013 1640 calendis,
1038 1574 1139 1628 hoc
1154 1581 1240 1628 est
1260 1589 1388 1629 non.
1404 1572 1597 1643 April.,
1612 1572 1987 1628 occurritluna

376 1665 644 1737 paschalis
683 1679 790 1720 xiv.
823 1663 971 1719 Tene
999 1666 1399 1734 suprascriptos
1428 1681 1483 1732 v,
1526 1663 1663 1718 adde
1685 1672 1742 1719 et
1764 1678 1988 1719 concur-

377 1763 559 1812 rentes
601 1753 842 1825 ejusdem
875 1755 1001 1808 anni
1046 1770 1118 1820 ιν,
1168 1753 1303 1808 liunt
1330 1770 1404 1808 ιι.
1440 1753 1589 1808 Adde
1618 1760 1671 1806 et
1714 1751 1989 1821 regulares

2077 556 2311 619 gmenta.
2336 548 2569 603 Facilius
2595 558 2619 585 ο
2647 562 2881 617 namque
2924 557 2981 602 et
3024 548 3240 602 brevius
3283 546 3468 601 omnia
3512 562 3678 615 argu-

2079 648 2259 696 menta
2287 640 2557 711 paschalia
2587 639 2899 695 calculabis.
2931 638 3045 694 Hoc
3075 646 3253 693 tamen
3295 646 3556 710 przeterea
3596 640 3673 694 le-

2077 733 2213 788 ctori
2259 733 2328 789 sit
2356 732 2650 800 cognitum,
2699 732 2914 802 quoties
2942 730 2997 784 in
3024 738 3280 797 utrosque
3328 744 3542 787 menses
3583 745 3677 785 su-

2079 827 2409 898 prascriptos
2435 826 2487 879 in
2526 826 2699 896 prima
2728 825 2913 894 regula
2940 825 3226 892 contigerit
3260 822 3304 891 τ,
3335 831 3396 878 ιιι
3421 823 3680 879 deductas

2081 924 2298 986 epactas
2324 925 2371 981 ε,
2417 916 2647 986 amplius
2675 932 2707 970 a
2736 932 2845 969 xxx
2891 923 3224 980 remaneant,
3281 916 3493 971 dimitte
3546 932 3678 972 xxx.

2082 1008 2237 1076 Quod
2264 1010 2309 1064 si
2337 1024 2477 1064 unus
2501 1016 2594 1063 aut
2621 1008 2758 1075 duo,
2789 1008 2877 1063 vel
2924 1009 3155 1078 amplius
3186 1007 3567 1077 superfuerint,
3601 1017 3681 1063 tot

2082 1100 2197 1155 dies
2226 1099 2392 1170 ipsius
2412 1100 2612 1155 mensis
2639 1114 2671 1153 a
2693 1098 2930 1155 ealendis
2950 1098 3189 1161 Januarii
3209 1100 3278 1154 sit
3308 1100 3433 1154 luna
3464 1099 3687 1170 pascha-

2083 1192 2149 1247 lis
2176 1208 2286 1247 xtv.
2317 1190 2546 1259 Quando
2570 1200 2753 1247 autem
2784 1190 2947 1262 (post)
2993 1190 3257 1246 deductas
3283 1199 3503 1261 epactas
3544 1189 3683 1245 infra

2086 1299 2214 1343 xxx.
2245 1291 2304 1336 ut
2343 1290 2472 1351 puta
2498 1297 2590 1346 xx,
2623 1297 2720 1336 seu
2748 1280 2979 1351 amplius
3024 1282 3269 1336 minusve
3307 1282 3684 1344 remanserint,

2085 1372 2232 1444 quod
2275 1371 2443 1427 semel
2501 1371 2555 1425 in
2617 1388 2707 1426 xix
2739 1372 2896 1427 annis
2923 1371 3172 1427 accidere
3198 1370 3543 1429 manifestum
3580 1382 3685 1437 est,

2087 1480 2196 1519 xxx
2222 1463 2310 1519 die
2331 1462 2530 1533 Aprilis
2558 1463 2661 1517 erit
2684 1462 2809 1517 luna
2839 1462 3109 1532 paschalis
3137 1477 3225 1517 xtv
3253 1460 3301 1516 ιι.

2269 1576 2402 1631 Aac.
2446 1574 2562 1630 XV.
2610 1574 2687 1629 De
2723 1576 2809 1629 die
2846 1576 3143 1646 wquinoctii
3180 1584 3231 1630 et
3269 1576 3497 1631 solstitii.
3565 1556 3581 1569 ’

2162 1668 2277 1736 Qua
2302 1668 2390 1723 die
2420 1676 2578 1722 natus
2607 1674 2690 1721 est
2721 1667 2978 1723 Dominus
3006 1665 3161 1721 Jesus
3200 1668 3447 1724 Christus
3492 1682 3690 1724 secun~

2091 1760 2218 1815 dum
2246 1774 2464 1815 carnem
2495 1773 2562 1813 ex
2592 1757 2759 1811 Maria
2781 1757 3001 1824 Virgine
3030 1758 3081 1812 in
3113 1758 3452 1826 Bethlehem,
3475 1758 3527 1813 in
3543 1756 3687 1828 quai

375 1850 431 1905 in
461 1847 653 1905 eodem
683 1861 898 1916 semper
942 1860 1127 1900 mense
1172 1845 1341 1915 Aprili
1381 1861 1473 1909 vn,
1526 1845 1659 1900 liunt
1705 1859 1816 1900 xv1.
1870 1842 1981 1898 Hos
2017 1844 2056 1901 Β
2086 1852 2274 1921 incipit
2295 1864 2540 1906 crescere
2561 1849 2697 1903 dies.
2722 1847 3131 1917 IEquinoctium
3156 1850 3388 1919 primum
3413 1858 3496 1906 est
3517 1850 3572 1904 in
3601 1865 3692 1905 vm

377 1938 579 2009 partire
608 1952 708 2007 per
734 1952 827 2003 vn,
873 1936 929 1991 id
959 1945 1043 1993 est
1086 1937 1168 1992 bis
1215 1937 1425 2008 septeni
1468 1953 1579 2001 xiv,
1611 1944 1897 1993 remanent
1925 1951 1979 1989 ιι.

377 2030 625 2085 Secunda
655 2029 784 2084 l'eria
810 2031 1052 2085 occurrit
1078 2029 1202 2084 luna
1232 2030 1501 2100 paschalis
1528 2045 1638 2093 xiv,
1670 2038 1728 2083 et
1760 2027 1986 2083 domini-

378 2140 473 2181 cus
521 2124 644 2179 festi
686 2122 958 2193 paschalis
986 2122 1104 2178 dies
1133 2124 1256 2178 luna
1302 2139 1392 2178 xx.

448 2237 601 2289 Anno
636 2233 1119 2289 secundm—Item
1148 2233 1355 2304 przet‘ati
1384 2232 1570 2287 circuli
1600 2247 1772 2287 annus
1794 2245 1989 2285 secun-

378 2328 496 2395 dus,
528 2343 559 2382 a
606 2342 716 2398 quo
762 2334 980 2383 sumunt
1016 2327 1298 2383 exordium
1327 2334 1533 2397 epactas
1575 2341 1648 2380 ιι.
1699 2324 1893 2380 Incidit
1928 2324 1985 2378 in

379 2437 446 2479 eo
504 2437 646 2476 anno
702 2420 829 2475 luna
890 2420 1162 2491 paschalis
1218 2436 1306 2474 xiv
1345 2433 1532 2473 mense
1584 2417 1780 2472 Martii.
1839 2417 1988 2473 Tene

377 2530 543 2571 xxxvi
608 2512 883 2582 regulares
934 2513 989 2567 in
1055 2527 1122 2568 eo
1169 2527 1407 2582 semper,
1450 2511 1708 2567 subtrahe
1762 2524 1981 2580 semper

380 2615 606 2678 epactas
636 2623 713 2675 χι,
739 2615 1023 2661 remanent
1047 2621 1175 2661 xxv.
1206 2604 1477 2661 Vicesimo
1504 2605 1694 2674 quinto
1721 2603 1809 2658 die
1830 2619 1861 2657 a
1891 2617 1985 2658 ca-

380 2700 550 2756 lendis
579 2698 775 2765 Martii,
806 2699 952 2767 quod
992 2706 1077 2754 est
1102 2713 1195 2753 vm
1235 2698 1339 2752 cal.
1374 2697 1569 2766 April.,
1595 2695 1835 2751 occurrit
1862 2694 1988 2748 luna

380 2791 649 2863 paschalis
686 2807 797 2845 xiv.
831 2789 979 2846 Tene
1007 2790 1406 2860 suprascriptos
1434 2804 1563 2853 xxv,
1594 2786 1736 2842 adde
1757 2799 1990 2842 concur-

381 2892 564 2942 rentes
615 2882 856 2952 ejusdem
909 2883 1036 2937 anni
1062 2899 1118 2948 v,
1163 2881 1301 2936 ﬁunt
1330 2897 1459 2935 xxx.
1493 2879 1645 2935 Adde
1683 2892 1898 2947 semper
1936 2877 1991 2931 in

383 2979 489 3036 ﬁne
517 2981 681 3050 hujus
729 2978 931 3037 mensis
978 2979 1255 3049 regulares
1295 2994 1368 3046 tv,
1402 2978 1501 3032 hos
1542 2977 1743 3047 partire
1773 2991 1869 3045 per
1897 2991 1989 3043 vn,

383 3072 436 3127 id
455 3080 539 3127 est
560 3072 766 3142 septies
794 3073 1044 3141 quaterni
1084 3089 1265 3136 xxvm,
1304 3079 1590 3128 remanent
1615 3084 1689 3122 νι.
1720 3067 1885 3122 Sexta
1915 3065 1994 3122 fe-

382 3163 458 3219 ria
498 3163 737 3219 occurrit
764 3163 893 3218 luna
935 3179 1026 3218 xiv
1056 3164 1353 3235 paschalis.
1405 3174 1458 3219 et
1509 3160 1814 3219 dominicus
1868 3158 1972 3213 {est

383 3255 654 3327 paschalis
680 3255 799 3311 dies
829 3256 954 3310 luna
985 3272 1093 3311 xvr.

451 3348 603 3401 Anno
633 3348 804 3401 tertio.
853 3376 926 3387 --
952 3346 1086 3402 ltem
1115 3362 1302 3404 mense
1344 3349 1515 3419 Aprili
1545 3364 1688 3421 saepe
1717 3347 1845 3404 dicti
1895 3349 1995 3403 cir-

384 3438 492 3495 culi
521 3437 677 3508 primi
724 3453 865 3493 anno
906 3439 1085 3495 tertio.
1132 3438 1281 3495 Tene
1305 3455 1523 3511 semper
1565 3440 1620 3495 in
1654 3455 1721 3495 eo
1748 3454 1936 3495 mense
1967 3449 1991 3479 ο

385 3530 648 3601 imprimis
674 3530 954 3599 regulares
984 3548 1149 3587 xxxv.
1196 3532 1466 3589 Subtrahe
1506 3542 1725 3605 epactas
1754 3532 1993 3604 ejusdem

386 3626 511 3680 anui
537 3640 673 3689 χιιι,
707 3633 991 3680 remanent
1023 3642 1137 3680 xm.
1170 3625 1356 3683 Tertio
1386 3625 1597 3683 decimo
1645 3627 1736 3683 die
1773 3626 1992 3692 mensis,

388 3716 439 3771 id
460 3724 543 3771 est
563 3715 847 3786 id.Apri|.,
867 3716 1104 3772 occurrit
1122 3717 1244 3773 luna
1275 3719 1543 3790 paschalis
1572 3735 1683 3774 xiv.
1718 3718 1866 3774 Tene
1898 3718 1998 3773 hos

388 3824 502 3875 xui,
533 3807 672 3863 adde
719 3817 1107 3864 concurrentes
1132 3825 1205 3875 γι,
1236 3808 1372 3864 ﬁunt
1402 3826 1513 3866 xix.
1555 3809 1706 3865 Adde
1746 3809 1799 3863 in
1830 3808 1998 3879 Aprili

390 3913 604 3969 semper
631 3897 855 3955 inferius
879 3899 1154 3969 regulares
1175 3915 1269 3965 vn,
1302 3899 1435 3956 ﬁunt
1462 3917 1606 3956 xxvi.
1657 3900 1769 3957 Hos
1797 3900 2000 3971 partire

391 4006 492 4061 per
518 4006 590 4045 vn
633 3998 717 4045 ter
770 3991 1001 4060 septeni,
1052 4007 1165 4056 xxi,
1196 4000 1477 4047 remanent
1505 3994 1764 4062 quinque.
1800 3991 1999 4058 Quinta

392 4083 526 4139 feria
556 4083 654 4137 erit
680 4083 887 4138 decima
917 4093 1108 4153 quarta
1137 4085 1258 4139 luna
1291 4086 1579 4156 paschalis,
1613 4095 1668 4141 et
1696 4086 2002 4142 dominicus

393 4174 508 4232 dies
537 4175 809 4246 paschalis
861 4176 986 4231 festi
1015 4176 1141 4231 luna
1192 4193 1322 4233 xvn.
1376 4176 1456 4231 lta
1501 4177 1724 4245 singulis
1769 4178 1924 4232 annis
1970 4192 2001 4232 a

394 4268 569 4339 primo
597 4281 769 4336 usque
813 4268 880 4322 ad
926 4266 1340 4337 nonagesimum
1370 4268 1616 4339 quintum
1665 4283 1867 4323 annum
1892 4268 2003 4323 ca!-

396 4356 622 4412 culabis.

469 4446 527 4500 Si
555 4447 773 4515 quando
801 4462 987 4504 mense
1015 4447 1208 4505 Martio
1236 4465 1327 4504 xlv
1369 4449 1496 4504 luna
1524 4449 1795 4520 paschalis
1824 4451 1999 4505 incur-

396 4537 486 4603 rit,
520 4553 682 4593 xxxvr
722 4539 1000 4609 regulares
1029 4540 1291 4611 imprimis
1320 4550 1529 4608 teneas,
1568 4556 1635 4596 ex
1665 4543 1855 4612 quibus
1877 4558 2006 4612 epa-

2087 1944 2193 1999 cal.
2226 1942 2391 2012 April.
2415 1979 2429 2005 ,
2464 1942 2516 1995 in
2544 1955 2649 2010 qua
2677 1948 2926 2009 aequatur
2970 1940 3085 1994 dies
3115 1956 3237 1995 cum
3267 1950 3449 1996 nocte.
3485 1940 3691 1996 Eodem

2087 2036 2174 2091 die
2202 2033 2419 2089 Gabriel
2451 2033 2662 2088 nuntiat
2689 2031 2747 2087 S.
2771 2031 2975 2099 Marias,
3001 2031 3461 2103 dicens:Spiritus
3483 2041 3693 2087 sanctus

2087 2129 2411 2201 superveniet
2452 2129 2508 2182 in
2545 2137 2622 2194 te,
2673 2136 2723 2180 et
2764 2127 2924 2180 virtus
2968 2124 3225 2178 Altissimi
3269 2123 3595 2178 obumbrabit
3626 2135 3692 2177 te.

2092 2223 2382 2293 Propterea
2409 2220 2548 2293 quod
2573 2236 2640 2274 ea:
2688 2228 2736 2273 te
2771 2225 3038 2285 nascetur,
3078 2216 3345 2272 vocabitur
3373 2215 3547 2271 Filius
3574 2215 3693 2270 Dei.

2090 2314 2148 2371 ln
2178 2330 2286 2386 qua
2317 2316 2479 2369 etiam
2510 2327 2702 2382 passus
2730 2317 2815 2366 est
2855 2309 3101 2365 Christus
3129 2308 3426 2364 secundum
3453 2323 3695 2363 carnem.

2090 2405 2395 2462 Solstitium
2418 2404 2715 2459 secundum
2738 2408 2821 2457 est
2850 2417 2943 2455 vm
2972 2400 3074 2456 cal.
3102 2398 3253 2468 Julii,
3283 2398 3505 2467 quando
3533 2399 3697 2454 etiam

2091 2508 2251 2553 natus
2279 2505 2364 2552 est
2404 2495 2463 2551 S.
2494 2494 2730 2550 Joannes
2770 2492 3011 2562 Baptista
3038 2507 3108 2547 ex
3148 2506 3257 2561 quo
3287 2491 3476 2560 incipit
3512 2490 3696 2545 decre-

2090 2606 2245 2647 scere
2273 2590 2405 2645 dies.
2437 2586 2847 2657 [Equinoctium
2870 2584 3165 2641 secundum
3193 2594 3278 2640 est
3300 2599 3390 2638 vm
3415 2584 3521 2638 cal.
3549 2582 3696 2643 Oet..

2091 2684 2149 2739 in
2175 2697 2283 2752 qua
2308 2681 2396 2737 die
2426 2686 2723 2749 conceptus
2750 2686 2833 2733 est
2874 2677 3114 2732 Joannes
3162 2676 3427 2746 Baptista.
3464 2674 3532 2728 Et
3572 2674 3698 2729 hinc

2087 2774 2198 2845 jam
2226 2774 2402 2828 minor
2429 2769 2660 2827 efﬁcitur
2679 2769 2795 2825 dies
2820 2778 3001 2833 nocte,
3035 2782 3208 2837 usque
3231 2768 3301 2822 ad
3322 2767 3559 2822 natalem
3590 2765 3703 2820 Do-
3748 2812 3773 2840 ,

2093 2867 2226 2922 mini
2251 2864 2565 2921 Salvatoris.
2596 2861 2679 2916 Ex
2706 2877 2798 2916 vm
2818 2860 2925 2916 cal.
2957 2859 3128 2932 April.
3162 2867 3219 2914 et
3244 2859 3298 2915 in
3320 2874 3413 2913 vtu
3440 2858 3545 2913 cal.
3575 2854 3697 2911 Jan.

2094 2961 2211 3016 dies
2237 2963 2598 3013 numerantur
2643 2971 2859 3011 ccuxt.
2892 2952 3047 3010 Unde
3074 2953 3372 3010 secundum
3418 2966 3700 3006 numerum

2095 3052 2307 3107 dierum
2336 3055 2634 3119 conceptus
2667 3056 2753 3102 est
2801 3046 3049 3103 Christus
3095 3044 3357 3100 Dominus
3409 3051 3594 3099 noster
3644 3042 3699 3097 in

2098 3145 2189 3201 die
2217 3143 2486 3199 dominica
2506 3157 2600 3196 vm
2626 3141 2729 3195 cal.
2762 3140 2980 3211 Aprilis,
3019 3147 3075 3194 et
3101 3146 3259 3192 natus
3282 3145 3367 3192 est
3392 3136 3443 3190 in
3475 3152 3535 3190 ιιι
3561 3134 3695 3189 feria

2038 3230 2062 3291 1
2095 3252 2188 3291 xm
2217 3236 2319 3290 cal.
2345 3233 2568 3288 Januar.
2598 3230 2850 3287 Christus
2874 3232 3138 3288 Dominus
3157 3237 3364 3286 noster.
3396 3226 3456 3282 ιιι
3480 3227 3575 3282 die
3596 3241 3702 3296 qua

2095 3349 2286 3405 passus
2315 3336 2417 3397 est,
2451 3324 2583 3386 ﬁunt
2603 3325 2731 3380 anni
2754 3339 2958 3381 cxxxm
2985 3322 2999 3374 i
3043 3332 3101 3378 et
3127 3336 3341 3378 menses
3362 3336 3440 3386 ιιι,
3465 3319 3558 3388 qui
3584 3326 3704 3374 sunt

2094 3427 2210 3482 dies
2241 3440 2580 3481 xnccccxnn.
2616 3417 2770 3478 Unde
2811 3416 3107 3477 secundum
3155 3426 3439 3469 numerum
3486 3411 3701 3466 dierum

2096 3517 2215 3588 ejus
2242 3524 2349 3572 stat
2369 3530 2493 3571 eum
2519 3531 2576 3571 ιιι
2605 3513 2739 3569 feria
2771 3523 2976 3576 natum,
3005 3520 3059 3566 et
3086 3520 3302 3580 passum
3329 3520 3379 3563 vi
3407 3503 3537 3559 feria
3569 3520 3583 3555 :
3615 3516 3707 3556 na-

2096 3616 2210 3663 tum
2237 3622 2330 3663 vm
2358 3605 2462 3661 cal.
2489 3604 2733 3667 Januar.,
2766 3618 2981 3673 passum
3021 3617 3112 3655 vm
3138 3602 3243 3655 cal.
3273 3599 3442 3668 April.
3473 3597 3554 3653 Ex
3598 3612 3706 3666 quo

2097 3703 2402 3775 baptizatus
2430 3710 2519 3756 est
2557 3698 2717 3754 Jesus
2744 3696 2992 3751 Christus
3016 3694 3279 3749 Dominus
3323 3700 3531 3756 noster,
3576 3691 3707 3744 ﬁunt

2099 3792 2229 3847 anni
2254 3807 2313 3855 ιι,
2345 3798 2401 3846 et
2416 3790 2532 3845 dies
2560 3795 2916 3844 numerantur
2941 3800 3027 3851 xc,
3052 3783 3143 3854 qui
3171 3779 3305 3837 ﬁunt
3332 3795 3562 3849 ncccxx,
3585 3795 3707 3835 cum

2099 3883 2204 3941 bis.
2256 3881 2282 3920 ¹ί
2312 3881 2443 3947 suis,
2476 3894 2540 3935 ac
2585 3879 2663 3934 sic
2709 3877 3016 3947 baptizatur
3056 3889 3150 3929 vm
3177 3872 3251 3927 id.
3282 3868 3505 3926 Januar.
3537 3869 3645 3936 die,
3678 3883 3705 3921 v

2100 3977 2257 4045 feria,
2298 3984 2355 4031 et
2380 3988 2569 4046 passus
2592 3979 2697 4036 est,
2740 3978 2801 4026 ut
2818 3969 3078 4040 superius
3106 3967 3236 4032 dixi,
3280 3981 3374 4021 vm
3401 3962 3506 4020 cal.
3534 3962 3706 4032 April.

2100 4084 2155 4124 v1
2185 4066 2334 4122 feria.
2368 4064 2503 4120 Cum
2528 4063 2638 4118 bis.
2668 4063 2781 4117 suis
2824 4059 2957 4114 ﬁunt
2999 4058 3157 4113 simul
3185 4056 3300 4112 dies
3327 4064 3627 4121 xuccccxv,
3655 4060 3708 4108 et

2105 4156 2217 4232 (ab)
2243 4173 2335 4213 vm
2360 4156 2433 4212 id.
2464 4154 2585 4211 Jan.
2619 4157 2673 4209 in
2703 4170 2795 4208 vm
2824 4153 2929 4208 cal.
2966 4150 3094 4220 Apr.
3127 4150 3243 4205 dies
3277 4165 3366 4204 xc.
3684 4144 3687 4145 ⁷

2460 4268 2595 4323 Anc.
2636 4265 2775 4320 XVI.
2808 4264 2885 4318 De
2905 4265 3108 4320 ratione
3129 4262 3363 4317 bissexti.

2178 4360 2481 4417 Bissextum
2512 4374 2620 4413 non
2648 4359 2718 4413 ob
2748 4357 2898 4412 illum
2927 4356 3068 4412 diem
3094 4355 3226 4420 ﬁeri,
3260 4363 3320 4409 ut
3339 4355 3561 4424 quidam
3607 4368 3710 4426 pu-

2108 4464 2245 4524 tant,
2271 4470 2379 4525 quo
2408 4452 2573 4509 Josua
2606 4452 2782 4507 oravit
2819 4452 2990 4506 solem
3042 4460 3208 4517 stare,
3235 4450 3560 4506 credendum
3590 4459 3708 4505 est:

2110 4551 2236 4619 quia
2258 4549 2373 4604 dies
2394 4548 2487 4603 ille
2513 4556 2568 4602 et
2594 4545 2713 4615 fuit,
2745 4554 2801 4602 et
2825 4546 3105 4616 przeteriit.
3133 4544 3244 4601 Sed
3274 4547 3341 4600 ab
3384 4545 3488 4600 hoc
3516 4544 3712 4599 dicitur

400 4639 516 4683 etas
544 4630 699 4698 cujus
739 4631 976 4686 volueris
1022 4632 1149 4686 anni
1196 4632 1453 4698 deducas,
1512 4642 1567 4688 et
1620 4642 2009 4689 concurrentes
2043 4616 2086 4671 υ
2111 4616 2401 4711 uissextus,
2432 4643 2577 4715 quod
2624 4643 2677 4697 iu
2715 4656 3152 4711 unumquemque
3202 4656 3443 4696 mensem
3484 4646 3712 4709 puuctus

400 4719 643 4789 adjicias,
677 4731 733 4776 et
760 4723 811 4777 in
838 4721 944 4778 ﬁne
994 4741 1008 4777 :
1033 4739 1248 4794 semper
1286 4740 1339 4779 IV
1367 4725 1644 4793 regulares
1671 4733 2004 4792 augmentes.

402 4811 574 4881 Aprili
606 4828 734 4868 vero
758 4829 944 4870 mense
968 4830 1186 4885 semper
1225 4831 1370 4869 xxxv
1420 4816 1473 4870 in
1523 4815 1702 4885 capite
1749 4825 1894 4879 tene,
1942 4831 2011 4869 ex

402 4902 615 4974 quibus,
657 4911 716 4958 ut
742 4904 1078 4975 supradictas
1099 4904 1121 4941 ά
1150 4914 1390 4977 epactas,
1422 4914 1476 4960 et
1502 4906 1741 4975 adjectos
1770 4905 2008 4975 ejusdem

481 5127 507 5155 ⁸
536 5116 723 5205 Codex
761 5119 1196 5205 Cotton.,“qupta
1240 5124 1409 5193 fuerat
1447 5121 1669 5205 singulis
1717 5125 1870 5205 annis
1902 5140 2013 5181 xmt

405 5189 535 5266 (una
555 5191 839 5266 paschalis.
865 5190 976 5266 Nos
1003 5189 1346 5266 Digbaearium
1386 5189 1557 5266 secuti
1586 5209 1794 5266 sumus,
1822 5195 1875 5249 in
1904 5211 2012 5266 quo

405 5261 630 5333 verbum
655 5262 740 5333 sit,
792 5269 885 5315 aut
932 5261 1108 5317 simile
1153 5263 1426 5333 quidpiam
1472 5264 1898 5320 subaudiendum
1921 5261 2012 5322 'vel

404 5330 762 5400 supplendum
793 5341 896 5387 est.
1156 5348 1159 5351 ‘

484 5404 508 5438 δ
537 5401 633 5473 Ms.
667 5402 848 5470 Digb.,
876 5417 998 5457 suas
1028 5419 1083 5458 χι
1114 5412 1341 5473 epactas.

484 5483 507 5509 ο
534 5470 641 5526 llas
672 5489 835 5528 voces
869 5490 882 5525 :
912 5475 970 5528 in
998 5491 1058 5528 eo
1077 5470 1275 5539 mense,
1306 5489 1408 5528 ms.
1440 5474 1659 5533 Cotton.
1690 5477 1910 5533 omittit.

483 5541 509 5579 (³
544 5541 792 5611 Cotton.,
821 5559 982 5614 supra
1011 5545 1279 5600 deductas.

489 5625 510 5650 ι’
541 5614 678 5668 Cod.
710 5613 954 5675 Cotton.,
988 5616 1160 5669 latius.

491 5683 507 5722 τ
537 5683 614 5759 l_ta
643 5684 821 5755 Digb.;
854 5686 952 5741 sed
971 5685 1214 5759 Cptton.,
1246 5687 1505 5759 congruit.

488 5766 508 5802 ε
542 5754 618 5809 Ita
660 5754 890 5826 uterque
933 5756 1135 5820 codex;
1167 5758 1261 5812 sed
1311 5754 1537 5813 fortasse
1581 5757 1887 5827 legendum,
1920 5760 2011 5814 de-

411 5828 585 5899 ductis
609 5827 822 5899 epactis,
854 5835 974 5891 aut,
1007 5836 1121 5897 post
1151 5828 1397 5881 deductos
1424 5839 1650 5899 epactas.

489 5897 511 5933 ί*
548 5896 765 5961 Cotton.
797 5898 869 5961 ita
906 5916 917 5952 ε
953 5896 1275 5967 rcimnserit,
1306 5900 1359 5953 id
1397 5896 1489 5967 est,
1518 5908 1588 5957 tot
1618 5900 1728 5957 dies
1758 5903 1950 5957 mensis
1982 5921 2013 5957 a

2114 4754 2254 4792 unus
2279 4736 2561 4793 accrescit.
2591 4733 2829 4791 Punctus
2858 4750 2989 4789 vero
3019 4750 3156 4788 unus
3179 4741 3372 4803 quarta
3402 4727 3527 4801 pars
3566 4731 3713 4786 hora:

2114 4835 2216 4883 est.
2233 4843 2285 4881 tv
2300 4842 2430 4882 vero
2451 4825 2637 4897 puncti
2660 4841 2817 4879 unam
2832 4824 3026 4879 horam
3042 4822 3274 4889 faciunt;
3294 4839 3368 4878 ιιι
3381 4838 3511 4877 vero
3529 4824 3713 4893 puncti

2115 4935 2173 4975 tu
2193 4919 2358 4974 horas
2383 4918 2676 4988 explicant.
2700 4916 2843 4985 Ergo
2871 4917 2924 4971 in
2946 4932 2997 4970 iv
3018 4916 3173 4970 annis
3202 4923 3369 4970 terna:
3400 4914 3566 4980 home,
3596 4930 3714 4986 qua:

2118 5123 2219 5179 cal.
2272 5125 2498 5178 occurrit
2544 5125 2668 5177 luna
2720 5124 2980 5194 paschalis
3029 5121 3236 5178 xrv.‘Si
3290 5124 3427 5177 enim
3468 5124 3712 5180 deductus

2115 5203 2325 5265 epactas
2353 5211 2461 5267 xxx
2494 5204 2693 5248 tantum
2732 5196 3101 5257 remanserint,
3152 5194 3289 5267 quod
3333 5195 3490 5249 semel
3520 5212 3575 5267 tn
3623 5213 3711 5250 xtv

2117 5267 2270 5390 anni/8
2300 5265 2535 5390 (facidere
2565 5268 2895 5338 manifestum
2923 5276 3018 5331 est,
3049 5265 3173 5320 xxx
3196 5267 3280 5320 die
3302 5284 3332 5319 a
3357 5265 3587 5320 colendis
3616 5270 3714 5320 erit

2117 5354 2239 5390 vase
2258 5354 2307 5390 ta
2333 5353 2395 5390 is.

2113 5353 2395 5406 pascnaus.

2192 5406 2208 5445 ί
2245 5406 2351 5461 Aut
2379 5406 2460 5460 ha:
2488 5405 2777 5460 dumvnces
2808 5406 3129 5474 redundant,
3150 5417 3243 5464 aut
3273 5408 3472 5462 librarii
3504 5407 3712 5464 incuria

2117 5485 2242 5549 ante
2273 5478 2390 5531 illas
2419 5477 2618 5549 omissa
2649 5487 2731 5549 est
2762 5479 2963 5549 mentio
2993 5480 3149 5547 primi
3179 5481 3408 5545 solstitii,
3438 5478 3582 5549 quod
3616 5496 3715 5549 po-

2117 5548 2311 5602 sterius
2354 5548 2525 5621 magis
2555 5548 2842 5621 verisimile
2883 5549 2972 5614 sit,
3006 5551 3130 5618 quia
3164 5552 3325 5621 paulo
3358 5548 3479 5619 post
3505 5548 3711 5604 memo-

2117 5627 2266 5671 ratur
2289 5618 2567 5672 solstitium
2597 5618 2898 5672 secundum.
3165 5618 3180 5621 ’
3216 5650 3221 5653 -

2193 5686 2208 5738 i
2248 5688 2305 5742 In
2332 5687 2756 5758 ms._Digbaaano
2787 5690 2984 5758 legitur
3013 5706 3141 5757 xxx,
3194 5691 3478 5747 manifesto
3510 5689 3712 5747 librarii

2118 5774 2323 5835 errore.
2355 5756 2462 5813 Sed
2487 5773 2661 5827 neque
2687 5756 3039 5818 succedentes
3061 5756 3270 5819 numeri
3301 5762 3498 5818 mendo
3528 5776 3715 5819 carere
3806 5820 3815 5835 κ

2118 5829 2387 5885 videntur.

2192 5898 2215 5938 ¹ί
2251 5899 2306 5957 ιιι
2334 5910 2434 5969 est,
2465 5899 2704 5961 bissexti:
2734 5902 2929 5961 diebus.
