4122 6540
435 403 552 460 5οΤ

1673 399 2027 457 DlONYSIUS
2067 400 2391 457 EXlGUUS.

3634 399 3734 459 508

435 517 821 585 suntm,die:n
844 517 1046 573 t’aciunt
1072 517 1116 583 l,
1138 515 1468 586 qui-adﬂatur
1490 514 1806 578 Februario,
1830 527 1952 566 cum
1976 530 2036 568 v1.
2060 527 2102 581 Α
2138 512 2282 567 teni:
2330 511 2463 566 linit
2503 512 2553 566 in
2597 513 2838 568 tricentis
2885 511 3090 567 diebus
3126 512 3274 567 bone
3298 528 3358 569 tu
3399 527 3486 568 nc.
3533 511 3734 569 lterum

433 610 537 663 cal.
572 609 727 663 Mart.
772 611 1038 672 habuerit,
1063 618 1122 662 nt
1150 610 1202 662 in
1237 609 1474 663 crastino
1497 607 1576 661 sic
1603 607 1822 661 haheat.
1870 603 2031 661 Verbi

432 717 618 770 causa,
643 704 687 757 si
709 703 867 757 hodie
890 719 940 757 vr
959 704 1064 757 cal.
1085 702 1244 756 Mart.
1262 700 1479 756 additur
1495 701 1584 755 ille
1601 700 1718 757 dies
1741 702 1792 753 in
1816 715 1868 754 tv
1889 715 2032 754 anno

432 794 692 862 expleto;
726 794 1076 848 nihilominus
1105 803 1164 848 et
1203 795 1440 848 crastino
1486 809 1539 848 γι
1568 793 1673 848 cal.
1723 792 1897 846 Martii
1928 792 2034 846 ha-

432 881 640 936 beatur.
681 881 753 935 Et
791 882 914 937 ideo
960 883 1231 939 bissextus
1275 884 1493 949 dicitur,
1522 883 1648 952 quia
1703 883 1784 937 his
1829 899 1878 936 γι
1927 882 2030 937 cal.

433 971 607 1025 Martii
632 971 794 1026 habet
822 972 1165 1028 Februarius.

502 1061 616 1116 Sex
640 1062 828 1118 diebus
849 1063 973 1119 fecit
998 1064 1140 1120 Deus
1170 1064 1454 1132 mundum,
1485 1065 1716 1134 septimo
1747 1065 2028 1135 requievit.

437 1152 506 1208 Ut
533 1169 662 1224 ergo
685 1156 893 1225 plenius
923 1158 1269 1226 intelligo-iur,
1303 1167 1558 1228 computa
1589 1167 1722 1227 quot
1749 1158 1912 1214 horas
1938 1158 2036 1212 hac

432 1249 556 1301 beat
586 1263 726 1302 unus
751 1249 868 1304 dies
891 1256 940 1318 ⁸,
966 1259 1024 1304 et-
1051 1251 1266 1307 divides
1281 1252 1400 1306 illas
1420 1253 1480 1305 in
1500 1251 1529 1304 7
1557 1260 1758 1321 partes,
1787 1259 1842 1306 et
1861 1266 2035 1321 quan—

433 1347 519 1392 tus
549 1349 816 1409 ren'ianet,
848 1343 1046 1398 exinde
1079 1343 1160 1396 sit.
1192 1344 1481 1397 bissextus.
1506 1340 1748 1396 Primum
1779 1349 2040 1411 computa-

434 1433 550 1490 dies
574 1435 599 1474 b
619 1453 738 1504 ccc,
761 1438 1035 1506 quomodo
1061 1438 1221 1492 horas
1251 1439 1472 1504 habent,
1503 1437 1686 1492 decies
1712 1437 1982 1490 tricenteiu'
2005 1447 2029 1475 ο

432 1537 559 1581 sunt
580 1528 682 1583 tria
712 1529 897 1584 millia.
931 1529 1132 1586 lterum
1165 1531 1297 1586 facis
1328 1549 1348 1583 ι
1371 1531 1453 1585 bis
1473 1529 2033 1595 trieenteni,.sexcen.-

504 1714 528 1740 ἰ
563 1704 739 1774 Digb.,
765 1715 1007 1776 computa
1041 1715 1270 1779 quantas
1299 1709 1456 1762 horas
1497 1706 1651 1761 habet
1694 1723 1830 1762 unus
1877 1707 2027 1772 dies;

425 1773 676 1844 -Colton.,
699 1787 820 1846 quot
843 1773 999 1831 horas
1027 1773 1235 1844 habent,
1271 1788 1320 1832 et
1350 1779 1453 1833 div.

2138 604 2297 660 facis:
2331 606 2510 661 decies
2538 607 2782 676 sexageni
2816 621 2904 674 ne,
2945 615 3001 659 et
3025 605 3108 660 bis
3132 605 3388 674 sexageni
3417 621 3544 660 cu.
3574 604 3735 661 Fiunt

2135 713 2267 767 ergo
2287 699 2339 753 in
2367 700 2652 768 sexagenis
2678 697 2870 754 diebus
2889 697 3039 752 horae
3062 713 3219 752 non.
3239 695 3438 752 lterum
3453 696 3586 752 facis
3606 715 3620 753 :
3642 698 3735 751 de-

2134 790 2246 847 cies
2267 792 2414 863 qut'ni
2431 808 2482 856 ι,
2503 801 2562 846 et
2584 792 2665 846 bis
2689 791 2836 860 quini
2855 807 2908 844 ι.
2934 789 3260 844 Eccehabes
3279 790 3334 843 in
3361 790 3599 858 quinque
3621 789 3734 844 die-

2141 886 2242 942 bus
2255 887 2416 942 horas
2429 904 2514 941 ωε.
2532 886 2691 940 Fiunt
2705 883 2866 940 simul
2882 884 3093 953 integro
3107 899 3254 938 anno
3265 883 3317 936 in
3335 882 3521 937 diebus
3533 898 3732 936 ceetxv

2141 978 2289 1034 hora:
2314 994 2391 1034 tut
2416 994 2681 1042 ccccxxx,
2701 984 2755 1030 et
2779 976 2914 1029 alias
2935 983 3110 1029 tantas
3131 975 3184 1029 in
3213 982 3392 1038 nocte,
3422 973 3557 1028 liunt
3579 973 3731 1027 simul

2141 1070 2350 1126 dierum
2375 1081 2431 1125 et
2452 1072 2692 1125 noctium
2721 1069 2883 1123 totius
2907 1069 3146 1123 annivm
3159 1083 3330 1123 nccu
3352 1065 3522 1120 horto.
3549 1065 3736 1118 Dividc

2141 1161 2194 1216 in
2218 1161 2333 1218 illas
2350 1179 2421 1217 vn
2439 1170 2641 1232 partes.
2661 1160 2898 1216 Primum
2923 1160 3055 1216 facis
3071 1178 3084 1214 :
3099 1161 3298 1230 septies
3321 1158 3525 1212 milleni
3544 1174 3635 1223 vn,
3657 1174 3735 1211 re-

2141 1265 2390 1309 manent't
2405 1270 2592 1309 nccu.
2608 1253 2738 1306 ltem
2763 1251 2925 1308 facis:
2941 1253 3142 1322 septies
3157 1251 3395 1315 ducenti,
3413 1249 3572 1306 liontt
3585 1265 3732 1314 cccc,

2139 1355 2424 1402 remanent
2442 1362 2630 1402 ccccx.
2653 1345 2785 1401 Item
2809 1346 2940 1402 facis
2960 1364 2971 1398 :
2995 1345 3197 1416 septies
3219 1344 3582 1414 quinquageni
3603 1342 3734 1398 liunt

2139 1453 2290 1504 cccc,
2319 1446 2604 1493 remanent
2631 1454 2683 1492 ι.
2723 1436 2857 1492 Item
2897 1436 3065 1492 facis:
3097 1437 3296 1508 septies
3331 1452 3393 1490 as
3419 1451 3514 1497 vn,
3554 1450 3732 1489 rema-

2139 1539 2270 1585 nent
2291 1546 2371 1585 ut.
2413 1528 2534 1584 Istic
2564 1537 2673 1584 tres
2693 1529 2840 1585 bone
2861 1526 3066 1584 faciunt
3087 1527 3139 1582 in
3169 1543 3224 1583 tv
3253 1527 3410 1583 annis
3437 1527 3600 1582 diem.

2202 1704 2230 1743 ι’
2254 1701 2497 1770 Cotton.,
2529 1703 2728 1762 diebus.

2211 1785 2232 1814 ε
2257 1774 2473 1831 Cotton.
2487 1819 2502 1843 ,
2544 1777 2743 1830 triceni.

550 2025 1056 2122 PBOTERII,
1115 2025 1568 2104 EPISCOPI
1630 2021 2347 2118 ALEXANDRINI,
2422 2019 2920 2125 EPISTOLA
2998 2019 3132 2095 AD
3218 2018 3632 2098 LEONEM

1873 2148 2206 2227 PAPAM
2228 2153 2252 2182 ⁸
2278 2200 2298 2220 .

503 2287 733 2343 Domino
777 2299 904 2340 meo
935 2284 1297 2339 dilectissimo
1331 2282 1484 2338 fratri
1533 2293 1598 2339 et
1642 2282 2025 2340 consaeerdoti

2135 2286 2434 2350 ptui-arum,
2467 2279 2524 2334 in
2550 2279 2768 2348 negotio
2794 2287 2903 2334 tam
2928 2296 3122 2351 magno
3152 2282 3574 2346 aenecessario,
3594 2297 3732 2351 pne-

435 2380 608 2435 usui
635 2379 906 2433 Proterias
933 2379 986 2432 in
1020 2379 1248 2434 Donrino
1279 2381 1532 2435 salutem.

502 2468 782 2526 Pii-ssimns'
805 2479 859 2526 et
887 2469 1232 2526 ﬁdelissimus
1270 2470 1568 2539 imperator
1596 2480 1783 2524 noster
1811 2467 2034 2523 Marcia-

431 2576 530 2619 nus
552 2563 744 2618 litteris
768 2578 939 2632 nuper
968 2562 1040 2617 ad
1064 2579 1163 2617 nos
1185 2562 1584 2617 venerabilihus
1617 2577 1746 2617 usus
1769 2571 1871 2627 est,
1905 2563 2030 2630 qui-

431 2655 530 2708 hus
555 2653 786 2709 asseruit
812 2654 1082 2708 testimare
1111 2653 1374 2722 quosdam
1407 2668 1515 2708 non
1547 2652 1834 2722 diligenter
1863 2651 2032 2706 ascri-

430 2758 575 2819 ptasn
606 2745 746 2800 diem
775 2746 898 2801 festi
928 2747 1219 2815 paschalis,
1241 2761 1366 2814 quae
1386 2761 1484 2815 per
1502 2754 1750 2801 octavam
1782 2745 2033 2802 indictio-

353 2885 373 2906 ,
431 2849 553 2892 nem
605 2838 858 2902 futuram,
913 2837 1140 2892 Domino
1187 2845 1495 2905 prnstante,
1543 2837 1866 2892 celebranda
1925 2846 2028 2892 est.

433 2928 813 2982 Verumtamen
868 2940 975 2982 non
1001 2927 1148 2980 velut
1176 2944 1212 2981 a
1236 2943 1296 2981 se
1325 2937 1630 2983 mmmotus
1669 2928 1774 2983 hoc
1827 2929 2032 2984 indica-

431 3023 524 3082 rit,
575 3019 670 3073 sed
717 3020 842 3088 quia
888 3019 1092 3090 scripti
1139 3027 1241 3072 tua:
1280 3019 1588 3074 sanctitatis
1633 3022 1919 3090 acceperit.
1966 3021 2031 3078 Et

432 3108 780 3178 praecipiebat
814 3116 1068 3178 oportere
1100 3124 1206 3162 nos
1239 3124 1458 3164 causam
1507 3109 1794 3178 diligenter
1846 3112 2028 3180 inqui-

429 3216 570 3265 reret,
619 3201 861 3256 adhibita
919 3200 1080 3256 nimis
1136 3202 1447 3260 tenuissima
1493 3206 1858 3272 scrutatione,
1907 3221 2030 3275 qua:

434 3296 656 3350 multum
695 3292 1075 3350 sollicitudinis
1102 3308 1168 3348 ac
1211 3294 1374 3349 audii
1417 3295 1737 3351 contineret.
1786 3297 2031 3368 Quapro-

433 3400 552 3460 pter
591 3389 975 3460 negligentiam
1007 3405 1114 3445 non
1147 3388 1280 3453 fuit,
1324 3390 1616 3458 quominus
1650 3391 1828 3445 statim
1865 3406 2031 3460 nego-

432 3485 563 3538 tium
597 3482 946 3546 vetitilarem;
987 3483 1206 3551 quando
1250 3497 1316 3535 ex
1361 3481 1457 3536 illo
1479 3481 1590 3551 jam
1640 3491 1885 3552 tempore
1920 3499 2029 3553 quo

431 3578 908 3631 commonitorium
950 3586 1058 3632 tum
1091 3577 1457 3632 venerationis
1493 3578 1702 3648 accepi,
1743 3579 2029 3648 plurimam

2135 2377 2385 2434 termisso
2413 2377 2706 2446 diligentia:
2735 2377 2940 2443 labore,
2989 2377 3228 2447 potuisse
3257 2377 3590 2446 delinquere.
3628 2376 3738 2432 Sed

2131 2467 2290 2531 forte,
2309 2468 2447 2522 sicut
2459 2477 2546 2522 tua
2560 2468 2817 2524 sanctitas
2827 2469 3017 2524 scribit
3031 2479 3052 2506 ο
3063 2509 3076 2532 ,
3091 2469 3335 2524 mendosi
3348 2467 3575 2534 codicis,
3592 2477 3685 2522 aut
3707 2468 3733 2504 ά

2134 2558 2338 2617 librarii
2359 2578 2510 2618 error
2540 2571 2656 2628 est;
2688 2570 2748 2617 et
2786 2573 3074 2633 propterea
3104 2579 3203 2619 nos
3242 2570 3521 2634 oporteret
3547 2572 3568 2599 θ
3590 2561 3736 2617 diem

2133 2668 2332 2712 sancta:
2362 2658 2503 2712 illius
2531 2656 2837 2712 festivitatis
2865 2657 3184 2722 transferre,
3216 2656 3362 2728 quod
3393 2657 3534 2711 absit
3557 2654 3600 2710 ί.
3628 2656 3733 2710 Cc-

2133 2749 2370 2804 lebretur
2401 2759 2426 2796 8
2457 2756 2640 2804 autem
2671 2749 2743 2804 ita
2771 2749 2972 2818 potius,
3008 2757 3073 2803 ut.
3094 2747 3440 2804 ceutenarius
3469 2761 3734 2800 annorum

2132 2857 2321 2896 cursus
2348 2841 2596 2910 ejusdem
2621 2840 2922 2896 beatissimi
2950 2838 3126 2894 Patris
3156 2838 3323 2894 nostri
3351 2847 3407 2894 et
3427 2836 3736 2907 coepiscopi

2133 2931 2418 3002 Theophili
2447 2933 2723 3000 continet;
2752 2933 2845 3003 qui
2891 2933 3235 3002 antiquorum
3267 2931 3475 3004 paginis
3514 2930 3735 2984 omnino

2131 3024 2452 3093 concordat,
2477 3025 2528 3080 id
2557 3034 2657 3090 est,
2688 3026 2777 3080 die
2808 3026 3008 3080 mensis
3039 3023 3371 3088 Pharmothi,
3384 3023 3540 3092 juxta
3563 3022 3733 3093 ΑΕΗ-

2133 3118 2294 3187 ptios,
2325 3118 2418 3187 qui
2467 3127 2554 3173 cst
2593 3134 2683 3173 vm
2733 3119 2838 3173 cal.
2882 3118 3006 3173 Mai.
3041 3117 3106 3172 Et
3160 3133 3260 3172 nos
3304 3118 3468 3182 enim,
3521 3124 3576 3169 et
3621 3125 3734 3172 tota

2133 3209 2392 3282 Egyptia
2423 3211 2596 3278 regio,
2636 3217 2800 3279 atque
2842 3209 3034 3264 Oriens
3075 3207 3385 3271 universus,
3437 3207 3515 3262 sic
3563 3208 3736 3276 ipsum

2134 3302 2277 3358 diem
2308 3302 2634 3358 celebraturi
2661 3318 2847 3357 sumus
2878 3302 2924 3366 ιι,
2952 3301 3064 3356 Deo
3093 3311 3404 3372 praestante.

2206 3393 2278 3450 Ut
2307 3405 2487 3450 autem
2519 3411 2626 3450 non
2650 3394 2978 3449 arbitremur
3009 3393 3287 3459 absolute,
3320 3407 3440 3464 qua:
3468 3393 3621 3448 nobis
3649 3392 3735 3447 vi-

2133 3488 2352 3556 dentur,
2381 3489 2618 3544 scribere
2651 3505 2748 3543 seu
2775 3488 2916 3544 velle
2949 3487 3190 3551 ﬁrmare,
3219 3487 3544 3542 inseruimus
3573 3485 3736 3544 etiam

2135 3596 2326 3636 causas
2351 3580 2476 3635 huic
2497 3580 2762 3650 epistolae,
2784 3581 2979 3650 quibus
3010 3590 3100 3634 tua
3131 3580 3392 3635 sanctitas
3422 3576 3560 3632 forte
3587 3577 3736 3632 testi-

433 3687 622 3726 cu-ram
651 3672 728 3726 rei
759 3672 918 3742 hujus
947 3673 1257 3740 habuerim;
1292 3692 1435 3730 nunc
1460 3676 1659 3743 legales
1681 3676 1848 3731 libros
1870 3676 2031 3745 inspi-
2060 3685 2105 3747 ρ
2138 3681 2272 3742 met,
2296 3689 2405 3728 non
2431 3672 2705 3728 sedeberc
2728 3672 3128 3741 reprehendere
3148 3671 3526 3744 Egyptiorum
3550 3669 3734 3726 Eccle-

430 3764 603 3824 eiens,
633 3779 774 3819 nolle
805 3765 1148 3834 antiquorum
1183 3767 1466 3821 doctorum
1517 3766 1760 3822 instituta
1813 3769 2030 3822 contin-

431 3869 567 3926 gens
591 3856 648 3925 υς
679 3870 746 3914 ex
773 3861 967 3929 quibus
994 3860 1249 3931 possibile
1279 3870 1364 3915 est
1382 3861 1689 3929 hujusmodi
1719 3870 2031 3930 conrputum

434 3949 758 4019 investigare
792 3953 1064 4007 solertius.
1117 3952 1348 4008 Sumens
1392 3953 1558 4007 etiam
1599 3960 1655 4007 et
1693 3952 2029 4006 centenalem

431 4055 650 4096 cursum
696 4041 936 4112 Paschze,
985 4044 1312 4115 descriptum
1352 4059 1382 4098 a
1421 4044 1734 4099 beatissimo
1774 4043 1936 4099 Patre
1977 4052 2033 4100 et

431 4134 757 4203 Coepiscopo
785 4142 972 4189 nostro
997 4135 1322 4205 TheOphilo,
1353 4148 1681 4205 omnemque
1715 4135 2028 4204 decurrens,

433 4227 504 4281 ita
538 4229 710 4296 reperi
733 4228 1018 4299 diligenter
1047 4230 1364 4298 integreque
1386 4231 1768 4298 compositum,
1797 4237 1876 4294 ut,
1907 4230 2029 4299 qui-

431 4335 642 4388 cunque
673 4320 760 4373 ille
787 4323 872 4384 sit,
905 4321 1286 4374 auctoritatem
1307 4319 1585 4389 scriptura:
1605 4319 1763 4388 hujus
1789 4321 2030 4388 quolibet

431 4411 593 4464 modo
622 4413 1024 4479 reprehendere
1059 4429 1126 4466 ac
1154 4413 1460 4483 vituperare
1505 4428 1614 4468 non
1667 4413 1856 4483 possit.
1900 4412 2031 4468 Erat

431 4499 575 4552 enim
622 4499 1017 4570 inconsequens
1064 4504 1238 4557 virum
1304 4503 1378 4558 ita
1438 4503 1744 4570 vigilantem
1811 4502 2030 4573 Deoque

431 4588 829 4656 eharissimum,
863 4591 1164 4648 divinarum
1195 4593 1356 4648 etiam
1388 4593 1613 4648 ditatum
1637 4594 1864 4649 scientia
1891 4593 2030 4649 Seri-

508 4754 532 4782 α
563 4744 638 4800 De
665 4747 905 4818 epistola}
939 4749 1175 4818 Dionysii
1205 4748 1270 4803 ad
1295 4747 1596 4803 Proterium
1623 4755 1940 4818 argumento
1966 4764 2029 4803 ac

431 4824 676 4901 tempore
699 4810 816 4887 lege
959 4836 994 4874 η
1017 4810 1592 4901 ειέοουμλςιηρλρερ.
1610 4810 1782 4901 λ).
1805 4817 2028 4901 De

432 4887 698 4944 Paschate
725 4891 850 4946 anni
883 4891 1230 4946 Diocletianei
1255 4891 1348 4945 Ut
1378 4887 1622 4956 {Christi
1651 4887 1776 4944 455.
1813 4891 2027 4943 Inusita-

431 4960 505 5032 tio
535 4961 758 5016 subortu
810 4971 944 5027 erat,
997 4962 1063 5032 de
1115 4978 1220 5032 qua
1269 4961 1551 5032 consultus
1597 4959 1873 5032 Protcrius
1904 4976 1932 5012 a
1967 4964 2024 5014 ὃ.

431 5029 610 5100 Leone
667 5032 974 5100 respondet.
1030 5029 1314 5087 Pn'Avws.
1361 5063 1434 5073 —-
1483 5031 1735 5100 Epistoltc
1789 5031 1944 5098 hujus
1992 5046 2021 5084 a

431 5099 673 5155 l’roterio
699 5101 883 5158 Graece
904 5104 1138 5172 scriptzc,
1159 5114 1210 5155 ct
1237 5121 1264 5156 a
1291 5099 1543 5171 Dionysio
1570 5104 1754 5154 Latine
1772 5101 2015 5165 reddita),

429 5172 500 5244 i_t_a
535 5174 779 5244 meminit
809 5173 1120 5244 Sigehertus
1153 5175 1204 5244 in
1229 5174 1400 5227 Gala].
1429 5175 1545 5244 ξων.
1572 5174 1730 5233 cccl.,
1764 5189 1881 5240 cap.
1907 5172 1975 5244 27
2002 5191 2013 5224 :

433 5239 718 5297 Transtulit
747 5243 811 5296 de
843 5239 1023 5299 Urwco
1051 5246 1105 5297 in
1146 5243 1390 5298 Latinum
1425 5243 1645 5296 l’roterii
1674 5239 2017 5296 Alexandrini

427 5313 718 5385 epistolam,
745 5315 994 5385 scriptam
1021 5315 1094 5368 ad
1124 5313 1347 5368 Leonem
1372 5331 1562 5383 papam
1585 5358 1596 5369 .
1623 5313 1684 5366 de
1706 5311 2015 5367 celebrando

433 5382 637 5436 l’ascha
663 5386 714 5437 in
757 5382 896 5440 anno
943 5385 1154 5439 Domini
1197 5382 1414 5439 αυεϐα.
1450 5384 1602 5450 Quod
1634 5401 1760 5438 vero
1792 5386 2010 5439 transla-

429 5457 740 5524 tzntrcyclo
793 5474 890 5510 suo
941 5458 1178 5524 paschali
1219 5457 1526 5521 subjeccrit,
1586 5458 1698 5524 ipse
1728 5455 1826 5509 sub
1858 5454 2016 5508 linem

430 5522 756 5589 pncl'atiOnis
787 5530 853 5581 ad
885 5522 1194 5582 Petronimn
1225 5530 1305 5581 his
1338 5528 1512 5581 verbis
1539 5522 1766 5580 testatur
1799 5543 1811 5579 :
1847 5525 2016 5589 Quam

429 5593 758 5710 ’tRialOI'dlll)
814 5608 934 5651 ante
979 5599 1072 5653 has
1127 5615 1290 5652 annos
1339 5597 1710 5669 transferentes
1750 5614 1783 5651 a
1814 5595 2017 5663 Greece,

447 5679 546 5710 tute
597 5666 741 5710 oneri
789 5668 1166 5710 adoption/lum
1214 5686 1325 5710 pun
1370 5669 1741 5710 nrnnmmimue
1799 5666 1945 5710 Illam
1985 5685 2013 5710 τι

447 5666 546 5740 iuit:
597 5666 741 5740 operi
780 5668 1167 5740 adnectendum
1214 5686 1325 5723 esse
1369 5666 1745 5740 prospeximus.
1797 5666 1951 5740 Illam
1985 5685 2016 5721 a

431 5730 652 5809 Betavio
680 5737 732 5809 in
762 5738 898 5807 App.
929 5756 1020 5809 0p.
1043 5741 1110 5795 de
1140 5740 1319 5794 Doetr.
1355 5730 1542 5809 tenui,
1569 5756 1619 5809 p.
1655 5739 1780 5802 871,
1811 5748 1866 5794 et
1887 5736 2010 5806 2E3.

431 5802 771 5880 Bttcherioin
801 5802 1103 5865 contu-ient.
1153 5811 1218 5865 ad
1252 5802 1477 5867 Victorii
1497 5802 1706 5867 Ca'non.
1749 5802 2011 5880 paschali,

431 5895 483 5997 Γ.
507 5876 597 5942 89.,
627 5879 824 5934 editum
848 5922 861 5946 ,
897 5897 994 5937 nos
1018 5899 1140 5936 cum
1171 5882 1375 5951 aliquot
1399 5883 1557 5935 codd.
1583 5899 1708 5938 mss.
1739 5876 2013 5943 collatam,

449 5949 552 5997 lim:
580 5949 704 5997 inth
729 5952 1092 5997 stlnnlnvinms
1123 5961 1177 5997 ot
1215 5954 1613 5997 utin-Iniurium”
1641 5996 1647 5997 ,
1698 5953 2011 5997 unlninrtlim

449 5949 552 6006 line
580 5949 704 6007 inde
729 5952 1092 6024 sUppIcvimus
1123 5961 1177 6008 ct
1215 5949 1613 6010 etiiendavimus
1637 5996 1651 6024 ,
1697 5953 2012 6009 nominatim

2051 5075 2103 5135 D

2135 3766 2230 3821 sine
2259 3767 2564 3832 veritatem,
2595 3781 2715 3835 quae
2743 3773 2916 3819 mater
2944 3765 3252 3833 hujusmodi
3279 3765 3481 3819 laboris
3506 3763 3733 3826 exstitit,

2134 3861 2527 3929 diligenterque
2554 3860 2895 3930 conscripsit.
2940 3857 3076 3914 Olim
3103 3858 3319 3928 quidem
3350 3858 3605 3913 Dominus
3639 3872 3737 3926 per

2133 3953 2356 4025 Moysen
2387 3963 2601 4023 tempus
2630 3955 2888 4024 paschale
2917 3953 3258 4023 signiﬁcavit,
3281 3951 3496 4005 dicens:
3522 3949 3736 4004 Custodi

2135 4063 2363 4101 mensem
2402 4065 2670 4113 novorum,
2716 4048 2947 4116 priumm
2999 4047 3142 4101 hunc
3182 4061 3302 4102 esse
3349 4045 3736 4114 pronuntians;

2134 4137 2277 4194 sicut
2305 4138 2499 4194 iterum
2524 4138 2655 4192 dicit
2685 4155 2696 4190 :
2727 4137 2921 4190 Mensis
2947 4138 3044 4190 iste
3066 4135 3202 4191 vobis
3224 4137 3428 4190 initium
3459 4135 3736 4201 mensium,

2133 4230 2330 4299 primus
2359 4231 2456 4283 erit
2484 4231 2536 4283 in
2561 4228 2816 4283 mensibus
2839 4229 2996 4294 anni;
3029 4238 3076 4281 et
3102 4228 3262 4299 facies
3286 4227 3480 4298 pascha
3513 4227 3736 4282 Domino

2135 4319 2245 4374 Deo
2276 4331 2360 4374 tuo
2381 4337 2467 4374 xw
2490 4322 2574 4374 die
2595 4322 2782 4375 mensis
2801 4321 2976 4391 primi.
3006 4318 3113 4373 Sed
3142 4319 3231 4390 qui
3263 4319 3377 4373 haec
3398 4334 3494 4388 per
3517 4317 3736 4387 Moysen

2132 4411 2346 4467 locutus
2368 4421 2450 4466 est
2480 4413 2756 4479 Dominus,
2780 4412 3059 4482 plenitudo
3088 4411 3217 4480 legis
3238 4412 3493 4472 existens,
3518 4409 3737 4478 quando

2133 4502 2382 4571 dignatus
2410 4511 2492 4558 est
2517 4504 2678 4558 homo
2707 4501 2846 4570 ﬁeri,
2869 4503 3054 4572 quinta
3079 4503 3428 4557 sabbatorum
3460 4502 3501 4567 ί,
3528 4503 3737 4558 decima

2133 4603 2324 4668 quarta
2355 4599 2479 4652 luna
2509 4598 2712 4654 mensis
2738 4598 2920 4668 primi,
2950 4598 3003 4652 in
3027 4596 3308 4652 emtiaculo
3339 4613 3461 4651 cum
3492 4597 3735 4666 discipu-

2133 4774 2254 4813 cum
2285 4758 2471 4813 codice
2503 4758 2792 4814 Bodleiano
2824 4757 2882 4812 F.
2912 4758 2955 4814 N
3008 4757 3070 4811 Ε.
3103 4757 3169 4826 5,
3202 4755 3268 4823 3;
3298 4757 3645 4819 Cottoniano,
3681 4756 3734 4809 in

2133 4829 2332 4883 scrinio
2361 4829 2617 4893 Caligula:
2669 4831 2735 4884 A.
2792 4827 2878 4890 15,
2937 4838 2992 4884 et
3036 4829 3325 4897 Digbmano
3357 4829 3427 4881 (3'3
3459 4848 3470 4881 :
3500 4843 3732 4896 quorum

2133 4899 2280 4953 illum
2311 4916 2407 4970 per
2459 4900 2520 4964 B,
2572 4903 2732 4954 istum
2787 4915 2884 4971 per
2910 4899 2972 4963 C,
3026 4901 3171 4955 hunc
3227 4916 3325 4970 per
3385 4901 3449 4966 D,
3495 4899 3735 4967 signabi-

2135 4987 2184 5023 ΙΙΙ
2193 4987 2272 5024 IIS.

2204 5041 2231 5079 δ
2261 5040 2321 5106 C,
2355 5041 2492 5094 dicta
2519 5043 2755 5095 instituta
2785 5045 3071 5096 continens.

2205 5122 2226 5150 ο
2259 5112 2298 5162 C
2326 5121 2382 5166 et
2407 5112 2467 5177 Ι),
2497 5113 2724 5181 scripsit.

2196 5181 2221 5220 ἀ
2253 5181 2367 5236 Vox
2402 5185 2693 5252 scriptoris,
2748 5199 2866 5253 qua:
2911 5185 2964 5239 in
3001 5191 3232 5254 utraque
3270 5184 3511 5240 editione
3533 5185 3623 5240 hic
3654 5184 3735 5240 in-

2123 5254 2424 5315 terseritur.
2459 5255 2510 5306 in
2531 5269 2662 5308 mss.
2693 5257 2864 5310 abest.

2197 5335 2219 5394 ἐ
2252 5322 2293 5394 Q
2323 5332 2378 5378 et
2411 5322 2473 5390 D,
2505 5335 2726 5394 oportet.

2200 5393 2218 5432 τ
2254 5392 2363 5448 llas
2407 5392 2547 5449 duas
2586 5413 2764 5461 voces,
2801 5412 2869 5451 ex
2923 5397 3163 5451 omnium
3223 5412 3347 5450 mss.
3412 5405 3722 5452 nostrorum

2123 5481 2410 5532 consensu,
2459 5466 2863 5535 substituimus,
2899 5484 2998 5538 pro
3022 5468 3088 5524 iis
3115 5483 3236 5538 qua:
3266 5469 3315 5520 in
3347 5467 3509 5523 editis
3537 5467 3721 5537 legun-

2124 5549 2230 5604 tur,
2257 5553 2376 5610 ique
2403 5538 2554 5610 abiit.

2175 5620 2220 5732 lis
2241 5607 2328 5690 'l'ta
2359 5625 2482 5664 cum
2535 5607 2576 5661 (Ξ
2608 5609 2832 5679 legimus
2855 5651 2871 5677 ,
2904 5627 3005 5683 pro
3033 5609 3351 5681 celebratur,
3383 5609 3532 5682 quod
3559 5619 3645 5665 est
3674 5611 3730 5666 in

2196 5691 2302 5732 ηις.

2124 5691 2302 5735 θλιιις.

2196 5750 2221 5822 h
2254 5751 2316 5822 Vl),
2349 5751 2420 5804 sic
2472 5752 2634 5822 ipsius
2663 5751 2763 5806 diei
2799 5753 3105 5810 celebraturi
3133 5755 3496 5809 auctoritatem
3516 5769 3724 5808 sumus.

2201 5821 2214 5897 ἓ
2244 5821 2320 5876 lta
2351 5821 2539 5897 omnes
2572 5834 2678 5897 tres
2695 5824 2920 5897 codices
2949 5827 3120 5882 nostri
3165 5827 3383 5893 habent,
3415 5842 3514 5896 pro
3537 5827 3727 5897 quinta

2123 5895 2274 5964 feria,
2311 5905 2366 5949 ut
2397 5903 2477 5950 est
2509 5895 2562 5951 in
2579 5895 2759 5952 editis.
