4122 6528
377 461 477 515 5ὓ9

1319 451 1653 509 EPISTULA
1692 448 2012 504 PROTERH
2045 448 2133 503 AD
2165 446 2441 503 LEONEM
2483 447 2735 501 PAPAM.

3561 442 3668 496 5l0

372 577 433 628 lis
467 574 665 641 pascha
696 571 1049 633 manducans,
1083 570 1244 640 paulo
1290 576 1412 638 post
1449 584 1478 621 a
1510 566 1643 622 Juda
1696 565 1966 620 traditur:
2005 578 2048 628 Α
2080 579 2222 616 nono
2251 570 2306 616 et
2334 562 2684 630 nonagesimo
2729 561 2887 614 tertio
2918 574 3062 612 anno
3103 573 3133 611 a
3176 555 3491 611 Diocletiani
3538 571 3668 623 pro-

372 678 423 721 et
465 665 712 735 sequenti
742 664 860 732 die,
913 680 983 718 xv
1026 663 1149 717 luna
1186 660 1545 729 cruciﬁgitur,
1594 659 1643 713 id
1688 667 1769 713 est
1813 664 1966 712 sexta

372 755 535 822 feria;
588 765 643 810 et
672 755 741 810 ad
788 754 991 807 inferos
1030 752 1383 819 descendens,
1433 751 1500 805 ad
1542 749 1967 820 dispensationes

372 849 557 906 salutis
586 858 785 903 nostne
814 846 1120 916 perﬁciens,
1146 860 1372 916 vespere
1397 844 1629 912 sabbati,
1662 842 1967 896 lucescente

373 944 665 1007 dominico,
694 944 994 998 resurrexit
1051 957 1080 996 a
1130 940 1392 1007 mortuis;
1419 940 1470 993 in
1503 954 1612 1007 quo
1655 936 1742 992 die
1786 936 1965 989 lunam

373 1037 529 1109 primi
559 1035 937 1105 mensisjuxta
986 1034 1261 1099 llebraaos,
1306 1032 1578 1087 exstitisse
1624 1026 1965 1083 manifestum

375 1139 473 1185 est.
515 1128 624 1184 Nos
664 1142 794 1196 ergo
838 1127 1152 1192 Christiani,
1201 1141 1307 1179 non
1331 1124 1503 1178 solum
1553 1137 1641 1176 xtv
1684 1120 1865 1173 lunam
1913 1118 1966 1171 in

376 1218 581 1273 Pascha
609 1216 934 1287 requirimus
964 1216 1091 1276 (hoc
1129 1216 1271 1269 enim
1302 1211 1470 1267 «ιιιόωί
1519 1211 1800 1274 facientes,
1850 1209 1967 1263 sine

376 1309 663 1365 festivitate
690 1310 868 1377 sunt);
900 1308 994 1361 sed
1037 1306 1198 1360 etiam
1244 1303 1658 1358 resurrectionis
1687 1294 1827 1355 diem
1860 1298 1967 1353 Re-

376 1401 668 1471 demptoris
715 1399 919 1465 nostri,
957 1398 1047 1467 qui
1096 1404 1179 1452 est
1223 1411 1330 1449 xvn
1376 1395 1499 1448 luna
1550 1390 1750 1463 praefati
1808 1390 1977 1475 primi

376 1493 577 1548 mensis
624 1507 907 1556 n0vorum,
942 1489 1225 1545 sollicitius
1270 1488 1639 1542 observamus.
1680 1482 1833 1549 Quod
1860 1490 1883 1516 λ
1921 1480 1966 1535 si

375 1586 567 1642 eodem
592 1584 751 1640 modo
774 1582 1126 1653 plenilunium
1149 1594 1362 1649 semper
1383 1584 1692 1632 occurreret
1708 1575 1752 1638 ι),
1779 1572 1965 1642 quinta

375 1676 746 1740 sabbatorum,
773 1672 992 1744 quando
1021 1670 1269 1726 Salvator
1293 1668 1491 1738 pascha
1532 1683 1652 1722 cum
1693 1664 1966 1735 discipulis

376 1752 740 1833 manducavit,
773 1780 933 1821 omne
972 1764 1252 1819 tolleretur
1295 1761 1625 1827 ambiguum.
1655 1756 1789 1824 Quia
1836 1772 1965 1811 vero

376 1846 514 1916 luna:
528 1860 762 1915 circulus
780 1858 844 1913 ad
862 1854 991 1914 solis
1006 1871 1223 1912 cursum
1248 1854 1528 1924 iuazqualis
1545 1861 1644 1917 est,
1663 1859 1716 1904 et
1735 1867 1819 1904 xiv
1837 1840 1965 1903 luna

2072 655 2229 708 batur
2272 653 2515 722 imperio.
2556 652 2645 707 Sic
2682 652 2824 707 enim
2876 659 2931 705 et
2978 658 3105 703 tunc
3144 648 3438 704 beatissimi
3481 644 3669 700 Patres

2070 748 2242 803 nostri
2270 746 2459 802 fecisse
2488 746 2824 800 declarantur
2849 744 3020 815 (Anno
3044 743 3234 798 Christi
3258 740 3407 809 575).
3433 740 3488 794 In
3517 749 3671 794 octo-

2070 840 2276 909 gesimo
2307 855 2450 892 nono
2476 847 2498 874 ο
2531 837 2747 906 quidem
2776 853 2918 890 anno
2964 834 3031 888 ab
3059 833 3286 903 imperio
3328 829 3667 893 Diocletiani,

2072 926 2361 999 superstite
2389 928 2561 982 beatae
2591 926 2863 981 memoria:
2909 924 3069 979 Patre
3099 934 3285 978 nostro
3319 930 3373 976 et
3411 922 3667 990 episcopo

2072 1019 2370 1074 Athanasio
2408 1019 2451 1084 τ,
2484 1034 2605 1073 cum
2638 1034 2725 1072 xtv
2756 1017 2878 1071 luna
2909 1015 3172 1086 paschalis
3198 1030 3363 1068 xxvm
3391 1012 3476 1066 die
3515 1026 3671 1065 meu-

2028 1122 2031 1123 '
2071 1112 2143 1168 sis
2174 1110 2537 1178 Phamenoth,
2584 1109 2635 1164 id
2666 1117 2772 1177 est,
2806 1124 2949 1163 nono
2986 1107 3200 1163 calend.
3246 1105 3506 1175 Aprilium
3557 1103 3664 1168 die,

2072 1203 2428 1274 provenisset,
2459 1200 2545 1256 die
2568 1200 2867 1265 dominico;
2904 1200 2956 1254 in
2985 1199 3402 1269 subsequentem
3435 1196 3663 1252 transla-

2072 1303 2183 1348 tum
2209 1304 2291 1348 est
2319 1294 2743 1359 hebdomadem;
2773 1294 2845 1347 ita
2869 1300 2927 1346 ut
2946 1293 3131 1362 quinta
3163 1291 3249 1345 die
3279 1291 3481 1345 mensis
3501 1288 3669 1344 I’bar-

2071 1387 2264 1451 mothi,
2296 1387 2400 1442 hoc
2430 1396 2533 1455 est,
2580 1387 2753 1457 pridie
2801 1386 3148 1441 calendarum
3198 1383 3476 1454 Aprilium,
3525 1384 3668 1437 cele-

2074 1480 2323 1533 braretur
2357 1480 2560 1535 Pascha
2592 1478 2940 1534 dominicum.
2984 1475 3044 1531 In
3092 1475 3440 1544 nonagesimo
3488 1482 3667 1527 autem

2075 1571 2234 1624 tertio
2258 1581 2282 1617 8
2306 1587 2447 1624 anno
2470 1571 2535 1625 ab
2559 1572 2783 1641 imperio
2806 1569 3043 1638 ejusdem
3070 1567 3403 1633 Diocletiani,
3438 1582 3557 1618 eum
3583 1582 3668 1619 xw

2071 1662 2197 1715 luna
2225 1654 2494 1733 paschalis
2523 1680 2612 1718 xiv
2648 1663 2735 1718 die
2770 1662 2973 1719 mensis
3004 1661 3335 1725 Pharmothi,
3374 1660 3465 1729 qui
3512 1667 3595 1714 est
3633 1673 3669 1712 v

2070 1754 2190 1809 idus
2208 1751 2421 1824 Aprilis,
2467 1756 2555 1811 die
2592 1755 2863 1810 dominico
2894 1755 3239 1823 contigisset,
3271 1754 3323 1808 in
3351 1762 3667 1821 sequentem

2071 1847 2199 1901 item
2231 1849 2587 1917 septimanam
2616 1848 2805 1903 dilatio
2835 1848 2974 1903 facta
3005 1856 3087 1901 est
3116 1865 3127 1899 :
3155 1848 3227 1900 ita
3260 1856 3317 1900 ut
3339 1844 3667 1900 dominicum

374 1950 644 2022 paschalis
670 1951 721 2003 in
751 1948 838 2003 die
864 1948 1138 2002 dominico
1168 1960 1309 2015 smpe
1334 1943 1615 2012 contingit,
1643 1958 1749 1996 non
1773 1950 1857 1995 est
1878 1957 1967 1995 au-
2000 1956 2044 2014 Β
2074 1938 2269 2005 pascha
2297 1954 2388 1992 xxt
2417 1939 2503 1992 die
2534 1939 2732 1992 mensis
2759 1937 3093 2002 Pharnmthi,
3120 1939 3209 2007 qui
3236 1944 3318 1991 est
3347 1952 3432 1990 xvt
3457 1935 3665 1990 calend.

380 2052 487 2098 tem
516 2041 772 2112 possibile
804 2049 930 2095 tunc
958 2040 1151 2094 festum
1179 2038 1482 2103 celebrare;
1513 2035 1607 2090 sed
1635 2051 1738 2091 nec
1771 2034 1963 2104 pridie,

376 2135 619 2196 sabbato,
640 2134 763 2187 luna
784 2126 1146 2202 xtujejunium
1163 2132 1405 2197 solvere;
1431 2130 1485 2184 in
1506 2129 1859 2199 septimanam
1881 2141 1967 2182 se—

377 2232 628 2295 quentem
678 2222 1031 2278 ditferendum
1078 2232 1192 2289 est;
1225 2222 1458 2275 maxime
1504 2235 1624 2274 cum
1675 2219 1968 2274 habeamus

378 2317 515 2370 intra
538 2331 654 2370 eam
680 2333 747 2369 xv
774 2316 973 2379 lunam,
999 2314 1231 2384 quando,
1255 2313 1395 2368 sicut
1415 2311 1630 2380 scripsit
1654 2310 1967 2379 Apostolus,

378 2405 570 2474 pascha
592 2414 823 2459 nostrum
845 2405 1140 2459 immolatus
1164 2412 1239 2457 est
1260 2401 1515 2456 Christus.
1539 2400 1754 2455 Decima
1778 2404 1970 2470 quarta

379 2512 609 2566 namque
638 2497 762 2551 luna
794 2497 951 2569 primi
984 2498 1179 2551 mensis
1204 2494 1356 2564 juxta
1388 2494 1674 2561 llebneos,
1705 2504 1764 2547 ut
1808 2508 1969 2563 supe-

378 2587 489 2641 rius
517 2587 717 2641 dictum
749 2596 850 2651 est,
875 2585 1033 2641 Jesus
1069 2587 1270 2656 pascha
1318 2587 1549 2656 typicum
1584 2585 1968 2651 manducavit;

379 2678 622 2748 sequenti
643 2694 776 2734 vero
808 2688 994 2734 csexta
1018 2678 1168 2743 feria,
1190 2694 1258 2732 xv
1283 2679 1428 2743 luna,
1458 2684 1514 2732 ut
1540 2679 1657 2733 ovis
1685 2678 1972 2733 occisionis

379 2767 526 2823 cruci
557 2782 657 2838 pro
679 2768 838 2824 nobis
861 2767 1053 2822 aﬂlxus
1080 2776 1194 2833 est;
1221 2777 1275 2822 et
1301 2781 1529 2837 vespere
1564 2767 1795 2833 sabbati,
1826 2768 1974 2823 luce-

380 2867 564 2915 scente
591 2858 884 2925 dominico,
917 2874 1027 2913 xvn
1063 2858 1208 2924 luna,
1234 2858 1529 2913 resurrexit
1558 2872 1587 2911 a
1617 2859 1863 2912 mortuis.

454 2950 590 3018 Quia
620 2966 749 3021 ergo
781 2951 833 3005 in
862 2951 1205 3007 solemnitate
1246 2948 1423 3005 futura
1468 2950 1724 3021 paschali,
1759 2964 1857 3020 per
1883 2956 1978 3006 vm

380 3041 753 3109 indictionem,
770 3058 881 3096 xxn
893 3042 979 3096 die
992 3042 1015 3078 ἀ
1037 3040 1352 3096 Pharmothi
1372 3041 1569 3097 mensis
1584 3052 1871 3109 novorum,
1884 3043 1973 3112 qui

382 3142 465 3189 est
492 3149 559 3187 xv
600 3134 704 3189 cal.
753 3132 895 3197 Maii,
929 3133 1169 3187 occurrit
1196 3144 1287 3186 xlv
1316 3132 1441 3186 luna
1472 3131 1559 3186 die
1584 3132 1879 3197 deminieo,
1923 3133 1977 3187 in

383 3226 737 3296 septimanam
764 3223 979 3280 dilferre
1008 3224 1259 3279 convenit
1297 3225 1735 3293 subsequentem.
1767 3224 1979 3280 [laben-

2073 2026 2219 2095 Maii,
2248 2028 2562 2082 solemniter
2590 2036 2857 2096 ageretur.
2892 2027 2947 2081 In
2969 2028 3266 2081 centesimo
3305 2043 3520 2096 quoque
3559 2034 3669 2079 ter-

2072 2121 2148 2175 tio
2178 2138 2320 2176 anno
2345 2122 2413 2177 ab
2437 2122 2664 2193 imperio
2691 2110 2897 2192 prmfati
2928 2119 3246 2175 Diocletiani
3278 2118 3448 2190 (Auno
3480 2116 3670 2172 Christi

2072 2212 2223 2283 587),
2249 2229 2370 2267 cum
2398 2214 2525 2268 luna
2566 2213 2834 2283 paschalis
2862 2210 3073 2267 decima
3121 2219 3309 2281 quarta
3356 2208 3670 2263 Pharmothi

2073 2320 2206 2359 nm
2227 2305 2335 2370 die,
2359 2305 2453 2374 qui
2479 2313 2562 2361 est
2591 2322 2677 2359 xiv
2701 2304 2910 2361 calend.
2940 2303 3089 2372 Maii,
3116 2311 3259 2358 esset
3286 2302 3375 2357 die
3400 2302 3671 2357 dominico

2072 2405 2495 2466 superventura;
2526 2397 2721 2451 iterum
2749 2397 3050 2465 septimana
3093 2395 3316 2464 quzesita
3353 2401 3462 2459 est,
3493 2403 3546 2448 et
3575 2394 3671 2448 do—

2073 2490 2328 2543 minicum
2376 2490 2576 2559 pascha
2609 2487 2698 2543 die
2744 2489 2948 2542 mensis
2992 2488 3158 2558 ipsius
3190 2484 3525 2549 Pharmothi,
3579 2487 3672 2555 qui

2074 2590 2157 2635 est
2184 2598 2255 2637 vu
2281 2581 2490 2636 calend.
2518 2580 2665 2647 Maii,
2686 2588 2901 2636 constat
2922 2596 3043 2635 esse
3072 2580 3429 2644 celebratum,
3453 2586 3672 2648 pr0pter

2075 2673 2375 2741 angustiam
2402 2673 2661 2742 temporis
2683 2672 3071 2726 imminentem.
3098 2670 3232 2724 Item
3255 2686 3377 2725 cum
3401 2672 3454 2724 in
3485 2679 3671 2724 cente-

2073 2766 2211 2821 simo
2240 2767 2577 2833 sexagesimo
2602 2763 2629 2802 h
2661 2781 2805 2821 anno
2833 2765 3005 2832 (Auno
3035 2763 3228 2818 Christi
3254 2761 3381 2833 444)
3405 2778 3435 2816 a
3459 2760 3673 2817 Diocle-

2078 2858 2209 2913 tiani
2240 2858 2489 2929 imperio,
2515 2856 2583 2910 14
2612 2858 2737 2912 luna
2768 2856 3037 2928 paschalis
3060 2854 3378 2909 Pharmothi
3400 2870 3533 2908 xxm
3564 2853 3672 2921 die,

2082 2951 2289 3021 quiest
2328 2965 2416 3005 xiv
2452 2949 2664 3004 calend.
2709 2947 2854 3013 Maii,
2902 2947 3203 3003 occurrerit
3237 2944 3283 3013 ί,
3341 2946 3498 3000 tertia
3545 2943 3673 2999 feria

2078 3044 2412 3113 septimanae,
2442 3050 2497 3096 et
2526 3030 2854 3095 dOmi'nicum
2886 3037 3090 3092 Pascha
3141 3054 3307 3092 xxvtu
3347 3036 3435 3091 die
3473 3036 3675 3090 mensis

2080 3137 2247 3206 ipsius
2271 3133 2605 3197 Pharmothi,
2640 3132 2729 3203 qui
2771 3143 2856 3187 est
2897 3147 3041 3187 nono
3084 3131 3335 3187 calendas
3378 3129 3526 3199 Maii,
3579 3146 3673 3185 nos

2082 3228 2387 3284 celebrasse
2417 3226 2778 3281 meminimus.

383 3326 464 3373 tes
492 3318 631 3371 enim
663 3316 801 3371 intra
826 3331 945 3371 eam
974 3316 1279 3371 triduanum
1309 3316 1645 3387 mysterium,
1672 3317 1775 3372 hoc
1806 3325 1887 3371 est
1908 3330 1978 3371 xv
2006 3341 2046 3398 ε
2154 3321 2383 3375 Necesse
2431 3326 2513 3373 est
2558 3319 2739 3385 igitur,
2790 3319 2842 3373 iu
2893 3334 3028 3373 CCLV
3063 3318 3074 3368 i
3116 3334 3258 3372 anno
3283 3335 3313 3372 a
3366 3317 3680 3373 Diocletiani

382 3408 580 3473 lunam,
605 3408 820 3477 quando
842 3405 1131 3464 cruciﬁxus
1158 3416 1240 3463 est
1259 3407 1523 3473 Christus,
1545 3407 1977 3479 qna‘rtardecimze

382 3502 777 3567 cohaerentem;
809 3518 912 3557 nec
932 3518 1043 3558 non
1072 3510 1129 3557 et
1156 3518 1245 3557 xvt
1266 3509 1323 3556 et
1348 3511 1667 3572 sequentem
1709 3503 1976 3557 decimam

380 3593 698 3663 septimam;
720 3593 982 3661 vigesimo
1010 3593 1227 3663 quidem
1254 3602 1448 3648 octavo
1477 3593 1565 3648 die
1587 3595 1789 3650 mensis
1810 3594 1978 3649 Phar-

382 3684 573 3747 mothi,
606 3685 697 3755 qui
719 3698 801 3739 est
827 3701 879 3739 ιιι
908 3686 1009 3740 cal.
1044 3685 1186 3750 Maii,
1214 3686 1418 3755 jejunia
1457 3687 1730 3742 solvemus
1753 3704 1980 3758 vespere

382 3776 753 3831 sabbatorum.
806 3778 1063 3848 Sequenti
1135 3793 1264 3833 vero
1324 3780 1633 3835 lucescente
1683 3780 1976 3849 dominico,

383 3884 510 3923 xxix
537 3870 622 3924 die
650 3871 851 3925 mensis
883 3872 1051 3941 ipsius
1094 3868 1432 3937 Pharmothi,
1463 3873 1555 3942 qui
1607 3881 1692 3928 est
1736 3889 1827 3928 vm
1870 3874 1973 3929 cal.

381 3957 531 4028 Maii,
559 3960 907 4017 festivitatem
939 3962 1303 4018 sincerissime
1329 3964 1741 4020 celebrabimus.

452 4053 582 4108 Nam
614 4065 670 4110 et
697 4055 889 4125 priscis
936 4056 1287 4125 temporibus,
1329 4058 1374 4111 si
1414 4058 1629 4126 quando
1676 4058 1765 4113 die
1805 4057 1981 4112 domi-

383 4146 528 4211 nico,
560 4145 765 4201 decima
789 4153 982 4216 quarta
1014 4147 1142 4202 luna
1186 4156 1398 4217 reperta
1421 4158 1525 4217 est,
1570 4149 1623 4203 in
1660 4158 1977 4219 sequentem

380 4241 737 4311 septimanam
762 4249 848 4297 est
873 4241 1040 4296 dilata
1069 4240 1353 4298 festivitas.
1386 4241 1539 4298 Sicut
1568 4242 1623 4297 in
1644 4243 1977 4312 octogesimo

454 4446 481 4475 ι
502 4436 560 4511 In
588 4436 792 4494 Petavii
822 4439 953 4495 edit.
981 4440 1180 4507 legitur
1200 4456 1332 4511 quia,
1356 4440 1473 4495 sine
1494 4455 1672 4504 sensu,
1698 4450 1755 4496 et
1783 4448 1971 4497 contra

378 4510 619 4564 omnium
648 4512 893 4566 codicum
924 4510 1234 4567 nostrorum
1261 4511 1440 4565 ﬁdem.

2086 3412 2335 3481 imperio,
2372 3410 2426 3464 in
2457 3409 2636 3465 futuro
2668 3410 2903 3480 paschali
2931 3410 3068 3465 festo
3101 3410 3408 3464 indictionis
3456 3420 3677 3478 octava‘,

2084 3505 2342 3574 vigesimo
2364 3505 2602 3559 secundo
2625 3504 2711 3559 die
2741 3501 3073 3569 Pharmothi,
3104 3505 3195 3573 qui
3230 3512 3314 3559 est
3355 3519 3421 3558 xv
3469 3504 3677 3558 calend.

2088 3597 2213 3653 Maii
2243 3598 2370 3653 luna
2400 3597 2609 3653 decima
2654 3606 2867 3665 quarta,
2898 3605 3220 3651 occurrente
3260 3595 3348 3650 die
3389 3596 3679 3660 dominico,

2083 3692 2137 3747 in
2185 3691 2487 3762 proximam
2526 3688 2902 3759 septimanam,
2931 3688 3085 3755 juxta
3135 3685 3527 3757 prmcedentem
3578 3685 3692 3740 for-

2083 3783 2640 3851 mam,convenienter
2654 3779 2892 3843 extendi,
2909 3789 2965 3831 ut
2980 3795 3103 3832 xxix
3118 3778 3412 3834 diemensis
3425 3777 3684 3831 Pharmo-

2084 3876 2180 3943 thi,
2213 3876 2305 3946 qui
2333 3882 2414 3929 est
2442 3889 2532 3929 vut
2562 3871 2773 3928 calend.
2806 3869 2960 3934 Maii,
2995 3868 3322 3923 dominicum
3348 3868 3679 3923 celebremus

2084 3966 2311 4032 Pascha,
2344 3972 2567 4037 propter
2593 3962 3091 4035 apprehendentem
3125 3977 3307 4014 rursus
3348 3960 3679 4029 angustiam;

2084 4060 2222 4116 sicut
2251 4056 2441 4113 Patres
2470 4057 2641 4111 nostri
2687 4055 2950 4115 fecerunt,
2982 4054 3217 4107 decimas
3263 4060 3484 4120 quartas
3529 4051 3679 4103 lunas

2083 4157 2429 4203 occurrentes
2448 4146 2533 4200 die
2557 4145 2849 4207 dominico,
2876 4142 3202 4197 uilici-entes.
3235 4142 3366 4194 Natu
3389 4141 3433 4194 si
3458 4154 3566 4194 χχιι
3591 4140 3677 4194 die

2086 4242 2285 4298 mensis
2316 4238 2653 4305 Pharmothi,
2675 4238 2764 4306 qui
2788 4242 2871 4290 est
2892 4250 2962 4290 xv
2986 4234 3238 4289 calendas
3258 4232 3403 4301 Maii,
3429 4234 3552 4287 luna
3570 4248 3683 4300 xlv,

2080 4450 2186 4512 rat,
2216 4441 2395 4497 adhuc
2422 4442 2513 4497 illo
2543 4450 2787 4512 tempore
2816 4440 3054 4497 vixisse?
3096 4437 3386 4495 Penvws.

2158 4510 2414 4566 fNomen
2468 4509 2742 4567 Athanasii
2788 4513 3122 4567 restituimus
3149 4526 3214 4565 ex
3262 4512 3383 4566 cod.
3435 4509 3476 4563 Β
3529 4517 3579 4565 el
3615 4510 3675 4576 D,

452 4578 479 4616 δ
510 4579 585 4654 Ita
626 4580 873 4654 Bucherii
924 4583 1089 4654 editio
1137 4590 1192 4635 et
1238 4582 1414 4654 codex
1470 4580 1531 4647 D,
1585 4583 1783 4654 rectius
1812 4598 1970 4652 quam
2080 4599 2181 4654 pro
2210 4585 2508 4654 Anastasio,
2559 4583 2702 4652 quod
2731 4591 2813 4637 est
2839 4584 2892 4637 in
2923 4590 3152 4654 utraque
3180 4581 3674 4654 ειιίιίοιιθηνίῑιιιιιι

380 4647 583 4728 Petavii
615 4651 949 4728 editio,_qu;c
969 4653 1057 4707 hic
1084 4668 1301 4728 sensum
1322 4653 1483 4723 plane
1512 4652 1713 4707 turbat.
1829 4647 1843 4652 ’
2003 4668 2055 4728 D
2080 4647 2170 4728 hic
2199 4654 2365 4728 latere
2416 4653 2541 4723 Eg.
2579 4647 2898 4728 LBucherius
2942 4647 3346 4728 animadvertit,
3380 4652 3530 4720 cujus
3563 4652 3677 4705 luce

455 4731 479 4759 ο
515 4720 772 4794 Voculam
804 4724 943 4778 hanc
986 4720 1339 4794 restituimus,
1381 4733 1438 4779 et
1481 4740 1579 4794 per
1602 4739 1721 4778 eam
1750 4736 1965 4778 sensum
2003 4720 2046 4728 ’⁷
2076 4725 2357 4781 adnotatio
2398 4720 2536 4780 est':
2570 4723 2703 4794 Lege
2752 4725 3081 4793 Arttxsxsm,
3142 4732 3192 4777 et
3249 4723 3388 4775 disce
3426 4739 3673 4794 minthon

380 4790 680 4864 pla_ni_orem
705 4793 996 4864 reddimus,
1030 4793 1295 4849 beneﬁcio
1325 4788 1548 4849 coddfC
1576 4788 1633 4847 et
1663 4795 1723 4847 υ.
2074 4806 2195 4849 ante
2244 4797 2373 4849 hunc
2405 4813 2595 4849 annum
2630 4788 2820 4851 Christi
2853 4788 2959 4850 575
2988 4794 3121 4849 mori
3167 4794 3392 4864 potuisse
3415 4834 3429 4857 ,
3465 4792 3497 4844 Ξ
3520 4792 3670 4855 Maii,

452 4859 479 4899 ἀ
506 4861 649 4938 E_diti
704 4863 793 4919 hic
832 4866 1160 4938 interserunt
1215 4880 1401 4938 vocem
1451 4866 1738 4929 dominico,
1769 4880 1891 4935 qua:
1915 4865 1969 4919 in
2072 4883 2161 4938 seu
2188 4876 2293 4938 ,ιιι
2322 4868 2747 4938 chronographus
2795 4859 3331 4938 iunomiuutus'aputi
3360 4863 3560 4938 Scatig.
3618 4865 3672 4915 in

379 4932 418 4988 C
443 4933 571 5004 ctD
601 4933 781 4999 abest,
814 4944 870 4989 et
894 4936 1106 4990 videtur
1129 4950 1251 4989 esse
1270 4936 1558 5004 glossema.
1787 4932 1804 4935 “
2072 4932 2266 4991 Euseb.
2292 4954 2361 4991 vn
2396 4932 2631 4991 Pachou.
2660 4938 2789 4991 Vide
2817 4946 3000 4991 notam
3033 4934 3265 5004 pncced.
3298 4932 3524 4986 Petavii.

454 5013 477 5040 ο
505 5003 748 5078 Meminit
767 5006 1045 5078 utriusque
1058 5005 1114 5059 S.
1140 5003 1528 5078 Aliibrosiusin
1547 5007 1701 5078 epist.
1729 5005 1970 5078 ejusdem
2146 5018 2171 5055 ις
2196 5008 2394 5062 Christi
2419 5009 2543 5069 577,
2574 5009 2727 5078 cyclo
2760 5009 2899 5078 luna;
2926 5003 3052 5075 ιιι-ιι.
3085 5006 3375 5078 solisxxn,
3399 5004 3576 5078 littera
3602 5006 3666 5078 A.

454 5027 477 5040 ν
505 5027 748 5058 meunnu
772 5027 1114 5073 utrnxsqueo.
1140 5027 1454 5061 AIIIUI'OSIUS
1476 5027 1528 5061 ιιι
1547 5027 1701 5078 εριει.
1729 5027 1970 5076 ejusuem
2146 5027 2169 5055 δ
2196 5027 2394 5062 ωιιειδιι
2419 5027 2481 5061 οι
2503 5027 2543 5069 ι,
2574 5027 2603 5061 c
2627 5027 2727 5063 ‘cm
2760 5027 2899 5062 luna:
2926 5027 3052 5075 ιιι-ιι,
3085 5027 3216 5060 sons
3242 5027 3375 5068 xxn,
3399 5027 3576 5058 nuera
3604 5027 3666 5060 ιι.

380 5076 678 5143 argumenti
710 5076 781 5130 ad
825 5078 1111 5200 egiScopos
1155 5074 1406 5132 IEmilize.
1438 5077 1624 5132 Annus
1652 5075 1969 5132 Diocletiani
2073 5075 2358 5133 Terminus
2400 5027 2675 5149 paschaiis
2699 5079 2784 5132 die
2814 5077 2846 5130 9
2873 5068 3044 5144 April.
3097 5075 3389 5129 dominica.
3423 5072 3549 5126 Ideo
3582 5076 3669 5130 die

380 5161 581 5200 Lxxxnx
630 5147 749 5200 iniit
794 5162 823 5200 a
902 5147 1027 5200 hoth
1064 5146 1170 5200 lixo
1200 5149 1324 5200 anni
1380 5148 1581 5200 Christi
1630 5148 1755 5200 572.
1804 5147 1972 5200 Igitur
2074 5149 2142 5200 16
2173 5148 2411 5200 eiusdem
2436 5150 2634 5200 mensis
2666 5150 2765 5200 rite
2787 5149 3115 5200 celebratum
3140 5154 3241 5200 est.
3274 5143 3567 5199 Parwis.

379 5161 581 5201 Lxxxnx
630 5147 749 5200 iniit
794 5162 823 5200 a
854 5143 1027 5200 Thoth
1064 5146 1170 5200 lixo
1200 5149 1324 5200 anni
1380 5148 1581 5203 Christi
1630 5148 1755 5203 572.
1804 5147 1972 5214 Igitur
2074 5149 2142 5202 16
2173 5143 2415 5213 ejusdeni
2436 5150 2634 5203 mensis
2666 5150 2765 5202 rite
2787 5143 3115 5203 celebratum
3140 5154 3241 5200 est.
3274 5143 3567 5199 Parwis.

380 5232 524 5270 anno
553 5219 799 5284 sequenti
830 5216 1029 5271 Christi
1052 5216 1178 5279 575,
1211 5217 1427 5273 labente
1456 5220 1649 5273 eodem
1677 5232 1819 5272 anno
1848 5220 1970 5271 Dio-
2145 5219 2174 5257 ιι
2194 5220 2393 5275 Christl
2421 5218 2545 5273 ιιι.
2578 5219 2697 5274 Vid.
2728 5218 2823 5274 lib.
2848 5234 2886 5274 ιι
2934 5219 2999 5272 de
3025 5218 3177 5271 Dect.
3215 5228 3380 5285 temp.
3408 5256 3422 5280 ,
3456 5231 3507 5284 p.
3540 5215 3667 5273 22L

2071 5288 2358 5347 Pennus.

2150 5363 2166 5401 ί
2196 5362 2236 5414 Β
2266 5371 2322 5416 et
2342 5362 2403 5423 D,
2433 5363 2676 5416 occurrit.

2148 5434 2162 5483 i
2201 5432 2276 5486 Ita
2308 5433 2503 5500 legitur
2546 5434 2597 5485 in
2628 5432 2954 5487 editioanus
2984 5429 3189 5486 Petavii
3218 5434 3273 5484 et
3311 5428 3559 5483 Bncherii
3585 5472 3598 5493 ,
3634 5444 3665 5484 a

2069 5505 2265 5572 quibus
2285 5520 2448 5570 mss.,
2480 5519 2586 5557 non
2619 5504 2794 5557 minus
2823 5518 2983 5571 quam
3015 5504 3158 5556 inter
3203 5516 3281 5564 se,
3331 5501 3663 5567 discrepant.

2071 5573 2204 5627 Nam
2258 5572 2297 5625 Β
2328 5574 2529 5627 habet:
2562 5575 2618 5626 in
2657 5589 2794 5628 «:va
2820 5586 2993 5633 anno:
3024 5573 3065 5626 Ι)
3118 5588 3269 5635 vero,
3294 5573 3348 5625 in
3369 5586 3541 5625 ccuv
3569 5588 3666 5623 an-

2071 5661 2253 5698 norum
2276 5660 2308 5695 a
2342 5643 2538 5708 Dioci.,
2582 5654 2687 5698 etc.
2720 5644 2826 5698 Sed
2868 5646 2921 5697 iu
2942 5644 3146 5698 nullum
3177 5643 3369 5696 horum
3398 5657 3664 5697 annorum

2072 5717 2413 5769 characteres
2460 5730 2488 5766 a
2523 5712 2770 5768 Proterio
2802 5714 3083 5767 memorati
3126 5714 3473 5767 conveniunt.
3526 5712 3662 5766 lliuc

2252 5784 2546 5839 Bucherius
2577 5786 2628 5838 in
2663 5784 2901 5852 margine
2932 5783 3079 5836 addit
3114 5802 3125 5836 :
3163 5782 3301 5851 Lege
3344 5798 3534 5846 eLxxr,
3568 5784 3659 5851 qui

2071 5867 2155 5909 est
2177 5873 2346 5911 annus
2372 5854 2569 5909 Christi
2609 5856 2843 5922 vulgaris
2888 5852 3013 5918 455,
3046 5854 3227 5907 indict.
3265 5868 3374 5907 vm.
3400 5854 3659 5906 Similiter

2074 5924 2324 5982 Petavius
2351 5928 2404 5982 in
2431 5926 2574 5985 notis
2600 5945 2611 5983 :
2636 5925 2837 5998 Scribe,
2864 5926 3052 5996 inquit,
3081 5927 3135 5979 iu
3163 5926 3441 5980 centesimo
3459 5936 3657 5995 septua-

2069 5999 2263 6069 gesimo
2295 6001 2478 6072 primo.

378 5286 615 5359 eletiaui,
666 5296 783 5342 orta
814 5298 897 5343 est
950 5287 1234 5342 altercatio
1270 5304 1446 5359 super
1487 5288 1769 5354 Paschate,
1816 5289 1969 5359 cyclo

378 5358 517 5410 lunae
549 5374 659 5421 χιιι,
712 5360 841 5413 solis
867 5374 992 5413 xvut
1018 5402 1032 5426 ,
1066 5359 1242 5412 littera
1268 5358 1307 5411 F
1328 5401 1343 5427 ,
1371 5360 1654 5413 neomenia
1704 5359 1970 5427 paschalis

377 5427 464 5482 die
489 5443 527 5480 ιι
548 5427 753 5495 Martii,
779 5431 909 5483 leria
938 5446 996 5496 ιι,
1020 5429 1227 5484 decima
1251 5438 1440 5499 quarta
1464 5430 1549 5484 die
1569 5430 1640 5481 24
1668 5430 1863 5493 Martii,
1892 5429 1963 5482 le-

380 5499 457 5552 ria
476 5514 569 5554 vn.
596 5499 725 5553 Ideo
742 5502 986 5558 nonuuili
1008 5502 1060 5555 in
1086 5502 1315 5555 termino
1337 5501 1699 5564 celebrarunt;
1719 5501 1968 5555 catholici

378 5577 562 5623 autem
592 5569 766 5624 Martii
793 5572 1002 5626 ultimo.
1035 5570 1269 5626 Prmerat
1291 5579 1416 5625 tunc
1440 5569 1697 5627 Romana:
1716 5570 1969 5625 Ecclesia:

379 5636 672 5713 Damasus;
722 5642 1109 5713 Alexandrinas
1176 5642 1445 5710 legitimus
1508 5643 1795 5713 episcopus
1850 5652 1969 5713 erat

379 5709 594 5774 Petrus,
641 5712 735 5782 qui
784 5713 1079 5769 Athanasio
1124 5709 1379 5769 suliectus
1423 5709 1561 5780 erat,
1611 5709 1829 5767 mortuo
1853 5712 1965 5780 jam

378 5797 523 5853 anno
552 5782 677 5837 571.
726 5782 910 5853 Itaque
949 5785 1295 5838 divinandum
1325 5792 1408 5839 est
1446 5785 1574 5853 quid
1603 5784 1660 5839 S.
1684 5782 1966 5853 Proterius

377 5852 479 5932 sibi
506 5855 656 5917 velit,
684 5851 1189 5932 cum—superstitet!)
1213 5856 1291 5932 ait
1313 5851 1478 5932 fuisse
1509 5864 1637 5932 tunc
1665 5851 1881 5932 Patrem
1911 5862 1968 5908 et

378 5925 691 5995 episcopum
721 5926 1081 5979 Auastasium.
1135 5927 1215 5979 An
1265 5926 1616 5981 Athanasium
1642 5925 1881 5994 scripsit,
1910 5934 1967 5978 et

380 5994 717 6064 alluciuatus,
750 5996 975 6055 credidit
1000 6012 1123 6053 eum
1146 6037 1161 6064 ,
1193 5999 1282 6065 qui
1322 5998 1538 6055 biennio
1568 6006 1691 6055 ante
1718 5997 1964 6057 decesse-
