4122 6508
431 377 528 434 ειι

1002 366 1359 427 υιεΝγειυε
1388 363 1713 428 EXIGUUS.
1755 359 2093 416 EP.STOLA
2124 355 2442 413 PROTERll
2483 354 2574 408 AD
2613 351 2894 409 LEONEM
2939 352 3197 408 PAPAM.

3657 351 3757 409 512

429 490 567 546 sicut
609 487 738 552 dixi,
769 484 964 556 sapius
997 489 1319 538 occurrente
1357 477 1633 535 dominico
1677 475 1786 541 die,
1833 472 2042 528 Pascha
2079 476 2118 526 Α.
2150 467 2350 523 mensis
2375 465 2737 531 l‘hamenoth,
2764 464 2854 534 qui
2887 473 2971 556 est
2994 480 3066 518 xu
3112 451 3218 519 cal.
3261 460 3482 532 Aprilis,
3509 461 3754 556 atquino-

438 583 796 641 reiebremus,
837 577 1173 631 inveniemus
1205 571 1398 644 pridie,
1432 569 1486 625 id
1528 577 1614 624 est
1656 567 1906 632 sabbato,
1951 582 2044 621 xxi

436 670 524 725 die
551 669 752 724 mensis
782 666 1046 736 ejusdem,
1077 664 1168 733 qui
1193 670 1277 718 est
1325 678 1417 717 xvr
1466 658 1723 715 calendas
1771 656 1916 722 Maii,
1949 672 2042 710 xm

434 761 562 816 luna
602 769 731 814 tunc
767 758 1052 814 existente.
1106 771 1214 810 non
1259 755 1365 809 rite
1405 751 1612 823 jejunia
1655 749 1888 804 solvere.
1935 745 2046 801 Nec

443 851 583 903 enim
617 850 667 902 in
693 847 898 903 decima
931 848 1088 901 tertia
1130 845 1256 899 luna
1298 842 1605 900 comeditur
1632 839 1856 912 pascha.
1895 834 2047 891 Unde

443 939 564 1009 quia
596 928 707 993 xxii
731 938 817 992 die
846 937 1043 991 mensis
1060 933 1604 1003 Pharmothi,quiest
1627 930 1839 986 decimo
1861 930 2048 998 quinto

445 1031 703 1088 calendas
741 1029 888 1099 Maii,
938 1029 1212 1084 dominico
1259 1027 1377 1092 die,
1426 1025 1639 1082 decima
1678 1029 1873 1095 quarta
1923 1022 2049 1075 luna

447 1123 741 1190 contingit;
776 1136 882 1176 non
930 1129 1112 1176 autem
1168 1118 1426 1175 convenit
1463 1117 1552 1173 die
1591 1115 1865 1172 dominico
1909 1112 2051 1182 jeju-

443 1232 594 1281 nare,
627 1218 756 1286 quia
802 1217 908 1270 hoc
946 1214 1368 1269 Manichaeorum
1395 1221 1480 1267 est
1507 1209 1787 1282 pr0prium
1815 1225 1828 1260 :
1860 1220 2056 1261 conse-

450 1322 621 1376 quens
655 1313 741 1360 est
778 1305 832 1359 in
874 1305 1177 1374 proximam
1211 1304 1436 1358 tendere
1481 1301 1862 1371 septimanam,
1913 1299 2054 1353 intra

452 1414 634 1468 quam,
686 1407 746 1452 ut
787 1395 1354 1462 diximus,vhahemus
1398 1401 1454 1448 et
1490 1410 1560 1448 xv
1592 1394 1794 1457 lunam,
1837 1389 2054 1460 quando

455 1489 740 1543 :rucilixus
767 1495 850 1542 est
877 1487 1158 1554 Dominus,
1191 1493 1245 1538 et
1285 1501 1374 1540 xvr
1410 1485 1616 1551 lunam,
1647 1483 1806 1539 simul
1853 1489 1908 1536 et
1947 1495 2059 1535 xvu

456 1581 657 1642 lunam,
690 1578 908 1647 quando
937 1577 1235 1632 resurrexit
1269 1592 1298 1630 a
1326 1576 1571 1630 mortuis.
1596 1575 1758 1628 lta.ut
1778 1589 1945 1628 xxvm
1970 1573 2060 1628 die

456 1671 658 1727 mensis
703 1670 1033 1737 Pharmothi,
1063 1670 1154 1739 qui
1184 1679 1269 1724 est
1306 1686 1358 1723 ix
1388 1667 1600 1724 calend.
1641 1665 1785 1733 Maii,
1832 1679 2062 1736 vespere

450 1765 662 1820 sabbati
688 1763 896 1833 jejunia
927 1778 1026 1834 pro
1049 1778 1202 1817 more
1233 1761 1531 1828 solvamus,
1577 1767 1633 1814 et
1676 1759 1924 1829 sequenti
1957 1756 2060 1812 do-

2149 563 2315 617 ctium
2353 575 2473 615 esse
2521 557 2889 628 cognoscitur.
2941 555 3047 610 Sed
3099 572 3208 611 non
3256 563 3475 626 oportet
3533 555 3601 610 ab
3651 556 3755 610 hoc

2145 654 2474 725 mquinoctio
2518 651 2678 722 primi
2725 651 2931 705 mensis
2990 650 3294 710 exordium.
3341 649 3496 719 juxta
3543 664 3758 704 cursum

2145 747 2307 808 lunm,
2339 761 2561 816 prorsus
2590 743 2829 814 afﬁgere.
2866 742 3118 810 Alioquin
3151 757 3247 812 per
3273 741 3456 796 omnia
3488 742 3618 796 solis
3652 741 3759 796 cir-

2148 839 2270 895 culo
2297 840 2434 892 luna:
2457 837 2732 891 discursus
2753 833 3084 890 concordare
3112 834 3393 889 debuerat.
3419 830 3612 887 Verum
3634 833 3759 901 quia

2149 931 2359 986 cunctis
2384 927 2706 984 habentibus
2735 927 3068 982 intellectum
3097 933 3304 980 certum
3333 934 3420 980 est
3439 923 3582 993 quod
3607 923 3759 977 velo-

2150 1026 2426 1082 cissimum
2466 1023 2608 1077 luna:
2653 1029 2858 1076 motum
2891 1033 3082 1074 cursus
3130 1019 3260 1074 solis
3308 1017 3530 1072 minime
3568 1029 3760 1071 censeo

2152 1123 2350 1184 quatur
2371 1156 2385 1180 ,
2412 1126 2511 1182 age
2534 1111 2648 1182 jam
2699 1126 2842 1165 nunc
2877 1109 3131 1173 breviter,
3167 1109 3281 1164 Deo
3321 1115 3632 1180 praestante,
3663 1108 3761 1162 du-

2153 1207 2275 1262 bios
2320 1206 2671 1272 instruamus,
2693 1202 2836 1272 quod
2879 1203 2932 1255 in
2978 1201 3273 1256 secundum
3316 1215 3561 1255 mensem
3612 1199 3760 1255 nullo

2157 1296 2320 1353 modo
2347 1296 2618 1368 possimus
2641 1293 2928 1351 excedere.
2957 1292 3015 1348 Si
3045 1293 3188 1348 enim
3225 1293 3280 1348 in
3315 1293 3660 1362 aequinoctio,
3707 1291 3760 1347 id

2157 1398 2244 1445 est
2273 1405 2377 1444 xxv
2409 1389 2500 1444 die
2524 1388 2726 1443 mensis
2748 1385 3111 1452 Phamenoth,
3136 1385 3231 1456 qui
3255 1393 3339 1440 est
3366 1400 3441 1439 xu
3473 1385 3575 1440 cal.
3601 1383 3762 1455 Apri-

2161 1480 2245 1546 lis,
2265 1480 2420 1550 juxta
2442 1494 2659 1534 cursum
2685 1478 2848 1545 lunzn,
2876 1477 3077 1532 mensis
3097 1475 3519 1532 constitueretur
3533 1475 3764 1544 initium,

2159 1571 2387 1627 rationis
2408 1578 2552 1626 esset
2577 1570 2790 1639 opinari
2812 1569 3123 1633 nonnullos,
3141 1567 3194 1622 in
3211 1567 3507 1624 secundum
3528 1583 3766 1623 mensem

2165 1680 2264 1720 nos
2292 1678 2450 1734 posse
2471 1662 2746 1718 recedere.
2773 1661 2926 1718 Nunc
2949 1669 3149 1728 autem,
3181 1661 3308 1732 quia
3334 1677 3424 1716 xxv
3453 1661 3576 1715 luna
3607 1660 3766 1732 primi

2165 1758 2365 1813 mensis
2386 1773 2483 1828 per
2497 1767 2744 1813 octavam
2770 1756 3141 1825 indictionem,
3165 1773 3287 1828 quae
3309 1765 3536 1813 ventura
3557 1766 3642 1812 est
3664 1773 3770 1818 xxu

458 1856 672 1921 minico,
709 1871 837 1909 xxix
866 1855 953 1909 die
977 1855 1181 1910 mensis
1231 1852 1417 1923 ipsius,
1467 1851 1559 1920 qui
1609 1858 1694 1906 est
1729 1866 1816 1903 vin
1848 1848 2058 1904 calend.
2097 1874 2142 1934 Β
2167 1851 2256 1907 die
2275 1850 2472 1907 mensis
2492 1850 2840 1917 Pharmothi,
2862 1851 2954 1921 qui
2977 1859 3060 1907 est
3082 1867 3149 1905 xv
3182 1850 3288 1905 cal.
3313 1849 3458 1916 Maii,
3481 1849 3771 1916 invenitur,

457 1948 604 2013 Maii,
638 1947 836 2002 festum
867 1946 1124 2016 paschale
1147 1945 1506 2000 celebremus.

531 2037 667 2092 Illud
690 2037 852 2092 etiam
879 2035 1186 2091 necessario
1217 2036 1371 2090 vobis
1403 2033 1814 2096 innotescimus,
1839 2031 1985 2103 quod
2013 2032 2067 2086 in

461 2135 639 2188 futuro
654 2140 676 2165 ἰ
693 2146 834 2184 anno
849 2146 1019 2185 ccnxv
1031 2129 1097 2184 ab
1115 2128 1341 2200 imperio
1354 2127 1696 2192 Diocletiani,
1716 2144 1804 2182 xw
1819 2127 1944 2180 luna
1961 2143 2067 2181 rur-

463 2239 552 2278 sus
574 2232 1059 2288 occurrente,xvm
1079 2222 1167 2276 die
1192 2222 1390 2276 mensis
1413 2218 1857 2291 Pharmothi,qui
1875 2228 1959 2274 est
1982 2234 2070 2274 xlv

421 2365 423 2367 .
462 2317 673 2373 calend.
694 2316 840 2385 Maii,
859 2316 1186 2374 dominicum
1207 2313 1412 2375 Pascha
1430 2313 1738 2374 xxvutbdie
1762 2314 1963 2371 mensis
1985 2314 2070 2388 ip-

460 2408 596 2474 sius,
620 2411 711 2480 qui
737 2420 820 2464 est
842 2425 913 2465 vn
940 2410 1042 2466 cal.
1076 2409 1226 2478 Maii,
1252 2410 1361 2466 Deo
1385 2421 1672 2482 praestante
1688 2411 2070 2466 celebrabitur.

541 2503 646 2558 Sed
679 2504 917 2558 nonnulli
949 2504 1302 2560 subtilitatem
1340 2505 1613 2576 paschalis
1639 2506 1878 2575 computi
1913 2505 2073 2560 fol-sio

461 2609 554 2650 tan
589 2597 918 2665 ignorantes,
958 2596 1197 2654 Judaicis
1234 2599 1440 2654 seducti
1485 2597 1701 2666 fabulis,
1728 2599 2076 2654 aestimabunt

470 2707 568 2746 uos
611 2692 663 2744 in
708 2691 1007 2747 secundum
1038 2707 1277 2746 mensem
1311 2693 1588 2759 recedere,
1630 2692 1674 2748 si
1725 2690 2074 2748 festivitatem

475 2793 702 2840 eatenus
733 2785 1034 2854 exigamus,
1063 2785 1248 2840 nescio
1281 2801 1501 2854 prorsus
1528 2784 1670 2840 unde
1701 2785 1805 2839 hoc
1831 2800 2077 2839 asseren-

474 2887 576 2930 tes.
604 2875 736 2928 Nam
761 2891 850 2929 xiv
882 2875 1008 2929 luna
1040 2876 1205 2944 ipsius
1241 2891 1288 2927 Ill
1331 2875 1440 2930 nsis
1481 2883 1801 2929 occurrente
1842 2891 1952 2930 xxn
1991 2874 2078 2931 die

473 2967 670 3021 mensis
719 2965 1056 3028 Pharmothi,
1088 2965 1178 3034 qui
1223 2974 1304 3019 est
1345 2981 1414 3018 xv
1461 2963 1566 3019 cal.
1609 2961 1757 3031 Maii,
1800 2962 2076 3032 quomodo

470 3057 747 3126 querelam
800 3057 1218 3120 sustinebimus,
1285 3055 1432 3125 quod
1483 3055 1535 3109 in
1595 3053 1836 3110 secundo
1894 3071 2080 3110 mense

477 3147 682 3201 Pascha
721 3147 1099 3202 celebremus?
1128 3145 1296 3202 Judwi
1338 3162 1572 3217 namque
1621 3147 1932 3216 ignorantes
1972 3147 2078 3203 Do-

2169 1951 2377 1997 eertum
2403 1952 2486 1998 est
2514 1941 2657 2012 quod
2689 1942 2898 1996 initium
2930 1942 3170 2009 ejusdem
3215 1943 3415 1997 mensis
3439 1942 3594 2012 primi
3622 1941 3772 2011 juxta

2170 2037 2310 2092 luna:
2355 2052 2570 2091 cursum
2620 2052 2765 2090 nono
2812 2037 2899 2090 die
2950 2035 3288 2102 Pharmothi,
3333 2037 3428 2105 qui
3477 2044 3560 2092 est
3601 2036 3774 2106 pridie

2172 2144 2343 2183 nonas
2391 2128 2587 2196 Aprilis
2634 2137 2904 2183 occurrat.
2955 2128 3091 2182 Cum
3140 2143 3270 2199 ergo
3319 2127 3527 2185 decima
3582 2137 3774 2199 quarta

2173 2221 2324 2290 luna,
2360 2240 2466 2278 xxu
2506 2223 2596 2277 die
2636 2224 2837 2279 mensis
2867 2223 3180 2279 Pharmuthi
3212 2225 3538 2294 inveniatur,
3563 2225 3656 2296 qui
3695 2232 3776 2280 est

2173 2327 2244 2373 xv
2273 2313 2525 2374 catendas
2571 2313 2717 2386 Maii,
2755 2315 3082 2376 dominicum
3113 2317 3312 2392 pascha
3341 2334 3472 2378 xxix
3501 2317 3586 2375 die
3623 2333 3775 2376 men-

2176 2409 2250 2464 sis
2283 2410 2451 2480 ipsius
2481 2408 2818 2475 Pharmothi,
2849 2413 2940 2482 qui
2967 2423 3051 2468 est
3080 2430 3170 2468 vui
3201 2415 3305 2468 cal.
3333 2415 3475 2477 Maii,
3507 2413 3778 2470 celebrau-

2179 2509 2282 2570 tcs,
2314 2501 2368 2555 in
2400 2503 2700 2557 secundum
2732 2519 2970 2559 mensem
3016 2505 3236 2558 minime
3280 2505 3609 2572 recedimus,
3651 2523 3776 2562 cum

2177 2595 2360 2650 lunam
2391 2604 2517 2652 tunc
2536 2613 2626 2651 xXI
2646 2595 2944 2652 indubitate
2968 2597 3283 2653 habeamus.
3316 2597 3599 2664 Quomodo
3622 2600 3778 2672 igitur

2178 2705 2528 2747 excurremus
2575 2692 2628 2744 in
2685 2706 2925 2746 mensem
2978 2693 3296 2759 secundum,
3345 2692 3778 2762 quandoquidem

2180 2786 2394 2840 initium
2425 2784 2583 2852 primi
2608 2785 2806 2841 mensis
2831 2785 2984 2855 juxta
3013 2784 3154 2840 luna:
3181 2801 3419 2851 cursum,
3451 2787 3588 2842 sicut
3621 2787 3779 2857 paulc

2181 2885 2308 2933 ante
2334 2877 2532 2932 dictum
2581 2885 2682 2942 est,
2733 2894 2788 2933 ix
2833 2877 2920 2932 die
2969 2879 3169 2934 mensis
3211 2876 3552 2940 Pharmothi,
3585 2879 3781 2949 quiest

2181 2969 2354 3039 pridie
2383 2986 2511 3024 non.
2544 2969 2764 3038 Aprilis,
2791 2971 3011 3039 existat,
3038 2983 3092 3024 et
3113 2987 3199 3024 xiv
3225 2970 3372 3034 luna,
3400 2988 3508 3026 χχιι
3523 2971 3609 3027 die
3632 2987 3781 3026 men-

2183 3060 2258 3114 sis
2279 3060 2464 3129 ipsius,
2500 3060 2550 3114 id
2583 3070 2666 3115 est
2695 3076 2764 3114 xv
2792 3061 2896 3115 cal.
2930 3060 3057 3119 Maii
3085 3061 3404 3132 proveniat?
3444 3061 3560 3117 Hoc
3603 3072 3780 3118 auten:

2185 3153 2259 3206 ita
2281 3151 2580 3217 declarato,
2611 3163 2818 3207 certum
2844 3162 2928 3208 est
2952 3152 3098 3224 quod
3127 3155 3180 3208 in
3208 3155 3504 3209 secundum
3544 3169 3784 3211 mensem

473 3241 699 3302 minum,
736 3249 946 3309 tempus
987 3255 1205 3311 quoque
1231 3239 1448 3295 Pascha:
1478 3240 1748 3309 ignorant.
1783 3238 1933 3295 Unde
1973 3255 2076 3294 sat-
2106 3257 2152 3321 ς
2183 3245 2488 3300 nullatenus
2518 3261 2890 3312 excurramus,
2923 3263 3049 3302 xxix
3080 3247 3167 3302 die
3205 3249 3407 3304 mensis
3437 3247 3785 3313 Pharmothi,

478 3337 596 3402 pius
627 3350 657 3387 a
684 3333 858 3403 primo
884 3348 1069 3387 mense
1099 3333 1376 3399 recedunt,
1413 3341 1470 3388 et
1495 3334 1547 3388 in
1577 3351 1646 3388 xu
1670 3349 1854 3390 mense
1870 3332 2078 3389 Pascha

477 3427 756 3483 celebrare
785 3443 844 3482 se
871 3439 892 3465 ε
918 3429 1258 3497 aliquatenus
1285 3428 1632 3483 arbitrantur.
1659 3425 1762 3482 Sed
1785 3426 2079 3482 beatissimi

480 3526 660 3611 p‘atres
690 3518 860 3572 nostri
888 3519 1096 3590 cyclum
1128 3516 1681 3574 decemnovennalem
1727 3518 1927 3573 certius
1965 3517 2082 3572 alli-

480 3608 689 3675 gentes,
718 3622 876 3678 quem
902 3608 1095 3664 violari
1144 3609 1477 3678 impossibile
1526 3618 1626 3677 est,
1661 3609 1805 3664 velut
1848 3610 2081 3680 crepidi-

482 3714 604 3753 nem
637 3714 701 3755 ac
729 3697 1157 3764 fundamentum,
1192 3709 1248 3755 et
1285 3701 1545 3772 regulam,
1596 3701 1744 3756 hunc
1788 3701 2083 3757 decemno-

483 3791 765 3846 vcnnalem
810 3801 1123 3862 computum
1157 3800 1504 3848 statuerunt:
1535 3808 1642 3848 non
1674 3791 1829 3862 juxta
1871 3791 2087 3850 Iudam-

483 3899 596 3936 ruin
628 3897 773 3937 nunc
794 3881 1040 3939 indoctas
1088 3892 1249 3952 atque
1291 3884 1502 3955 ineptas
1542 3885 1786 3940 actiones
1814 3883 1873 3952 ἀι
1908 3899 2085 3955 neque

485 3974 780 4031 tecnndum
820 3984 1135 4032 exterorum
1176 3978 1474 4048 putativam
1521 3976 1810 4048 fictamque
1851 3979 2017 4048 prude
2057 4008 2090 4036 .-

487 4076 632 4142 tiam,
663 4074 756 4130 sed
785 4076 1081 4132 secundum
1099 4087 1121 4114 ⁸
1144 4078 1374 4147 gratiam
1393 4077 1624 4148 Spiritus
1641 4077 1811 4133 sancti
1835 4077 2087 4146 instituti,

485 4169 539 4224 in
567 4168 906 4225 revolutione
934 4184 1080 4240 Stepe
1115 4169 1399 4228 memorati
1430 4170 1939 4226 decemnovennalis
1978 4171 2088 4225 cir-

485 4261 592 4315 culi
622 4261 862 4317 decimas
889 4269 1112 4332 quartas
1151 4261 1433 4332 paschales
1471 4262 1625 4318 lunas
1654 4263 1963 4331 diligentius
1993 4261 2091 4317 ad-

488 4360 764 4407 notarunt.

561 4440 658 4496 llis
685 4443 867 4512 itaque
891 4443 1176 4512 confectis,
1200 4443 1331 4499 illud
1358 4445 1520 4500 etiam
1544 4455 1762 4516 oportet
1787 4447 2090 4510 attendere,

488 4532 632 4601 quod
662 4542 846 4587 errent
868 4535 1090 4588 nimium
1118 4535 1209 4604 qui
1232 4536 1388 4604 primi
1418 4541 1618 4593 mensis
1648 4539 1858 4594 initium
1890 4539 2094 4594 lunaris

2183 3337 2274 3407 qui
2304 3345 2386 3392 est
2413 3353 2502 3392 Vlll
2529 3337 2635 3392 cal.
2677 3336 2828 3407 Mai.,
2852 3339 3182 3395 dominicum
3207 3341 3408 3411 pascha
3427 3342 3783 3398 celebrantes.

2255 3471 2600 3542 Cognoscant
2644 3476 2829 3545 itaque
2871 3491 2970 3547 per
3012 3484 3158 3530 tuam
3201 3479 3566 3546 sanctitatem,
3604 3481 3694 3549 qui
3733 3481 3788 3534 in

2186 3561 2292 3617 illis
2340 3565 2582 3634 partibus
2623 3567 2919 3636 ambigunt,
2953 3568 3100 3638 quod
3141 3569 3377 3638 legitime
3411 3587 3509 3642 per
3542 3581 3791 3628 octavam

2187 3654 2536 3713 indietionem
2592 3655 2796 3714 Pascha
2851 3661 3158 3730 peragimus
3213 3662 3255 3714 τ.
3305 3660 3599 3734 Propterea
3646 3665 3792 3720 enim

2187 3748 2380 3817 scripsi
2421 3758 2468 3815 ε,
2503 3747 2722 3804 Patrqu
2768 3759 2824 3805 et
2861 3751 2914 3804 in
2956 3751 3060 3806 hoc
3095 3752 3492 3810 ecclesiasticas
3535 3753 3795 3816 formulas

2189 3840 2544 3910 subsequens,
2570 3849 2625 3897 et
2646 3843 2844 3899 exinde
2873 3845 3186 3900 occasiones
3208 3847 3285 3901 rei
3313 3846 3471 3916 hujus
3491 3863 3792 3913 assumens.

2191 3931 2280 3988 Sic
2317 3947 2551 4004 namque
2584 3942 2640 3989 et
2679 3949 3033 4005 praecessores
3074 3935 3102 3974 ιι
3132 3941 3324 4008 nostri,
3357 3939 3402 3994 si
3440 3943 3656 4008 quando
3692 3942 3798 3997 du-

2190 4025 2364 4081 bietas
2389 4035 2507 4081 orta
2531 4035 2634 4092 est,
2666 4027 2964 4097 praadicere
2992 4029 3337 4098 festinabant,
3363 4042 3420 4086 ut
3442 4034 3642 4102 ubique
3665 4051 3798 4089 con~

2191 4131 2453 4177 sonanter
2480 4131 2733 4190 ageretur
2760 4136 2948 4179 sancta
2979 4123 3259 4180 festivitas.
3284 4125 3440 4192 Quod
3463 4127 3626 4183 etiam
3655 4145 3799 4185 nunc

2189 4213 2343 4282 juxta
2381 4215 2613 4283 priscam
2655 4216 3106 4272 consuetudinem
3155 4219 3422 4275 credimus
3469 4219 3520 4273 in
3567 4221 3800 4278 Domino

2198 4305 2480 4372 praedicari
2512 4306 2567 4358 in
2609 4307 2854 4361 ecclesiis
2899 4323 3060 4361 unam
3104 4309 3283 4375 (idem,
3317 4325 3480 4363 unum
3510 4311 3801 4381 baptisma,

2196 4406 2253 4452 et
2292 4414 2455 4452 unam
2503 4398 2902 4453 solemnitatem
2951 4401 3368 4455 sacratissimam
3400 4404 3705 4472 paschalem
3733 4406 3800 4460 ah

2199 4492 2448 4546 omnibus
2475 4491 2797 4548 Christianis
2825 4493 3023 4563 ubique
3052 4494 3314 4549 celebrari
3345 4495 3397 4549 in
3427 4494 3645 4552 Christo
3675 4497 3805 4552 Jcsu

493 4581 631 4601 νη
669 4581 845 4587 πη---
1120 4581 1209 4604 η--
1419 4581 1618 4593 ...ν...,.-
1648 4581 1858 4594 ...........
1890 4581 2094 4594 .........-
2342 4583 2352 4594 .
2671 4601 2682 4612 ,
2795 4586 2822 4615 ,ι
2892 4585 2902 4596 .
2987 4587 2996 4596 .
3053 4604 3061 4612 η
3162 4587 3189 4613 ,.
3217 4589 3243 4615 ,.
3353 4604 3364 4612 _

492 4637 680 4676 cursus
701 4637 854 4678 axxv
869 4621 957 4678 die
979 4625 1179 4679 mensis
1195 4623 1554 4694 Phamenoth,
1570 4630 1660 4698 Qui
1679 4639 1762 4683 est
1783 4645 1856 4684 xu
1878 4629 2090 4685 calend.
2127 4658 2175 4717 υ
2200 4581 2649 4731 ξῗὲὣὲῖεηθεηο
2671 4627 2685 4651 ’
2715 4601 2842 4644 dum
2890 4601 2942 4640 ἠ
2986 4602 3102 4646 mw
3144 4603 3388 4652 “Hmus’
3421 4597 3477 4642 οι
3501 4606 3803 4657 movcmur’

494 4714 711 4785 Aprilis,
741 4716 963 4771 omnino
989 4732 1109 4773 esse
1133 4719 1508 4775 constituunt:
1543 4736 1610 4776 eo
1657 4721 1800 4790 quod
1835 4732 1962 4777 tunc
1991 4722 2095 4776 ini-

493 4808 623 4866 tium
653 4809 806 4864 verni
837 4811 1114 4880 temporis,
1149 4809 1217 4866 ab
1243 4810 1326 4866 his
1351 4812 1441 4882 qui
1485 4812 1590 4867 hoc
1631 4813 1874 4868 invenire
1906 4813 2089 4868 value-

493 4909 617 4955 runt
642 4916 765 4956 cum
795 4902 941 4956 omni
967 4903 1242 4971 diligentia
1279 4903 1559 4974 prmﬁxum
1588 4921 1708 4960 eSse
1749 4905 2014 4970 videatur,
2041 4914 2098 4960 et

493 4992 779 5049 manifeste
805 4995 1022 5067 quidem
1051 4995 1348 5052 secundum
1390 5013 1606 5054 cursum
1647 4997 1800 5064 solis,
1853 5014 1959 5052 xxv
2006 4998 2094 5052 die

565 5185 590 5214 ⁸
628 5174 667 5227 Β
713 5176 1089 5255 Corrigendum
1116 5195 1131 5233 :
1156 5189 1212 5255 et
1245 5181 1300 5255 in
1331 5183 1519 5255 futuro
1539 5181 1820 5255 centesimo
1852 5199 2084 5255 nonage-

494 5247 626 5300 simo
655 5255 853 5322 octavo.
873 5246 1007 5322 “llic
1035 5259 1119 5322 est
1147 5246 1496 5322 Christi/£82.
1529 5251 1724 5322 Cyclas
1779 5262 1898 5308 erat
1949 5246 2087 5308 lima:

495 5333 610 5390 \‘lll,
624 5318 858 5390 solisxv,
872 5318 1047 5390 littera
1061 5319 1122 5374 C.
1147 5319 1315 5388 igitur
1331 5318 1612 5376 neoinenia
1638 5323 1902 5390 paschalis
1919 5324 2090 5379 Niem-

497 5402 562 5462 tia
587 5389 672 5462 die
695 5385 726 5438 5
746 5385 1229 5462 April.,__terminus
1253 5392 1340 5448 die
1376 5392 1441 5446 18
1467 5385 1665 5462 Aprilis
1687 5435 1700 5455 ,
1727 5393 1840 5448 sive
1866 5410 1953 5448 xw
1983 5396 2084 5451 cal.

500 5457 598 5525 Ap.
628 5459 894 5514 dominica
926 5460 1031 5516 die.
1059 5461 1244 5530 Itaque
1263 5457 1664 5518 diil'undendum
1688 5463 1893 5519 Pascha
1918 5467 2014 5521 fuit.
2038 5468 2091 5520 in

501 5542 566 5604 vn
597 5530 721 5604 eid,
766 5530 925 5604 idest
964 5531 1161 5604 die_9.5
1196 5533 1413 5604 Aprilis.
1438 5533 1722 5591 Pennus.
1754 5566 1825 5577 —-
1852 5535 2092 5592 Consen-

503 5599 565 5680 ιιι
594 5596 904 5680 Bucherius.
962 5601 1148 5658 Codex
1195 5596 1519 5663 Bodleianus
1565 5608 1729 5663 habet
1763 5625 1775 5662 :
1808 5609 1864 5664 in
1922 5612 2095 5680 futuro

498 5669 842 5722 ducentesimo
863 5681 1002 5724 Lxm°
1028 5684 1193 5729 νιιυιο.

573 5738 599 5776 b
626 5737 918 5814 l_3_ucherius
943 5760 956 5796 :
989 5744 1100 5814 iege
1130 5745 1218 5800 '50.

576 5821 595 5847 ι·
633 5809 829 5866 Vocem
855 5828 911 5866 se
941 5809 1146 5869 addunt
1175 5816 1216 5870 Β
1244 5826 1301 5872 ει
1329 5818 1389 5872 D.

571 5879 594 5917 δ
628 5880 668 5936 F
673 5890 790 5938 orte
815 5886 1062 5945 rationes.
1097 5885 1415 5952 [incusatus

2274 4814 2591 4871 Transferre
2630 4832 2761 4871 vero
2799 4818 2940 4872 hanc
2980 4820 3266 4889 epistolam
3313 4821 3366 4875 in
3413 4821 3618 4877 Latina:
3658 4827 3810 4881 vocis

2204 4909 2498 4978 eloquium,
2532 4925 2642 4962 non
2670 4909 2804 4964 satis
2832 4921 3038 4965 certum
3068 4928 3188 4967 esse
3211 4915 3550 4983 putavimus;
3577 4932 3644 4970 ne
3669 4916 3810 4971 forte

2203 5001 2577 5070 graecissantes
2616 5002 2797 5072 potius
2825 5003 2968 5074 apud
2999 5019 3098 5060 nos
3136 5001 3177 5072 ί,
3218 5019 3320 5062 ιιεε
3352 5006 3367 5056 1'
3401 5005 3516 5078 jam
3566 5007 3812 5065 valentes

2267 5194 2291 5258 ξ
2413 5188 2507 5240 sed
2534 5189 2707 5258 gratia
2733 5186 2878 5256 Spir.
2913 5186 2977 5242 S.

2272 5254 2290 5294 ί
2323 5256 2385 5328 D,
2413 5254 2736 5328 peragamus.

2271 5337 2296 5398 tt
2323 5327 2384 5398 ι),
2410 5331 2624 5398 scripta.

2274 5395 2298 5434 ιι
2326 5397 2400 5452 Ita
2429 5400 2468 5451 Β
2508 5395 2564 5472 et
2593 5399 2655 5463 D,
2707 5415 2938 5472 quorum
2963 5401 3115 5470 prior
3137 5416 3236 5472 pro
3265 5403 3430 5455 nostri
3471 5402 3636 5458 habet
3665 5419 3804 5472 pm-

2200 5485 2427 5523 cessares
2453 5471 2565 5524 nini.
2605 5472 2660 5525 ln
2690 5471 2822 5526 edit.
2865 5470 3078 5527 Petavii
3105 5470 3162 5528 et
3189 5471 3361 5528 Buch.
3396 5473 3623 5542 legitur,
3657 5470 3788 5544 pra-

2202 5557 2437 5594 cursores
2468 5544 2650 5596 nostri.

2283 5609 2298 5648 ί
2336 5611 2411 5691 ita
2436 5611 2723 5698 Petaviana
2755 5612 2938 5679 editio,
2959 5622 3019 5698 et
3046 5629 3184 5698 mss.
3201 5615 3386 5683 codd.,
3411 5631 3548 5698 qups
3573 5617 3805 5698 proinde

2205 5684 2356 5750 sequi
2409 5684 2694 5739 maluimus
2720 5725 2734 5750 ,
2764 5698 2926 5752 quam
2959 5684 3278 5742 Bncherium
3306 5729 3320 5753 ,
3352 5684 3445 5757 qui
3485 5684 3730 5758 hic—legit
3788 5705 3803 5742 :

2203 5770 2309 5807 υοε.

2276 5827 2288 5873 i
2329 5823 2384 5877 ln
2421 5825 2552 5878 edit.
2584 5825 2770 5881 Pctav.
2803 5837 2858 5880 et
2882 5826 3050 5882 Buch.
3084 5844 3370 5898 perperam
3403 5830 3491 5884 hic
3521 5830 3803 5885 interseri—

2200 5905 2304 5961 tur,
2336 5898 2496 5964 enim,
2525 5898 2667 5966 quod
2697 5913 2914 5953 sensum
2951 5900 3154 5960 turbat.
3185 5908 3240 5956 et
3266 5901 3315 5955 in
3352 5917 3482 5957 mss.
3516 5902 3690 5956 dccSt.
