4122 6490
509 224 613 279 515

1867 229 2020 286 111οΝ
2029 231 2156 286 YSlI
2189 229 2419 294 EXIGUI

3712 228 3816 284 ait»

509 345 898 414 quinquaginta
935 345 1061 411 duo,
1094 362 1159 402 ac
1200 362 1295 416 per
1338 347 1444 403 hoc
1486 347 1643 403 simul
1684 347 1818 402 ﬁunt
1858 348 1939 408 bis
1967 349 2114 410 inille
2145 349 2520 419 Apercnlsus,
2551 347 2644 418 qui
2658 347 3040 414 demonstrata
3073 348 3176 404 sibi
3203 359 3238 387 -ι
3270 348 3517 406 veritatis
3555 347 3674 404 luce
3711 363 3820 402 non

512 438 774 506 nongenti
806 438 990 508 viginti
1025 439 1151 496 duo.
1201 438 1466 495 Similiter
1491 448 1619 496 octo
1659 441 1790 495 anni
1818 441 2043 509 solares,
2071 442 2118 498 si

510 531 566 587 in
592 548 857 588 summam
884 533 1214 601 redigantur,
1239 532 1291 587 id
1313 540 1395 587 est
1419 534 1589 589 octies
1617 533 1841 589 trecenti
1863 534 2119 603 sexageni

511 622 683 686 quini,
718 630 774 676 et
797 622 1066 691 quadrans
1095 631 1142 686 ε,
1170 621 1371 676 faciunt
1398 624 1555 677 simul
1586 624 1668 678 bis
1697 624 1844 679 mille
1873 638 2114 692 nongen-

516 720 599 766 tos
632 714 818 781 viginti
865 713 1018 768 duos.
1066 713 1241 769 Simili
1278 715 1441 771 modo
1472 726 1528 771 et
1566 717 1890 773 liendccadis
1919 733 2109 782 annos,

517 803 605 871 qui
636 812 761 858 sunt
789 819 1104 860 communes
1131 814 1338 876 septem
1369 814 1424 860 et
1450 817 1684 875 quatuor
1713 808 2035 876 embolismi,
2069 809 2114 863 si

517 893 569 948 in
597 910 860 949 summam
881 910 945 950 ea
967 911 1071 964 qua
1099 897 1333 951 diximus
1354 899 1738 968 supputatione
1760 901 2114 969 congesseris,

520 988 850 1041 tantumdem
890 1003 1028 1058 pene
1058 990 1315 1059 reperies,
1348 1001 1606 1060 quantum
1637 991 2120 1051 undecimsolares

520 1078 644 1132 anni
667 1078 982 1146 conﬁciunt,
1011 1081 1116 1136 hoc
1143 1090 1228 1136 est
1253 1090 1445 1151 quater
1470 1084 1615 1139 mille
1637 1085 2043 1154 quatuordecim
2068 1081 2118 1139 δ.

523 1167 648 1225 Haec
668 1178 753 1226 est
777 1185 907 1239 ergo
928 1171 1388 1237 embolismorum,
1413 1173 1550 1230 sicut
1572 1175 1934 1244 praediximus,
1961 1176 2119 1240 ratio,

525 1271 581 1316 ut
609 1263 958 1319 incrementis
978 1266 1090 1320 suis
1111 1266 1478 1321 communium
1506 1282 1772 1322 annorum
1797 1265 2125 1322 detrimenta

525 1364 904 1423 compensent.
1019 1411 1022 1414 ,

593 1443 703 1500 Sed
727 1444 838 1512 jam
866 1446 1280 1514 pulcherrimam
1307 1448 1462 1503 vobis
1489 1457 1652 1518 atque
1679 1449 1993 1518 praeclaram
2021 1450 2130 1504 col-

528 1535 813 1590 lectionem
865 1536 1033 1605 ipsius
1077 1537 1214 1607 cycli
1262 1536 1776 1600 decemnovennalis
1821 1535 2127 1604 ostendam,

529 1640 624 1694 per
664 1639 826 1694 quam
873 1640 1092 1686 omnem
1139 1625 1396 1697 deinceps
1447 1626 1880 1696 ambiguitatem,
1925 1627 1971 1682 si
2022 1642 2128 1696 qua

2205 440 2470 508 gaudeat,
2496 447 2552 494 et
2579 438 2898 507 ignorantia:
2921 438 3124 494 relictis
3151 439 3409 505 tenebris,
3437 445 3601 493 tantm
3622 437 3824 493 rationi

2204 531 2466 607 ‘prptinus
2495 546 2620 586 non
2662 530 2992 599 acquiescat.
3025 529 3074 585 Α
3101 531 3306 595 decima
3333 532 3523 601 quinta
3562 531 3689 587 luna
3727 547 3825 600 pa-

2221 621 2420 686 schalis
2462 618 2602 688 festi,
2647 621 2794 692 anni,
2837 621 2985 676 verbi
3021 622 3216 690 gratia,
3243 622 3619 692 princ-edentis,
3653 638 3826 692 usque

2221 713 2288 768 ad
2318 713 2580 767 decimam
2607 723 2855 783 quartam
2884 715 3160 782 sequentis
3187 716 3405 784 Paschae
3428 712 3479 780 ἀ,
3511 717 3556 772 si
3581 731 3826 771 commu-

2221 806 2304 859 nis
2347 819 2520 860 annus
2567 814 2669 868 est,
2714 812 2986 859 trecentos
3032 806 3420 878 quinquaginta
3449 816 3680 877 quatuor
3707 808 3828 863 dies

2222 894 2472 960 habebit;
2503 896 2548 950 si
2576 895 2942 957 cmbolismus,
2972 881 3540 966 trecentos-octoginta
3565 906 3823 968 quatuor.

2223 983 2376 1052 Quod
2405 985 2453 1039 si
2482 985 2598 1048 dies
2632 1001 2770 1040 unus
2808 985 2926 1055 plus
2973 986 3565 1056 minusvezcontigerit,
3605 989 3829 1046 evidens

2223 1091 2379 1132 error
2410 1085 2512 1130 est.
2546 1075 2787 1146 Excepto
2817 1078 3070 1133 videlicet
3095 1094 3239 1135 anno
3272 1090 3295 1118 ο
3322 1079 3496 1150 primo
3525 1096 3667 1150 saepe
3696 1081 3828 1135 dicti

2225 1167 2734 1221 decemnovennalis
2765 1167 2926 1238 cycli,
2956 1183 3119 1236 quem
3149 1185 3179 1224 a
3209 1170 3418 1225 decima
3461 1181 3652 1240 quarta
3701 1171 3828 1226 luna

2227 1255 2446 1311 Pascha:
2477 1256 2667 1324 ultimi,
2699 1256 2751 1311 id
2779 1266 2864 1312 est
2890 1257 3216 1316 nonidecimi
3243 1261 3395 1325 anni,
3428 1261 3829 1332 usqueadde-

2227 1348 2424 1417 cimain
2446 1358 2694 1418 quartam
2724 1348 2966 1417 ejusdem
2995 1351 3157 1420 primi
3184 1367 3471 1420 numerare
3495 1371 3746 1422 curamus
3778 1355 3824 1409 ἲ.

2234 1441 2462 1510 Propter
2487 1439 2632 1509 quod
2675 1440 2815 1495 idem
2847 1441 3067 1496 ultimus
3098 1453 3340 1513 epactas,
3366 1444 3418 1499 id
3449 1455 3532 1500 est
3563 1447 3828 1516 adjectio-

2233 1546 2330 1587 nes
2357 1532 2593 1598 lunares,
2623 1532 2918 1588 octodenas
2947 1541 3075 1589 tunc
3103 1535 3344 1592 retinens
3358 1546 3418 1603 β.
3450 1539 3626 1607 primo
3645 1554 3829 1605 anno,

2233 1641 2342 1682 non
2371 1625 2640 1691 undecim,
2665 1633 2724 1680 ut
2746 1625 2798 1679 in
2827 1626 3039 1682 caeteris
3066 1628 3368 1690 annisiieri
3395 1629 3678 1696 solet,sed
3703 1631 3833 1686 duo-

530 1722 674 1770 mota
703 1715 882 1782 fuerit,
906 1714 1203 1777 auieratis:
1234 1732 1337 1776 nec
1363 1716 1435 1776 sit
1459 1716 1534 1774 ita
1559 1717 1681 1787 quis
1708 1717 1876 1778 nimio
1903 1726 2128 1787 stupore
2159 1709 2216 1768 Β.
2232 1717 2404 1778 decim
2433 1716 2550 1778 dies
2573 1717 2965 1773 accommodat.
3001 1716 3069 1773 Et
3095 1719 3222 1788 quia
3249 1721 3468 1791 triginta
3488 1721 3696 1783 dierum
3725 1721 3832 1778 ﬁne

605 1983 630 2010 ι
663 1972 726 2042 D,
758 1969 1094 2042 quadrantes.

606 2042 634 2081 ι)
663 2035 790 2096 Hice
827 2041 1022 2095 desunt
1051 2039 1105 2090 in
1145 2036 1187 2090 B
1233 2045 1288 2090 et
1338 2037 1393 2091 in
1425 2045 1653 2106 utroque
1698 2035 1770 2103 C;
1829 2036 1924 2091 sed
1973 2035 2016 2089 D
2064 2053 2129 2093 ea

536 2113 755 2169 retinet.
787 2109 828 2165 C
876 2108 928 2173 1,
973 2107 1134 2177 paulo
1190 2113 1334 2176 post,
1367 2107 1703 2162 alieno-licet
1731 2108 1884 2173 loco,
1914 2107 2130 2177 haecin-

535 2190 680 2241 serta
705 2182 884 2243 habet,
911 2176 988 2233 ad
1001 2186 1326 2250 praesentem
1354 2177 1528 2250 locum
1545 2180 1857 2250 spectantia
1891 2196 1904 2230 :
1932 2176 2131 2250 Conge-

541 2270 712 2309 ramus
733 2268 854 2323 ergo
876 2247 1186 2304 endecadem
1214 2247 1543 2323 persolarein
1558 2247 1612 2323 et
1634 2249 1869 2323 lunarem
1893 2247 2126 2323 cursum,

545 2316 911 2390 7commu'nes,
945 2334 1130 2380 annos,
1183 2325 1232 2372 et
1277 2316 1312 2370 4
1356 2317 1704 2373 εοηὺοιῖἓηιοδ.
1741 2319 1964 2390 'Septies
2009 2336 2130 2390 ergo

538 2395 645 2450 dies
671 2406 856 2448 cccuv
883 2389 1033 2461 ﬁunt,
1061 2391 1105 2445 ﬁ
1133 2403 1500 2451 ccccuxvm,
1537 2399 1598 2461 _e_t
1637 2391 1873 2461 quaterni
1903 2389 2134 2458 (scilicet

537 2464 840 2520 embolismi
857 2460 963 2515 584
987 2460 1262 2529 dierum)?
1284 2474 1501 2513 nxxxvr.
1527 2458 1692 2513 Fiunt
1716 2461 1870 2514 simul
1888 2463 1970 2516 Tui
1998 2475 2130 2515 xnu.

545 2535 680 2590 Item
704 2547 758 2588 ιι
780 2534 979 2592 soleres
1003 2547 1172 2587 annos
1191 2530 1370 2584 eodem
1393 2531 1770 2599 suppurationis
1799 2533 2007 2586 tramite
2029 2533 2139 2593 cal-

540 2605 784 2659 culemus.
818 2601 1106 2674 Undecies;
1124 2600 1231 2655 dies
1275 2601 1556 2674 tregenteni
1607 2603 1855 2674 sexageni
1885 2603 2046 2674 quini,
2087 2610 2137 2656 et

541 2675 854 2743 quadrantes
866 2674 1000 2743 ﬁunt
1024 2672 1304 2743 iTrixvrret
1329 2669 1568 2743 isnorre.
1598 2669 1804 2743 Idcirro
1827 2674 1879 2743 in
1896 2669 2132 2743 bgdoade

542 2739 705 2810 (forte
729 2739 1014 2812 legendum
1060 2744 1117 2795 in
1147 2741 1432 2809 endecade)
1455 2741 1652 2812 videtur
1672 2742 1750 2795 sol
1767 2739 2137 2796 tribus'diebus

542 2826 592 2872 et
629 2815 696 2872 18
724 2810 864 2869 lteris
915 2813 1213 2884 praecellere
1243 2813 1441 2884 lunam.
1483 2810 1622 2884 ideo
1647 2812 1784 2868 dixit
1813 2829 1831 2866 :
1859 2829 1992 2882 pene
2020 2823 2140 2884 tan-

545 2885 778 2940 tumdem
807 2881 1051 2955 reperies,
1080 2884 1212 2955 quia,
1233 2881 1671 2955 aliquiddiﬂ'erre
1693 2881 1949 2953 prrevidit,
1970 2891 2020 2937 el
2043 2883 2139 2939 hoc

543 2957 801 3029 praecipue
818 2950 875 3008 in
896 2950 1270 3027 quadrantibus
1302 2950 1493 3004 accidit
1521 2951 1639 3006 sibi.

611 3025 781 3079 -c.|uC
808 3025 834 3076 1
859 3026 1033 3077 deest.
1605 3043 1612 3070 .-

611 3025 781 3079 unc
808 3025 834 3076 1
859 3025 1033 3077 rleest.
1605 3043 1612 3070 .-

617 3094 644 3134 ἀ
672 3093 1039 3151 .lta.D..Editi
1081 3091 1317 3164 habent,
1366 3093 1625 3164 sequentis
1669 3093 1810 3164 quod
1835 3095 2135 3164 quiet-imm.

551 3167 660 3222 Sed
688 3166 796 3288 dtrlio
848 3166 964 3219 hinc
1005 3163 1306 3233 posteriora
1351 3163 1518 3218 verba
1549 3163 1604 3216 in
1649 3163 1899 3219 omnibus
1942 3166 2140 3222 nostris

554 3253 684 3288 IIISS.
731 3246 932 3288 'CSUHI.

554 3253 684 3291 IIISS.
716 3246 932 3290 desunt.

2235 1973 2450 2037 excepto
2478 1965 2715 2020 videlicet
2743 1981 2882 2037 anno
2922 1966 3108 2035 primo,
3155 1973 3260 2037 etc.
3288 2007 3303 2031 ,
3334 1963 3564 2037 primum
3596 1967 3835 2037 appellat

2236 2035 2435 2108 annum
2453 2037 2542 2105 qui
2567 2051 2597 2090 a
2617 2036 2881 2101 Paschate
2894 2036 3218 2108 cmpitaurei
3245 2036 3586 2108 numeri_xrx,
3608 2035 3834 2108 ejusque

2235 2123 2290 2162 rx
2304 2107 2414 2162 fere
2425 2121 2639 2161 menses
2651 2117 2881 2175 occupat
2893 2105 2962 2159 ad
2973 2114 3261 2161 exeuntem
3275 2120 3444 2174 usque
3458 2105 3832 2163 Decembrem.

2238 2177 2373 2232 Cum
2388 2186 2570 2232 autem
2593 2176 2828 2244 subjicit,
2856 2177 3004 2231 illum
3024 2179 3196 2246 ipsum
3208 2177 3340 2247 eycti
3353 2177 3834 2238 decemnouennalis

2239 2264 2434 2302 annum
2459 2249 2681 2317 primum
2704 2264 2735 2299 a
2757 2263 2846 2302 xiv
2873 2247 2996 2301 (una
3033 2247 3253 2302 Pascha:
3293 2247 3502 2310 ultimi,
3533 2247 3588 2300 id
3635 2259 3714 2304 est
3737 2265 3836 2304 no-

2239 2321 2291 2372 ni
2309 2317 2494 2372 decimi
2519 2317 2922 2388 anniprogredi;
2938 2317 3182 2371 ultimum
3202 2317 3451 2388 eumdem
3474 2324 3652 2382 vocat,
3673 2334 3834 2388 quem

2239 2389 2404 2459 paulo
2435 2396 2561 2459 ante
2611 2386 2843 2459 primum
2880 2388 3214 2442 nominabat.
3241 2386 3368 2459 Hrec
3389 2397 3515 2440 sunt
3536 2386 3830 2443 incon—dita.

2238 2458 2466 2531 Videtur
2494 2457 2779 2530 Dionysius
2797 2459 3030 2531 primum
3059 2473 3124 2512 ac
3141 2457 3438 2513 secundum
3464 2473 3663 2513 annum
3693 2460 3836 2531 cycli

2238 2544 2339 2600 pro
2369 2529 2546 2600 primo
2576 2529 2648 2584 ac
2683 2529 2923 2600 secundo
2971 2543 3137 2583 aureo
3183 2543 3410 2581 nurnero
3450 2544 3709 2596 usurpare
3731 2529 3835 2583 vo-

2241 2598 2421 2654 luisse.
2441 2598 2801 2654 Psuvws.——
2816 2599 3003 2653 Mirum
3028 2608 3112 2654 est
3129 2607 3337 2651 tantum
3361 2607 3729 2653 astronomum
3749 2601 3837 2656 hic

2244 2687 2350 2725 non
2379 2668 2826 2724 animadvertisse
2851 2669 3162 2731 discrimen,
3197 2669 3265 2723 ab
3296 2667 3424 2740 ipso,
3447 2668 3701 2740 Dionysio
3727 2679 3836 2724 tam

2241 2741 2544 2796 luculenter
2591 2741 2943 2807 inculcatum,
2977 2740 3117 2794 inter
3160 2755 3363 2800 annum
3413 2739 3689 2802 lunarém,
3722 2742 3837 2796 sive

2242 2811 3077 2881 pasclialemetecclesiasticum,
3100 2809 3306 2881 eti_nter
3332 2809 3835 2881 solareni,civilem,

2241 2879 2306 2937 ac
2332 2881 2612 2951 speciatim
2643 2880 2967 2935 Romanum.
2993 2879 3146 2934 Illum
3175 2879 3481 2950 Dionysius,
3513 2882 3580 2936 ab
3596 2896 3703 2936 uno
3733 2889 3838 2951 ter.

2244 2949 2390 3006 mino
2439 2952 2678 3021 paschali
2724 2967 2893 3021 usque
2936 2951 3032 3021 ad“
3047 2952 3278 3021 alterum
3309 2949 3679 3014 numeratum,
3710 2949 3836 3018 354,

2229 3031 2356 3086 aut,
2389 3019 2856 3078 si'embolismteus
2881 3023 2968 3085 sit,
3001 3019 3106 3074 58+
3135 3020 3326 3076 diebus
3339 3032 3607 3090 constare
3633 3021 3796 3077 docet
3821 3040 3838 3090 ;

2245 3092 2552 3150 huncvero,
2569 3093 2712 3162 apud
2730 3091 3126 3156 Alexandrinos
3159 3107 3189 3144 a
3213 3092 3302 3146 die
3327 3089 3397 3162 29
3417 3091 3662 3160 Augusti,
3691 3089 3838 3162 apud

2247 3162 2535 3231 Romanos,
2553 3177 2583 3216 a
2609 3160 3068 3231 subsequentibus
3087 3163 3326 3216 calendis
3346 3160 3585 3216 Januarii
3614 3160 3839 3220 inchoa-

2249 3241 2382 3298 tum,
2413 3229 2522 3286 395
2549 3233 2760 3300 diebus,
2793 3229 2848 3287 et
2873 3232 2906 3285 6
2956 3231 3067 3286 fere
3112 3231 3260 3287 horis
3309 3233 3552 3297 absolvi,
3583 3233 3690 3286 alio
3723 3235 3841 3289 loco

623 3278 1150 3384 evigila-perplexa
1177 3311 1248 3384 e_t_
1281 3301 1537 3384 impedita
1561 3311 1653 3358 est'
1672 3301 1996 3384 Dionysiana
2025 3305 2142 3361 hrec
2168 3278 2216 3341 ο
2245 3278 2902 3384 ⁷-
2944 3278 3688 3384 ﬁdei}:'(iséiiﬁi'ﬁinﬁi;

550 3377 746 3432 oratio.
782 3372 1078 3430 Sententia
1125 3373 1344 3444 quidem
1393 3373 1643 3444 inibunc
1687 3372 2046 3429 fere'modum
2069 3391 2139 3430 ex

550 3448 692 3502 illius
714 3445 964 3508 doctrina
983 3443 1194 3512 concipi
1217 3450 1414 3513 potest.
1444 3443 1875 3512 Annusquilibet
1901 3461 2139 3509 commu-

551 3520 632 3572 nis
661 3517 850 3572 dicbus
876 3525 1090 3570 constat
1122 3514 1226 3570 551
1251 3532 1266 3580 ;
1298 3514 1666 3570 embolimznus
1695 3531 1824 3570 vero
1853 3514 1978 3570 581.
2027 3515 2139 3570 Ex-

552 3589 668 3658 cipe
696 3587 1240 3658 decemnovennalem
1270 3585 1529 3658 primum,
1559 3586 1648 3653 qui
1671 3585 1776 3658 555
1805 3586 1921 3658 dies
1946 3586 2140 3641 dunta-

554 3655 643 3712 xat
671 3657 898 3712 obtinet.
928 3655 1062 3710 Nam
1089 3657 1258 3726 prima
1285 3656 1400 3709 dies
1427 3655 1572 3710 illius
1595 3665 1684 3710 est
1707 3657 1916 3711 rlecima
1951 3658 2143 3726 quinta-

552 3727 818 3799 paschalis
840 3728 1040 3799 ,aurei
1081 3726 1295 3799 numeri
1337 3742 1467 3799 xrx,
1499 3742 1618 3796 quae
1647 3736 1828 3799 estfxv
1855 3729 1957 3782 cal.
1991 3727 2136 3792 Maii,

551 3797 662 3853 sive
703 3799 818 3853 dies
863 3797 929 3850 17
961 3797 1134 3866 April.
1169 3797 1390 3863 ;ultima
1418 3797 1535 3851 dies
1582 3807 1666 3850 est
1716 3797 1924 3854 decima
1950 3808 2142 3867 quarta

588 3869 838 3932 aschalis,
856 3869 1017 3938 aurei
1041 3868 1250 3920 numeri
1281 3882 1318 3930 ι,
1351 3879 1548 3935 nempe
1576 3867 1762 3938 quinta
1788 3867 1905 3922 dies
1924 3867 2138 3938 Aprilis.

588 3887 838 3932 ascnaus,
868 3887 1017 3921 aurei
1041 3887 1250 3920 llUlllBl'l
1281 3887 1318 3930 Ι,
1352 3887 1548 3935 nempe
1576 3887 1762 3934 Qlllﬂla
1788 3887 1905 3922 ures
1924 3887 2138 3938 Apl‘llls.

552 3887 786 3994 Proinde
816 3936 921 3991 ’555
947 3938 1063 3992 dies
1092 3938 1143 3992 ei
1166 3952 1308 3991 anno
1335 3943 1670 4005 competunt.
1705 3935 1916 3991 Etenim
1949 3953 2144 3994 aureus

493 4067 495 4070 ,
553 4024 813 4066 numerus
835 4023 944 4072 xxx,
977 4009 1042 4061 ad
1065 4006 1662 4076 epactasprioresxvui
1677 4046 1692 4071 ,
1714 4022 1822 4061 non
1842 4023 1895 4062 ιι
1916 4008 2052 4075 dies,
2079 4017 2145 4063 ut

552 4080 753 4137 caateri.
778 4078 871 4133 sed
901 4077 971 4130 l2
998 4075 1209 4146 adjicit:
1226 4092 1294 4132 ex
1315 4075 1512 4146 quibus
1533 4087 1736 4146 epactae
1760 4078 2060 4145 xxx,ve10,
2094 4081 2144 4133 id

553 4150 816 4207 estnulla:
839 4146 1215 4214 coniiciuntur,
1247 4162 1367 4217 quae
1389 4157 1692 4214 congruunt
1721 4162 1886 4202 aureo
1918 4164 2144 4205 numero

553 4236 602 4287 I,
628 4221 706 4274 uti
736 4221 828 4274 lib.
861 4235 914 4274 iv
941 4220 1008 4273 de
1029 4218 1209 4274 Doctr.
1236 4226 1403 4286 temp.
1423 4217 1850 4272 demonstratum
1880 4227 1982 4274 est.
2006 4218 2146 4276 Hinc

554 4291 758 4345 lunaris
787 4291 957 4345 saltus
999 4290 1172 4344 oritur
1194 4329 1208 4353 ,
1238 4303 1362 4343 cum
1395 4287 1510 4358 dies
1540 4302 1676 4344 unus
1703 4289 2147 4358 supprimituruac

556 4359 940 4416 dissimulatur.
993 4359 1063 4412 At
1111 4359 1411 4430 Dionysius_
1445 4356 1733 4430 ﬁculneum
1761 4356 1886 4414 huic
1934 4360 2146 4414 incern-

559 4431 720 4485 modo
773 4427 1334 4499 remediumparavit.
1386 4427 1548 4482 Jussit
1579 4430 1723 4483 enim
1753 4429 2006 4484 eumdem
2063 4431 2148 4487 bis

558 4501 829 4556 numerari
855 4500 1016 4554 diem.
1048 4498 1181 4552 Nam
1203 4500 1424 4554 ultimus
1451 4499 1565 4554 dies
1594 4499 1710 4568 ejus
1740 4501 1894 4563 anni,
1926 4503 2016 4570 qui
2041 4518 2144 4555 nu-

558 4587 708 4627 rnero
749 4585 916 4624 aureo
945 4585 1071 4641 XV'lll
1099 4571 1351 4641 primitus
1379 4578 1487 4633 est,
1521 4570 1572 4623 id
1597 4581 1678 4624 est
1727 4570 1812 4624 die
1844 4571 1905 4623 l7
1947 4572 2141 4641 April.,

557 4645 671 4699 give
702 4641 768 4693 11
818 4639 1126 4710 paschalis,
1158 4640 1304 4693 aurei
1354 4641 1562 4694 numeri
1609 4656 1716 4704 xix,
1780 4639 2146 4709 primus’dies

557 4720 902 4782 computatur
948 4711 1091 4782 anni
1123 4711 1397 4782 sequentis
1423 4750 1438 4776 ,
1481 4711 1571 4778 qui
1608 4726 1772 4766 aureo
1803 4728 2027 4766 numero
2056 4729 2145 4766 xu

557 4780 773 4840 labente
820 4781 1022 4851 incipit.
1075 4780 1258 4851 itaque
1306 4781 1420 4835 dies
1449 4789 1673 4850 uterque
1722 4783 1911 4851 plenos
1959 4783 2145 4851 habet,

558 4857 647 4910 ille
695 4853 836 4924 581,
884 4849 987 4907 iste
1034 4849 1172 4924 554,7
1216 4860 1273 4924 ut
1299 4849 1784 4924 exrdiagramma’te
1819 4849 2146 4924 Dionysiano

557 4928 746 4995 liquet.
779 4920 884 4979 Sed
931 4924 1074 4977 idem
1105 4922 1324 4995 minime
1347 4923 1448 4976 sibi
1478 4929 1708 4995 constat,
1739 4920 1863 4976 dum
1895 4920 2145 4995 eumdem

557 4993 718 5052 modo
750 4995 1015 5060 ultimum,
1047 4994 1208 5047 modo
1242 4995 1470 5060 primum
1521 4993 1752 5060 appellat
1789 5009 2010 5048 annum.
2043 4993 2146 5048 De-

558 5075 912 5122 monstraturn
930 5073 1011 5119 est
1034 5065 1125 5118 lib.
1145 5079 1196 5116 vr
1217 5061 1283 5118 de
1303 5065 1482 5118 Doctr.
1505 5070 1666 5132 temp.
1691 5078 1812 5132 cap.
1838 5063 1926 5128 10,
1949 5080 2148 5119 annum

558 5141 788 5208 primum
833 5137 972 5206 cycli
1014 5133 1524 5208 deccmnovennalis
1567 5148 1839 5208 cumesse
1866 5136 1957 5206 qui
1995 5151 2026 5188 a
2059 5151 2148 5208 xrv

559 5203 682 5263 luna
714 5203 938 5276 incipit,
973 5207 1121 5260 aurci
1157 5206 1364 5276 numeri
1412 5220 1503 5276 χιχ
1529 5203 1827 5276 ,nimirum
1873 5203 1906 5276 ᾧ
1931 5221 2016 5276 xvi
2038 5207 2141 5276 cal.

559 5280 747 5337 Maias.
776 5274 836 5336 ct
860 5278 913 5332 in
942 5292 1068 5331 non.
1103 5275 1273 5346 April.
1307 5275 1504 5329 desinit
1523 5313 1537 5337 ,
1563 5275 1834 5344 habetque
1859 5275 1976 5329 dies
2005 5274 2140 5342 554,

559 5359 618 5403 ut
640 5352 692 5402 in
707 5351 1096 5416 diagrammate
1111 5349 1326 5402 disertis
1348 5347 1524 5399 verbis
1540 5355 1834 5399 asseverat.
1863 5346 2144 5401 Secundus

559 5431 740 5473 autem
764 5419 949 5488 incipit
967 5433 997 5471 a
1023 5417 1149 5471 luna
1171 5419 1322 5473 aurei
1349 5417 1559 5488 numeri
1587 5431 1630 5488 i,
1645 5416 1890 5488 videlicet
1939 5433 1968 5470 a
1999 5419 2086 5472 die
2113 5416 2146 5470 6

560 5490 754 5558 April.,
785 5504 848 5542 ac
872 5486 1072 5543 desinit
1116 5489 1168 5543 in
1215 5504 1310 5544 vni
1349 5487 1455 5542 cai.
1507 5486 1721 5557 Aprilis,
1757 5503 1876 5557 qua:
1902 5497 1986 5542 est
2023 5489 2148 5542 luna

560 5575 667 5623 xrv,
700 5559 848 5612 aurei
873 5561 1082 5613 numeri
1107 5575 1162 5612 ιι.
1194 5558 1378 5628 Itaque
1399 5558 1610 5630 primus
1638 5573 1809 5612 annus
1838 5559 1998 5630 cycli,
2028 5574 2147 5616 cum

561 5645 785 5682 aureum
819 5644 1097 5682 numerum
1123 5627 1316 5683 habent
1338 5646 1449 5695 xrx,
1476 5627 1590 5696 ejus
1613 5639 1817 5696 cpactac
1845 5627 1970 5683 sunt
1999 5646 2146 5693 xvnr;

561 5699 780 5755 secundi
810 5703 864 5770 tl,
899 5700 980 5752 vel
1012 5717 1138 5753 xxx.
1198 5702 1266 5754 At
1313 5703 1418 5755 hoc
1469 5701 1599 5770 loco,
1615 5699 1905 5770 Dionysius
1931 5711 2151 5755 contra-

563 5771 700 5824 rium
732 5769 954 5839 indicat,
977 5780 1031 5826 et
1057 5788 1116 5828 se
1147 5775 1318 5844 ipsum
1334 5772 1549 5828 evertit.
1568 5769 1780 5840 Quippe
1805 5773 1982 5827 verbis
2009 5775 2148 5827 istis:

2244 3372 2468 3429 Pascha:
2490 3373 2685 3437 ultimi,
2715 3374 2770 3427 id
2795 3381 2900 3436 est,
2931 3375 3063 3440 noni
3086 3372 3277 3427 decimi
3304 3374 3450 3435 anni,
3475 3390 3633 3442 usque
3657 3375 3728 3426 ad
3753 3375 3842 3428 de-

2245 3444 2436 3515 cimam
2463 3454 2703 3514 quartam
2749 3445 2940 3515 primi,
2980 3460 3256 3498 numerare
3285 3444 3504 3508 curavit.
3530 3442 3752 3498 .Contra
3775 3460 3842 3500 ea

2244 3513 2386 3595 hunc
2409 3513 2712 3595 (sclarem),
2737 3513 2845 3569 non
2867 3515 3015 3595 illum
3039 3515 3351 3595 (lunarem),
3372 3515 3841 3595 secundummram

2196 3611 2203 3616 -
2246 3583 2608 3639 Christianam
2636 3583 2924 3639 numerare
2954 3583 3203 3637 instituit.
3237 3584 3352 3638 Hoc
3377 3584 3504 3637 dum
3535 3599 3644 3637 non
3669 3592 3845 3639 atten-

2245 3655 2381 3709 dunt
2408 3655 2662 3710 Petavius
2689 3664 2748 3709 et
2769 3655 3012 3708 nonnulli
3041 3655 3368 3709 eumsecuti
3385 3654 3691 3708 doctissimi
3717 3656 3840 3718 viri,

2246 3741 2313 3780 ex
2333 3725 2780 3797 verbisDionysii
2800 3725 2942 3797 male
2968 3725 3279 3790 intellectis,
3309 3739 3608 3797 perperam.
3624 3728 3839 3797 exscul-

2285 3811 2377 3850 ere
2424 3798 2604 3851 conati
2634 3793 2796 3862 sunt,
2830 3793 3142 3865 Dionysium
3187 3793 3356 3850 annos
3383 3793 3585 3848 Christi
3631 3795 3844 3865 integro

2269 3867 2359 3921 'ere
2385 3881 2528 3921 anno
2550 3867 2885 3937 priusquam
2914 3866 3074 3920 hodie
3098 3867 3287 3937 inmra
3314 3874 3499 3937 nostra
3528 3865 3843 3937 Christiana

2249 3937 2364 3990 lieri
2392 3935 2566 4001 solet;
2582 3936 2837 3993 videlicet
2862 3952 2892 3990 a
2914 3952 3100 3991 mense
3123 3935 3316 3990 Martio
3343 3937 3426 3989 vel
3455 3936 3646 4004 Aprili,
3674 3937 3845 3992 nostri

2249 4008 2376 4060 anni
2398 4007 2608 4061 initium
2636 4006 3012 4069 antecedente,
3047 4021 3378 4061 numerasse.
3411 4005 3544 4059 Vide
3573 4021 3700 4075 quae
3719 4016 3845 4075 post

2247 4077 2404 4141 alios,
2437 4093 2507 4148 ex
2536 4076 2744 4133 Petavii
2784 4079 3141 4148 sententiaet
3167 4092 3235 4136 ex
3284 4078 3390 4130 hoc
3435 4076 3552 4144 ipso
3598 4077 3845 4148 Dionysii

2249 4148 2370 4202 loco
2390 4190 2406 4216 ,
2437 4145 2554 4202 fuse
2581 4157 2638 4202 et
2689 4163 2922 4217 Operose
2948 4187 2963 4210 ,
2995 4147 3087 4201 sed
3118 4145 3312 4217 frustra
3334 4189 3346 4208 ,
3381 4155 3570 4201 contra
3601 4145 3802 4217 Beda‘m
3828 4187 3844 4213 ,

2250 4215 2401 4288 quasi
2461 4233 2616 4273 nova:
2679 4215 2801 4272 mine
2849 4225 3128 4288 auctorem
3156 4259 3170 4284 ,
3223 4216 3479 4288 disputat;
3510 4215 3848 4273 clarissimus

2248 4286 2522 4356 quondam
2565 4289 2979 4342 mathematicus
3017 4287 3216 4356 Georg.
3268 4287 3390 4341 Alb.
3423 4286 3846 4356 =Hambergerus

2250 4358 2304 4411 in
2359 4359 2487 4413 diss.
2541 4359 2615 4414 de
2667 4356 2800 4412 Ortu
2846 4367 2901 4413 et
2955 4368 3179 4413 auctore
3225 4359 3448 4426 epochaz
3496 4357 3844 4420 Christianae.

2250 4427 2389 4482 lenae
2417 4429 2580 4492 1707,
2610 4430 2696 4484 ed.
2732 4446 2785 4498 p.
2839 4428 2903 4482 M
2927 4446 3045 4499 sqq.
3089 4430 3158 4482 At
3179 4429 3387 4495 integra
3417 4428 3575 4499 verba
3602 4427 3848 4499 Dionysii

2251 4510 2600 4554 controversa
2650 4501 2727 4554 sic
2753 4501 3063 4568 accipienda
3093 4508 3147 4553 et
3186 4498 3502 4568 explicanda
3541 4511 3668 4552 sunt
3695 4513 3706 4549 :
3735 4498 3850 4553 Ea:-

2251 4578 2396 4640 cepto
2446 4587 2586 4625 anno
2614 4572 2780 4640 primo
2812 4570 3032 4640 (lunari)
3071 4584 3214 4638 smpe
3259 4568 3390 4623 dicti
3423 4569 3554 4636 cycli
3579 4570 3850 4640 det-emno-

2251 4637 2482 4695 rennatis
2518 4637 3023 4712 (ad'novenidecim'
3060 4637 3232 4694 annos
3265 4641 3482 4712 solares
3522 4648 3577 4692 et
3604 4637 3850 4706 Julianos

2255 4711 2668 4775 accommOdati,
2720 4720 2775 4765 et
2802 4713 2867 4764 ab
2916 4713 3101 4765 iisdem
3145 4711 3224 4781 ita
3245 4711 3398 4780 dicti)
3441 4725 3587 4781 quem
3613 4713 3846 4781 (annum

2255 4781 2498 4836 lunarem
2528 4784 2644 4836 sive
2687 4781 3023 4851 paschalein)
3055 4799 3085 4833 a
3115 4780 3314 4834 decima
3343 4777 3530 4850 quarta
3557 4777 3849 4850 lunaqu-

2253 4851 2366 4906 clue
2391 4853 2578 4918 ultimi,
2610 4853 2666 4906 id
2693 4861 2768 4906 est
2797 4853 2920 4905 noni
2945 4851 3153 4918 decimi,
3173 4853 3298 4904 anni
3336 4851 3572 4920 (solaris,
3604 4851 3697 4920 qui
3729 4858 3851 4906 erat

2254 4923 2458 4991 periodi
2506 4923 2730 4977 Julianae
2791 4919 2958 4986 5241,
3001 4938 3122 4976 uerae
3152 4918 3490 4992 Dionys:an:e
3528 4918 3851 4992 ﬁliusque

2255 4990 2324 5065 ad
2352 4993 2606 5048 decimam
2627 5003 2868 5065 quartam
2900 4992 3130 5065 ejusdem
3159 4990 3313 5063 primi
3345 4991 3494 5062 (anni
3521 4990 3719 5065 solaris
3751 4990 3848 5060 qui

2253 5063 2307 5117 in
2339 5061 2677 5135 capiteyeycli
2703 5061 3012 5135 Dionysiani
3051 5061 3288 5135 positus,
3322 5061 3440 5135 erat
3464 5077 3638 5135 annus
3651 5061 3850 5135 incar-

2253 5129 2486 5188 nationis
2513 5129 2637 5201 559.,
2661 5142 2720 5189 ut
2749 5129 2950 5189 diserte
2972 5129 3201 5188 testatur
3229 5132 3372 5188 Beda
3402 5132 3469 5186 de
3501 5130 3627 5186 Rat.
3651 5129 3845 5200 Temp.

2251 5219 2372 5276 cap.
2398 5203 2489 5276 47)
2508 5244 2514 5253 .
2533 5222 2805 5260 numerare
2835 5221 3098 5260 curamus.
3147 5201 3238 5276 Sic
3265 5216 3403 5276 ergo
3436 5217 3605 5276 annus
3621 5201 3848 5276 lunaris

2233 5271 2364 5336 Asiv'e
2392 5271 3064 5346 paschalis,antecedentis
3094 5274 3221 5327 anni
3241 5271 3434 5346 solaris
3458 5273 3636 5330 ultimi
3663 5271 3849 5346 tinem,

2249 5355 2304 5400 et
2332 5343 2714 5416 consequentis
2735 5349 2895 5417 primi
2923 5347 3134 5400 initium
3163 5344 3504 5417 occupabat;
3529 5343 3848 5417 atqueadeo

2219 5466 2222 5468 _
2249 5417 2397 5471 nulla
2427 5412 2701 5473 incondita
2725 5412 2751 5486 ,“
2773 5426 2868 5472 aut
2894 5433 2953 5474 se
2997 5423 3187 5474 mutuo
3225 5412 3524 5470 cvértcntia
3563 5412 3618 5469 in
3665 5415 3851 5468 verbis

2253 5487 2492 5558 Dionysii
2524 5498 2835 5543 occurrunt.

2331 5560 2346 5595 ί
2383 5559 2505 5623 Alii,
2531 5560 2892 5614 causavimus..
2909 5560 3233 5616 Bncnsaius.

2327 5639 2352 5676 κ
2380 5629 2435 5682 In
2468 5630 2708 5684 editione
2750 5631 2953 5684 Petavii
2995 5629 3190 5696 legitur
3210 5670 3225 5692 ,
3257 5629 3455 5682 retinet.
3507 5623 3720 5689 Primo;
3752 5623 3850 5679 sed

2254 5715 2375 5756 cum
2402 5701 2670 5769 Bncberii,
2701 5700 2983 5770 quamihic
3004 5701 3325 5767 retinemus,
3358 5699 3588 5753 lectione
3611 5710 3848 5751 consen-

2253 5773 2395 5826 tiunt
2424 5787 2553 5828 mss.
2585 5768 2738 5842 Digb.
2773 5768 2828 5826 et
2855 5769 2999 5826 Cott.
3027 5781 3272 5838 uterque.
