4122 6484
349 261 455 317 517

1258 322 1265 330 .
1391 248 1719 305 EPiSTOi.A
1763 247 1845 304 DE
1890 248 2187 304 RATIONE
2230 248 2543 305 PASCIIA‘J.

3551 252 3655 307 5|8

350 375 641 430 volvuntur
672 380 719 435 λ,
766 370 911 424 nulla
955 376 1143 439 ερας-[ι]
1193 368 1245 421 in
1297 366 1561 436 principio
1614 366 1779 435 ipsius
1821 366 1957 436 cycli
1992 372 2033 425 Α
2137 364 2293 419 Anno
2334 364 2845 421 deccmuovennalis
2898 365 3083 420 circuli
3141 366 3152 415 i
3212 365 3408 435 primo,
3446 364 3663 422 lunaris

350 464 592 538 ponitur,
616 463 883 517 secundus
906 468 1083 515 autem
1109 474 1280 514 annus
1309 467 1531 530 cpactas
1562 457 1809 511 undecim
1835 472 1955 511 sus-

348 559 518 629 cipit:
568 562 624 611 et
661 554 806 618 ideo,
844 553 983 608 sicut
1023 551 1273 616 diximus,
1306 566 1335 604 a
1362 551 1570 605 decima
1609 550 1794 618 quinta
1833 548 1957 601 luna

353 650 575 705 Pascha:
603 646 758 717 primi
787 644 951 717 cycli,
974 659 1146 713 usque
1175 643 1239 696 ad
1275 642 1432 697 tinem
1464 640 1602 710 ejus,
1632 641 1682 694 in
1714 655 1958 694 commu-

351 741 510 795 nibus
546 750 598 793 et
630 737 964 792 emboltstnis
986 736 1141 789 annis
1172 732 1421 804 praeﬁxos
1447 734 1560 788 dies
1592 747 1691 786 nos
1718 731 1959 785 invenire

353 846 459 883 non
492 829 710 883 dubitnn
742 836 843 881 est.
887 826 1041 894 Quod
1083 827 1127 881 si
1175 826 1330 880 aliter
1364 825 1652 894 aliquando
1682 824 1958 881 calculan-

354 921 487 973 tiutn
520 918 785 988 imperitia
815 917 974 971 fuerit
1003 916 1239 972 fortassis
1272 916 1601 985 expositum,
1632 916 1735 971 hac
1771 915 1959 971 obser-

342 987 536 1065 ivantia
567 1008 1001 1064 ratiocinationis
1031 1022 1218 1062 eorum
1247 1005 1453 1061 fals‘itas
1483 1016 1757 1076 arguetur.

429 1105 605 1173 Atque
635 1103 826 1158 uthoc
854 1102 1189 1156 manifestius
1217 1102 1386 1171 possit
1411 1102 1653 1170 intelligi,
1680 1102 1960 1171 praesentis

355 1196 479 1250 anni
508 1195 760 1265 exemplo
804 1201 1185 1248 monstremus.
1232 1190 1455 1247 lntlictio
1483 1194 1682 1262 quippe
1712 1201 1906 1263 quarta
1931 1192 1957 1230 ι)

356 1297 459 1352 est,
491 1298 546 1342 et
575 1287 778 1341 lunaris
806 1285 1039 1341 circulus
1080 1285 1419 1349 undecimus;
1454 1285 1960 1341 decemuovennalis

357 1378 538 1448 cyclus
577 1377 818 1433 decimus
858 1385 1083 1446 quartus
1133 1387 1177 1429 ε.
1231 1374 1292 1428 Et
1337 1377 1590 1445 quoniam
1634 1376 1961 1431 hendecadis

357 1478 541 1523 sextus
572 1484 742 1523 annus
770 1477 872 1533 est,
905 1484 1029 1523 eum
1059 1467 1433 1522 embolismum
1465 1483 1585 1524 esse
1614 1483 1835 1524 necesse
1855 1478 1957 1525 est.

359 1563 401 1615 A
432 1562 638 1616 decima
671 1561 856 1630 quinta
884 1561 1065 1629 itaque
1094 1560 1216 1613 luna
1257 1560 1513 1629 przeteriti
1545 1557 1665 1615 festi
1695 1576 1864 1630 usque
1892 1561 1960 1615 ad

357 1650 628 1705 decimam
661 1659 908 1720 quartam
939 1651 1239 1721 praesentis,
1269 1657 1401 1720 quot
1430 1659 1557 1706 sunt
1586 1651 1699 1706 dies
1728 1650 1959 1722 diligen-

2061 456 2272 512 decimo
2294 458 2547 528 septimo,
2573 473 2601 510 a
2624 457 2834 512 decimo
2861 459 3049 525 quinto
3070 456 3323 511 calendas
3344 455 3471 510 Maii
3494 473 3665 526 usque

2061 565 2230 604 nouas
2270 548 2486 620 Aprilis,
2517 552 2643 619 quia
2672 551 2975 605 communis
3005 565 3177 604 annus
3201 548 3466 618 est,~tiunt
3494 548 3519 588 ι
3548 550 3665 606 dies

2063 643 2285 695 trecenti
2318 642 2705 711 quinquaginta
2736 651 2989 712 quatuor.

2131 736 2287 790 Anno
2312 736 2823 790 decemnovennalis
2847 733 3030 789 circuli
3056 733 3318 800 secundo,
3336 734 3553 788 ’lunaris
3578 732 3668 787 de-

2060 828 2203 883 cimo
2230 836 2448 895 octavo,
2473 828 2539 881 ab
2562 833 2755 882 octavo
2780 826 2897 880 idus
2920 825 3119 894 Aprilis
3142 840 3310 893 usque
3336 824 3385 876 in
3413 834 3666 878 octavum

2061 916 2313 973 calendas
2340 916 2558 985 Aprilis,
2590 916 2713 985 quia
2744 915 3046 969 communis
3067 929 3240 968 anuus
3262 923 3372 981 est,
3397 913 3529 966 ﬁunt
3549 913 3668 967 dies

1985 1045 1987 1047 ι
2063 1006 2713 1076 trecentiquinquaginta
2744 1014 2997 1075 quatuor.

2132 1099 2288 1152 Anno
2319 1097 2828 1152 decemnovennalis
2866 1096 3268 1162 circuli'tertio,
3299 1094 3499 1149 lunaris
3524 1093 3669 1149 deci-

2064 1207 2153 1246 mo
2187 1206 2352 1256 nono,
2385 1206 2414 1245 a
2445 1190 2676 1261 septimo
2715 1188 2965 1244 calendas
3008 1188 3204 1258 Aprilis
3244 1203 3413 1256 usque
3455 1188 3507 1240 in
3550 1187 3669 1241 idus

2064 1282 2279 1352 Aprilis,
2304 1281 2430 1352 quia
2453 1282 2806 1337 embolismus
2828 1289 2931 1347 est,
2963 1278 3095 1333 tlunt
3120 1278 3235 1332 dies
3266 1278 3492 1333 trecenti
3516 1286 3669 1331 octo-

2064 1376 2211 1445 ginta
2243 1385 2499 1444 quatuor.

2135 1468 2291 1522 Anno
2321 1467 2827 1522 decemnovennalis
2864 1466 3046 1520 circuli
3078 1472 3295 1533 qttarto,
3325 1463 3529 1519 lunaris
3559 1462 3668 1532 pri-

2064 1578 2174 1627 mo,
2201 1576 2229 1614 a
2258 1560 2477 1615 decimo:
2490 1569 2685 1615 octavo
2708 1558 2964 1614 calendas
2993 1556 3115 1611 Maii
3144 1572 3312 1625 usque
3340 1556 3393 1609 in
3417 1566 3667 1625 quartum

2068 1668 2234 1707 nonas
2260 1650 2481 1722 Aprilis,
2507 1653 2635 1721 quia
2667 1650 2968 1706 communis
2998 1657 3099 1711 est,
3134 1649 3266 1702 tiunt
3296 1648 3421 1704 dics
3439 1647 3666 1703 trecenti

360 1746 463 1801 tius
494 1745 847 1814 iuquiramus,
878 1751 936 1798 et
966 1744 1304 1799 inveniemus
1339 1743 1525 1814 procul
1554 1744 1716 1798 dubio
1744 1746 1963 1815 quando
2002 1760 2042 1818 Β
2070 1746 2457 1816 quinquaginta
2487 1757 2735 1813 quatuor.

359 1837 563 1891 Pascha
611 1835 888 1891 celebrare
928 1836 1239 1891 debeamus.
1284 1834 1583 1891 Transacto
1621 1852 1765 1891 anno
1795 1837 1821 1875 ά
1864 1856 1960 1910 per

359 1928 708 1983 iudictioncm
757 1928 969 1981 tertiam
1016 1930 1089 1993 (in
1144 1926 1373 1997 Pascha)
1415 1937 1437 1964 ε
1480 1927 1661 1981 lunam
1694 1930 1958 1985 decimam

359 2031 607 2089 quartam
638 2036 783 2074 nono
812 2019 1158 2075 calendarum
1188 2020 1450 2089 Aprilium
1481 2020 1587 2086 die,
1620 2021 1671 2076 id
1700 2032 1780 2077 est
1810 2025 1959 2094 vige-

358 2126 498 2164 snno
542 2118 738 2179 quarto
782 2110 982 2163 mensis
1023 2108 1199 2163 Martii
1242 2109 1428 2178 fuisse,
1461 2112 1583 2180 quis
1612 2112 1838 2178 dubitet,
1870 2117 1960 2186 qui

360 2214 546 2253 curam
579 2198 737 2269 hujus
781 2199 856 2253 rei
902 2199 1099 2254 habere
1124 2202 1659 2272 quantulumcunque
1681 2208 1960 2274 cognosci-

360 2293 482 2346 tur?
509 2290 571 2344 Et
601 2291 721 2347 ideo
745 2293 815 2346 ab
845 2301 1040 2347 octavo
1070 2293 1417 2349 calendarum
1450 2295 1714 2364 Aprilium
1747 2297 1833 2353 die
1863 2317 1962 2353 nu-

359 2384 599 2439 merandi
645 2400 920 2439 sumamus
959 2385 1283 2440 exordium:
1320 2386 1584 2443 habemus
1624 2388 1801 2445 Martii
1846 2393 1962 2447 dies

359 2484 586 2546 septem,
616 2476 814 2547 Aprilis
846 2478 1082 2547 triginta,
1116 2477 1241 2532 Maii
1275 2479 1491 2549 triginta
1521 2489 1577 2534 et
1606 2497 1791 2549 unum,
1812 2482 1960 2539 Junii

361 2556 597 2635 triginta,
628 2565 751 2621 Julii
800 2570 1015 2636 triginta
1056 2579 1110 2623 et
1149 2585 1332 2635 unum,
1376 2570 1600 2639 Augusti
1650 2574 1866 2641 triginta
1906 2585 1963 2631 et

359 2674 546 2723 unum,
564 2657 898 2728 Septembris
923 2660 1159 2727 triginta,
1184 2658 1433 2716 Octobris
1457 2661 1674 2731 triginta
1698 2672 1751 2717 et
1775 2681 1957 2730 unum,

359 2749 680 2803 Novembris
711 2750 944 2817 triginta,
979 2750 1288 2806 Decembris
1321 2751 1537 2821 triginta
1569 2760 1623 2806 et
1656 2769 1843 2822 unum,
1873 2753 1963 2808 Ja-

360 2841 531 2895 nuarii
567 2841 784 2910 triginta
817 2849 870 2895 et
899 2857 1085 2906 unum,
1120 2840 1395 2896 Februarii
1428 2842 1613 2910 viginti
1645 2852 1789 2909 octo,
1824 2843 1962 2898 Mar-
2028 2846 2032 2850 ’

359 2931 418 2984 tii
451 2932 667 3000 triginta
694 2940 748 2987 et
775 2947 962 2999 umtm,
994 2932 1193 3003 Aprilis
1221 2932 1505 2988 duodecim
1534 2933 1670 3000 dies,
1699 2933 1845 3004 quod
1877 2946 1962 2991 est

359 3024 532 3094 pridie
569 3023 691 3079 idas
732 3023 951 3094 Aprilis.
1005 3023 1161 3078 Fiunt
1206 3024 1365 3078 simul
1416 3026 1644 3081 trecenti
1687 3028 1959 3095 octoginta

2136 1840 2293 1893 Anno
2322 1836 2829 1893 decemnovennalis
2869 1835 3057 1891 circuii
3099 1836 3309 1905 quinto,
3344 1836 3547 1890 lunaris
3578 1852 3666 1891 se-

2065 1932 2265 1989 eundo.
2297 1946 2328 1983 a
2362 1930 2521 1983 tertio
2554 1944 2726 1983 nonas
2764 1928 2964 1993 Aprilis
3002 1943 3172 1996 usque
3221 1928 3272 1981 iu
3323 1928 3665 1983 undecimum

2065 2021 2317 2077 calendas
2348 2021 2563 2091 Aprilis,
2594 2020 2718 2091 quia
2764 2018 3065 2075 communis
3098 2026 3200 2084 est,
3236 2016 3369 2072 [inut
3396 2018 3510 2073 dies
3556 2030 3665 2074 tre-

2064 2116 2205 2169 centi
2235 2116 2619 2186 quinquaginta
2649 2124 2902 2183 quatuor.

2137 2210 2292 2263 Anno
2315 2208 2821 2264 decemnovennalis
2843 2207 3035 2262 circuli
3054 2207 3459 2268 sexto,,lunaris
3485 2209 3666 2274 tertio,

2066 2316 2094 2355 a
2138 2301 2348 2355 decimo
2392 2300 2645 2355 calendas
2689 2298 2887 2368 Aprilis
2940 2313 3111 2367 usque
3164 2298 3216 2351 in
3258 2307 3509 2365 quartum
3554 2300 3668 2353 idus

2066 2394 2282 2461 Aprilis,
2305 2394 2428 2463 quia
2460 2392 2807 2447 embolismus
2835 2397 2936 2456 est,
2964 2390 3095 2444 tiunt
3126 2388 3240 2445 dies
3270 2390 3498 2449 trecenti
3523 2403 3668 2448 octr.

2063 2485 2211 2553 ginta
2243 2494 2495 2554 quatuor.

2136 2577 2292 2630 Anno
2341 2573 2850 2631 decetnnovennalis
2900 2572 3087 2629 circuli
3143 2573 3412 2644 septimo,
3466 2574 3668 2633 lunaris

2066 2675 2279 2736 quarto,
2314 2681 2343 2719 a
2377 2666 2537 2721 tertio
2568 2666 2683 2721 idus
2730 2664 2929 2735 Aprilis
2956 2679 3125 2733 usque
3157 2665 3208 2717 in
3242 2665 3669 2721 tertiumcalen-

2065 2759 2162 2813 das
2192 2759 2410 2828 Aprilis,
2438 2759 2561 2829 quia
2610 2757 2913 2813 communis
2954 2766 3055 2824 est,
3099 2756 3235 2810 [lunt
3262 2757 3395 2813 dies
3439 2760 3668 2813 trecenti

2062 2852 2452 2921 quinquaginta
2485 2860 2736 2920 quatuor.

2137 2944 2292 2998 Anno
2357 2942 2869 2999 decemnovennalis
2930 2941 3118 2996 circuli
3176 2949 3409 3009 octavo,
3468 2942 3671 2998 lunaris

2066 3037 2275 3105 quinto,
2305 3053 2335 3091 a
2374 3037 2547 3109 pridie
2588 3035 2839 3090 calendas
2884 3034 3080 3105 Aprilis
3123 3049 3291 3103 usque
3320 3035 3371 3089 in
3402 3036 3665 3092 decimum

360 3125 612 3183 quatuor.
655 3115 809 3183 Quod
853 3115 921 3183 si,
964 3116 1118 3188 juxta
1164 3133 1350 3171 eorum
1390 3117 1757 3174 detinitionctu
1809 3118 1826 3158 ί
1869 3120 1960 3191 qui
1993 3142 2038 3203 ρ
2069 3137 2319 3196 quartunt
2368 3128 2621 3183 calendas
2662 3126 2809 3192 Maii,
2839 3128 2965 3195 quia
3005 3127 3354 3181 embolismus
3394 3136 3495 3195 est,
3540 3127 3671 3187 ﬁunt

361 3206 543 3262 lunam
576 3207 734 3263 aliter
758 3225 920 3280 quam
951 3224 1008 3263 se
1040 3208 1234 3263 veritas
1267 3210 1426 3263 habet
1456 3222 1794 3280 computant,
1820 3212 1963 3268 dcci-

359 3315 499 3353 mam
523 3311 792 3369 quartam,
820 3316 926 3355 non
960 3300 1128 3370 pridie
1155 3301 1333 3355 iduum
1366 3303 1652 3372 Aprilium,
1683 3305 1775 3358 sed
1802 3305 1961 3360 tertio

358 3388 543 3446 iduum
583 3392 771 3447 demus
804 3408 1112 3461 occurrere,
1150 3395 1377 3448 trecenti
1408 3396 1681 3463 octoginta
1712 3408 1818 3450 tres
1846 3396 1961 3452 dics

358 3484 643 3540 imminuto
665 3501 889 3541 numero
906 3487 1226 3555 colligentttr
1249 3498 1304 3553 ts;
1328 3489 1469 3558 quod
1495 3489 1640 3545 nullo
1667 3490 1777 3545 ticri
1801 3500 1959 3561 pacto

360 3574 692 3630 conceditur.
738 3574 805 3629 Et
834 3574 905 3630 ita
937 3592 1150 3646 semper
1176 3579 1391 3647 quoties
1419 3579 1683 3635 dubitatio
1714 3584 1835 3637 talis
1867 3598 1961 3639 oc-

362 3666 606 3733 currerit,
637 3683 667 3720 a
700 3666 910 3721 decima
939 3670 1125 3738 quinta
1171 3670 1292 3723 luna
1325 3681 1606 3727 transactge
1635 3674 1959 3742 festivitatis,

363 3772 531 3826 usque
559 3757 612 3812 in
643 3759 904 3815 decimam
948 3772 1193 3829 quartam
1238 3760 1475 3825 Dascbae,
1512 3761 1536 3800 ¹¹
1575 3765 1718 3834 quod
1766 3768 1962 3835 qua3ri—

364 3865 521 3915 mus,
574 3851 689 3906 dies
734 3852 965 3908 sollicite
1010 3865 1401 3925 computemus.
1463 3857 1526 3912 Et
1565 3858 1607 3913 si
1662 3862 1963 3918 couuuttnis

361 3955 534 3995 annus
554 3950 656 4009 est,
679 3952 949 3999 trecentos
970 3945 1354 4015 quinquaginta
1377 3957 1610 4017 quatuor
1625 3949 1759 4014 dies;
1783 3952 1825 4005 si
1850 3968 1963 4007 cm-

362 4029 621 4085 bolismus
636 4042 741 4100 est,
758 4043 1028 4091 trecentos
1050 4036 1321 4107 octoginta
1344 4050 1576 4107 quatuor
1598 4040 1958 4098 inveniemus:

361 4136 465 4177 nec
499 4123 833 4192 inaequalitas
872 4124 882 4161 ί
922 4141 1144 4196 prorsus
1186 4129 1421 4195 eveniet,
1448 4131 1571 4200 quia
1612 4132 1795 4200 regula
1827 4135 1961 4205 cycli

362 4211 520 4281 hujus
548 4213 646 4268 hac
672 4214 882 4270 ratione
920 4216 1181 4283 subsistit,
1213 4218 1365 4289 cujus
1393 4221 1728 4277 euuclealam
1756 4224 1962 4279 formu-

362 4303 468 4357 lam
494 4304 733 4374 subjecta
763 4307 1126 4377 descriptione
1155 4310 1471 4379 pandemus.

437 4450 462 4477 °
489 4441 550 4507 Β,
575 4444 811 4498 volvitur.
833 4443 893 4507 D,
919 4446 1266 4500 revolvuntur.

436 4511 642 4586 leunc
670 4514 845 4586 locum
876 4518 1223 4585 exposuimus
1256 4517 1347 4573 lib.
1401 4534 1492 4583 xu,
1524 4535 1577 4575 c.
1624 4519 1675 4586 5,
1710 4521 1760 4574 in
1796 4519 1901 4576 fine
1942 4541 1954 4576 :

363 4580 453 4637 ubi
507 4591 563 4639 et
590 4585 929 4659 ostendimus
949 4580 1234 4659 legendum
1286 4589 1446 4657 pattlo
1478 4580 1629 4659 post,
1664 4580 1951 4648 'lransaclo

363 4670 507 4732 anno
527 4696 542 4721 ,
587 4655 870 4732 indictione
897 4656 952 4722 5,
984 4675 1088 4711 non
1134 4657 1188 4732 5,
1227 4655 1369 4728 quod
1397 4670 1453 4713 ct
1478 4655 1540 4714 in
1574 4661 1788 4732 scriptis
1818 4673 1874 4717 et
1904 4665 1957 4719 in

362 4726 509 4800 gusis
555 4727 697 4800 apud
749 4726 949 4782 Bedam
976 4759 994 4800 '_
1000 4726 1272 4795 exstabat,
1323 4739 1378 4784 et
1405 4732 1559 4786 nobis
1601 4726 1955 4800 imposuerat.

365 4793 568 4873 Eodem
600 4796 761 4873 igitur
790 4812 932 4873 anno
968 4797 1183 4854 Juliano
1212 4793 1481 4873 posterior
1507 4793 1708 4872 scripta
1737 4814 1820 4859 est
1848 4821 1957 4873 quo

364 4866 789 4942 prior‘epistola.
824 4866 1112 4942 Per/ivrus.
1145 4866 1493 4926 —'Iiecteita
1522 4866 1810 4942 legendum
1843 4866 1960 4930 c'ett-

364 4937 474 4990 suit
502 4935 753 5009 Petavius
778 4981 792 5005 ,
826 4941 970 5009 quod
1013 4957 1119 4996 non
1164 4942 1326 4996 modo
1355 4935 1628 4999 Marianos
1673 4943 1866 5000 Scelus
1894 4946 1959 4999 ad

365 5022 454 5060 an.
488 5006 607 5081 :26,
644 5007 730 5081 ubi
760 5006 924 5064 verba
946 5010 1183 5081 Dionysii
1206 5013 1356 5073 citat,
1378 5013 1469 5067 sed
1502 5024 1555 5068 et
1579 5030 1766 5069 omnes
1796 5017 1954 5071 codd.

366 5079 536 5156 nostri
569 5079 913 5156 conﬁrmant.
946 5082 1053 5137 Sed
1078 5079 1353 5156 quomodo
1387 5083 1513 5139 hinc
1537 5085 1734 5140 inferre
1766 5088 1956 5156 possit,

366 5149 556 5224 eodem
614 5165 757 5203 anno
804 5150 1020 5207 Jutiano
1047 5154 1427 5220 posteriorem
1488 5156 1626 5211 hanc
1672 5149 1956 5224 epiltolam

364 5218 622 5294 scriptam
645 5236 782 5285 esse,
815 5238 945 5292 quo,
971 5218 1244 5294 priorem,
1276 5232 1404 5291 puta
1437 5225 1649 5294 prtel‘at.
1681 5218 1745 5279 ad
1773 5226 1959 5282 Petro-

369 5290 565 5363 nium,
601 5308 718 5363 non
780 5290 988 5363 capiof
1018 5293 1149 5363 Nam
1204 5290 1575 5363 ptiefatiouem
1629 5301 1767 5352 hanc
1816 5314 1957 5352 anno

366 5358 567 5437 Christi
597 5358 701 5415 525
726 5388 741 5427 ,
770 5358 986 5437 ,ιυίῖτιηο
1014 5361 1156 5437 570,
1204 5358 1459 5437 scriptam
1494 5381 1610 5422 esse
1631 5411 1648 5433 ,
1677 5384 1837 5437 supra
1881 5369 1962 5422 itt-

366 5430 524 5484 victis
573 5436 904 5499 argumentis
950 5430 1329 5501 ostendimusj
1375 5436 1601 5490 alteram
1634 5430 1783 5492 vero
1815 5440 1963 5493 illam

367 5501 649 5573 epistolam
684 5502 919 5573 Dionysii
952 5507 1015 5558 ad
1049 5505 1382 5560 Bonifacium
1415 5521 1557 5562 anno
1586 5508 1784 5564 Christi
1818 5527 1963 5565 com-

368 5572 515 5625 muni
547 5570 647 5625 5'26
677 5615 689 5637 ,
743 5570 956 5629 Juliano
989 5573 1083 5628 571
1131 5587 1407 5629 exaratam
1440 5593 1557 5632 esse
1582 5620 1596 5644 ,
1652 5581 1737 5633 vel
1782 5582 1966 5635 chara-

366 5649 542 5696 cteres
573 5644 657 5698 hic
687 5645 875 5709 additi,
905 5647 1123 5703 indictio
1153 5646 1204 5712 4,
1232 5650 1415 5717 cyclus
1436 5648 1705 5715 dcceutn.,
1732 5652 1846 5707 sive
1871 5667 1965 5706 au-

369 5728 777 5792 reusvnumerus
800 5733 914 5783 ‘Xtv,
948 5732 1077 5792 ete.,
1114 5719 1533 5792 luculentissitue
1564 5732 1813 5792 prmium.

446 5795 465 5821 ε
502 5784 562 5842 D.
595 5786 1073 5842 dccemnoreimalis
1104 5790 1279 5843 circuli
1314 5806 1445 5845 χλιιι.

2070 3221 2184 3275 dies
2212 3222 2437 3275 trecenti
2467 3220 2741 3287 octoginta
2772 3229 3023 3288 quatuor.

2142 3312 2296 3366 Auno
2328 3312 2838 3369 decemnovennalis
2859 3312 3046 3367 circuli
3073 3327 3239 3376 nono,
3267 3314 3468 3369 lunaris
3493 3322 3667 3381 sexto,

2068 3422 2097 3458 a
2124 3390 2334 3466 decium
2363 3405 2521 3459 tertio
2543 3406 2796 3461 calendas
2818 3405 2940 3460 Maii
2966 3422 3137 3476 usque
3160 3408 3211 3461 in
3240 3409 3526 3477 septimum
3554 3408 3667 3463 idus

2067 3496 2284 3564 Aprilis,
2316 3497 2439 3564 quia
2472 3497 2906 3564 commuttisest,
2939 3495 3072 3551 ﬁunt
3100 3497 3214 3553 dies
3238 3500 3478 3553 trecenti
3509 3501 3669 3568 quin-

2068 3589 2324 3657 quaginta
2350 3597 2601 3656 quatuor.

2138 3679 2293 3732 Auno
2322 3678 2832 3733 decemuovennalis
2858 3679 3047 3733 circuli
3078 3679 3314 3745 decimo,
3351 3680 3553 3736 lunaris
3580 3697 3669 3737 se-

2067 3769 2260 3838 ptimo,
2291 3784 2320 3821 a
2352 3779 2505 3823 sexto
2538 3767 2653 3822 idus
2678 3767 2881 3838 Aprilis
2906 3784 3074 3838 usque
3103 3770 3385 3826 insextum
3417 3772 3675 3827 calendas

2067 3863 2283 3934 Aprilis,
2317 3862 2445 3931 quia
2481 3863 2782 3917 communis
2804 3871 2915 3930 est,
2944 3861 3077 3918 fiunt
3106 3863 3222 3917 dies
3262 3865 3493 3918 trecenti.
3514 3866 3670 3937 quin-

2070 3956 2323 4025 quaginta
2356 3964 2605 4023 quatuor.

2140 4049 2298 4103 Anuo
2345 4047 2854 4103 decemuovennalis
2897 4048 3082 4103 circuli
3132 4049 3434 4113 undecimo,
3469 4051 3675 4107 lunaris.

2070 4148 2286 4203 octavo,
2320 4154 2349 4192 a
2378 4140 2569 4209 quinto
2598 4139 2850 4195 calendas
2887 4140 3089 4210 Aprilis
3118 4155 3287 4209 usque
3317 4141 3368 4195 in
3399 4141 3669 4196 decimum

2068 4230 2354 4299 septimum
2396 4230 2647 4284 calendas
2678 4229 2825 4297 Maii,
2857 4235 2980 4299 quia
3020 4233 3368 4288 embolismus
3398 4241 3500 4300 est,
3538 4234 3671 4291 tiunt

2069 4321 2183 4377 dies
2215 4323 2441 4377 trecenti
2473 4324 2745 4393 octoginta
2772 4334 3029 4394 quatuor.

2140 4454 2163 4492 ἀ
2192 4457 2347 4534 Anno
2380 4467 2506 4534 puta
2530 4457 2879 4534 Cliristi_5‘25,
2920 4462 3081 4530 cyclo
3111 4462 3250 4517 lunae
3272 4463 3544 4520 'A-lexand.
3579 4466 3676 4534 15,

2066 4527 2246 4581 littera
2277 4529 2588 4583 dominicali
2620 4529 2679 4582 Ε.
2729 4527 3055 4588 Bucusaius.

2142 4598 2307 4678 ξχιιέρο
2330 4600 2381 4652 in
2414 4599 2871 4678 editionel’etavii
2905 4604 3117 4659 desunt.
3154 4603 3674 4678 .ltLDvlegitttrpprr

2064 4669 2399 4746 indictionem
2416 4687 2493 4746 _tv_
2509 4673 2756 4746 paschale
2782 4673 2905 4726 tuna
2931 4692 3036 4741 xw,
3067 4685 3175 4730 etc.
3205 4669 3455 4730 Fortasse
3488 4669 3676 4746 legetu-

2068 4739 2194 4793 dum
2231 4758 2243 4792 :
2278 4739 2575 4809 past-Itale»:
2603 4744 2801 4797 tunam.

2144 4809 2161 4848 ί
2192 4809 2457 4887 bimarem
2495 4813 2718 4887 Victorii
2743 4815 2955 4884 cyclum
2985 4831 3018 4867 v
3048 4816 3137 4871 hic
3159 4825 3310 4873 notat
3340 4834 3352 4880 ;
3382 4833 3571 4887 quem
3602 4819 3674 4870 ad

2066 4880 2239 4934 Martii
2274 4880 2345 4933 29
2383 4885 2731 4957 apposuimtts
2759 4880 2914 4957 {uno
2944 4894 3068 4938 ante
3096 4887 3305 4957 cyclutn
3334 4880 3666 4945 Alexandri-

2066 4968 2253 5004 norum
2289 4968 2376 5005 xxv
2408 4954 2492 5007 die
2523 4995 2536 5021 ,
2571 4966 2716 5010 recte
2762 4955 2827 5008 ad
2861 4955 3101 5027 Dionysii
3130 4954 3405 5012 ’mentem.
3458 4959 3664 5014 Ducum-

2065 5038 2202 5075 RlllS.

2139 5103 2162 5169 tt
2195 5092 2270 5169 tta
2302 5092 2344 5145 D
2375 5103 2431 5148 et
2462 5102 2688 5163 uterque
2713 5092 2772 5149 C.
2807 5094 2973 5163 Editi,
3003 5097 3321 5169 colligemus.

2141 5162 2164 5199 ιι
2196 5164 2259 5224 D,
2283 5182 2458 5232 quam.

2146 5234 2157 5307 ξ
2198 5236 2374 5307 Alias,
2407 5237 2754 5307 inaequaliter.
2787 5236 3051 5302 Boeben,
3084 5238 3125 5294 C
3150 5238 3203 5305 ‘2,
3238 5256 3330 5293 nec
3362 5241 3536 5296 aliter.

2142 5305 2155 5354 i
2200 5303 2453 5381 Petavius
2479 5303 2534 5359 et
2557 5306 2853 5381 Bucherius
2884 5308 2969 5363 hic
2993 5303 3197 5377 pariter
3222 5326 3286 5365 ac
3309 5312 3359 5364 in
3388 5315 3669 5381 sequenti-

2072 5377 2171 5451 bus
2203 5377 2355 5430 annis
2386 5378 2569 5445 legunt
2594 5394 2730 5429 mtuo
2766 5380 3333 5451 decemttorennuti.....
3376 5377 3667 5451 (nititri....,

2024 5498 2027 5505 ,
2072 5446 2391 5521 sederunes
2441 5464 2566 5500 mss.
2606 5451 2773 5521 nostri
2808 5450 3007 5517 ubique
3057 5469 3154 5521 pro
3185 5453 3420 5507 ablativo
3471 5446 3671 5511 habent

2072 5517 2388 5599 genitivum,
2439 5533 2599 5597 sensu
2642 5518 2984 5586 evidentiori,
3036 5517 3091 5576 et
3137 5539 3259 5578 cum
3312 5525 3490 5581 tabula
3532 5528 3673 5599 cycli

2076 5587 2390 5654 Dionysiani
2424 5590 2595 5654 magis
2622 5600 2972 5654 congruente.

2150 5657 2171 5693 ιε
2212 5657 2362 5735 βῶμὶ
2392 5659 2443 5735 in
2504 5674 2645 5735 1!"th
2671 5660 2874 5735 _primo
2910 5668 2964 5712 et
2990 5664 3227 5735 secundo
3256 5665 3478 5735 habent,
3511 5682 3667 5729 sunt;

2074 5729 2128 5782 in
2150 5729 2367 5796 reliquis
2396 5727 2683 5798 ﬁunt.Sed
2712 5743 2845 5784 mss.
2875 5733 3233 5798 posteriorem
3260 5754 3445 5794 vocem
3469 5727 3671 5808 ubique

2075 5809 2356 5869 usurpant.
