4122 6504
482 264 586 319 Si!)

1236 240 1595 299 DIUNYSIUS
1637 199 1957 298 EXIGUUS.
2008 237 2225 295 EPIST.
2267 237 2411 292 JANI
2454 237 2543 291 AD
2585 229 3078 291 llOFl-‘MANNUM.

3693 230 3797 285 5‘20

561 380 716 420 Auno
746 359 1252 418 deccmnovennalis
1280 358 1468 414 circuli
1497 356 1849 419 duodecimo,
1881 355 2082 409 lunaris
2115 358 2161 414 Λ
2261 354 2416 405 Anno
2443 349 2952 406 deccmnovcnnalis
2974 347 3159 403 cii-euli
3187 347 3401 404 decimo
3425 353 3608 414 sexto,
3640 345 3798 400 iuna—
3831 401 3840 406 _

492 473 655 522 nono,
685 471 716 510 a
747 454 956 514 decimo
996 460 1150 508 sexto
1179 449 1437 506 calendas
1469 449 1593 502 Maii
1616 463 1786 518 usque
1833 447 1885 500 in
1918 446 2088 516 pridie

490 563 662 603 nonas
682 546 901 618 Aprilis,
931 545 1054 613 quia
1088 541 1394 597 communis
1416 548 1518 603 est,
1547 539 1680 594 fiunt
1711 537 1830 593 dies
1859 538 2088 592 trecenti

489 637 873 709 quinquaginta
898 642 1150 704 quatuor.

561 734 718 783 Anno
739 723 1248 782 decemnovennalis
1270 723 1456 779 circuli
1484 722 1695 778 decimo
1723 721 1903 786 tertio,
1929 719 2086 774 luna-

492 822 566 876 ris
590 820 824 888 decimo,
852 834 884 873 a
916 817 1072 873 nonis
1097 816 1297 886 Aprilis
1327 831 1496 884 usque
1529 815 1581 868 in
1612 829 1814 867 nonum
1837 812 2089 867 calendas

493 910 710 981 Aprilis,
737 909 860 978 quia
886 907 1189 963 communis
1230 913 1333 968 est,
1365 903 1498 960 fiunt
1527 905 1641 958 dies
1673 902 1896 958 trecenti
1931 901 2086 969 quin-

489 1001 746 1070 quaginta
785 1005 1046 1068 quatuor.

558 1092 717 1145 Anno
759 1084 1275 1144 decemnovennalis
1301 1083 1486 1140 circuli
1515 1081 1732 1138 decimo
1752 1089 1968 1150 quarto,
2005 1081 2083 1133 lu-

488 1182 632 1236 naris
658 1179 967 1240 undecimo,
1001 1178 1068 1233 ab
1097 1184 1292 1232 octavo
1327 1174 1584 1230 calendas
1610 1172 1809 1243 Aprilis
1839 1185 2008 1242 usque
2035 1170 2089 1224 in

496 1273 791 1330 secundum
849 1271 970 1326 idus
991 1269 1208 1340 Aprilis,
1257 1269 1384 1340 quia
1426 1267 1774 1324 embolismus
1800 1272 1902 1330 est,
1954 1261 2091 1318 fiunt

487 1367 602 1420 dies
630 1365 862 1419 trecenti
892 1363 1166 1430 octoginta
1190 1369 1444 1430 quatuor.

560 1454 716 1510 Anno
747 1452 1256 1508 necemnovennalis
1285 1450 1471 1507 circuli
1501 1449 1714 1505 decimo
1740 1447 1928 1518 quinto
1953 1490 1969 1517 ,
2000 1449 2084 1503 lu-

493 1550 637 1602 naris
667 1547 986 1602 duodecimo
1005 1591 1020 1614 ,
1049 1547 1116 1601 ab
1139 1545 1316 1600 idibus
1332 1543 1531 1614 Aprilis
1553 1559 1723 1614 usque
1753 1543 1805 1597 in
1837 1543 2092 1598 calendas

493 1641 705 1707 Aprilis,
738 1639 862 1710 quia
897 1640 1200 1695 communis
1227 1646 1328 1702 est,
1359 1637 1494 1692 fiunt
1535 1636 1650 1692 dies
1686 1636 1911 1692 trecenti
1940 1635 2094 1706 quin-

493 1733 750 1799 quaginta
778 1739 1031 1801 quatuor.

976 1847 1297 1863 ῃ...-

2195 443 2265 496 ris
2287 443 2498 496 decimo
2544 441 2706 494 tertio
2734 482 2749 507 ,
2809 453 2836 491 a
2890 447 3084 507 quarto
3115 453 3285 492 nonas
3314 437 3513 508 Aprilis
3547 452 3715 506 usque
3745 437 3800 493 in

2193 532 2572 589 duodecimum
2631 531 2882 587 calendas
2930 530 3152 600 Aprilis,
3201 530 3326 600 quia
3359 530 3662 584 communis
3692 539 3800 600 est,

2192 624 2328 679 fiunt
2355 625 2470 678 dies
2495 622 2720 678 trecenti
2757 620 3145 690 quinquaginta
3186 631 3442 688 quatuor.

2264 718 2420 774 Anno
2468 717 2983 774 decenmovennalis
3031 717 3220 771 circuli
3277 716 3492 772 decimo
3541 717 3799 786 septimo,

2193 809 2393 864 lunaris
2422 809 2632 865 decimo
2659 817 2874 878 quarto,
2905 807 2974 860 ab
3005 806 3292 862 undecimo
3323 807 3575 862 calendas
3602 808 3802 876 Aprilis

2195 916 2364 970 usque
2393 901 2447 954 in
2475 900 2725 970 quintum
2753 899 2870 952 idus
2897 898 3116 969 Aprilis,
3161 899 3288 967 quia
3317 899 3670 954 embolismus
3693 907 3796 966 est,

2199 994 2333 1048 liunt
2361 994 2478 1049 dies
2505 992 2737 1047 trecenti
2768 991 3043 1059 octoginta
3073 1001 3328 1061 quatuor.

2265 1086 2424 1141 Anno
2452 1083 2968 1140 decemnoveunalis
2994 1083 3184 1137 circuli
3207 1082 3421 1137 decimo
3451 1089 3677 1150 octavo,
3711 1084 3796 1140 lu-

2193 1177 2341 1233 naris
2363 1175 2575 1232 decimo
2598 1175 2808 1246 quinto,
2851 1190 2882 1228 a
2921 1183 3118 1245 quarto
3151 1173 3270 1229 idus
3291 1174 3512 1246 Aprilis,
3545 1191 3713 1246 usque
3744 1178 3800 1233 in

2193 1278 2451 1340 quartum
2477 1267 2734 1324 calendas
2764 1266 2981 1337 Aprilis,
3011 1267 3137 1334 quia
3177 1266 3480 1323 communis
3501 1274 3614 1330 est,
3667 1267 3802 1323 fiunt

2195 1360 2312 1416 dies
2339 1359 2570 1414 trecenti
2595 1357 2986 1428 quinquaginta
3006 1356 3260 1427 quatuor.

2269 1453 2428 1505 Anno
2454 1449 2969 1506 decemnovennalis
2991 1449 3177 1504 circuli
3199 1449 3410 1504 decimo
3437 1465 3604 1515 nono,
3637 1451 3794 1506 luna-

2198 1544 2273 1598 ris
2299 1543 2511 1596 decimo
2551 1550 2740 1606 sexto,
2771 1554 2803 1592 a
2842 1541 3004 1594 tertio
3031 1539 3287 1594 calendas
3315 1538 3514 1610 Aprilis
3543 1557 3715 1610 usque
3741 1543 3797 1596 in

2197 1634 2468 1690 decimum
2514 1634 2763 1703 quintum
2794 1633 3052 1688 calendas
3103 1631 3247 1698 Maii,
3279 1633 3407 1702 quia
3450 1633 3805 1690 embolismus

2129 1743 2166 1794 ig
2197 1734 2298 1790 est,
2331 1724 2463 1780 fiunt
2504 1724 2617 1779 dies
2648 1724 2880 1778 trecenti
2911 1725 3185 1793 octoginta
3215 1733 3474 1794 quatuor.

833 1858 1263 1946 ιῖὀῐιῆιῖέεηιο
1293 1885 1839 1954 nocnssmoouu
1877 1885 2039 1940 vmo
2077 1881 2414 1939 BENJAMIN
2452 1882 2875 1939 norruanno
2913 1881 3486 1941 VRAT:SLAVIENSI

1801 1977 1913 2038 JO.
1965 1978 2178 2038 GUlL.
2227 1977 2489 2037 ,ΗΝΗῆ

569 2083 807 2154 Dionysii
838 2081 1026 2150 Exigui
1053 2121 1068 2147 ,
1095 2081 1214 2146 viri,
1244 2089 1304 2136 ut
1327 2088 1453 2135 tunc
1483 2087 1727 2150 tempora
1755 2085 1928 2144 erant,
1962 2093 2090 2134 eru-

491 2176 680 2239 diti,et
704 2172 772 2227 de
794 2188 852 2227 re
878 2187 1035 2227 sacra
1065 2186 1131 2226 ac
1161 2171 1420 2225 litteraria
1449 2168 1589 2224 bene
1620 2169 1816 2233 meriti,
1851 2169 1958 2222 vita
1991 2185 2091 2237 pa-

491 2267 623 2319 riter
637 2279 701 2318 ac
722 2263 942 2332 scripta,
957 2261 1056 2317 etsi
1076 2269 1382 2332 temporum
1409 2260 1537 2313 vitio
1567 2275 1672 2314 non
1690 2259 1848 2328 plane
1871 2259 2091 2314 oblitte-

491 2356 598 2410 rari
621 2363 715 2410 aut
735 2355 789 2408 in
810 2353 1137 2409 oblivionem
1151 2351 1340 2407 deduci
1356 2359 1667 2421 potuerunt,
1693 2352 1870 2406 minus
1903 2359 2089 2404 tamen

489 2447 665 2509 adhuc
685 2461 846 2522 quam
869 2445 1498 2504 merebanturillustrata
1511 2454 1654 2501 sunt.
1686 2445 1832 2500 Inter
1856 2445 2092 2514 aequales

489 2547 636 2604 solus
658 2549 771 2604 fere
787 2546 1144 2603 Cassiodorus
1167 2540 1426 2600 virtutum
1447 2540 1590 2596 illius
1611 2539 1932 2595 memoriam
1959 2555 2093 2594 con—

490 2640 746 2709 :ervavit,
768 2656 930 2711 quem
977 2655 1143 2694 unum
1167 2654 1358 2694 omnes
1397 2639 1489 2710 qui
1532 2633 1766 2693 hucdum
1795 2632 1996 2710 aliquid
2023 2631 2094 2691 de

492 2734 600 2788 vita
630 2731 868 2804 Dionysii
894 2731 1246 2796 tradiderunt,
1274 2741 1556 2786 auctorem
1587 2731 1758 2785 secuti
1781 2738 1926 2786 sunt.
1953 2727 2096 2782 Nihil

490 2831 640 2879 certe
662 2821 806 2876 aliud
825 2819 928 2876 fide
951 2821 1171 2891 dignum
1197 2821 1263 2876 de
1279 2837 1345 2875 eo
1365 2817 1509 2891 apud
1536 2829 1749 2875 veteres
1771 2830 1826 2874 et
1849 2819 2097 2889 juniores

490 2913 779 2982 scriptores
803 2911 1202 2967 ecclesiasticos
1217 2917 1272 2965 et
1295 2910 1586 2965 litterarios
1615 2908 1880 2964 invenias.
1909 2908 2093 2964 Abba-

492 3015 599 3059 tem
629 3003 873 3074 plerique
908 3010 1136 3066 vocant,
1189 3016 1349 3070 quem
1380 2998 1738 3066 Cassiodorus
1764 2999 2096 3055 monachum

492 3092 648 3147 dixit.
679 3090 788 3146 Sed
818 3090 1209 3146 monasterium
1239 3089 1394 3160 cujus
1441 3089 1607 3145 abbas
1644 3088 1806 3146 fuerit
1834 3090 2091 3160 ignorari,

501 3186 686 3240 l’atres
713 3182 1046 3238 Benedictiui
1072 3225 1088 3250 ,
1115 3182 1207 3251 qui
1237 3183 1481 3237 ultimam
1509 3197 1734 3252 operum
1776 3179 2090 3237 Cassiodori

2203 2077 2564 2132 conciliarunt
2599 2095 2612 2131 :
2669 2077 2853 2133 Codex
2885 2093 3154 2133 canonum
3182 2094 3304 2135 cum
3329 2077 3561 2136 decretis
3590 2081 3808 2150 pontiti.

2201 2187 2323 2225 cum
2371 2170 2740 2226 Romanorum
2773 2171 3005 2241 primum
3057 2171 3381 2240 conjunctus
3407 2212 3424 2236 ,
3471 2179 3528 2226 et
3571 2172 3708 2228 liber
3735 2173 3808 2230 de

2202 2258 2484 2316 Paschate.
2517 2261 2610 2317 ille
2641 2271 2839 2332 printer
2865 2271 3137 2318 cmterosa
3159 2261 3553 2333 Cbristopboro
3581 2262 3808 2320 Justello

2200 2352 2380 2407 editus
2409 2367 2474 2407 ac
2503 2353 2835 2419 illustratus,
2870 2354 2921 2409 in
2951 2355 3229 2410 communi
3251 2355 3585 2410 eruditorum
3615 2358 3810 2413 notitia

2201 2459 2265 2500 ac
2311 2444 2628 2500 celebritate
2665 2454 2914 2501 versatur
2970 2464 2984 2500 :
3037 2446 3182 2503 hunc
3229 2454 3439 2502 tantum
3483 2464 3589 2502 non
3637 2450 3806 2518 plane

2202 2535 2458 2590 amissum
2481 2574 2496 2598 ,
2522 2535 2714 2590 saltem
2739 2535 3068 2591 doctissimis
3091 2537 3218 2593 viris
3246 2553 3345 2607 pro
3383 2537 3668 2608 deperdito
3709 2539 3811 2593 ba-

2203 2627 2396 2692 bitum.
2427 2643 2568 2688 nunc
2594 2642 2706 2687 sua:
2730 2670 2745 2701 τ
2776 2639 3035 2696 quantum
3068 2628 3235 2692 licuit,
3270 2629 3563 2699 integritati
3589 2631 3804 2684 restituo

2205 2735 2318 2780 tum
2341 2727 2392 2779 in
2423 2729 2598 2780 lucem
2623 2725 2964 2795 proferimus.
3000 2720 3164 2780 Multo
3191 2724 3372 2780 lorsan
3403 2722 3602 2780 diutius
3630 2723 3720 2776 ille
3749 2723 3806 2776 in

2205 2815 2419 2871 scriniis
2463 2817 2598 2871 meis
2627 2817 2888 2884 latuisset,
2939 2818 3037 2871 nisi
3071 2825 3181 2881 tua,
3214 2819 3294 2871 vir
3334 2818 3697 2882 nobilissime,
3724 2815 3812 2873 ia-

2207 2909 2415 2965 dustria
2441 2924 2507 2964 ac
2537 2909 2790 2967 alacritas
2835 2911 3174 2966 accessisset.
3206 2910 3342 2964 Cum
3386 2912 3529 2966 enim
3580 2911 3811 2981 publica

2207 3000 2588 3071 disputationis
2616 2999 3007 3072 argnmentnm‘
3045 3004 3374 3072 requireres,
3407 3013 3461 3059 et
3503 3003 3607 3059 hoc
3632 3005 3810 3074 ipsum

2205 3093 2302 3148 tibi
2330 3093 2574 3148 oblatum
2599 3110 2706 3148 non
2728 3093 3084 3163 improbares,
3111 3108 3197 3147 me
3219 3094 3467 3163 subinde,
3500 3093 3617 3148 aliis
3645 3109 3811 3149 occu-

2205 3183 2516 3254 pationibus
2547 3181 2868 3238 di~tractum
2891 3223 2904 3248 ,
2941 3183 3007 3238 ad
3034 3183 3163 3238 illud
3193 3185 3503 3250 revocasti,
3533 3199 3655 3254 quze
3682 3185 3810 3240 hinc

496 3275 792 3330 editionem
835 3273 1330 3343 Rothomagcnsem
1357 3284 1641 3341 curarunt,
1671 3283 1821 3331 recte
1849 3274 2096 3330 animad-
2125 3259 2170 3320 C
2202 3275 2331 3331 inde
2357 3274 2600 3345 dispersa
2627 3282 2815 3343 erant,
2840 3289 3054 3330 mecum
3083 3276 3135 3329 in
3166 3274 3412 3329 ordinem
3441 3274 3717 3344 redegisti.
3752 3283 3811 3330 et

494 3373 728 3420 vertunt.
759 3364 1030 3420 Antonius
1068 3363 1198 3434 Pagi
1225 3381 1353 3421 vero
1379 3406 1392 3429 ,
1424 3364 1734 3422 Cassiodori
1763 3367 2094 3422 auctoritate

495 3455 761 3517 inductus,
797 3455 1006 3511 abbatis
1027 3455 1344 3524 dignitatem
1376 3455 1632 3528 Dionysio
1656 3455 1816 3526 plane
1843 3455 2090 3525 derogat,

493 3547 651 3616 eique
681 3561 711 3600 a
739 3545 885 3600 Beda
931 3545 1168 3617 primum
1197 3546 1434 3602 aflictam
1485 3547 1648 3604 fuisse
1693 3547 1990 3604 contendit.
2025 3548 2096 3602 At

494 3640 636 3694 enim
663 3639 872 3709 integro
894 3639 1086 3696 saltem
1118 3649 1244 3695 ante
1274 3639 1474 3696 Bedam
1505 3641 1701 3697 saeculo
1725 3679 1743 3706 ,
1774 3641 1922 3696 illum
1947 3641 2095 3695 urbis

497 3730 684 3786 Romae
708 3731 958 3786 abbatem
991 3731 1319 3801 appellatum
1353 3730 1537 3796 fuisse,
1585 3732 1888 3788 luculenter
1907 3743 2088 3786 osten-

492 3823 570 3876 dit
611 3820 873 3892 Prologus
915 3821 1110 3878 Felicis
1160 3823 1372 3878 abbatis
1426 3823 1689 3888 Gillitani,
1737 3838 1900 3892 quem
1948 3838 2096 3878 anno

492 3912 695 3969 Christi
727 3912 832 3967 6l6
881 3913 1047 3986 Cyelo
1079 3915 1346 3985 Dionysii,
1391 3930 1420 3968 a
1451 3930 1509 3969 se
1547 3915 1898 3979 continuato,
1955 3929 2094 3983 prae-

495 4007 657 4069 misit,
704 4007 756 4061 in
810 4006 1044 4060 Historia
1075 4005 1223 4075 Cycli
1270 4006 1612 4078 Dionysiani,
1663 4022 1730 4060 ex
1763 4005 1951 4061 codice
1975 4005 2100 4076 Dig-

496 4097 684 4150 bmano
707 4107 756 4151 ct
792 4095 1084 4150 Rliemensi
1135 4096 1326 4150 editus.
1381 4094 1590 4150 interea
1636 4096 1938 4152 communis
1972 4110 2100 4151 sen-

497 4189 662 4244 tentia
691 4205 814 4245 cum
842 4205 905 4244 ea
936 4205 1100 4259 quam
1135 4187 1330 4257 Pagius
1355 4229 1368 4255 ,
1401 4189 1556 4260 quasi
1586 4204 1812 4255 novam,
1835 4188 2096 4256 defendit,

493 4285 646 4339 facile
677 4284 1020 4350 conciliatur,
1069 4285 1114 4338 si
1145 4299 1490 4338 communem
1515 4283 1727 4338 abbatis
1742 4283 2098 4352 significatio-

495 4393 616 4430 nem
645 4392 675 4430 a
701 4378 920 4446 propria
947 4386 1002 4431 et
1026 4377 1282 4446 singulari
1313 4379 1629 4447 distinguas.
1657 4376 1790 4432 Nam
1818 4421 1832 4445 ,
1857 4386 1917 4432 ut
1945 4387 2097 4434 recte

494 4467 731 4538 (Iangius
775 4467 1195 4534 animadvertit,
1229 4469 1451 4525 abbates
1480 4470 1608 4525 dicti
1639 4478 1766 4525 sunt
1812 4469 2014 4526 Latinis
2042 4478 2099 4526 et

495 4559 699 4613 (iuncis
738 4559 1028 4614 universim
1059 4561 1310 4615 monachi
1338 4577 1528 4616 omnes
1550 4601 1565 4626 ,
1595 4564 1896 4631 pnesertim
1943 4563 2097 4618 senio

2197 3375 2445 3437 sumptus
2468 3366 2534 3421 ad
2583 3366 2848 3421 edendum
2881 3367 3025 3422 ultro
3078 3367 3342 3422 obtulisti.
3397 3366 3478 3422 Sit
3507 3368 3666 3434 igitur
3707 3365 3812 3422 hoc

2198 3455 2472 3526 publicum
2501 3457 2579 3510 tui
2606 3458 2659 3511 in
2682 3457 2855 3511 bonas
2876 3456 3087 3515 litteras
3116 3457 3337 3523 amoris,
3360 3459 3565 3528 pariter
3586 3474 3649 3513 ac
3671 3458 3806 3513 doc-

2199 3547 2354 3600 trina:
2385 3553 2442 3600 et
2469 3545 2762 3615 diligentiae
2786 3587 2802 3614 ,
2829 3545 3233 3612 documentum,
3266 3563 3429 3616 quam
3471 3549 3524 3602 in
3571 3549 3707 3602 meis
3753 3558 3811 3603 et

2200 3640 2430 3695 aliorum
2471 3640 2758 3696 doctorum
2816 3640 3249 3696 academieorum
3300 3641 3502 3698 scholis
3554 3643 3804 3711 quotidie

2199 3733 2422 3802 probas,
2451 3741 2507 3787 et
2535 3732 2777 3789 moribus
2797 3733 2866 3788 ad
2887 3749 3102 3788 omnem
3126 3735 3467 3790 honestatem
3499 3743 3665 3805 atque
3692 3751 3810 3791 mo-

2198 3827 2425 3882 destiam
2469 3828 2790 3898 compositis
2835 3843 2998 3883 ornas
3027 3836 3083 3884 ct
3111 3828 3481 3883 commendas.
3514 3827 3632 3883 Hoc
3664 3830 3812 3884 enim

2197 3917 2370 3973 laudis
2393 3920 2758 3974 testimonium
2782 3920 2900 3986 tibi,
2925 3935 3062 3973 unas
3080 3921 3813 3990 mecum:edesinhabitanti,

2198 4007 2392 4063 etinde
2409 4009 2477 4063 ab
2491 4010 2696 4078 aliquot
2715 4010 2869 4064 annis
2901 4011 3123 4080 propius
3140 4026 3204 4066 ac
3235 4010 3549 4066 familiarius
3570 4013 3810 4081 cognito,

2199 4097 2342 4153 bona
2389 4097 2492 4154 fide
2521 4100 2784 4169 impertiri
2817 4117 3057 4171 possum.
3089 4101 3228 4157 Deus
3269 4102 3588 4158 immortalis
3617 4103 3812 4158 lauda-

2201 4191 2437 4245 tissimos
2467 4201 2696 4247 conatus
2721 4200 2844 4246 tuos
2888 4209 3054 4262 porro
3097 4193 3383 4260 secundet,
3413 4203 3468 4248 et
3509 4195 3576 4248 ad
3605 4196 3813 4264 optima

2199 4297 2428 4351 quteque
2445 4284 2794 4338 contendenti
2818 4299 3101 4338 successus
3124 4285 3490 4355 optatissimos
3513 4285 3811 4352 largiatur;

2202 4381 2262 4428 ut
2311 4383 2596 4444 parentum
2641 4382 2696 4429 ct
2740 4373 2954 4429 familiae
2984 4375 3381 4430 honestissima:
3419 4375 3672 4444 gaudium
3705 4378 3807 4430 im-

2202 4469 2373 4538 pleas,
2403 4467 2861 4536 amplissimorum
2889 4465 3287 4523 florentissima:
3318 4469 3506 4538 patriae
3549 4479 3654 4522 tua:
3685 4485 3807 4539 pro-

2203 4574 2408 4624 cerum,
2454 4572 2686 4628 quorum
2719 4559 3010 4627 singularia
3043 4561 3096 4613 in
3123 4571 3175 4615 te
3208 4562 3466 4614 beneficia
3497 4562 3812 4628 gratissimo

494 4669 560 4708 ac
589 4652 710 4706 vita:
738 4652 1352 4718 sanctitatevenerandi,
1396 4668 1504 4722 qua
1535 4654 1756 4708 notione
1785 4670 1884 4708 nos
1907 4653 2095 4710 Patres
2123 4647 2176 4707 D
2201 4651 2383 4705 animo
2406 4651 2541 4705 colis
2564 4691 2579 4714 ,
2629 4652 3096 4720 exspectationem
3130 4653 3398 4708 sustineas
3421 4694 3434 4716 ,
3482 4663 3536 4707 et
3581 4669 3694 4707 rem
3726 4669 3813 4708 sa-

494 4744 717 4800 cosdem
747 4743 908 4813 vulgo
947 4743 1302 4813 appellamus.
1346 4741 1511 4807 Illud,
1538 4743 1716 4812 inquit
1745 4743 2097 4812 Augustinus,

493 4836 706 4890 honori:
720 4843 818 4903 est,
834 4844 892 4888 ut
912 4833 1140 4904 quotidie
1162 4833 1368 4887 senibus
1380 4833 1644 4888 dicamus:
1667 4833 1844 4886 Pater.
1864 4833 2098 4888 Lexicon

493 4926 738 4983 Graecum
761 4942 892 4982 mss.
923 4928 1128 4996 regium
1160 4927 1283 4981 cod.
1315 4925 1456 4979 206?.
1500 4943 1513 4978 :
1543 4928 1708 4986 ἀίϐἀς
1734 4968 1748 4992 ,
1794 4925 1818 4980 ὁ
1850 4929 2040 5002 γέρων,
2072 4926 2098 4982 ὁ

494 5023 687 5091 πατὴρ.
706 5017 782 5071 Ita
797 5017 1088 5072 Cassianus
1109 5017 1290 5072 Mosen
1315 5028 1369 5072 et
1398 5012 1749 5079 Germanum,
1785 5033 2100 5072 commonu-

494 5112 650 5175 clios,
683 5111 907 5162 abbates
939 5118 1131 5172 vocat;
1184 5119 1240 5162 et
1271 5109 1456 5174 regula
1501 5107 1559 5161 S.
1593 5105 1914 5160 Columbani
1956 5107 2100 5160 milia

495 5206 704 5261 abbates
732 5209 824 5261 sub
865 5224 969 5260 uno
1013 5205 1428 5259 archimandrita
1468 5209 1750 5257 memorat.
1797 5200 1911 5256 Hoc
1939 5203 2098 5270 igitur

497 5314 654 5352 sensu
685 5298 842 5352 etiam
881 5298 1164 5368 Dionysius
1196 5306 1418 5359 noster,
1465 5295 1685 5348 honoris
1719 5294 1897 5362 potius
1930 5309 2095 5365 quam

499 5388 736 5442 muneris
759 5403 940 5450 causa,
970 5389 1134 5440 abbas
1158 5387 1334 5440 dictus
1359 5395 1459 5438 est.
1493 5382 1602 5438 Sed
1632 5382 1698 5438 de
1720 5385 1828 5436 vita
1854 5382 2095 5454 Dionysii

499 5479 753 5532 nonnulla
779 5518 794 5543 ,
852 5480 1203 5548 scriptoribus
1246 5475 1624 5532 ecclesiasticis
1689 5475 2047 5545 prmtermissa
2077 5518 2092 5544 ,

500 5571 793 5624 adnotandi
824 5571 926 5624 alia
950 5570 1152 5638 forsan,
1175 5578 1229 5623 ct
1248 5568 1586 5623 commodior
1611 5566 1831 5622 dabitur
1851 5566 2094 5635 occasio,
2164 5615 2173 5622 .

501 5677 644 5718 nunc
688 5665 856 5730 magis
883 5665 951 5719 de
979 5665 1233 5734 Operibus
1283 5662 1399 5732 ejus
1449 5661 1705 5716 sollicita.
1754 5660 1957 5715 llorum
1985 5659 2096 5713 duo

506 5753 841 5826 potissimum
890 5755 1100 5811 auctori
1139 5770 1240 5812 suo
1289 5755 1487 5810 famam
1539 5763 1593 5810 et
1642 5752 2095 5810 existimationem

2203 4758 2354 4798 cram
2396 4743 2606 4812 pariter
2651 4758 2717 4798 ac
2764 4741 3084 4797 litterariam
3125 4745 3329 4798 meritis
3373 4746 3481 4800 tuis
3523 4743 3813 4812 aliquando

2206 4848 2373 4889 ornes
2413 4841 2578 4902 atque
2607 4832 2900 4888 devincias.
2934 4832 3085 4886 Vale.

2316 4993 2524 5067 Cyclica
2553 5010 2669 5048 cum
2699 4995 2870 5049 studio
2907 5006 3114 5061 teneas,
3149 4996 3489 5066 llo/Imaum,
3524 4997 3742 5053 subacto

2384 5085 2678 5157 Dogmata,
2707 5085 2979 5141 Pieridum
3008 5106 3133 5158 pars
3158 5089 3287 5142 mihi
3315 5089 3476 5143 chara
3503 5089 3651 5144 chori
3685 5107 3704 5143 :

2316 5178 2510 5251 Ecquis
2540 5181 2757 5234 miretur
2781 5181 3008 5244 tandem,
3033 5190 3082 5233 te
3113 5197 3373 5249 exponere
3395 5183 3526 5252 ονειὶ

2385 5271 2549 5326 Docte
2588 5274 2772 5326 conari
2808 5273 3041 5343 di/ﬁciIes
3073 5275 3352 5329 numeros?

2312 5363 2491 5419 Macte
2521 5372 2609 5417 tua
2634 5365 2839 5428 virtute,
2877 5381 3034 5418 novas
3051 5366 3166 5434 jam
3187 5368 3400 5438 concipe
3430 5371 3583 5435 vires,

2393 5458 2756 5528 Docti-imaque
2789 5469 2889 5513 tua:
2910 5462 3082 5531 perfer
3103 5461 3174 5513 ad
3203 5472 3348 5514 astra
3381 5461 3555 5516 decus.

2277 5571 2696 5627 Litteratissimo
2722 5573 2840 5627 viro
2868 5571 2964 5627 Du.
3002 5573 3378 5630 llssrosneun
3407 5575 3511 5632 hoc
3534 5576 3812 5646 publicum

2201 5661 2548 5732 elegantioris
2565 5661 2828 5718 doctrina:
2841 5664 3112 5731 specimen
3129 5667 3436 5733 gratulatur

2828 5755 3150 5811 l‘muznicus
3177 5757 3501 5816 Srnuszws.
3545 5757 3604 5815 P.
3637 5758 3694 5815 P.
