4122 6538
3030 381 3481 393 Ἡ

248 378 3533 436 Μ

1536 530 1703 574 ANNO
1742 531 1974 576 DOMINI
2004 532 2244 578 DXLVII.

1092 689 2707 934 FACUNDUS‘

812 1014 1666 1146 EPISCOPUS
1740 1016 2990 1151 HERMIANENSIS.

1744 1234 2055 1248 ’να-

1434 1331 1764 1393 ΝΟΤΙΤΙΛ
1826 1331 1928 1410 (ex
1968 1331 2363 1416 Gallandio).

315 1468 357 1524 l.
416 1464 698 1522 Facundus
753 1458 1161 1517 Hermiancnsis
1209 1457 1515 1528 episcopus,
1571 1457 1625 1510 in
1655 1454 1847 1511 Africa:
1878 1471 1925 1529 Α
1953 1471 2097 1513 anno
2125 1455 2250 1525 547,
2272 1457 2607 1516 Justinianus
2629 1463 2926 1534 imperator
2947 1465 3015 1520 ab
3035 1473 3256 1522 auctore
3274 1467 3375 1524 sibi
3404 1472 3557 1526 obla-

241 1559 522 1631 provincia
567 1556 847 1627 Byzacena
898 1549 1093 1606 claruit
1143 1556 1267 1618 post
1295 1547 1635 1603 consulatum
1663 1544 1851 1601 Basilii

244 1667 390 1707 anno
413 1649 500 1714 10,
529 1647 581 1703 id
604 1653 687 1702 est
714 1658 856 1699 anno
886 1640 1086 1696 Christi
1108 1636 1231 1704 551,
1262 1646 1525 1706 regnanto
1548 1634 1852 1691 Iustiniano

243 1751 610 1813 imperatore,
661 1745 721 1792 ut
762 1735 1049 1807 perhibent
1087 1731 1274 1787 Victor
1315 1729 1656 1785 Tnnonensis
1686 1727 1768 1801 (a)
1798 1736 1853 1783 et

246 1835 484 1892 Isidorus
509 1829 841 1901 HiSpalensis
866 1827 971 1900 (b);
992 1823 1145 1894 cujus
1175 1830 1357 1878 tamen
1378 1821 1543 1877 editio
1574 1822 1629 1876 in
1650 1820 1853 1876 Biblio-

246 1929 406 1982 theca
430 1921 798 1979 ecclcsiastica
820 1917 1046 1974 Fabricii
1075 1929 1360 1987 perperam
1391 1911 1497 1968 fert
1522 1921 1639 1984 post
1662 1927 1850 1967 consu—

246 2016 410 2070 latum
426 2013 606 2069 Basilii
634 2028 773 2066 anno
796 2020 978 2082 quarto
998 2007 1090 2080 (c),
1115 2022 1235 2063 cum
1260 2005 1503 2075 reliqum,
1529 2012 1691 2074 atque
1711 2003 1853 2058 inter

242 2116 477 2163 caeteras
530 2104 858 2169 Breuliana,
905 2108 1218 2157 constanter
1265 2113 1409 2154 anno
1449 2097 1647 2152 decimo
1694 2096 1850 2152 exhi-

244 2198 415 2254 beant
444 2196 523 2269 (ά)
553 2213 565 2249 :
598 2209 777 2263 neque
805 2192 961 2247 aliter
987 2206 1120 2246 sane
1140 2187 1451 2258 legendum,
1471 2187 1517 2243 si
1545 2185 1853 2242 attendatur

250 2287 306 2343 in
363 2286 551 2358 primis
596 2283 833 2339 Isidorus
866 2281 1135 2337 Victorem
1164 2279 1548 2335 Tunonensem
1591 2275 1854 2332 asscetari

246 2378 617 2436 consuevisse.
644 2375 816 2431 Porro
836 2372 1078 2442 ejusdem
1103 2370 1340 2427 Facundi
1365 2368 1611 2425 meminit
1637 2382 1856 2438 quoque

245 2468 628 2532 Cassiodorus,
671 2466 749 2522 sic
779 2464 1028 2535 inquiens
1057 2462 1128 2534 (e)
1157 2479 1171 2516 :
1209 2480 1228 2514 ι
1262 2459 1548 2516 Facundos
1566 2457 1852 2515 venerabi-

251 2562 319 2617 lis
345 2561 653 2631 episeopus,
685 2556 1067 2613 baareticorum
1096 2552 1418 2624 penetrabili
1446 2551 1738 2608 securitate
1762 2549 1856 2606 de-

244 2662 506 2719 structor,
541 2664 714 2720 nuper
753 2646 820 2702 ad
848 2646 1212 2702 Justinianum
1253 2642 1554 2717 principem
1591 2640 1854 2707 scribens,

242 2746 325 2801 de
355 2742 563 2799 duabus
593 2738 802 2795 naturis
832 2736 1048 2794 Domini
1076 2735 1278 2791 Christi
1303 2735 1440 2790 duos
1460 2733 1672 2789 libellos
1698 2741 1857 2789 acute

244 2837 419 2895 nimis
457 2835 867 2904 luculenterque
895 2831 1168 2887 tractavit.
1206 2848 1228 2884 ι
1273 2828 1375 2886 Ubi
1428 2829 1661 2885 Senator
1707 2829 1856 2886 acci-

251 2930 482 3003 piendus
498 2929 716 2985 videtur
743 2943 811 2985 ex
837 2930 1081 2985 virorum
1109 2925 1447 2982 eruditorum
1476 2924 1765 2989 sententia,
1790 2922 1859 2980 de

245 3026 469 3082 duobus
505 3024 779 3095 prioribus
829 3021 1093 3091 capitibus
1134 3020 1229 3075 lib.
1263 3035 1281 3075 ι
1310 3034 1379 3074 ex
1405 3017 1687 3073 duodecim
1722 3030 1860 3086 quos

246 3116 323 3171 ad
351 3114 716 3170 Iustinianum
745 3111 974 3179 direxit;
1006 3127 1113 3167 non
1139 3118 1320 3166 autem
1340 3109 1408 3166 de
1430 3108 1640 3164 duobus
1669 3107 1861 3163 libellis

251 3208 352 3281 qui
377 3209 487 3277 jam
517 3207 609 3262 diu
637 3205 1030 3270 interciderint,
1074 3213 1134 3258 ut
1161 3209 1425 3274 putarunt
1466 3200 1687 3256 illustris
1728 3200 1862 3256 Maf-

254 3298 400 3355 feius
435 3298 486 3372 (f
500 3298 519 3371 )
552 3306 608 3354 et
636 3297 918 3354 Fabricius
942 3296 1043 3369 (g).
1085 3292 1557 3363 Constantinopoli
1584 3305 1748 3362 agens
1776 3291 1863 3349 hic

255 3390 664 3447 Hermianensis
680 3391 965 3462 episcopus
990 3387 1057 3444 ad
1072 3403 1159 3443 res
1178 3385 1431 3442 Ecclesia:
1451 3384 1713 3440 Africana:
1738 3398 1863 3454 pro-

253 3479 549 3547 curandas,
582 3496 681 3551 pro
710 3477 1024 3534 defensione
1062 3476 1271 3533 scilicet
1300 3474 1463 3530 trium
1490 3471 1864 3544 Capitulorum

254 3570 479 3627 concilii
507 3568 995 3634 Chalcedonensis,
1029 3563 1493 3622 Comnientarium
1546 3561 1867 3632 conscripsit

252 3661 549 3719 duodecim
579 3661 731 3716 libris
760 3659 1019 3731 partitum
1053 3676 1066 3712 :
1097 3672 1198 3731 quo
1219 3656 1449 3712 nondum
1476 3654 1625 3726 ﬁnito
1654 3669 1716 3707 ac
1746 3669 1867 3724 per-

254 3761 508 3819 tractato,
533 3753 609 3807 ait
641 3752 741 3824 (h),
788 3750 1044 3806 adductus
1073 3758 1150 3803 est
1195 3744 1718 3829 Constantinopolim
1760 3742 1868 3798 Ro-

254 3859 450 3897 manus
479 3844 715 3914 pontifex
745 3839 986 3910 Vigilius.
1012 3838 1150 3895 llinc
1176 3845 1327 3908 patet
1346 3852 1455 3907 quo
1476 3844 1722 3906 tempore
1741 3848 1871 3889 suos

251 3935 434 3989 libros
485 3934 764 4004 scripserit
810 3931 1113 3987 Facundus.
1145 3930 1313 3997 Nam,
1358 3937 1417 3984 ut
1467 3929 1571 3984 rite
1618 3928 1873 3983 observat

248 4025 584 4081 Sirmondus
598 4025 661 4097 (i)
686 4040 753 4079 ex
774 4022 1085 4095 Appendice
1101 4022 1169 4078 ad
1189 4021 1561 4079 Marcellinum
1580 4019 1869 4099 Comitem,

1959 1558 2072 1605 tum
2121 1554 2411 1624 acceperit.
2462 1554 2617 1621 Quod
2670 1557 2889 1626 quidem
2935 1558 3227 1617 adnotasse
3278 1562 3462 1631 libuit,
3494 1575 3553 1621 ut

1956 1657 2079 1698 cum
2134 1659 2329 1714 magno
2376 1646 2609 1703 Baronio
2654 1665 2958 1706 asseramus
2988 1651 3089 1723 (η),
3139 1669 3235 1710 eos
3282 1655 3449 1712 libros
3496 1659 3551 1712 in

1956 1737 2339 1793 communione
2366 1739 2632 1796 catholica
2656 1740 2819 1797 fuisse
2848 1758 2879 1797 a
2906 1743 3160 1801 Facundo
3189 1749 3551 1819 conscriptos,

1957 1839 2065 1893 quo
2096 1834 2342 1898 tempore
2383 1830 2635 1886 nimirum
2674 1833 2906 1902 ipsemet
2931 1834 3157 1904 Vigilius
3196 1852 3336 1907 papa
3364 1839 3551 1895 defen-

1955 1916 2165 1971 sionem
2196 1920 2511 1976 eorumdem
2547 1920 2920 1993 Capitulorum
2961 1926 3210 1995 primitus
3250 1931 3556 1999 suscepisse

1956 2010 2306 2080 comperitur.

2027 2100 2092 2156 ll.
2124 2100 2288 2158 Multa
2326 2118 2458 2159 sane
2486 2104 2746 2174 praeclara
2787 2114 2952 2175 atque
2981 2108 3283 2164 orthodoxa
3313 2111 3557 2168 antistite

1956 2192 2117 2262 digna
2147 2209 2215 2250 eo
2237 2195 2291 2250 in
2312 2211 2480 2266 opere
2507 2206 2821 2267 occurrunt,
2849 2214 3080 2268 quorum
3104 2203 3362 2257 nonnulla
3394 2202 3556 2259 Petro

1955 2281 2023 2338 de
2050 2282 2230 2340 Marca
2261 2285 2328 2341 V.
2359 2285 2420 2341 C.
2454 2288 2763 2344 exscribere
2806 2290 3010 2359 placuit
3042 2289 3116 2363 (ο)
3149 2309 3163 2344 :
3211 2311 3229 2344 ι
3264 2292 3409 2347 Nihil
3439 2294 3559 2348 illu-

1955 2372 2141 2441 strius,
2174 2375 2369 2446 inquit,
2409 2376 2605 2433 aﬁ'erre
2658 2392 2880 2448 possum
2923 2380 3123 2436 eximio
3151 2381 3392 2438 Facundi
3420 2383 3559 2440 lier-

1956 2462 2251 2520 inianensis
2278 2464 2451 2532 loeo,-
2482 2466 2576 2535 qui
2622 2481 2885 2521 summam
2926 2483 3145 2539 quoque
3192 2469 3559 2527 Romanorum

1958 2554 2278 2625 pontiﬁcum
2311 2556 2695 2613 auctoritatem
2723 2560 3091 2615 connnendat.
3121 2561 3247 2631 Agit
3276 2562 3345 2618 de
3366 2562 3559 2633 Vigilio

1959 2660 2119 2717 papa,
2143 2660 2308 2715 quem
2337 2647 2743 2718 impugnatores
2769 2648 2928 2704 trium
2942 2648 3317 2721 Capitulorum
3348 2668 3409 2708 se
3427 2668 3559 2708 con-

1959 2736 2192 2792 suluisse
2217 2737 2471 2793 dicebant
2498 2755 2511 2791 :
2545 2736 2666 2805 Ille,
2695 2739 2871 2808 inquit
2897 2740 3182 2796 Facundus
3212 2742 3311 2813 (p),
3361 2760 3468 2797 non
3507 2743 3559 2799 in

1889 2868 1935 2928 Β
1962 2827 2359 2891 destructionem
2398 2838 2631 2900 paternae
2659 2832 2929 2886 sententias
2958 2830 3033 2902 (id
3075 2840 3159 2888 est
3185 2848 3339 2903 papae
3365 2833 3560 2889 Leonis

1964 2927 2018 2975 et
2047 2919 2240 2991 synodi
2268 2919 2775 2992 Chalcedonensis),
2806 2922 2898 2977 sed
2923 2924 3094 2993 potius
3120 2924 3175 2977 in
3216 2923 3567 2995 defensionem

1962 3019 2115 3082 atque
2145 3012 2416 3079 ultionem,
2446 3012 2675 3082 primam
2717 3014 2915 3085 accepit
2943 3022 2993 3067 et
3023 3016 3307 3069 maximam
3334 3024 3561 3086 potesta-

1965 3110 2099 3165 tem;
2134 3118 2228 3156 nec
2271 3102 2471 3174 aliquid
2496 3112 2679 3158 contra
2707 3105 3007 3168 veritatem,
3055 3106 3147 3159 sed
3191 3123 3286 3177 pro
3331 3108 3568 3174 veritate,

1964 3192 2081 3265 plus
2108 3193 2308 3248 caeteris
2329 3193 2437 3248 suis
2464 3194 2920 3250 consacerdotibus
2961 3196 3147 3266 potest.
3200 3195 3403 3251 Paulus
3428 3198 3572 3253 enim

1965 3284 2093 3339 dicit
2122 3285 2386 3356 apostolus
2411 3302 2427 3340 :
2456 3284 2576 3342 Non
2611 3286 2755 3341 enim
2778 3302 3065 3358 possumus
3090 3288 3293 3358 aliquid
3313 3288 3571 3344 adversus

1965 3376 2271 3443 veritatem,
2300 3375 2396 3431 sed
2424 3391 2523 3446 pro
2554 3377 2781 3433 veritate
2809 3375 2897 3449 (ΙΙ
2927 3376 3051 3432 Cor.
3097 3394 3211 3442 xm,
3248 3380 3326 3448 δί).
3366 3398 3384 3431 ι
3419 3378 3563 3449 Alibi

1968 3483 2099 3525 vero
2129 3467 2272 3524 idem
2299 3468 2383 3523 vir
2412 3468 2805 3524 illustrissimus
2833 3469 2901 3524 de
2930 3470 3126 3525 eodem
3154 3469 3413 3526 Facundo
3438 3470 3514 3541 (qi
3550 3487 3564 3523 :

1976 3582 1994 3615 ι
2026 3561 2206 3619 Multis
2235 3562 2416 3620 verbis
2436 3604 2451 3631 ,
2484 3562 2579 3628 ait,
2612 3562 2918 3633 principum
2967 3561 3251 3618 audaciam
3295 3563 3567 3632 exagitat,

1970 3656 2375 3726 quicanonicas
2394 3656 2722 3725 quaestiones
2745 3655 2813 3710 ad
2842 3671 2999 3709 suum
3020 3654 3283 3724 judicium
3312 3670 3574 3712 revocare

1973 3756 2201 3815 tentant,
2232 3762 2435 3819 eosque
2456 3748 2523 3802 ad
2546 3747 2852 3817 exemplum
2875 3746 3129 3802 Marciani
3162 3746 3419 3816 principis
3447 3762 3570 3815 pro-

1974 3847 2158 3909 vocat,
2189 3840 2256 3895 de
2283 3854 2393 3909 quo
2422 3840 2537 3894 haec
2566 3846 2691 3895 sunt
2711 3838 2829 3908 ejus
2857 3838 3023 3893 verba
3054 3835 3126 3909 (r)
3157 3854 3169 3891 :
3198 3836 3385 3892 Sciens
3412 3836 3570 3907 igitur

1974 3933 2063 3987 ille
2088 3932 2495 3988 modestissimus
2515 3932 2776 4003 princeps,
2809 3928 2953 3985 Gaia:
2978 3930 3089 4001 regi
3114 3946 3218 3985 non
3238 3929 3448 3996 impune
3469 3944 3571 3982 ces-

1976 4027 2126 4090 sisse,
2175 4026 2297 4095 quia
2341 4024 2642 4094 sacriﬁcare
2688 4023 3047 4093 prwsumpsit,
3097 4021 3233 4091 quod
3279 4020 3476 4074 licitum
3497 4032 3575 4075 est

252 4116 423 4186 cujus
476 4124 668 4170 auctor
696 4123 781 4171 est
831 4114 1203 4185 perantiquus,
1237 4113 1511 4169 erudimur
1542 4112 1617 4184 (j)
1666 4110 1874 4183 Papam
1978 4116 2181 4187 singulo
2203 4116 2383 4187 cuique
2412 4116 2572 4170 etiam
2601 4116 2813 4172 secundi
2834 4116 3034 4171 ordinis
3064 4114 3321 4169 sacerdoti
3350 4128 3369 4168 :
3412 4112 3572 4167 multo

260 4206 521 4279 Vigilium
558 4208 850 4278 ingressum
899 4222 1012 4261 esse
1065 4202 1569 4275 Constantinopolim
1619 4218 1711 4257 vm
1762 4202 1865 4258 cal.

1978 4209 2145 4280 magis
2166 4209 2378 4279 impune
2414 4208 2513 4263 sibi
2562 4208 2743 4262 cedere
2771 4224 2876 4261 non
2904 4223 3055 4277 posse
3083 4206 3339 4277 cognouit,
3364 4205 3439 4258 rel
3459 4220 3572 4274 qua:

252 4300 425 4355 Febr.
454 4309 569 4370 post
598 4301 922 4353 consalutant
970 4298 1157 4352 Basilii
1183 4313 1255 4361 γι,
1288 4295 1346 4350 id
1374 4304 1455 4351 est
1482 4310 1624 4351 anno
1667 4293 1869 4350 Christi
1901 4293 1944 4313 υ
1968 4302 2085 4373 jam
2116 4301 2180 4355 de
2212 4302 2319 4372 ﬁde
2357 4301 2661 4356 Christiana
2712 4302 3241 4373 fuerant’constituta
3296 4301 3575 4368 discutere,

249 4392 390 4448 547.
426 4376 597 4461 Quam
625 4393 844 4462 quidem
891 4391 1152 4462 temporis
1183 4390 1518 4445 notationem
1545 4404 1612 4444 ex
1661 4386 1866 4444 Proco-

247 4486 353 4556 pio
387 4482 463 4555 (k)
494 4498 558 4537 ac
588 4482 925 4553 Theophane
957 4483 1019 4555 (ι)
1052 4468 1254 4551 Pagius
1296 4479 1582 4536 conﬁrmat
1625 4478 1742 4552 (in).
1791 4478 1868 4536 Eo

247 4576 427 4647 igitur
456 4590 598 4629 anno
623 4573 723 4628 547
756 4575 996 4642 ineunte,
1020 4590 1125 4645 quo
1150 4573 1202 4627 in
1233 4573 1436 4642 regiam
1458 4572 1647 4628 urbem
1667 4571 1869 4627 adven-

247 4670 406 4724 tavit
426 4667 671 4737 Vigilius,
702 4668 933 4722 necdum
965 4667 1271 4722 absolverat
1305 4681 1460 4721 suum
1492 4680 1628 4735 opus
1657 4664 1867 4719 Facun-

242 4764 385 4829 dus,
415 4770 475 4817 ut
512 4761 675 4817 modo
702 4777 771 4815 ex
797 4776 864 4816 eo
895 4759 1260 4815 intelleximus
1295 4777 1307 4812 :
1337 4758 1428 4829 qui
1455 4774 1578 4813 cum
1601 4756 1731 4812 illud
1755 4765 1868 4812 tum

241 4851 433 4909 fuisse
478 4865 617 4921 pene
645 4850 953 4906 confectum
1000 4848 1272 4903 afﬁrmare
1319 4847 1582 4913 videatur,
1634 4862 1702 4903 eo
1752 4846 1869 4917 ipso

336 4985 419 5060 (a)
446 4984 588 5041 Vict.
617 4983 930 5066 Tunon..in
969 4983 1175 5066 Chron;
1205 4994 1328 5053 pag.
1364 4981 1451 5047 10,
1483 4980 1623 5053 apud
1662 4982 1860 5051 Scalig.

242 5053 432 5138 Τ
454 5056 811 5138 _temp_.__edit.‘
830 5055 1005 5138 Alr‘nst.
1035 5053 1199 5138 ‘1658.

336 5127 420 5199 (b)
447 5122 759 5199 lsidfllisp.
781 5126 848 5199 de
870 5125 1071 5199 Script.
1096 5124 1384 5199 eccl._eap.
1418 5122 1504 5178 l9.

333 5193 820 5276 (οὶΡὲΨτὲςςΒίὲιο
855 5193 1011 5276 θεεὲςὲ
1045 5193 1285 5276 933.254:
1327 5264 1364 5276 ..
1436 5266 1444 5275 .
1522 5264 1601 5276 ,ηπ

331 5262 421 5340 ((1⁷)
438 5266 559 5340 Isid.
581 5267 754 5340 Hisp._
746 5266 883 5336 Opp.
900 5267 1027 5340 edit.
1045 5262 1114 5319 du
1124 5262 1305 5340 Breul,
1327 5264 1495 5319 Paris.
1519 5264 1643 5340 1601
1657 5262 1864 5340 ,9.528.

362 5335 414 5416 e)
446 5335 691 5416 Cassiod;
718 5335 917 5407 Expos.
950 5338 1002 5416 in
1028 5337 1217 5416 psalm.
1251 5352 1513 5416 cxxxviii,
1536 5336 1635 5416 sub
1666 5335 1756 5416 tin‘.

362 5350 414 5411 e)
446 5341 690 5393 Cassiod.
718 5341 917 5407 Expos.
950 5341 1002 5391 in
1028 5341 1217 5406 psalm.
1251 5352 1508 5403 cxxxvm,
1536 5341 1635 5392 sub
1666 5341 1756 5387 lin.

332 5341 423 5485 Ξῖ)
456 5408 598 5463 Mati".
630 5408 827 5485 qusc.
875 5409 1065 5464 eccles.
1119 5407 1186 5461 ad
1212 5407 1351 5462 calc.
1405 5406 1541 5461 Hist.
1597 5406 1763 5460 theol.
1797 5404 1863 5459 de

238 5478 758 5605 Grat'.,Fpag..201:
1164 5548 1174 5560 ι
1222 5549 1232 5558 Ι

305 5552 668 5637 _gg)"abric.
701 5549 836 5605 Bibl.
883 5548 1027 5604 med.
1059 5548 1280 5603 Latinit.
1321 5555 1451 5603 tom.
1484 5546 1549 5611 ll,
1577 5559 1699 5616 pag.
1732 5544 1858 5609 455,

238 5621 413 5685 edit.
439 5621 633 5677 llamb.

332 5695 423 5767 (Ii)
446 5692 684 5749 Facund.
712 5689 920 5762 praefat.
952 5689 1089 5745 infra
1118 5689 1223 5745 col.
1257 5687 1379 5743 527.

1974 4391 2113 4463 quod
2142 4392 2435 4446 nullatenus
2480 4392 2630 4457 licet;
2667 4392 2747 4446 vel
2776 4408 2933 4447 novos
2984 4393 3298 4447 constituere
3325 4407 3573 4456 canones,

1975 4484 2112 4555 quod
2139 4500 2242 4537 non
2265 4484 2366 4537 nisi
2392 4483 2567 4537 multis
2593 4493 2642 4538 et
2667 4484 2721 4537 in
2752 4500 2910 4537 unum
2952 4485 3283 4555 congregatis
3306 4485 3463 4555 primi
3486 4502 3575 4540 or-

1976 4576 2114 4631 dinis
2138 4573 2491 4630 sacerdotibus
2514 4578 2651 4631 licet.
2685 4573 2763 4629 0b
2812 4576 2908 4630 hac
2954 4577 3129 4647 itaque
3178 4577 3256 4630 vir
3286 4587 3575 4647 temperans

1976 4675 2025 4721 et
2050 4683 2142 4721 suo
2173 4676 2443 4721 contentus
2472 4667 2661 4737 ofﬁcio,
2688 4667 3155 4722 ecclesiasticarum
3196 4683 3454 4721 canonum
3483 4684 3576 4720 ex-

1977 4764 2178 4811 secutor
2206 4773 2317 4811 esse
2336 4757 2514 4821 voluit,
2547 4772 2652 4811 non
2679 4759 2937 4819 conditor,
2969 4774 3073 4811 nou
3102 4766 3333 4812 exactor.
3366 4756 3465 4811 llic
3492 4762 3575 4811 est

1978 4854 2158 4903 certus
2188 4847 2342 4902 limes
2370 4862 2530 4917 quem
2574 4848 2738 4917 regiae
2780 4848 3087 4903 auctoritati
3129 4849 3182 4901 in
3223 4846 3308 4904 his
3346 4845 3573 4915 negotiis

2070 4979 2411 5062 S_i_rmond.
2532 4982 2771 5062 Facund.
2870 4991 3065 5062 (ιλιι-91.
3098 4982 3151 5035 b.

2158 5051 2398 5133 μετείθη.
2421 5053 2881 5133 ’ριιιοιικειό-ὶειι-ιιι.

2074 5121 2124 5194 ιε)
2156 5121 2389 5194 Procop.
2421 5124 2512 5179 lib.
2540 5140 2595 5178 ιιι
2624 5124 2693 5179 de
2720 5123 2853 5178 Bell.
2887 5122 3074 5185 60th.,
3107 5139 3227 5191 cap.
3270 5121 3353 5176 16.

2075 5193 2114 5261 Ι)
2146 5192 2393 5263 Theoph.
2422 5193 2696 5260 Chronog.
2730 5194 2795 5247 ad
2818 5211 2944 5247 ann.
2970 5192 3033 5245 21
3077 5190 3361 5247 instinian.

2051 5262 2145 5331 (ιη)
2177 5262 2326 5333 Pagi.
2361 5264 2427 5318 ad
2452 5280 2577 5319 ann.
2611 5264 2732 5331 547,
2768 5264 2794 5336 §
2826 5265 2879 5318 4.

2051 5333 2127 5406 (η)
2149 5333 2378 5406 _I_iaron._
2404 5336 2480 5406 ad”
2502 5350 2627 5390 ann.
2657 5335 2777 5399 547,
2807 5336 2834 5406 §
2867 5334 2936 5388 '52

2072 5350 2127 5399 η)
2162 5350 2359 5388 baron.
2404 5350 2469 5389 au
2502 5350 2627 5390 ann.
2657 5350 2777 5399 D-‘H,
2807 5350 2834 5399 ᾗ
2867 5350 2955 5388 az.

1901 5366 1945 5422 Ο
2147 5338 2955 5486 iiiigi‘aedizgiigdrgﬁhieﬁi
2984 5414 3037 5459 et
3060 5407 3186 5476 imp.
3219 5405 3310 5461 lib.
3338 5420 3414 5473 ιιι,
3445 5422 3567 5480 cap.

1969 5473 2057 5541 15,
2155 5473 2244 5546 10,
2285 5490 2406 5546 pag.
2440 5474 2565 5538 524,
2598 5476 2724 5530 edit.
2762 5475 2934 5546 Paris.
2970 5474 3127 5531 1704.

1969 5473 2061 5541 15,
2098 5473 2244 5547 ᾗᾼ10,
2285 5474 2565 5547 ρίιε.524,
2598 5476 2724 5530 edit.
2762 5475 2947 5547 Paris.
2970 5474 3127 5531 1704.

2065 5545 2119 5615 p)
2147 5545 2390 5600 Facund.
2422 5546 2512 5600 lib.
2543 5561 2598 5606 ιι,
2633 5561 2749 5615 cap.
2781 5545 2835 5611 6,
2867 5546 3023 5602 infra.

2066 5581 2119 5699 Si
2142 5581 3067 5699 Ξιᾌῖοέὶίζίςξῇἒῖ,”ιῖι›“’ῗι¹ζέἒιξ›ἷ“ίὶιῖξς
3091 5618 3186 5699 μ,
3222 5632 3345 5690 pag,
3378 5618 3499 5673 ιη

2045 5685 2115 5758 (r)
2142 5685 2380 5740 Facund.
2416 5686 2507 5740 lib.
2540 5701 2636 5754 xu,
2666 5702 2785 5757 cap.
2815 5688 2868 5753 5,
2900 5687 2999 5743 sub
3030 5685 3148 5743 init.

330 5792 359 5812 ‘
395 5786 454 5842 In
477 5785 733 5841 Facundo
759 5795 830 5856 et
850 5781 1159 5849 Ferrando,
1200 5783 1603 5856 typothetarum
1633 5780 1816 5851 lapsu,
1847 5787 2104 5836 eieterum
2139 5779 2392 5848 innoxio,
2436 5776 2827 5849 aliquantulum
2876 5793 2908 5834 a
2939 5779 3327 5851 chronologico
3379 5784 3572 5842 ordine

237 5863 586 5923 aberratum
616 5863 719 5910 est.
756 5855 916 5911 Enrr.

563 5954 838 6017 Parnm.
887 5953 1143 6017 LXVII.

3030 5950 3100 6008 17
