4122 6504
579 365 685 424 5‘25

1634 357 1996 417 FACUNDU-S
2023 356 2238 415 EPlSC.
2280 355 2805 416 ﬂEBhllANENSIS.

3740 357 3852 416 524

551 481 835 548 'pnrtlgcre
864 480 1114 546 oportet,
1168 487 1235 528 ne
1263 472 1574 529 inconsulto
1617 475 1894 528 trahamur
1935 472 2000 527 ad
2031 487 2150 527 eam
2184 477 2224 533 Λ
2257 472 2440 543 plures
2468 472 2776 536 orthodoxi,
2807 473 2916 528 imo
2950 481 3005 529 et
3028 473 3143 548 ipse
3171 474 3396 545 Vigilius
3420 475 3698 534 Romanus
3724 495 3864 548 pun-

559 570 946 634 adulationem,
980 581 1085 636 qua
1135 565 1468 636 principibus
1496 565 1609 621 suis
1659 567 1822 623 totius
1863 564 2155 635 disciplina:

559 661 934 719 ecclesiastica:
961 674 1227 714 summam
1255 656 1430 715 δι’ποί
1473 657 1812 714 deferebant.
1850 678 1868 711 ι
1917 656 2034 713 Huc
2061 672 2155 712 us—

2261 561 2409 630 tifex,
2441 565 2593 634 quasi
2621 562 2860 619 vindices
2885 564 3342 624 Chalcedonensis
3370 569 3605 634 concilii,
3631 569 3682 623 in
3712 571 3867 638 cujus

2259 650 2628 723 prmjudicium
2681 667 2744 709 ea
2794 654 3106 710 viderentur
3155 657 3224 711 ab
3270 658 3600 728 imperatore
3635 661 3868 729 saucita,

559 771 668 823 que
685 755 769 808 vir
791 753 1153 808 doctissimus.
1178 751 1294 805 Alia
1317 766 1480 822 porro
1501 751 1588 808 his
1610 767 1850 808 consona
1876 765 1945 806 ex
1965 749 2158 806 eodem
2257 743 2625 801 insurrexere.
2675 742 2812 819 Cum
2843 753 3025 799 autem
3068 748 3355 816 perspicue
3385 748 3653 820 pleneque
3683 751 3869 819 cogni-

563 845 819 901 Facundo
842 843 1048 915 jamdiu
1075 843 1338 898 retulerat
1368 855 1600 913 magnus
1638 843 1903 898 Baronius
1931 841 2032 914 (a).

630 937 717 992 111.
777 935 994 992 Utinam
1023 951 1155 991 vero
1197 935 1250 990 in
1299 935 1487 990 eadem
1537 936 1806 991 sententia
1835 933 2032 1005 pncsul
2075 933 2165 990 hic

563 1028 962 1083 Ilermiauensis
1007 1027 1077 1082 ad
1130 1025 1290 1082 ﬁnem
1331 1040 1502 1095 usque
1543 1026 1665 1080 vitae
1711 1025 2057 1096 perstitisset.
2104 1023 2164 1078 In

563 1120 755 1174 exsilio
785 1133 1019 1188 namque
1049 1119 1379 1174 constitutus
1407 1118 1478 1173 ob
1507 1117 1839 1188 pertinacem
1869 1116 2029 1170 trium
2058 1114 2166 1170 Ca-

564 1211 857 1283 pitulorum
908 1210 1300 1276 defensionem,
1345 1210 1486 1264 inter
1525 1209 1904 1264 schismaticos
1933 1207 2168 1262 militare

565 1305 772 1374 cmpit;
824 1304 916 1359 ubi
953 1313 1009 1359 et
1037 1305 1233 1359 librum
1282 1303 1499 1375 scripsit
1528 1310 1719 1358 contra
1748 1300 2054 1356 Mocianum
2083 1297 2171 1354 vel
2193 1315 2214 1327 ί

569 1397 869 1451 Matianum
897 1396 1298 1463 scholasticum,
1323 1397 1415 1465 qui
1445 1394 1727 1452 Africanos
1753 1395 2024 1449 antistites
2046 1391 2171 1462 jure

569 1489 778 1558 optimo
808 1488 1175 1556 redarguerat,
1210 1496 1498 1558 propterea
1528 1486 1672 1557 quod
1706 1486 1866 1540 trium
1894 1483 2178 1555 Capitulo-’

569 1596 688 1636 rum
720 1595 884 1635 causa
912 1593 971 1634 se
996 1594 1026 1632 a
1053 1577 1245 1649 Vigilio
1271 1592 1408 1648 papa
1437 1585 1494 1632 et
1521 1577 1588 1632 ab
1615 1575 1852 1631 Ecclesia
1880 1583 2003 1646 post
2031 1573 2174 1629 illius

568 1674 869 1728 Jttdicatum
891 1679 1260 1741 segregarant.
1291 1669 1428 1737 Quin
1456 1671 1619 1723 etiam
1651 1683 1716 1724 ex
1747 1666 1978 1737 epistola
2007 1665 2175 1736 ipsius

569 1762 803 1818 Facundi
829 1761 972 1816 edita
1005 1761 1234 1831 primum
1253 1775 1282 1812 a
1312 1758 1575 1814 Dacherio
1605 1758 1840 1830 (b),qutc
1868 1757 2174 1811 inscribitur

2263 841 2376 888 tum
2412 831 2532 896 fuit,
2565 831 2929 903 nequidquam
2960 834 3278 904 derogatum
3306 847 3653 894 sacrosancto
3684 840 3869 895 conci-

2263 922 2339 980 lio
2377 922 2805 980 Cbalcedonensi
2834 940 2932 994 per
2956 925 3362 982 damnationem
3395 939 3553 983 trium
3585 929 3870 1000 Capituloo

2265 1029 2419 1080 rum;
2451 1014 2565 1086 ipsa
2587 1015 2850 1084 imprimis
2876 1017 3170 1086 apostolica
3201 1017 3356 1074 sedes
3381 1035 3502 1074 eam
3526 1021 3872 1090 imperatoris

2267 1104 2449 1160 edicto
2484 1105 2713 1176 primum
2747 1107 3141 1177 promulgatam
3181 1115 3236 1162 et.
3263 1118 3452 1178 postea
3503 1126 3599 1180 per
3625 1113 3870 1182 quintam

2269 1195 2532 1267 synodum
2580 1197 2955 1254 conﬁrmatam
2999 1200 3353 1255 assertionem
3403 1202 3654 1272 probavit
3707 1213 3872 1273 atque

2270 1288 2524 1354 retinuit;
2549 1289 2789 1358 itumque
2811 1298 2943 1345 esta
2969 1291 3247 1347 catholicis
3275 1293 3526 1349 omnibus
3546 1295 3599 1348 in
3623 1295 3870 1349 eamdem

2273 1378 2598 1432 sententiam
2621 1395 2741 1434 cum
2771 1381 2958 1449 quinta
2986 1382 3194 1452 synodo
3221 1391 3427 1439 etcum
3457 1385 3586 1455 ipsis
3616 1384 3875 1442 Romanis

2273 1470 2616 1541 pontiﬁcibus
2652 1471 2878 1541 aliisque
2909 1473 3220 1543 apostolica:
3257 1475 3371 1530 sedi
3421 1478 3872 1532 communicanti-

2275 1559 2393 1613 bus.
2417 1556 2520 1625 Qui
2546 1574 2675 1614 vero
2702 1568 2887 1630 postea
2913 1561 2979 1616 ab
3001 1561 3086 1617 his
3113 1562 3434 1630 dissensere,
3459 1573 3518 1620 ut
3544 1565 3875 1622 schismatici

2277 1652 2444 1707 habiti
2485 1661 2610 1706 sunt
2645 1660 2808 1723 atque
2856 1653 3041 1722 rejecti
3085 1672 3100 1708 :
3149 1670 3271 1711 cum
3304 1667 3484 1711 tamen
3512 1657 3718 1713 interea
3748 1669 3877 1715 ante

2278 1744 2627 1800 novissimum
2655 1745 2967 1815 apostolica:
2993 1745 3135 1803 sedis
3157 1762 3436 1804 assensum
3457 1765 3564 1804 non
3591 1759 3734 1805 esset
3761 1751 3876 1821 pia-

573 1854 816 1925 Epistola
843 1853 1272 1924 ﬁdetcatlwlicw
1324 1854 1380 1906 in
1415 1850 1715 1921 defensione
1765 1851 1920 1904 trium
1963 1847 2176 1919 Capitu-
2212 1862 2253 1921 Β
2281 1838 2460 1894 Culum
2489 1854 2589 1908 pro
2614 1838 2786 1894 tribus
2815 1854 3052 1910 pugnare
3091 1837 3382 1911 Capitulis;
3416 1855 3534 1896 Cum
3576 1843 3879 1913 Ρηῐεεεΐιὶιιι

570 1947 760 2011 torum,
803 1945 894 1998 ille
941 1945 992 1998 in
1023 1943 1317 1998 schismate
1344 1943 1662 1998 occubuisse
1690 1941 1921 1996 videtur.
1955 1939 2069 2007 Qua
2107 1941 2176 1995 de

571 2056 632 2096 re
655 2041 898 2095 Natalem
923 2038 1286 2094 Alexandrum
1311 2038 1606 2108 videas(c).
1635 2038 1761 2095 Haec
1781 2053 1908 2093 vero
1934 2036 2177 2108 pluribus

573 2135 849 2205 prosecuti
877 2141 1004 2187 sunt
1029 2131 1318 2186 Annalium
1351 2131 1845 2187 ecclesiasticarum
1875 2145 2069 2201 parens
2097 2129 2176 2202 (ά)

582 2235 641 2279 et
661 2225 732 2280 cl.
765 2223 1009 2279 Norisius
1039 2222 1136 2294 (θ).
1184 2222 1280 2278 llis
1308 2231 1487 2277 autem
1517 2223 1774 2278 hactenus
1803 2221 2066 2277 enarratis
2095 2229 2178 2275 at-

577 2325 766 2372 texere
795 2315 925 2370 libet
953 2329 1072 2386 quae
1101 2314 1289 2369 scribit
1318 2311 1512 2369 Petrus
1557 2314 1624 2368 de
1654 2313 1855 2379 Marca,
1886 2312 1954 2368 de
1998 2312 2178 2383 Vigilii

568 2409 794 2464 decreto
830 2423 929 2479 pro
961 2407 1388 2464 conﬁrmatione
1419 2423 1453 2462 v
1484 2406 1676 2478 synodi
1713 2407 2019 2473 edisserens
2048 2406 2124 2478 (f)
2161 2424 2174 2460 :

579 2521 601 2552 ι
633 2501 712 2555 Ne
737 2502 892 2572 quis,
925 2501 1118 2570 inqtﬁt,
1150 2501 1497 2557 ambitiosum
1537 2501 1641 2556 hoc
1667 2499 1848 2568 Vigilii
1898 2501 2175 2556 decretum

569 2592 933 2658 existimaret,
964 2591 1078 2662 ipse
1105 2591 1345 2646 rationes
1364 2605 1485 2660 qua:
1513 2605 1572 2646 se
1593 2589 1657 2644 ad
1687 2589 1828 2645 hanc
1854 2591 2178 2646 sententiam

571 2683 910 2754 impulerint,
943 2683 1039 2737 bas
1077 2682 1335 2750 assignat.
1368 2681 1572 2752 Nempe
1601 2681 2099 2751 quodoﬁensiones
2123 2690 2179 2738 et

571 2777 828 2833 scandala
856 2784 976 2848 qua!
1004 2778 1218 2846 generis
1263 2776 1483 2830 humani
1501 2776 1685 2831 hostis
1733 2790 1831 2845 per
1858 2776 2177 2845 disputatio-

573 2884 695 2924 nem
723 2869 791 2924 de
819 2869 993 2922 tribus
1023 2867 1288 2937 Capitulis
1319 2867 1618 2932 invexerat,
1637 2867 1748 2936 jam
1771 2866 1958 2922 sedata
1975 2876 2175 2935 essent,

569 2975 792 3030 paxque
839 2959 1048 3014 reddita
1079 2967 1225 3013 esset
1253 2956 1509 3013 Ecclesia:
1539 2966 1664 3027 post
1709 2958 1923 3012 illorum
1954 2957 2179 3014 damna-

575 3055 802 3122 tionem,
833 3060 888 3107 et
917 3053 1119 3107 veritas
1149 3049 1440 3107 affulsisset
1468 3051 1521 3106 in
1552 3051 1636 3107 his
1664 3053 1927 3121 ambiguis
1957 3061 2177 3110 contro-

575 3146 788 3200 versiis.
822 3143 998 3213 Unde,
1021 3144 1220 3208 subdit,
1249 3144 1506 3214 colligere
1533 3144 1657 3200 licet
1676 3144 2094 3216 lllyricianarum
2119 3154 2178 3200 et

2281 1930 2334 1984 in
2361 1945 2426 1985 ea
2451 1931 2749 1985 assertione
2769 1930 3058 1986 habuerint
3077 1932 3366 2001 aliquando
3395 1949 3555 2003 quem
3583 1949 3879 2004 sequeren-

2280 2029 2384 2086 tur,
2415 2021 2587 2092 ipsum
2622 2021 2871 2089 Vigilium
2913 2021 3213 2078 Romanum
3244 2022 3573 2094 pontiﬁcem.
3614 2043 3632 2077 ι
3680 2024 3881 2081 Hacte-

2277 2125 2380 2165 nus
2407 2111 2693 2164 Aunalium
2724 2111 3214 2167 ecclesiasticorum
3245 2115 3493 2168 conditor
3524 2132 3536 2168 :
3569 2114 3662 2184 qui
3691 2125 3746 2170 et
3782 2117 3882 2171 ali-

2277 2197 2328 2254 bi
2361 2200 2422 2271 (i)
2452 2215 2700 2270 quamam
2728 2200 2924 2256 fuerint
2949 2203 3047 2256 tria
3078 2203 3178 2258 ista
3205 2202 3453 2274 Capitula
3481 2205 3744 2273 edocens,
3777 2225 3879 2261 no-

2277 2311 2398 2350 vam
2428 2295 2585 2350 simul
2617 2294 2912 2365 falsamque
2936 2295 3215 2366 cujusdam
3246 2297 3440 2354 eruditi
3465 2298 3560 2354 viri
3590 2299 3659 2355 de
3688 2300 3880 2355 iisdun

2278 2383 2588 2462 Opinionem
2612 2391 2878 2445 confutat.

2351 2480 2415 2536 V.
2450 2481 2516 2533 At
2543 2496 2675 2536 vero
2705 2480 2845 2535 haud
2870 2481 3025 2538 nobis
3055 2470 3519 2551 committendum,
3548 2493 3607 2540 ut
3635 2485 3882 2542 Sirmon-

2278 2572 2402 2626 dum
2449 2571 2511 2625 V.
2555 2569 2619 2626 C.
2670 2571 2774 2626 hac
2817 2571 2887 2627 de
2916 2587 2996 2638 re,
3048 2582 3213 2643 atque
3260 2575 3523 2647 imprimis
3550 2577 3615 2632 de
3655 2589 3884 2635 auctore

2280 2670 2468 2717 nostro
2521 2660 2686 2716 verba
2739 2661 3028 2718 facientem
3083 2672 3488 2733 prmtereamus.
3558 2665 3650 2721 Sic
3719 2668 3884 2737 igitur

2280 2754 2370 2810 ille
2399 2755 2465 2826 (j)
2504 2772 2517 2808 :
2556 2774 2573 2806 ι
2610 2753 2665 2809 In
2696 2757 2856 2809 trium
2885 2754 3259 2826 Capitulorum
3291 2774 3451 2813 causa
3479 2775 3638 2829 quam
3663 2759 3886 2818 Facun-

2280 2844 2379 2900 dus
2405 2843 2665 2914 defendit,
2690 2845 2736 2901 si
2765 2861 2953 2900 verum
2979 2846 3124 2917 loqui
3156 2848 3350 2917 placet,
3397 2848 3680 2906 honestius
3708 2852 3887 2911 fuerat

2279 2952 2400 2994 cum
2445 2936 2640 3008 Vigilio
2683 2938 2882 2994 cadere
2929 2953 3089 3008 quam
3131 2940 3350 2997 vincere
3379 2957 3500 2998 cum
3545 2941 3880 3001 Justiniano.

2279 3031 2436 3101 Quod
2466 3033 2512 3088 si
2555 3033 2806 3103 Vigilium
2849 3045 3109 3105 perpetuo
3147 3035 3340 3091 ducem
3385 3039 3539 3108 sequi
3572 3040 3886 3108 maluisset,

2279 3139 2442 3195 quam
2469 3123 2745 3196 Vigilium,
2775 3135 3060 3196 postquam
3092 3125 3393 3185 Justiniano
3423 3129 3723 3187 cedendum
3755 3148 3889 3189 cett-

575 3238 949 3292 Al‘ricanarum
993 3236 1394 3306 provinciarum
1425 3237 1712 3308 episcopos
1740 3237 1935 3308 prioris
1959 3245 2178 3294 senten-
2204 3232 2250 3294 C
2281 3218 2418 3284 sui"
2459 3233 2582 3273 cum
2627 3217 2770 3273 Afris
2812 3219 2923 3274 suis
2969 3220 3397 3290 reprehendere;
3445 3238 3604 3278 ηειηο
3636 3225 3788 3280 illum
3819 3226 3888 3283 d0

573 3329 666 3382 tice
709 3328 1048 3398 paenituisse,
1080 3337 1135 3384 et
1163 3329 1578 3384 communicatis
1603 3345 1726 3386 eum
1755 3329 1951 3400 Vigilio
1997 3331 2180 3386 consi—

575 3421 660 3477 liis
679 3420 1045 3476 Orientalium
1061 3421 1497 3478 communionem
1521 3423 1822 3493 amplexos.
1857 3443 1876 3476 ι
1899 3423 2040 3480 Haec
2066 3424 2177 3480 ille.

574 3512 833 3578 Quamvis
887 3527 996 3567 non
1038 3511 1307 3568 defuerint
1349 3514 1596 3569 nonnulli
1645 3514 1840 3570 eruditi
1870 3516 1992 3586 viri,
2040 3530 2180 3586 quos

575 3603 716 3658 inter
744 3601 1037 3658 Carnerius
1057 3603 1155 3675 (g),
1198 3605 1291 3674 qui
1321 3604 1387 3660 de
1416 3605 1729 3674 integritate
1754 3605 2042 3662 decretalis
2064 3607 2181 3678 epi-

574 3693 728 3749 stola;
749 3691 946 3762 Vigilii,
967 3708 1130 3763 quam
1159 3695 1258 3750 abs
1287 3708 1348 3750 se
1373 3694 1607 3765 primum
1629 3694 1827 3750 editam
1861 3696 2095 3751 illustrat
2123 3697 2178 3751 in

573 3802 668 3840 sua
699 3786 1082 3843 dissertatione
1110 3788 1252 3842 idem
1283 3789 1352 3843 cl.
1377 3787 1820 3858 archiepiscopus
1845 3786 2178 3858 Parisiensis,

575 3875 916 3931 dubitarunt.
951 3873 1235 3946 Utcunque
1263 3891 1394 3932 vero
1435 3877 1524 3943 sit,
1557 3893 1624 3930 an
1655 3886 1843 3947 postea
1871 3877 2180 3948 Facundus,

574 3968 822 4040 deposita
852 3967 1032 4038 priore
1060 3968 1350 4035 sententia,
1373 3967 1426 4021 in
1449 3982 1510 4022 se
1532 3967 1751 4022 tandem
1778 3983 2050 4037 reversus,
2076 3969 2185 4025 sal-

575 4073 685 4120 tem
739 4062 840 4118 sub
891 4061 1016 4116 vitae
1057 4060 1217 4116 ﬁnem
1273 4061 1584 4131 resipuerit,
1627 4075 1692 4117 ac
1732 4061 1944 4132 ejurato
1997 4062 2184 4134 iniquo

575 4156 866 4214 schismate
917 4169 1042 4212 sese
1088 4154 1371 4210 catholica:
1427 4153 1732 4224 adiunxerit
1785 4157 2183 4227 communioni,

576 4249 695 4318 ejus
737 4262 956 4304 causam
1007 4262 1075 4304 ex
1114 4247 1327 4317 integro
1369 4245 1772 4317 dijudicandam
1815 4246 1912 4304 Dei
1958 4248 2185 4305 arbitrio

577 4339 915 4394 dimittimus.

649 4429 737 4484 1V.
765 4428 968 4484 Verum
997 4436 1056 4483 ut
1078 4443 1288 4485 summa
1317 4427 1386 4484 de
1409 4427 1580 4485 tribus
1601 4427 1865 4500 Capitulis
1892 4429 2188 4487 lectoribus

579 4520 634 4574 in
659 4527 915 4589 promptu
935 4520 1007 4575 sit
1034 4535 1143 4590 quo
1168 4521 1237 4575 de
1263 4520 1348 4575 his
1365 4519 1628 4590 judicium
1658 4521 1870 4576 ﬁrmum
1901 4530 2188 4593 ratumque

2279 3319 2531 3380 suscepta
2569 3309 2938 3380 Capitulorum
2981 3311 3296 3370 defensione
3346 3313 3414 3370 ad
3467 3331 3632 3384 quam
3661 3317 3891 3388 Vigilius

2279 3403 2395 3473 ipse
2423 3403 2564 3458 ultro
2600 3412 2787 3472 postea
2811 3402 3002 3471 rediit,
3033 3405 3154 3474 jure
3200 3407 3563 3464 accusandum
3588 3409 3885 3480 judicaret.

2279 3495 2387 3551 Sed
2409 3495 2726 3551 Facundum
2766 3495 3139 3566 collegasque,
3173 3505 3232 3553 ut
3274 3499 3468 3570 Vigilio
3496 3514 3886 3573 repugnarent,

2280 3586 2469 3643 fefellit
2492 3601 2646 3643 error
2666 3601 2774 3656 quo
2804 3589 3129 3646 tenebantur
3151 3606 3421 3662 quemque
3443 3593 3677 3651 Victoris
3704 3605 3763 3651 et
3791 3595 3890 3651 lsi-

2281 3678 2403 3735 dori
2438 3679 2507 3735 de
2536 3678 2791 3735 Facundo
2819 3681 3128 3736 testimonia
3151 3681 3462 3751 declarant;
3490 3684 3636 3753 quod
3679 3687 3890 3742 scilicet

2283 3787 2601 3845 persuasum
2628 3773 2892 3828 baberent
2919 3790 3028 3830 non
3076 3790 3240 3845 posse
3275 3777 3479 3846 absque
3519 3777 3717 3847 injuria
3763 3778 3888 3835 ﬁdei

2287 3867 2590 3939 synodique
2627 3865 3086 3924 Chalcedonensis
3126 3869 3411 3924 eversione
3457 3867 3704 3939 Capitula
3751 3887 3890 3926 cou-

2286 3958 2526 4014 demnari
2556 3975 2568 4010 :
2600 3957 2830 4028 proinde
2857 3958 3101 4014 damnari
3129 3975 3238 4014 non
3267 3959 3631 4030 patiebantur.
3665 3960 3735 4014 At
3760 3977 3893 4017 con-

2285 4059 2372 4108 tra
2397 4051 2623 4122 ‘Vigilius
2654 4053 2878 4106 liberam
2931 4066 3053 4107 esse
3091 4051 3516 4107 controversiam
3546 4053 3891 4124 intelligens,

2288 4154 2344 4201 et
2362 4159 2482 4215 qua:
2503 4153 2678 4200 utram
2700 4145 2759 4200 in
2785 4152 2992 4217 partem
3021 4151 3289 4217 vergeret,
3322 4147 3390 4202 ad
3434 4145 3557 4201 ﬁdei
3587 4145 3893 4205 doctrinam

2287 4239 2422 4293 nihil
2450 4239 2710 4294 attineret
2735 4238 2901 4309 (quod
2926 4239 3099 4309 ipsum
3128 4248 3254 4310 post
3281 4239 3458 4310 Vigilii
3487 4239 3734 4312 tempora
3766 4241 3894 4298 Gre-

2289 4333 2471 4402 gorius
2498 4331 2740 4402 Magnus,
2771 4329 3023 4402 Pelagius
3043 4340 3099 4389 et
3125 4333 3216 4388 alii
3241 4349 3383 4404 saepe
3412 4335 3593 4390 testati
3624 4335 3795 4406 sunt),
3827 4350 3893 4394 ea

2290 4425 2563 4480 interdum
2591 4425 2844 4480 libertate
2868 4441 2996 4482 usus
3019 4433 3101 4482 est
3128 4441 3292 4497 quam
3316 4442 3480 4482 causa
3509 4427 3848 4483 concedebat
3875 4445 3891 4483 :

2291 4535 2508 4590 semper
2535 4519 2773 4589 alioquin
2802 4519 2870 4574 ad
2899 4520 3252 4587 de’tendenda,
3294 4530 3354 4576 ut
3394 4536 3492 4592 par
3519 4531 3656 4588 erat,
3685 4532 3743 4578 et
3766 4539 3894 4594 pro-

579 4609 722 4664 ferre
741 4617 966 4680 queant,
989 4609 1121 4664 illud
1145 4615 1354 4664 certum
1379 4617 1544 4680 atque
1558 4610 1902 4681 exploratum
1922 4626 2043 4667 cum
2057 4613 2182 4669 viro
2211 4628 2266 4690 ι)
2292 4611 2466 4667 banda
2505 4609 2751 4682 Capitula
2796 4612 3134 4688 propensior.
3179 4612 3316 4667 Nam
3358 4621 3413 4668 et
3450 4615 3737 4685 principio,
3768 4631 3892 4671 cum

580 4701 818 4757 maxime
845 4701 1218 4756 existimamus
1275 4700 1375 4772 (It).
1413 4719 1431 4754 ι
1465 4700 1622 4769 Quod
1669 4703 1772 4758 etsi
1815 4703 2031 4760 demum
2058 4715 2182 4776 post

579 4794 802 4849 obortas
857 4792 1116 4863 plurimas
1165 4793 1565 4848 controversias
1612 4791 1983 4864 immensaque
2027 4803 2181 4867 parta

579 4884 821 4950 dissidia,
848 4881 1115 4938 catholica
1140 4879 1383 4937 Ecclesia
1412 4883 1734 4938 sententiam
1762 4881 2048 4952 Justiniani
2075 4887 2183 4942 im-

580 4978 846 5051 peratoris
874 4987 1064 5035 contra
1109 4978 1212 5033 tria
1239 4969 1489 5048 Capitula
1517 4978 1588 5033 sit
1611 4986 1824 5044 secuta,
1859 4986 2039 5032 tamen
2071 4977 2186 5049 ipso

580 5073 807 5129 exordio
831 5072 1124 5144 propositae
1155 5071 1499 5142 quaestionis,
1532 5070 1641 5126 imo
1671 5079 1894 5126 asserta:
1921 5072 1988 5126 ab
2018 5071 2188 5142 impe-

580 5173 763 5223 ratore
807 5163 1117 5229 sententiae,
1167 5171 1356 5218 contra
1405 5161 1595 5216 eadem
1620 5161 1731 5216 tria
1759 5161 2002 5233 Capitula
2033 5177 2184 5219 com-

653 5404 725 5477 (a)
759 5405 955 5462 Baron.
981 5405 1045 5459 ad
1077 5419 1201 5477 ann.
1235 5400 1363 5465 5-47,
1401 5399 1583 5477 §§_._'5_i,
1616 5398 1704 5466 '55,
1732 5399 1875 5477 {let
1896 5416 2048 5470 seqq.

761 5477 988 5532 Dacher.
1018 5475 1273 5544 Spicileg.
1301 5469 1557 5536 tom'flll,
1597 5485 1717 5541 pag.
1742 5472 1842 5525 δυ’]
1867 5469 2025 5540 seqq.
2049 5488 2176 5528 nov.

581 5549 726 5685 edite.)
755 5616 877 5673 Nat.
935 5617 1087 5672 Alex.
1119 5615 1254 5670 llist.
1304 5613 1436 5669 cccl.
1468 5629 1590 5669 smc.
1628 5630 1698 5678 v1,
1733 5629 1853 5684 cap.
1897 5611 1943 5681 ι,
1986 5622 2090 5667 art.
2125 5614 2180 5680 7,

584 5690 614 5761 ἑ
766 5757 1052 5830 ﬂammati
1085 5774 1209 5813 ann.
1253 5757 1374 5822 547,
1503 5755 1570 5810 56
1595 5765 1650 5830 et.
1677 5771 1829 5826 seqq.
1900 5768 1910 5776 '

649 5832 725 5899 (ε)
757 5829 933 5899 jNorts.
969 5829 1188 5899 Dissert.
1222 5830 1342 5882 hist.
1379 5824 1660 5899 de'synozl.
1702 5824 1908 5898 v,‘cap.
1954 5825 2008 5892 4,
2035 5824 2180 5898 Opp.

585 5898 720 5959 tom.
755 5898 794 5965 Ι,
827 5913 980 5968 pagg.
1017 5898 1208 5955 δράμω
1235 5913 1386 5968 seqq.

2290 4705 2415 4760 mali
2441 4705 2591 4761 labes
2606 4717 2725 4760 orta
2745 4713 2829 4760 est
2842 4705 3333 4775 Constantinopoli,
3349 4721 3539 4761 eorum
3556 4707 3892 4766 damnationi

2290 4797 2664 4852 vehementius
2685 4797 2923 4864 obstitit;
2949 4807 3004 4852 et
3029 4812 3338 4868 quanquam
3368 4797 3676 4853 Judicatum
3699 4808 3893 4869 postea

2295 4891 2349 4945 in
2379 4905 2565 4945 eorum
2593 4889 3102 4946 condemnationem
3127 4887 3371 4958 protulit,
3404 4897 3464 4945 ut
3491 4892 3773 4947 schismati
3802 4909 3894 4949 occ

2294 4992 2537 5040 curreret
2582 4983 2965 5055 publicamque
3021 4983 3374 5039 concordiam
3440 4986 3727 5040 sententia:
3783 5002 3893 5041 suze

2289 5075 2500 5145 jactura
2540 5075 2873 5131 redimeret:
2908 5084 3086 5129 tamen
3116 5075 3206 5130 ubi
3248 5074 3406 5130 aliter
3443 5078 3689 5131 evenisse
3730 5087 3892 5146 quam

2294 5167 2576 5239 sperabat,
2609 5176 2772 5237 atque
2797 5167 2901 5222 hac
2944 5167 3061 5237 ejus
3085 5165 3462 5222 moderatione
3499 5167 3699 5222 turbari
3731 5165 3893 5238 Capi-

2358 5410 2435 5479 (f)
2453 5408 2646 5481 Mat-ca
2670 5407 2893 5481 Dissert.
2919 5406 2988 5481 de
3010 5407 3179 5481 Epist.
3200 5408 3445 5481 Yigilii,§
3473 5410 3558 5478 l7,
3581 5412 3631 5465 itt
3653 5410 3896 5475 Concil.,

2284 5477 2421 5533 tom.
2451 5479 2538 5549 Vl,
2562 5493 2684 5549 pag.
2715 5477 2841 5540 254,
2874 5477 3002 5532 edit.
3033 5479 3373 5549 Ven._Labb.
3404 5477 3440 5534 Ιῖ

2352 5547 2690 5626 (g)Gat:t1et:.
2728 5549 2948 5626 Dissert.
3001 5550 3067 5626 ad
3114 5547 3352 5626 biberat.
3407 5552 3645 5609 Breviar.
3675 5567 3799 5626 cap.
3839 5551 3896 5622 5,

2293 5619 2320 5692 §
2355 5617 2403 5684 i,
2433 5635 2554 5689 pag.
2587 5619 2710 5684 2'29,
2743 5620 2868 5692 edit.
2902 5617 3073 5692 Paris.
3109 5619 3266 5692 1675.

2362 5687 2449 5761 (Ιιί
2469 5687 2663 5761 Baron.
2699 5690 2766 5743 ad
2793 5705 2926 5761 ann.
2954 5687 3074 5761 546,
3101 5689 3136 5761 ᾗ
3167 5689 3255 5744 58.

2366 5759 2427 5828 (ε)
2461 5762 2561 5823 ld.,
2589 5760 2656 5815 ad
2685 5776 2813 5832 ann.
2847 5759 2970 5826 δεῖ,
3001 5760 3064 5832 §§
3090 5759 3282 5832 esse.

2361 5832 2426 5904 (j)
2458 5831 2728 5889 Sit'mond.
2763 5832 2970 5902 praefat.
3005 5831 3071 5886 ad
3111 5831 3350 5891 Facund.
