4122 6550
309 471 415 528 525

1552 472 1822 529 NOTlTlA
1863 473 1959 529 EX
1996 472 2390 530 GALLANDIO

3507 454 3610 530 Sec

298 589 539 645 talorum
561 585 894 651 defensores,
926 585 1074 641 abuti
1114 584 1453 641 adversarios
1483 587 1895 653 animadvertit;
1929 592 1976 650 Α
2004 589 2164 644 nimis
2193 589 2460 661 prolixam
2504 603 2613 645 non
2643 597 2725 644 est
2750 588 2909 660 hujus
2947 589 3054 645 loci
3087 587 3326 655 referre;
3357 588 3424 644 ad
3453 604 3615 659 quem

301 690 421 736 tum
465 695 755 750 suppresso
801 676 1049 732 Judicato
1083 675 1152 731 ad
1198 676 1478 745 pristinam
1530 677 1902 735 defensionem

300 784 434 829 mox
462 771 622 827 rediit
645 771 699 825 in
726 783 898 841 eaque
921 767 1182 823 constitit.
1200 765 1444 837 Cumque
1466 769 1520 823 id
1550 770 1635 837 agi
1658 770 1902 837 sentiret,

300 872 362 918 ut
394 879 492 934 per
532 863 639 918 vim
669 868 1088 931 extorqueretur
1131 862 1199 916 ab
1256 860 1439 926 invitis
1488 863 1905 931 Condemnatio,

303 963 619 1023 suspectam
648 952 852 1007 habens
879 952 1144 1023 synodum
1174 949 1485 1007 Graecorum
1519 954 1782 1009 interesse
1812 969 1910 1009 no-

306 1042 409 1100 luit
433 1063 446 1111 ;
475 1053 531 1100 et
557 1061 708 1099 suam
736 1044 803 1099 de
830 1042 1092 1114 Capitulis
1115 1059 1223 1099 non
1245 1043 1563 1100 damnandis
1588 1045 1910 1100 sententiam

310 1139 459 1193 edito
483 1137 778 1191 constituto
814 1136 1049 1204 graviter
1078 1135 1357 1204 exposuit;
1396 1136 1602 1207 synodo
1633 1136 1868 1206 denique
1890 1177 1905 1203 ,

312 1244 438 1281 cum
466 1226 713 1295 Capitula
744 1225 1069 1293 damnasset,
1093 1239 1161 1279 ne
1189 1225 1497 1295 provincias
1524 1241 1644 1296 quae
1670 1227 1914 1296 plurima:

312 1319 719 1380 reclamabant,
752 1317 945 1371 iterum
988 1314 1321 1382 offenderet,
1364 1331 1643 1372 assensum
1672 1318 1908 1385 negavit.

312 1411 391 1464 Ex
425 1410 619 1481 quibus
646 1418 870 1479 apparet
898 1409 1095 1462 nullam
1127 1409 1180 1462 in
1228 1409 1330 1464 hac
1355 1409 1533 1478 Vigilii
1564 1410 1913 1465 consiliorum

312 1502 581 1555 varietate
618 1500 1034 1555 inconstantiam
1065 1498 1251 1567 fuisse,
1284 1501 1425 1570 quod
1461 1501 1632 1555 visum
1660 1509 1746 1557 est
1774 1518 1913 1557 non—

312 1593 505 1657 nullis;
538 1591 631 1647 sed
668 1600 864 1645 statam
892 1592 1071 1661 potius
1115 1592 1384 1661 ﬁxamque
1414 1593 1466 1647 in
1497 1593 1694 1647 tuenda
1734 1592 1918 1649 Eccle-

312 1684 428 1747 siae,
461 1698 623 1751 quam
649 1683 889 1751 regebat,
922 1696 1058 1752 pace
1100 1683 1499 1752 concordiaque
1528 1687 1911 1739 constantiam.

315 1774 482 1844 Cujus
514 1774 680 1845 ipsius
724 1774 873 1844 pacis
921 1773 1098 1828 studio
1152 1773 1330 1842 Vigilii
1374 1789 1749 1843 successores,
1793 1790 1915 1830 cum

314 1880 523 1935 paucos
558 1865 669 1935 jam
709 1874 898 1920 contra
939 1864 1039 1918 niti
1068 1863 1315 1919 viderent
1352 1874 1412 1919 ut
1447 1880 1552 1919 una
1595 1866 1836 1921 omnium
1864 1866 1916 1919 in

2014 679 2240 750 proinde
2297 680 2531 736 lectores
2578 682 2902 736 remittimus
2957 681 3074 754 (ε).
3150 680 3445 749 Benignum
3490 679 3618 734 item

2014 772 2365 843 interpretem
2409 771 2614 842 ﬂagitat
2671 774 2808 829 alius
2861 774 3100 829 Facundi
3150 773 3330 833 locus,
3402 772 3455 825 in
3509 787 3617 840 quo

2015 876 2226 921 comma
2258 863 2291 917 8
2316 865 2506 933 capitis
2536 881 2567 918 v
2592 864 2845 936 Epistolas
2889 864 2910 919 l
2939 863 2997 919 S.
3031 863 3253 919 Joannis
3282 873 3619 918 commenta—

2017 962 2106 1010 tur
2136 956 2233 1026 (f).
2264 952 2435 1021 Quem
2465 955 2681 1023 quidem
2726 955 2902 1009 lucum
2935 954 3123 1025 paucis
3154 953 3468 1024 perstringit
3495 966 3618 1007 eru-

2017 1046 2160 1103 ditus
2189 1046 2385 1102 Millius
2415 1046 2491 1118 (g)
2526 1064 2537 1099 :
2570 1047 2812 1118 pluribus
2840 1062 2971 1103 vero
2999 1047 3248 1104 edisserit
3279 1046 3470 1101 doctus
3498 1045 3620 1100 Bero

2019 1139 2217 1195 nardus
2259 1140 2326 1194 de
2355 1138 2555 1195 Rubeis
2587 1140 2687 1212 (Ιι).
2720 1139 2800 1195 Ad
2830 1140 2944 1195 hazc
2988 1141 3232 1209 quisquis
3280 1139 3505 1209 hujusce
3532 1154 3623 1192 att-

2018 1228 2185 1283 ctoris
2214 1229 2380 1284 libros
2414 1229 2696 1284 duodecim
2730 1228 2908 1298 (mitto
2952 1231 3095 1285 enim
3117 1230 3324 1299 reliqua
3353 1230 3458 1284 duo
3502 1228 3622 1299 ejus

2018 1321 2276 1389 opuscula
2304 1337 2424 1391 quae
2456 1322 2622 1377 libros
2650 1322 2772 1377 illos
2798 1325 2958 1394 excip
2981 1324 3099 1394 unt)
3132 1332 3335 1379 attente
3372 1323 3621 1394 perlege-

2018 1412 2106 1476 rit,
2139 1411 2400 1465 nonnulla
2448 1410 2588 1467 forte
2617 1414 2918 1483 comperiet
2963 1413 3182 1479 alicubi,
3213 1429 3332 1483 qua:
3357 1414 3461 1469 sibi
3503 1428 3621 1467 mo-
3694 1482 3699 1487 ι

2020 1522 2137 1561 ram
2167 1506 2419 1572 inferant,
2469 1522 2699 1579 quasque
2744 1508 2941 1562 seriam
2968 1506 3242 1576 postulent
3285 1506 3624 1561 animadver—

2020 1600 2248 1655 sionem.
2282 1600 2480 1654 Verum
2529 1600 2834 1670 cuicunque
2892 1600 2945 1654 id
3002 1599 3273 1654 interdum
3322 1600 3603 1667 contingat

2021 1693 2329 1747 meminerit
2360 1692 2471 1761 ille,
2502 1692 2683 1762 lapsos
2710 1692 2987 1747 enimvero
3030 1691 3319 1761 aliquando
3342 1691 3427 1744 vel
3471 1690 3620 1760 opti-

2021 1800 2140 1839 mos
2167 1792 2410 1840 vetustos
2438 1785 2752 1855 scriptores,
2797 1792 2959 1853 atque
2988 1785 3042 1838 in
3082 1782 3406 1852 quibusdam
3447 1782 3625 1852 cespi-

2023 1882 2167 1930 tasse
2195 1892 2209 1929 :
2242 1890 2362 1945 qua:
2392 1885 2591 1941 tamen,
2640 1886 2700 1930 ut
2726 1876 2974 1944 equidem
3023 1890 3241 1940 censeo,
3292 1876 3424 1930 satis
3462 1873 3624 1930 fuerit

317 1956 562 2013 Ecclesia
593 1972 746 2012 mens
786 1964 842 2010 et
868 1971 970 2011 vox
1002 1964 1172 2021 esset,
1204 1965 1551 2012 assenserunt
1579 1966 1636 2011 et
1664 1958 1763 2026 ipsi
1795 1966 1915 2011 tan-

2027 1967 2152 2037 ipsis
2196 1966 2526 2033 condonare,
2558 1982 2717 2036 quam
2750 1967 2881 2020 vitio
2920 1975 3149 2021 vertere.
3183 1967 3274 2020 Sic
3303 1966 3449 2021 enim
3479 1980 3621 2030 sum,

316 2049 471 2114 dem,
506 2056 561 2103 et
598 2047 803 2118 synodo
841 2047 1059 2103 incertas
1092 2047 1159 2101 ad
1197 2047 1249 2103 id
1289 2056 1499 2118 tempus
1547 2049 1914 2111 auctoritatis,

318 2142 535 2197 concilii
564 2142 829 2211 generalis
871 2142 977 2195 vim
1014 2156 1323 2210 nomenque
1368 2140 1784 2197 confirmatione
1822 2158 1918 2196 sua
1948 2148 1953 2153 '

320 2233 684 2303 praebuerunt.
727 2251 745 2284 ι
781 2230 897 2286 Huc
923 2245 1093 2300 usque
1121 2231 1202 2285 vir
1230 2230 1593 2287 doctissimus.

396 2321 482 2375 Vl.
524 2322 692 2377 Porro
720 2320 991 2391 quodnam
1019 2322 1089 2376 sit
1126 2320 1429 2389 bujusmodi
1472 2320 1707 2377 Facundi
1738 2310 1920 2394 opei'is

317 2416 573 2487 pretium,
596 2414 758 2469 modo
784 2413 1028 2487 laudatus
1040 2412 1362 2467 Sirmondus
1383 2413 1662 2484 statuit(a)
1700 2432 1718 2465 ι
1742 2428 1810 2469 ex
1833 2423 1920 2469 at-

320 2514 467 2561 tenta
495 2505 611 2573 ejus
640 2504 870 2559 lectione
914 2516 1209 2571 agnoscere
1234 2516 1505 2572 quemque
1535 2502 1712 2556 virum
1742 2503 1923 2557 erudi-

324 2605 439 2650 tum
500 2595 701 2650 habere
754 2594 900 2649 hunc
950 2599 1231 2648 auctorem
1305 2590 1506 2646 affatim
1562 2592 1707 2647 unde
1751 2593 1924 2662 possit

321 2702 505 2745 rerum
534 2703 669 2760 quas
699 2694 896 2742 tractat
937 2685 1192 2751 utilitate,
1243 2685 1421 2755 copia,
1469 2684 1756 2752 varietate,
1805 2685 1922 2739 ani-

320 2798 471 2837 mum
518 2781 867 2851 studiumque
919 2793 1076 2834 suum
1118 2793 1229 2834 non
1282 2764 1554 2833 immerito
1600 2777 1857 2833 retinere.
1896 2790 1920 2829 ι’

322 2874 592 2929 Nonnulla
624 2881 802 2927 tamen
847 2870 1156 2928 duriuscula
1181 2871 1237 2926 in
1275 2869 1425 2925 hisce
1470 2870 1621 2926 libris
1654 2869 1923 2925 interdum

322 2972 639 3033 occurrunt,
665 2978 785 3034 quae
812 2964 1078 3018 intentum
1105 2962 1366 3018 lectorem
1393 2960 1694 3030 requirunt.
1726 2958 1922 3030 Cujus-

323 3056 475 3112 modi
503 3065 585 3112 est
614 3055 765 3111 locus
795 3055 884 3110 ille
915 3054 1137 3122 insignis
1160 3053 1227 3109 de
1248 3067 1406 3109 sacra
1436 3051 1803 3119 Eucharistia,
1832 3052 1922 3107 ubi

326 3149 406 3201 ait
430 3146 502 3217 (b)
534 3164 546 3199 :
581 3145 980 3200 Sacramentum
1022 3144 1253 3215 corporis
1300 3150 1349 3198 et
1395 3143 1665 3214 sanguinis
1708 3141 1922 3210 Christi,

324 3238 462 3310 quod
481 3246 555 3291 est
576 3238 632 3291 in
661 3254 797 3307 pane
840 3244 888 3289 et
922 3234 1105 3306 poculo
1146 3242 1466 3300 consecrato,
1509 3247 1695 3303 corpus
1733 3231 1847 3302 ejus
1877 3240 1927 3285 et

2025 2066 2085 2112 ut

2154 2172 2306 2223 ...Ubi
2326 2171 2465 2234 plura
2486 2166 2646 2221 nitent
2666 2173 2713 2220 in
2738 2173 2974 2233 carmine,
2996 2183 3094 2220 non
3114 2182 3211 2234 rgo
3234 2170 3398 2231 paucis

2149 2232 2383 2284 Oll'endar
2405 2234 2629 2294 maculis,
2649 2246 2773 2296 quas
2796 2240 2881 2282 aut
2905 2233 3088 2296 incuria
3113 2232 3255 2292 fudit,

2148 2297 2246 2347 Aut
2268 2297 2476 2347 humana
2501 2293 2678 2359 parum
2692 2298 2819 2346 cavit
2840 2300 3012 2345 natura
3036 2293 3118 2357 (ἱ).

2095 2406 2209 2463 Vll.
2247 2406 2367 2462 Jam
2394 2414 2643 2478 superest
2686 2415 2746 2462 ut
2786 2406 2856 2463 de
2885 2422 3015 2463 cura
3052 2415 3238 2463 nostra
3289 2407 3342 2460 in
3385 2407 3489 2461 hac
3523 2406 3624 2460 Fa-

2025 2500 2185 2555 cundi
2212 2499 2452 2559 editione
2480 2488 2747 2570 paranda,
2779 2499 2968 2570 paucis
3008 2514 3078 2555 ex
3106 2514 3259 2555 more
3289 2513 3529 2567 agamus.
3563 2496 3626 2552 Et

2026 2594 2256 2665 primum
2286 2593 2505 2663 quidem
2533 2592 2807 2649 Sirmondi
2833 2592 3039 2649 ἕκδοσιν
3066 2591 3240 2649 secuti
3269 2606 3474 2656 sumus,
3504 2605 3627 2659 qua:

2024 2685 2168 2741 inter
2196 2684 2313 2755 ejus
2342 2698 2508 2755 opera
2543 2684 2695 2739 varia
2747 2698 2780 2739 e
2827 2682 3183 2753 typographia
3215 2681 3363 2750 regia
3408 2680 3627 2736 Parisiis

2025 2774 2226 2846 prodiit
2254 2789 2400 2830 anno
2446 2772 2603 2841 1696,
2652 2772 2833 2830 studio
2878 2773 2948 2828 cl.
2996 2771 3187 2827 Baunii
3232 2772 3491 2842 expolita.
3523 2772 3628 2828 Vc-

2026 2873 2153 2921 neta
2182 2865 2326 2921 enim
2346 2880 2464 2937 qum
2492 2864 2640 2920 illam
2682 2864 2927 2921 insecuta
2953 2871 3036 2919 est
3054 2878 3198 2919 anno
3228 2862 3388 2933 1729,
3418 2863 3629 2921 mendis

2025 2958 2169 3014 haud
2215 2958 2402 3029 paucis
2445 2965 2743 3015 scatentem
2787 2957 3054 3013 novimus.
3108 2956 3374 3013 Caeterum
3422 2973 3491 3013 ex
3528 2958 3631 3015 hac

2026 3050 2314 3121 posteriori
2341 3049 2581 3106 editione
2606 3050 2751 3106 notis
2778 3047 3174 3105 Sirmondianis
3200 3050 3475 3106 variantes
3504 3051 3628 3105 sub-

2020 3140 2273 3210 jecimus,
2304 3154 2439 3210 quas
2475 3139 2720 3210 diligenti
2758 3139 3052 3196 collatione
3076 3139 3324 3195 instituta
3346 3155 3468 3196 cum
3497 3156 3628 3211 pnn—

2025 3235 2192 3291 stanti
2215 3248 2316 3290 ms.
2347 3232 2536 3289 codice
2560 3231 2878 3303 amplissimi
2902 3230 3123 3303 capituli
3136 3231 3467 3287 Veronensis
3483 3232 3628 3289 eruit

323 3331 627 3401 sanguinem
656 3330 914 3383 dicimus:
958 3343 1061 3382 non
1089 3327 1224 3399 quod
1252 3325 1460 3398 proprie
1496 3340 1683 3396 corpus
1718 3324 1831 3396 ejus
1858 3328 1924 3379 sit
1952 3354 1997 3415 Ο
2028 3325 2229 3396 Ioseph
2254 3321 2677 3415 BlanchinusV.
2707 3320 2794 3391 C.,
2825 3322 3020 3393 quibus
3046 3321 3267 3415 quidem
3296 3322 3624 3415 lectionibus

324 3423 500 3493 panis,
545 3429 594 3473 et
620 3419 860 3490 poculum
885 3420 1131 3490 sanguis;
1178 3418 1268 3472 sed
1297 3417 1432 3489 quod
1461 3417 1515 3471 in
1543 3434 1600 3471 se
1627 3417 1928 3488 mysterium

326 3512 559 3580 corporis
587 3511 697 3580 ejus
725 3511 1094 3581 sanguinisque
1113 3510 1394 3573 contineat,
1419 3515 1528 3562 etc.
1558 3506 1687 3573 Quae
1710 3506 1926 3577 quidem

327 3602 566 3658 Facundi
595 3603 761 3658 verba
790 3602 915 3658 licet
953 3600 1125 3658 solide
1152 3600 1285 3656 satis
1322 3600 1637 3670 exposuerit
1679 3598 1957 3655 Sirmon--

327 3694 448 3761 dus,
480 3709 544 3750 ea
588 3702 771 3750 tamen
819 3694 973 3750 avide
1016 3693 1359 3763 arripuerunt
1390 3691 1709 3747 heterodoxi
1762 3692 1932 3746 homi-

329 3804 447 3851 nes,
480 3803 682 3858 eosque
709 3789 850 3844 inter
874 3785 1084 3845 Caveus
1115 3786 1212 3858 (ο),
1240 3794 1301 3842 ut
1336 3786 1474 3841 alios
1519 3792 1925 3856 prmtereamus,

329 3880 524 3949 quibus
542 3880 643 3934 sibi
671 3878 897 3949 aliisque
923 3878 1214 3934 suaderent
1238 3893 1350 3935 suae
1375 3876 1597 3934 demum
1626 3891 1804 3934 causa:
1832 3891 1929 3947 pa-

331 3979 548 4026 tronum
574 3970 847 4026 exstitisse
889 3969 1017 4025 olim
1054 3967 1503 4026 Hermianensem
1534 3970 1683 4025 illum
1713 3969 1928 4039 episco-

331 4072 481 4130 pum,
513 4060 624 4128 qui,
655 4060 701 4115 si
746 4059 848 4115 diis
876 4060 1071 4131 placet,
1105 4059 1258 4130 panis
1304 4074 1371 4115 ac
1409 4059 1522 4114 vini
1571 4058 1932 4117 substantiam

332 4150 385 4204 in
409 4146 606 4204 Christi
634 4164 833 4221 corpus
856 4158 912 4205 et
938 4150 1255 4218 sanguinem
1284 4149 1655 4214 transmutari,
1687 4148 1815 4204 dum
1839 4162 1930 4203 sa-

332 4256 484 4297 crum
529 4240 709 4295 altaris
736 4242 1051 4312 mysterium
1080 4240 1376 4310 peragitur,
1430 4240 1571 4295 haud
1617 4238 1929 4295 crediderit.

332 4333 416 4386 Ad
436 4332 538 4387 hos
563 4344 847 4401 segregum
875 4332 1193 4387 vanissimas
1216 4332 1433 4402 plausus
1455 4329 1817 4386 exsufﬂandos
1844 4343 1933 4383 sa-

333 4424 405 4477 tis
424 4422 614 4476 habuit
641 4422 938 4478 Dacherius
962 4438 1030 4477 ex
1054 4422 1294 4491 ejusdem
1318 4421 1555 4477 Facundi
1601 4419 1841 4490 Epistula
1867 4420 1935 4490 [i-

334 4514 420 4571 dei
448 4514 713 4570 catholica:
742 4515 797 4569 in
826 4514 1125 4586 defensione
1163 4515 1321 4568 trium
1356 4512 1733 4585 Capitulorum,
1769 4525 1933 4580 quam

334 4609 543 4678 primus
570 4606 755 4672 edidit,
801 4606 1051 4662 evincere
1081 4604 1157 4677 (ά)
1208 4604 1414 4660 nullam
1444 4619 1564 4659 esse
1593 4603 1646 4657 in
1689 4601 1933 4655 Ecclesia

2031 3415 2271 3472 Facundi
2323 3423 2500 3471 textus
2548 3413 2879 3480 illustratur,
2930 3413 3279 3479 emendatur,
3329 3414 3632 3484 suppletur.

2031 3506 2245 3563 Codicis
2273 3506 2593 3575 dignitatem
2619 3505 2691 3561 ob
2719 3504 2909 3559 oculos
2939 3505 3162 3560 exhibet
3199 3505 3421 3560 illustris
3450 3503 3632 3575 Scipio

2031 3599 2274 3654 Maﬂ'eius
2294 3599 2384 3670 (j).
2428 3599 2697 3654 Printerea
2727 3596 2931 3652 laudati
2952 3597 3155 3652 codicis
3180 3597 3509 3653 Veronensis
3533 3614 3635 3653 no-

2033 3689 2100 3744 tis
2128 3686 2418 3743 nonnullas
2458 3686 2953 3742 animadversiones
2997 3686 3352 3752 subdidimus,
3402 3702 3538 3757 quas
3566 3704 3634 3743 ex

2031 3780 2178 3835 varia
2209 3793 2435 3851 operum
2465 3777 2533 3832 ab
2560 3776 2785 3832 eruditis
2812 3776 2943 3832 viris
2978 3774 3248 3833 editorum
3274 3776 3509 3833 lectione
3535 3794 3635 3833 no-

2032 3870 2114 3926 bis
2140 3867 2606 3939 comparavimus;
2638 3866 2833 3936 quibus
2855 3880 3019 3920 unam
3053 3872 3111 3921 et
3131 3864 3359 3920 alteram
3384 3879 3504 3935 quae
3533 3881 3634 3922 nos

2031 3960 2421 4033 praeterieram,
2452 3959 2541 4035 hic
2570 3956 2769 4013 addere
2810 3955 3007 4028 placet.
3057 3953 3238 4011 Primo
3286 3956 3470 4027 itaque
3520 3957 3634 4028 jam

2032 4056 2123 4111 diu
2165 4055 2481 4111 observarat
2534 4048 2770 4104 Baunius
2809 4047 2884 4120 (k)
2919 4060 3039 4117 quae
3080 4047 3332 4116 leguntur
3360 4046 3503 4119 apud
3533 4047 3635 4103 Fa-

2033 4148 2295 4214 cundum,
2326 4146 2416 4201 lib.
2447 4160 2484 4200 u
2512 4142 2697 4215 cap.6
2728 4140 2889 4213 (infra
2917 4140 3027 4196 col.
3058 4138 3208 4210 578),
3239 4140 3306 4197 ab
3334 4141 3416 4196 his
3435 4141 3633 4207 verbis,

2034 4257 2212 4295 rursus
2235 4254 2478 4309 agnosce,
2513 4237 2763 4306 Auguste,
2794 4246 2964 4304 usque
2990 4232 3059 4286 ad
3086 4240 3360 4302 postrema
3384 4231 3519 4299 hmo,
3551 4235 3637 4302 qui

2034 4332 2239 4388 veritati
2284 4330 2513 4384 audeant
2565 4327 2838 4391 resultare,
2889 4339 2953 4380 ea
3008 4340 3117 4379 non
3164 4338 3304 4387 esse,
3338 4324 3417 4379 uti
3467 4325 3636 4387 videri

2035 4430 2280 4495 possent,
2321 4419 2490 4495 ipsius
2546 4416 2802 4483 Facundi,
2865 4414 3225 4471 Justiniaunm
3272 4416 3409 4484 Aug.
3460 4415 3638 4472 verbis

2036 4515 2146 4571 suis
2174 4512 2517 4582 alloquentis,
2548 4510 2643 4566 sed
2686 4507 2972 4579 desumpta
2994 4522 3060 4563 ex
3088 4507 3264 4563 sancti
3292 4506 3493 4564 Leonis
3521 4508 3637 4577 epi-

2036 4606 2175 4661 stola
2201 4604 2271 4659 ad
2301 4603 2539 4660 Leonem
2566 4602 2707 4669 Aug.
2736 4598 2836 4671 (ι).
2886 4600 3069 4669 Atque
3098 4599 3227 4656 hinc
3273 4588 3442 4671 porro
3468 4602 3639 4657 corri-

334 4699 505 4769 ipsins
533 4698 932 4765 auctOritatem,
983 4712 1108 4752 cum
1156 4711 1188 4750 a
1240 4695 1506 4751 catholica
1553 4692 1935 4749 communione
1962 4725 2012 4785 υ
2038 4693 2271 4763 gendum
2296 4700 2400 4757 est,
2432 4691 2577 4761 quod
2622 4692 2676 4745 in
2706 4691 2800 4745 illo
2827 4698 3109 4760 segmento
3148 4690 3348 4761 legitur
3373 4692 3514 4762 apud
3544 4692 3640 4747 Fu.

333 4789 625 4845 desciverit
648 4797 813 4858 atque
854 4789 907 4843 in
933 4789 1225 4844 schismate
1265 4788 1333 4844 ad
1374 4788 1579 4844 obitum
1609 4800 1781 4856 usque
1810 4800 1935 4855 per-

334 4883 634 4941 manserit:
692 4871 800 4952 quo
857 4888 1145 4952 propterea
1188 4880 1327 4935 duce
1379 4879 1612 4934 inaniter
1639 4866 1939 4946 glorientur

336 4973 597 5028 hicretici.
631 4971 830 5027 Verum
871 4972 976 5027 hoc
1012 4980 1097 5027 est
1123 4972 1342 5026 demum
1376 4971 1578 5027 nodum
1608 4985 1739 5025 ense
1767 4983 1938 5039 expe-

334 5064 474 5128 dire,
505 5078 614 5117 non
643 5063 871 5118 solvere.
906 5062 977 5117 At
1023 5062 1174 5117 illum
1218 5061 1395 5128 solvit,
1429 5069 1487 5116 et
1532 5075 1697 5115 manu
1721 5059 1938 5130 quidem

333 5154 520 5223 docta,
548 5153 754 5211 Natalis
780 5154 1105 5223 Alexander,
1153 5154 1308 5225 cujus
1352 5154 1705 5225 expositionis
1741 5154 1939 5210 seriem

436 5405 490 5472 α)
530 5404 801 5460 Sirmond.
833 5403 1040 5473 prmfat.
1074 5405 1140 5457 ad
1171 5401 1436 5468 Facund.,
1465 5401 1564 5456 sub
1592 5397 1710 5452 init.

436 5475 487 5524 bl
532 5476 765 5524 Facund.
788 5475 879 5524 lih.
903 5491 977 5524 Ix.
1004 5489 1125 5524 can.
1156 5472 1208 5524 5.
1240 5480 1362 5524 post
1385 5472 1527 5524 med.

436 5405 490 5472 a)
530 5405 801 5460 Sirmond.
833 5405 1040 5473 praefat.
1074 5405 1140 5457 ad
1171 5405 1436 5468 Facund.,
1465 5405 1564 5456 sub

436 5475 465 5528 ὁ
529 5476 765 5530 Facund.
788 5475 879 5533 lib.
903 5491 977 5537 ις,
1004 5489 1125 5543 cap.
1156 5472 1208 5538 5,
1240 5480 1362 5544 post
1385 5472 1527 5526 med.

437 5477 487 5669 ἤ
526 5544 657 5600 Cav.
690 5543 825 5599 Hist.
868 5547 1032 5600 litter.
1068 5553 1196 5599 tom.
1222 5542 1262 5606 1,
1294 5556 1413 5612 pag.
1449 5540 1571 5596 520.

412 5622 428 5669 t
477 5624 491 5669 l
532 5614 759 5669 Dacher.
792 5603 1053 5669 Suicilo.
1076 5625 1207 5669 tom.
1240 5613 1328 5669 lll.
1373 5628 1499 5669 nan.
1546 5611 1571 5665 Ξ

412 5603 491 5688 (ὅ)
532 5614 759 5698 Dacher.
792 5603 1053 5686 Spicilo'
1076 5625 1207 5669 tom.
1240 5603 1328 5681 Ill,
1365 5603 1499 5685 pag.
1546 5610 1678 5679 507,
1728 5617 1843 5665 not.
1877 5624 1930 5677 a,

334 5705 468 5747 nov.
502 5689 630 5742 edit.

412 5759 485 5828 (e)
526 5757 702 5813 Nata].
753 5757 907 5813 Alex.
957 5756 1090 5811 Hist.
1126 5756 1281 5821 cccl.,
1324 5769 1448 5811 sccc.
1483 5770 1554 5818 vr,
1584 5768 1704 5823 cap.
1737 5752 1789 5820 4,
1824 5760 1925 5807 art.

338 5832 392 5897 7’
415 5828 761 5970 (gflglt‘acund.
789 5900 880 5953 lib.
915 5916 950 5964 ι,
981 5914 1098 5970 cap.
1129 5898 1183 5964 '5,
1217 5895 1350 5970 infra
1382 5897 1487 5951 col.
1510 5874 1641 5949 .555.

440 5964 493 6040 ξι)
534 5969 661 6025 Mill.
695 5970 996 6041 Prolt'gum.
1029 5964 1095 6024 ad
1125 5969 1185 6023 N.
1219 5968 1278 6022 Τ.
1313 5969 1429 6034 Gn,
1465 5982 1609 6022 num.
1641 5964 1795 6019 1006.

2040 4785 2294 4852 cundum,
2325 4785 2446 4855 quia
2467 4785 2611 4855 prius
2651 4781 2930 4854 legitimus,
2961 4792 3103 4848 etc.;
3136 4797 3262 4837 nam
3304 4783 3447 4838 haud
3477 4783 3639 4839 dubie

2039 4877 2252 4937 restitui
2278 4876 2462 4941 debet,
2493 4875 2615 4945 quia
2633 4882 2749 4945 post
2770 4874 3046 4945 legitimas,
3075 4883 3211 4945 etc.,
3240 4874 3379 4930 sicut
3419 4874 3471 4928 in
3501 4873 3639 4930 Leo-

2040 4970 2125 5024 nis
2148 4967 2373 5039 epistola
2414 4966 2628 5036 legitur,
2660 4974 2717 5019 et
2745 4964 2849 5020 loci
2881 4964 3153 5027 sententia
3198 4980 3418 5033 prorsus
3446 4965 3637 5035 exigit.

2043 5058 2195 5114 Hanc
2259 5066 2440 5112 autem
2495 5054 2928 5111 emendationem
2989 5069 3057 5108 ex
3105 5062 3408 5110 memorato
3450 5056 3639 5111 codice

2050 5148 2346 5205 Veronensi
2373 5162 2439 5203 eo
2469 5146 2572 5201 loci
2606 5144 2884 5202 Blanchini
2914 5145 3090 5201 studio
3113 5146 3427 5202 adnotatam
3465 5146 3639 5204 habe-

2114 5396 2193 5469 (h)
2232 5396 2295 5453 B.
2326 5396 2397 5469 de
2420 5394 2562 5469 βαι).
2616 5393 2835 5469 Dissert.
2870 5393 2937 5448 de
2984 5392 3106 5449 trib.
3159 5394 3210 5448 in
3262 5394 3384 5450 cml.
3427 5395 3633 5457 Teslib.

2040 5464 2266 5553 capp.
2294 5478 2348 5523 et
2378 5464 2470 5553 10,.
2498 5481 2645 5553 num.
2678 5465 2732 5517 2.
2793 5543 2807 5553 ι
3048 5532 3141 5553 μ’
3183 5535 3284 5553 mw

2107 5534 2175 5609 ἶῖ)
2216 5539 2405 5594 Horat.
2440 5537 2507 5591 de
2538 5537 2649 5589 Art.
2684 5543 2831 5604 poet.
2875 5549 3015 5590 vers.
3048 5534 3305 5589 55l-555.
3396 5586 3401 5591 .

2038 5607 2364 5737 argilla?
2394 5606 2594 5731 gilium.
2645 5605 2777 5661 eccl.
2813 5605 2880 5660 ad
2910 5607 3045 5661 calc.
3104 5604 3303 5661 Histor.
3354 5608 3519 5664 thcol.
3566 5610 3638 5667 de

2062 5692 2364 5760 ira_tl.,_pag.
2397 5692 2483 5731 δδ.
2543 5746 2564 5760 ⁸
2598 5755 2608 5760 Δ
2716 5745 2731 5760 1
2767 5753 2778 5760 Δ
2928 5746 2972 5760 η
3001 5744 3039 5760 Λ
3167 5747 3219 5760 m

2133 5754 2186 5820 It)
2229 5744 2396 5804 Batin.
2429 5746 2632 5829 pariat.
2667 5745 2735 5801 ad
2766 5753 2897 5801 tom.
2928 5746 2973 5801 ll
2998 5744 3138 5817 Opp.
3166 5747 3458 5816 Sirmond.,
3494 5751 3520 5824 §
3547 5751 3603 5807 4.

2039 5753 2176 5948 ait.)
2216 5821 2385 5876 Leon.
2418 5828 2573 5889 epist.
2608 5818 2732 5883 155,
2786 5826 2918 5872 tom.
2952 5817 2969 5871 Ι
3019 5819 3149 5877 edit.
3183 5818 3217 5870 ‘2
3243 5819 3469 5888 Qucsn.,
3510 5838 3631 5893 pag.
