4122 6552
313 480 420 537 529
1254 472 1390 529 PRO
1429 470 1855 527 DEFENSIONE
1894 472 2112 525 'l'ltlUBl
2145 470 2464 528 CAPITUL.
2508 472 2638 527 LIB.
2679 471 2719 527 l.
3489 484 3594 543 530

317 608 421 655 ων,
484 593 664 662 magni
691 560 931 648 ρ(ιοηιὶιίἰ
996 590 1455 654 Chalcedonensis
1508 586 1913 645 delinitionibus
1945 586 1993 645 A
2021 583 2245 646 Proclus
2282 586 2648 644 Orientalibus
2684 601 2901 657 quoque
2948 601 3047 656 pro
3098 585 3227 641 fidei
3257 601 3611 656 congruentia

316 693 733 748 cottsonantem,
758 692 811 739 et
833 683 1130 753 approbavi
1155 695 1391 752 semper,
1415 689 1473 736 et
1497 680 1756 735 adversus
1777 678 1916 732 mul-
2016 676 2332 747 destinavit,
2363 680 2435 734 ita
2464 678 2746 735 confessus
2772 687 2857 734 est
2884 677 3053 749 (Edit.
3080 677 3258 740 Iiom.,
3291 694 3412 748 pag.
3443 675 3569 746 128)
3596 694 3611 730 :

317 786 495 831 torum
526 775 992 832 contradictiones
1032 774 1263 830 asserui.
1292 773 1428 829 Nam
1453 786 1578 828 cum
1606 771 1729 826 dua:
1771 782 1916 824 nunc
2025 787 2044 822 ι
2069 768 2178 825 Nec
2205 768 2350 826 enim
2378 770 2622 826 dicentes
2649 770 2842 825 Filium
2872 785 3113 839 passum,
3161 769 3372 824 ratione
3396 768 3616 823 deitatis

319 868 562 923 ferveant
603 866 842 923 haereses
879 866 948 920 ab
990 864 1185 921 eodem
1241 863 1471 921 concilio
1498 861 1764 927 refutatm,
1794 872 1917 929 qua:

319 958 671 1014 contentione
713 956 929 1029 quidem
972 956 1265 1022 contraria,
1311 954 1409 1012 sed
1445 952 1807 1009 detestatione
1842 950 1917 1007 si-

319 1050 453 1118 mili,
484 1049 800 1120 mysterium
825 1048 1017 1103 divina:
1038 1047 1426 1103 incarnationis
1448 1051 1779 1117 oppugnant,
1810 1040 1920 1098 Ne—

321 1142 688 1197 storianornm
721 1139 843 1194 dico
872 1147 929 1194 et
955 1137 1417 1209 Eutychianorum
1452 1134 1619 1205 :quid
1647 1132 1918 1191 salubrius

322 1233 409 1290 vel
438 1231 567 1300 quid
594 1229 897 1309 evidentius
924 1228 1180 1284 adversus
1210 1235 1495 1297 utramque
1528 1224 1780 1281 haeresim
1809 1224 1919 1281 dici

324 1325 521 1397 potuit,
551 1337 713 1392 quam
734 1320 877 1390 quod
905 1320 1020 1390 ipse
1043 1317 1321 1375 confessus
1342 1332 1422 1387 es,
1448 1316 1613 1372 unum
1639 1318 1707 1372 de
1736 1313 1917 1370 Trini-

324 1422 441 1471 tate
465 1431 564 1485 pro
592 1412 750 1469 nobis
791 1410 1148 1467 cruciﬁxum?
1186 1424 1347 1479 quem
1389 1420 1642 1477 magnum
1671 1406 1843 1463 Deum
1867 1413 1922 1462 te

325 1506 556 1564 credere
608 1503 795 1560 docuit
847 1500 1140 1572 Apostolus
1194 1498 1382 1555 dicens
1426 1497 1732 1570 :Apparuit
1778 1497 1919 1553 enim

327 1596 503 1669 gratia
529 1593 627 1648 Dei
665 1592 956 1649 Saluatoris
987 1591 1156 1647 nostri
1190 1590 1428 1646 omnibus
1457 1589 1772 1656 hominibus,
1802 1605 1924 1643 eru-

326 1688 475 1741 diens
500 1702 593 1739 nos
620 1693 677 1738 ut
706 1682 1024 1756 abnegantes
1052 1683 1369 1755 impietatem
1395 1690 1444 1734 et
1473 1681 1755 1735 saecularia
1777 1680 1920 1736 desi—

328 1779 496 1843 deria,
514 1786 658 1832 caste
682 1785 733 1832 et
754 1778 896 1849 juste
923 1784 975 1830 et
1001 1776 1086 1845 pie
1112 1775 1338 1829 adeamus
1366 1773 1419 1826 in
1462 1772 1557 1826 hoc
1587 1771 1800 1838 saeculo,
1828 1787 1923 1825 ea:-

2019 873 2145 915 eum
2170 861 2280 929 pati
2309 860 2553 930 potuisse
2590 860 2874 927 sentimus,
2906 858 3171 930 siquidem
3212 857 3392 912 divina
3420 864 3616 913 natura

2020 951 2225 1007 nullam
2257 968 2480 1023 prorsus
2531 953 2725 1023 recipit
2765 950 3071 1023 passionem
3091 969 3115 1019 ;.
3154 952 3250 1007 sed
3292 949 3623 1007 conﬁtentes

2019 1046 2191 1103 Deum
2221 1046 2455 1103 Verbum
2499 1062 2666 1103 utinm
2714 1059 2784 1102 es
2811 1045 3077 1101 Trinitate
3125 1043 3486 1110 incarnatum,
3519 1043 3614 1098 tri-

2019 1142 2238 1199 buimus
2265 1139 2598 1210 intelligendi
2632 1138 2916 1195 materiam
2943 1138 3027 1194 his
3052 1137 3145 1207 qui
3174 1135 3401 1191 fideliter
3424 1136 3616 1192 scisci-

2025 1238 2212 1287 tantur
2238 1245 2338 1287 cur
2372 1229 2643 1287 incarnari
2670 1229 2931 1298 dignatus
2971 1236 3076 1284 est.
3107 1246 3128 1280 ›
3160 1226 3418 1283 Scribens
3452 1226 3617 1282 etiam

2020 1323 2185 1380 beato
2212 1321 2409 1380 Joani
2433 1320 2802 1388 Antiocheno,
2831 1320 2921 1377 cui
2965 1327 3023 1376 et
3048 1320 3141 1374 illa
3169 1334 3292 1390 quae
3327 1319 3618 1388 scripserat

2022 1414 2092 1471 ad
2115 1414 2404 1482 Armenes,
2431 1429 2533 1485 pro
2558 1413 2823 1471 servanda
2846 1410 3154 1469 communis
3180 1410 3307 1466 fidei
3330 1411 3617 1475 societate,

2020 1507 2253 1575 direxit,
2284 1515 2348 1564 ut
2372 1507 2514 1565 sicut
2538 1521 2706 1563 unum
2730 1513 2899 1577 atque
2918 1504 3279 1562 idem-omnes
3302 1502 3470 1559 corde
3496 1517 3617 1558 cre-

2021 1598 2224 1657 debant
2250 1600 2321 1657 ad
2340 1599 2638 1671 justitiam,
2654 1599 2920 1657 sie-etiam
2947 1613 3056 1654 una
3082 1596 3355 1653 eteadem
3375 1610 3474 1651 ore
3491 1609 3617 1649 orn-

2022 1691 2171 1747 nium
2202 1689 2473 1747 confessio
2519 1687 2677 1747 ﬁeret
2717 1688 2787 1745 ad
2828 1687 3099 1756 salutem,
3126 1685 3209 1743 sic
3239 1685 3320 1741 ait
3360 1682 3618 1755 (Liberet.

2023 1799 2142 1854 cap.
2171 1781 2305 1853 10);:
2338 1800 2358 1836 ι
2385 1781 2645 1839 Dicentes
2662 1787 2847 1836 autent
2873 1780 3068 1836 iterum
3090 1777 3401 1850 passibilem
3429 1776 3620 1841 Deum,

328 1878 617 1942 spectantes
639 1867 845 1923 beatam
869 1884 1013 1937 spent
1041 1873 1092 1921 et
1118 1866 1394 1920 adventum
1417 1863 1600 1935 gloria:
1624 1864 1801 1935 magni
1824 1861 1921 1917 Dei
2026 1872 2080 1929 id
2123 1880 2210 1930 αι
2254 1872 2550 1941 ehi-im,
2598 1868 2943 1929 conﬁnium,
2965 1883 3094 1926 eum
3136 1884 3250 1924 non
3300 1882 3370 1924 eo
3406 1880 3618 1937 passum

331 1962 624 2018 Saluatoris
671 1960 837 2015 nostri
880 1958 1013 2014 Jesu
1061 1957 1257 2012 Christi
1297 1956 1427 2028 (Tit.
1478 1970 1535 2022 ιι,
1584 1952 1663 2025 2).
1698 1956 1926 2024 Propter
1957 1963 2001 2024 Β
2028 1965 2176 2035 quod
2193 1971 2331 2030 θηι,
2361 1964 2459 2020 sed
2478 1962 2626 2033 quod
2651 1962 2853 2018 factum
2874 1968 2978 2027 est,
2998 1959 3053 2015 id
3079 1967 3164 2015 est
3180 1957 3401 2029 propria
3418 1970 3617 2013 came:

329 2053 471 2124 «ιιιοά
500 2054 664 2110 etiam
710 2053 926 2109 beatam
954 2052 1230 2121 Virginem
1272 2050 1497 2105 Mariam
1535 2065 1665 2106 vere
1709 2057 1765 2105 et
1790 2066 1921 2121 pro-
2029 2063 2087 2112 et
2130 2056 2204 2110 ita
2251 2054 2615 2125 praedicantes
2660 2050 2815 2107 nullo
2861 2049 3025 2106 modo
3064 2047 3337 2102 fallimus:
3365 2044 3624 2115 quoniam

328 2146 446 2215 prie
484 2152 713 2200 matrem
743 2143 841 2199 Dei
869 2159 991 2200 esse
1026 2143 1227 2199 dixisti.
1258 2141 1378 2198 Non
1423 2142 1567 2198 enim
1609 2143 1777 2199 alium
1817 2143 1925 2200 scis

330 2234 497 2292 Deum
526 2235 785 2303 Verbum,
816 2241 875 2290 et
918 2235 1083 2289 alium
1111 2232 1296 2289 Jesum
1341 2232 1635 2301 Christum,
1674 2248 1838 2304 quem
1868 2234 1922 2291 in

330 2327 536 2382 deabus
573 2326 783 2381 naturis
811 2341 973 2381 unum
1014 2324 1375 2397 eumdemque
1403 2328 1764 2397 pronuntiasti
1792 2343 1926 2383 con-

330 2417 739 2474 substantialem
769 2432 890 2472 esse
915 2415 1062 2472 Patri
1088 2418 1380 2473 secundum
1410 2419 1687 2487 deitatem,
1720 2426 1776 2475 et
1802 2434 1927 2475 con-

330 2507 741 2565 substantialem
789 2506 947 2563 nobis
988 2507 1239 2562 eumdem
1283 2508 1581 2566 secundum
1620 2509 1927 2565 humanita-

333 2608 477 2666 tem;
520 2606 575 2653 et
627 2598 697 2653 de
723 2613 843 2672 quo
901 2606 1300 2669 consequenter
1346 2599 1508 2654 etiam
1549 2599 1656 2656 hoc
1700 2599 1924 2655 dixisti:

324 2697 357 2745 ἰ
384 2692 517 2747 Nam
545 2691 688 2747 sicut
713 2699 796 2747 est
832 2692 887 2747 in
914 2690 1113 2747 deitate
1142 2692 1434 2763 perfectus,
1472 2691 1548 2747 ita
1578 2691 1718 2748 idem
1744 2693 1925 2761 inhu-

331 2783 591 2837 manitate
618 2780 889 2851 perfectus
924 2789 1025 2837 est.
1057 2801 1076 2833 ι
1112 2781 1242 2850 Qua:
1283 2783 1466 2837 omnia
1509 2790 1720 2838 certum
1762 2791 1845 2838 est
1873 2791 1929 2839 te

331 2874 482 2945 juxta
510 2873 971 2930 Chalcedonensis
1005 2873 1222 2929 concilii
1252 2874 1575 2929 sententiam
1616 2874 1926 2945 protulisse.

334 2963 467 3019 Nam
496 2979 665 3019 unum
694 2978 815 3018 esse
843 2962 909 3018 de
948 2962 1210 3018 Trinitate
1240 2964 1528 3020 Dominum
1554 2963 1736 3020 Jesum
1767 2963 1930 3020 Chri-

2025 2145 2243 2217 quidem
2267 2152 2325 2203 et
2352 2159 2518 2201 unum
2545 2158 2614 2200 ex
2636 2142 2905 2198 'h'initate
2926 2138 3230 2196 secundum
3259 2151 3478 2193 carnem
3498 2151 3620 2191 cru-

2025 2242 2244 2299 ciﬁxum
2261 2240 2580 2309 fatemur,et
2597 2237 2858 2294 deitatem
2887 2233 3199 2306 passibilem
3225 2230 3449 2286 minime
3474 2228 3621 2283 blas-

2025 2335 2362 2406 phemamus.
2398 2350 2421 2387 s
2476 2331 2547 2387 Et
2572 2330 2715 2387 hanc
2731 2328 2851 2400 ejus
2873 2342 3059 2384 sanam
3079 2324 3383 2383 doctrinam
3405 2322 3621 2393 sapien-

2028 2426 2266 2484 tissimus
2302 2422 2539 2481 Jeannes
2566 2421 2936 2478 Antiochenus
2984 2433 3109 2475 cum
3156 2415 3410 2473 orientali
3448 2414 3630 2470 conci-

2028 2520 2104 2576 lio
2143 2517 2255 2575 suis
2283 2516 2480 2573 litteris
2509 2514 2861 2586 approbavit;
2908 2512 2966 2568 in
3018 2510 3223 2581 quibus
3242 2520 3369 2564 eum
3415 2520 3622 2561 memo-

2028 2619 2147 2667 rata
2189 2609 2433 2682 synodus
2456 2604 2919 2663 Chalcedonensis
2964 2608 3195 2658 testatur
3238 2598 3622 2654 hereticorum

2028 2702 2318 2760 micdicta
2360 2700 2633 2771 reiecisse,
2681 2707 2741 2756 et
2783 2696 3137 2768 apostolicam
3177 2693 3489 2749 declarasse
3525 2688 3623 2745 do-

2031 2795 2283 2854 ctrinam.
2322 2792 2426 2860 Qui
2454 2791 2758 2849 rescribens
2791 2788 2969 2845 eidem
3008 2786 3172 2843 beate
3199 2782 3396 2839 Proclo
3436 2779 3575 2837 dixit
3606 2796 3623 2833 :

2039 2908 2058 2945 ι
2091 2888 2323 2945 Tomum
2349 2884 2443 2956 qui
2481 2883 2552 2939 ad
2578 2881 2844 2937 Armenes
2886 2880 3063 2934 factus
3105 2882 3193 2931 est
3226 2890 3260 2930 a
3305 2869 3625 2929 reverentis-

2032 2981 2171 3039 sime
2193 2982 2214 3013 '
2245 2986 2436 3035 nostro
2464 2974 2576 3032 ﬁlio
2597 2974 2827 3031 diacono
2856 2968 3185 3035 Theodosio,
3213 2967 3306 3039 qui
3328 2966 3519 3035 dignus
3537 2970 3625 3020 est

332 3063 498 3121 stum,
541 3070 609 3109 ex
639 3052 881 3121 ejusdem
916 3054 1107 3125 synodi
1134 3054 1482 3122 allocutione,
1502 3070 1663 3124 quam
1689 3054 1759 3109 ad
1784 3053 1931 3109 Mar-
2034 3072 2145 3129 tuis
2169 3067 2618 3141 ἀίεροείιίοηίιηιε
2643 3065 2972 3128 ministrare,
3000 3062 3071 3117 ob
3099 3074 3220 3117 eam
3246 3074 3368 3129 qua:
3407 3058 3547 3112 inest
3571 3054 3624 3110 ei

337 3145 553 3198 cianum
600 3144 897 3214 principem
948 3144 1093 3211 fecit,
1143 3144 1424 3201 evidenter
1461 3146 1781 3202 ostenditur.
1832 3144 1935 3201 Ubi
2034 3177 2202 3233 super
2224 3167 2441 3216 autem
2465 3157 2832 3227 diligentiam,
2849 3162 2908 3209 et
2925 3153 3233 3223 petivimus,
3262 3160 3458 3207 etcum
3480 3148 3628 3205 omni

336 3254 459 3293 cun
486 3238 633 3293 beati
663 3235 861 3292 Leonis
886 3236 1141 3293 Ecclesia:
1170 3237 1428 3293 Romana:
1451 3239 1696 3309 prmsulis
1733 3238 1932 3310 episto-

2036 3253 2399 3310 delectatione
2444 3249 2563 3320 ejus
2590 3248 2818 3304 fecimus
2844 3245 3199 3301 mentionem.
3245 3242 3505 3300 Faciebat
3540 3256 3628 3296 au-

336 3330 445 3386 lam
473 3341 664 3387 contra
695 3332 1071 3387 haereticorum
1118 3334 1406 3390 maledicta
1446 3334 1780 3406 defenderet,
1810 3344 1937 3407 post
1962 3340 2010 3405 C
2039 3353 2148 3401 tem
2175 3343 2334 3401 nobis
2359 3340 2778 3398 delectationem
2824 3353 2935 3393 non
2972 3334 3319 3408 pulchritudo
3360 3333 3628 3405 composi-

338 3424 614 3496 aliquanta
638 3424 717 3479 sic
742 3425 853 3478 ait:
894 3444 912 3478 ‹
941 3425 1120 3483 Facile
1141 3437 1223 3483 est
1252 3429 1534 3486 advertere
1557 3430 1731 3501 quod,
1759 3433 1934 3490 ambi-
2041 3435 2204 3493 tionis
2236 3435 2377 3503 sola,
2414 3447 2593 3504 neque
2619 3427 3145 3501 argumentationum
3183 3426 3472 3482 multitudo
3500 3440 3629 3482 con-

335 3517 542 3588 guitate
569 3518 885 3588 qumstionis
912 3530 1120 3583 exorta,
1151 3522 1373 3579 Patrum
1397 3526 1937 3596 interpretationibus
2038 3536 2126 3585 tra
2178 3535 2466 3595 utramque
2530 3531 2742 3594 partem
2801 3520 3205 3577 adversantium
3259 3524 3588 3590 pertractata
3613 3558 3631 3583 ,

335 3615 580 3664 nostram
628 3605 1024 3681 confessionem
1066 3618 1352 3682 coeptasse
1393 3615 1790 3684 cognoscimur,
1841 3632 1933 3674 sa-

340 3697 672 3755 tisfacientes
692 3697 839 3768 quod
866 3700 923 3755 in
948 3702 1098 3758 nullo
1125 3702 1428 3760 discordem
1453 3705 1822 3778 intelligentia:
1842 3723 1937 3765 eo-

338 3807 462 3848 rum
489 3790 842 3852 detulerimus
886 3795 1147 3862 animum,
1174 3796 1270 3853 sed
1309 3797 1393 3853 his
1432 3805 1646 3855 utamur
1671 3800 1687 3832 ¹
1712 3799 1941 3859 testibus

337 3885 411 3942 ad
435 3894 633 3941 nostrae
660 3884 785 3943 fidei
814 3887 1144 3951 ﬁrmitatem.
1174 3888 1267 3944 Sic
1305 3888 1587 3948 Athanasii
1626 3889 1695 3945 ad
1722 3890 1939 3961 Epicte-

338 3986 455 4033 tuut
498 3980 875 4049 amplectimur
922 3980 1163 4048 litteras;
1211 3980 1291 4037 sic
1357 3989 1613 4052 tanquam
1662 3982 1938 4053 propriam

322 4069 588 4139 Gregorii
634 4070 701 4125 ad
752 4070 1071 4127 Cledonium
1120 4072 1407 4141 epistolam
1457 4073 1656 4141 ubique
1698 4074 1940 4143 praeferi-

340 4177 491 4216 mus.
522 4160 591 4214 Et
618 4161 746 4231 quid
771 4169 990 4234 oportet
1014 4162 1167 4232 plura
1198 4163 1422 4219 dicere?
1450 4162 1508 4219 Si
1534 4164 1679 4219 enim
1710 4179 1809 4234 per
1832 4164 1943 4235 epi-
1984 4194 1990 4202 -

339 4252 512 4310 stolas
559 4250 813 4308 Ecclesia:
857 4252 1109 4322 dogmata
1154 4253 1421 4309 declarari
1468 4269 1570 4324 pro
1616 4269 1941 4325 unaquaque

339 4342 648 4412 quaestione
683 4342 901 4412 dignum
955 4344 1111 4414 culpa
1154 4344 1418 4414 judicent,
1468 4345 1645 4416 ipsum
1678 4345 1941 4416 imprimis

338 4433 712 4489 beatissimum
740 4435 997 4505 Cyrillum
1038 4436 1266 4504 quilibet
1294 4438 1492 4507 poterit
1533 4436 1817 4505 denotare,
1847 4438 1941 4510 qui

339 4524 538 4580 litteris
578 4526 690 4580 suis
730 4526 876 4595 quod
923 4527 1192 4583 sentiebat
1236 4527 1596 4586 Orientalibus
1637 4532 1938 4600 espressit;

341 4631 449 4672 nec
475 4633 583 4672 non
609 4625 667 4672 et
694 4631 950 4686 magnum
980 4618 1228 4674 Proclum
1250 4620 1378 4675 huic
1401 4620 1783 4691 vituperationi
1814 4624 1941 4679 sub-

2038 3624 2302 3688 quantum
2329 3617 2445 3687 ipsa
2489 3629 2770 3671 sacrorum
2795 3598 3125 3682 dogmatum
3145 3610 3361 3667 cautela
3388 3610 3548 3667 simul
3576 3617 3631 3664 et

2039 3709 2238 3782 pietas.
2269 3706 2452 3763 Pietas
2478 3705 2721 3776 quidem,
2742 3704 2870 3774 quia
2892 3703 3134 3773 regalem
3159 3702 3465 3759 divinarum
3494 3701 3630 3757 Scri-

2039 3810 2322 3872 pturarum
2344 3797 2365 3829 ³
2392 3797 2449 3853 in
2478 3797 2562 3852 his
2593 3808 2732 3864 quae;
2753 3794 3091 3858 dicebantur,
3121 3792 3349 3849 verbum
3387 3792 3632 3848 veritatis

2036 3882 2191 3949 recte
2217 3888 2503 3953 confitens,
2535 3885 2819 3958 pergebas,
2848 3900 2967 3941 non
2997 3884 3114 3940 sine
3141 3883 3467 3939 testimoniis
3489 3882 3633 3938 Scriv

2041 3991 2215 4054 ptura:
2241 3994 2575 4052 przesumens
2604 3979 2806 4048 aliquid
2846 3992 2919 4034 ex
2954 3984 3226 4048 potestate
3251 3976 3472 4046 propria
3500 3990 3633 4046 prm-

2045 4073 2231 4131 dicare
2264 4090 2277 4126 :
2306 4072 2518 4127 cautela
2570 4084 2726 4136 vero,
2765 4069 2892 4139 quia
2936 4084 3061 4124 cum
3104 4067 3299 4123 divinis
3343 4066 3634 4137 Scriptum

2044 4165 2211 4221 etiam
2240 4163 2460 4218 Patrum
2488 4161 2656 4230 dicta,
2686 4159 2755 4215 ad
2782 4159 3118 4229 probandum
3145 4174 3267 4228 quat
3293 4158 3639 4224 dicebantur,

2042 4255 2406 4327 proponebas.
2436 4272 2457 4306 ι
2483 4253 2741 4310 Scribens
2773 4250 2936 4306 etiam
2975 4250 3137 4304 beato
3162 4249 3361 4320 Cyrillo
3388 4248 3635 4318 supradi-

2043 4356 2163 4405 ctus
2183 4344 2463 4402 Joannes‘
2490 4359 2616 4400 cum
2661 4343 2853 4398 eadem
2896 4339 3105 4413 synodo
3156 4339 3408 4405 Orientis,
3459 4341 3533 4392 ita
3577 4353 3635 4395 se

2044 4448 2253 4497 tomum
2295 4438 2473 4508 ipsum
2518 4435 2589 4490 ad
2635 4435 2902 4490 Armenes
2940 4432 3271 4504 approbasse
3318 4431 3631 4510 perhibuit;

2050 4552 2071 4587 ‹
2099 4532 2473 4597 Sanctissimo,
2505 4528 2700 4598 inquit,
2731 4528 2991 4598 episcopo
3018 4525 3214 4583 Proclo
3245 4532 3451 4580 tomum
3493 4532 3637 4580 recte

2044 4638 2237 4680 revera
2266 4633 2322 4678 et
2344 4621 2434 4691 pie
2458 4620 2768 4685 habentem,
2810 4632 2973 4688 quem
3001 4615 3073 4671 ad
3109 4617 3379 4672 Armenes
3406 4615 3639 4686 scripsit,

334 4706 512 4776 jiciet,
544 4707 635 4776 qui
656 4707 859 4762 eisdem
894 4707 1257 4767 Orientalibus
1283 4709 1534 4766 volumen
1562 4712 1631 4766 ad
1669 4712 1938 4770 Armenes
1970 4722 2017 4782 ι)
2045 4716 2203 4772 nobis
2231 4714 2560 4777 destinante,
2611 4718 2669 4767 et
2704 4717 2950 4766 nostrum
2991 4720 3266 4780 quatrente
3294 4724 3639 4776 consensum,

340 4813 445 4868 pro
476 4795 599 4851 fidei
630 4799 981 4868 congruentia
1027 4801 1335 4857 destinavit.
1379 4799 1475 4857 [iis
1521 4811 1704 4858 autem
1752 4821 1944 4863 conso-

347 4888 575 4943 ciabitur
600 4889 667 4943 ad
698 4889 915 4960 culpam
942 4899 999 4946 et
1026 4893 1456 4963 sapientissimus
1481 4894 1719 4952 Joannes
1746 4896 1942 4954 Antio-

340 4981 550 5036 chenus
588 4981 893 5051 cpiscopus,
943 4982 1034 5051 qui
1084 4983 1460 5041 hmreticorum
1501 4987 1784 5044 maledicta
1823 4990 1943 5059 reji-

340 5072 514 5133 ciens,
554 5079 612 5126 et
639 5072 953 5142 apostolica:
994 5072 1254 5129 doctrinae
1280 5074 1476 5146 dogma
1502 5076 1806 5144 declarans,
1851 5088 1939 5136 to-

342 5163 451 5217 tius
479 5160 716 5217 Orientis
744 5162 1163 5232 confessionem,
1193 5165 1344 5220 vclut
1365 5182 1433 5220 ex
1457 5183 1564 5223 uno
1594 5184 1691 5224 ore
1712 5171 1944 5226 sanctis-

337 5255 483 5310 simo
503 5254 697 5309 Proclo
719 5262 775 5309 et
804 5256 854 5309 ei
881 5255 975 5324 qui
992 5270 1089 5326 per,
1108 5255 1249 5331 idem
1268 5264 1479 5325 tempus
1505 5259 1688 5314 mundi
1719 5266 1941 5330 regebat

335 5344 727 5415 gubernacula,
750 5345 1057 5401 destinavit.
1090 5363 1109 5397 ι
1137 5343 1196 5400 in
1225 5344 1330 5405 hoc
1355 5354 1536 5401 autem
1568 5348 1842 5408 volumine
1871 5351 1939 5408 ad

336 5440 624 5506 Armenes,
662 5437 832 5509 quod,
850 5447 925 5529 'ut
960 5445 1261 5496 memorata
1307 5439 1545 5511 synodus
1584 5441 1681 5508 ait,
1712 5459 1939 5514 magnus

2046 4807 2232 4862 omnia
2262 4804 2405 4861 facta
2448 4810 2575 4860 sunt
2620 4816 2653 4857 a
2695 4802 2871 4869 nobis,
2923 4808 2981 4856 ct
3026 4802 3079 4856 in
3126 4801 3275 4856 nullo
3303 4801 3481 4854 minus
3508 4798 3636 4854 feci-
3670 4868 3671 4873 η

2047 4914 2186 4955 nms.
2219 4916 2238 4950 ι
2273 4894 2538 4966 Apparuit
2556 4893 2741 4962 igitur,
2762 4891 3016 4963 religiose
3044 4891 3360 4962 imperator,
3389 4888 3534 4959 quod
3555 4903 3635 4943 se.

2047 4990 2283 5048 cundum
2307 4985 2636 5057 sententiam
2680 4984 2849 5054 ipsius
2896 4997 3105 5052 magna:
3141 4981 3333 5053 synodi
3360 4979 3639 5035 conlcssus

2047 5097 2107 5138 cs
2136 5094 2304 5134 unum
2333 5077 2402 5134 de
2422 5075 2689 5131 Trinitate
2715 5090 2813 5145 pro
2834 5074 2991 5128 nobis
3015 5071 3330 5128 cruciﬁxum
3359 5089 3373 5125 :
3398 5069 3639 5142 quando-

2047 5173 2264 5243 quidem
2296 5172 2348 5225 in
2371 5171 2451 5227 eis
2479 5168 2727 5239 epistolis
2756 5168 2872 5221 haec
2896 5175 2984 5221 tua
3016 5164 3282 5221 confessio
3312 5165 3637 5231 continetur,

2048 5266 2242 5336 quibus
2271 5271 2475 5318 tantam
2506 5258 2885 5317 auctoritatem
2921 5255 3135 5320 detulit,
3165 5265 3224 5311 ut
3244 5272 3430 5311 earum
3456 5271 3639 5312 exem-

2049 5358 2141 5430 plo
2186 5353 2580 5412 defendendam
2627 5348 2773 5405 beati
2819 5345 3017 5403 Leonis
3062 5347 3344 5417 epistolam
3370 5346 3640 5417 judicarct

2052 5451 2190 5522 (post
2221 5454 2339 5501 acta
2364 5444 2617 5515 concilii).
2649 5441 2784 5497 illud
2810 5440 2974 5496 etiam
2996 5438 3141 5509 quod
3169 5439 3386 5494 beatam
3414 5436 3639 5493 Mariam

329 5643 515 5718 capita
541 5599 1116 5718 quarFacundusgec
1137 5642 1703 5718 lococommemorat,
1731 5646 1926 5704 iisdem
2038 5642 2610 5718 Trinitatecrucilixo,
2643 5650 2700 5698 et
2725 5642 2884 5699 beata
2913 5639 3133 5711 Virgine
3160 5644 3345 5718 κυρίως
3392 5644 3477 5701 atat
3532 5654 3650 5699 κατ’

329 5714 517 5771 verbis
544 5712 802 5786 éXplicat,
828 5714 897 5771 de
925 5714 1132 5771 duabus
1152 5715 1205 5769 in
1229 5712 1446 5773 Christo
1473 5715 1698 5784 naturis,
1731 5734 1841 5776 uno
1862 5719 1932 5776 dc

414 5899 427 5929 '
452 5895 589 5952 Cod.
613 5896 841 5964 Veram,
868 5896 1080 5950 utinmr.

408 5968 431 6001 ⁸
458 5965 609 6023 idem
638 5967 782 6031 cod.,
808 5967 1098 6024 reverenda.

594 6261 743 6359 δὴ·

2040 5722 2266 5779 ἀλήθειαν
2293 5714 2543 5785 Deipara.

2109 5897 2131 5928 ⁸
2152 5896 2316 5960 idem,
2351 5895 2740 5965 Scriptururum
2767 5897 2919 5953 viam.

2114 5966 2133 5999 ‘
2172 5967 2339 6034 idem,
2370 5964 2582 6021 santtus
2609 5964 2862 6021 Joannes.
