  <div class='ocr_page' id='page_1' title='image "/cluster/home/n/w/nwhite01/storage/ocr_20150623/67/umn.31951002477360y/279.png"; bbox 0 0 4122 6486; ppageno 0'>
   <div class='ocr_carea' id='block_1_1' title="bbox 545 360 645 418">
    <p class='ocr_par' dir='ltr' id='par_1_1' title="bbox 545 360 645 418">
     <span class='ocr_line' id='line_1_1' title="bbox 545 360 645 418; baseline 0.01 -1"><span class='ocrx_word' id='word_1_1' title='bbox 545 360 645 418; x_wconf 69' lang='grc'><strong>531</strong></span> 
     </span>
    </p>
   </div>
   <div class='ocr_carea' id='block_1_2' title="bbox 1615 357 2699 421">
    <p class='ocr_par' dir='ltr' id='par_1_2' title="bbox 1615 357 2699 421">
     <span class='ocr_line' id='line_1_2' title="bbox 1615 357 2699 421; baseline 0.003 -4"><span class='ocrx_word' id='word_1_2' title='bbox 1615 360 1910 418; x_wconf 69' lang='lat' dir='ltr'><strong>FA-‘LUNDI</strong></span> <span class='ocrx_word' id='word_1_3' title='bbox 1946 361 2160 421; x_wconf 76' lang='lat' dir='ltr'><strong>EPISC.</strong></span> <span class='ocrx_word' id='word_1_4' title='bbox 2193 357 2699 420; x_wconf 64' lang='lat' dir='ltr'><strong>HERMIATCENSIS</strong></span> 
     </span>
    </p>
   </div>
   <div class='ocr_carea' id='block_1_3' title="bbox 3739 367 3842 423">
    <p class='ocr_par' dir='ltr' id='par_1_3' title="bbox 3739 367 3842 423">
     <span class='ocr_line' id='line_1_3' title="bbox 3739 367 3842 423; baseline -0.01 0"><span class='ocrx_word' id='word_1_5' title='bbox 3739 367 3842 423; x_wconf 70' lang='lat'><strong>532</strong></span> 
     </span>
    </p>
   </div>
   <div class='ocr_carea' id='block_1_4' title="bbox 544 477 3840 552">
    <p class='ocr_par' dir='ltr' id='par_1_4' title="bbox 544 477 3840 552">
     <span class='ocr_line' id='line_1_4' title="bbox 544 477 3840 552; baseline 0.002 -15"><span class='ocrx_word' id='word_1_6' title='bbox 544 495 677 537; x_wconf 85' lang='lat' dir='ltr'><strong>vere</strong></span> <span class='ocrx_word' id='word_1_7' title='bbox 714 487 770 536; x_wconf 93' lang='lat' dir='ltr'><strong>et</strong></span> <span class='ocrx_word' id='word_1_8' title='bbox 796 479 1013 550; x_wconf 89' lang='lat' dir='ltr'><strong>proprie</strong></span> <span class='ocrx_word' id='word_1_9' title='bbox 1053 487 1280 534; x_wconf 96' lang='lat' dir='ltr'><strong>matrem</strong></span> <span class='ocrx_word' id='word_1_10' title='bbox 1324 479 1420 534; x_wconf 91' lang='lat' dir='ltr'><strong>Dci</strong></span> <span class='ocrx_word' id='word_1_11' title='bbox 1450 495 1568 535; x_wconf 89' lang='lat' dir='ltr'><strong>esse</strong></span> <span class='ocrx_word' id='word_1_12' title='bbox 1597 481 1800 545; x_wconf 76' lang='lat' dir='ltr'><strong>dixisti,</strong></span> <span class='ocrx_word' id='word_1_13' title='bbox 1848 482 1903 537; x_wconf 92' lang='lat' dir='ltr'><strong>in</strong></span> <span class='ocrx_word' id='word_1_14' title='bbox 1951 482 2142 538; x_wconf 84' lang='lat' dir='ltr'><strong>eadem</strong></span> <span class='ocrx_word' id='word_1_15' title='bbox 2173 481 2224 544; x_wconf 79' lang='grc' dir='ltr'>Α</span> <span class='ocrx_word' id='word_1_16' title='bbox 2249 479 2482 535; x_wconf 82' lang='lat' dir='ltr'><strong>maxime</strong></span> <span class='ocrx_word' id='word_1_17' title='bbox 2501 481 2733 549; x_wconf 79' lang='lat' dir='ltr'><strong>gloriati.</strong></span> <span class='ocrx_word' id='word_1_18' title='bbox 2753 477 2892 547; x_wconf 92' lang='lat' dir='ltr'><strong>Quid</strong></span> <span class='ocrx_word' id='word_1_19' title='bbox 2911 481 3055 536; x_wconf 86' lang='lat' dir='ltr'><strong>enim</strong></span> <span class='ocrx_word' id='word_1_20' title='bbox 3078 483 3224 552; x_wconf 84' lang='lat' dir='ltr'><strong>prius</strong></span> <span class='ocrx_word' id='word_1_21' title='bbox 3244 480 3489 539; x_wconf 74' lang='lat' dir='ltr'><strong>laudetur</strong></span> <span class='ocrx_word' id='word_1_22' title='bbox 3511 483 3840 542; x_wconf 79' lang='lat' dir='ltr'><strong>inhomine?</strong></span> 
     </span>
    </p>
   </div>
   <div class='ocr_carea' id='block_1_5' title="bbox 547 571 2145 646">
    <p class='ocr_par' dir='ltr' id='par_1_5' title="bbox 547 571 2145 646">
     <span class='ocr_line' id='line_1_5' title="bbox 547 571 2145 646; baseline 0 -15"><span class='ocrx_word' id='word_1_23' title='bbox 547 572 740 646; x_wconf 81' lang='lat' dir='ltr'><strong>synodi</strong></span> <span class='ocrx_word' id='word_1_24' title='bbox 769 571 1092 627; x_wconf 77' lang='lat' dir='ltr'><strong>allocutione</strong></span> <span class='ocrx_word' id='word_1_25' title='bbox 1128 571 1430 628; x_wconf 86' lang='lat' dir='ltr'><strong>invenimus</strong></span> <span class='ocrx_word' id='word_1_26' title='bbox 1460 586 1579 628; x_wconf 89' lang='lat' dir='ltr'><strong>esse</strong></span> <span class='ocrx_word' id='word_1_27' title='bbox 1609 572 1898 638; x_wconf 90' lang='lat' dir='ltr'><strong>ﬁrmatum,</strong></span> <span class='ocrx_word' id='word_1_28' title='bbox 1942 575 2032 629; x_wconf 91' lang='lat' dir='ltr'><strong>ubi</strong></span> <span class='ocrx_word' id='word_1_29' title='bbox 2062 576 2145 632; x_wconf 86' lang='lat' dir='ltr'><strong>di-</strong></span> 
     </span>
    </p>
   </div>
   <div class='ocr_carea' id='block_1_6' title="bbox 547 662 2143 720">
    <p class='ocr_par' dir='ltr' id='par_1_6' title="bbox 547 662 2143 720">
     <span class='ocr_line' id='line_1_6' title="bbox 547 662 2143 720; baseline 0 0"><span class='ocrx_word' id='word_1_30' title='bbox 547 675 694 720; x_wconf 93' lang='lat' dir='ltr'><strong>ctum</strong></span> <span class='ocrx_word' id='word_1_31' title='bbox 722 670 847 719; x_wconf 91' lang='lat' dir='ltr'><strong>est:</strong></span> <span class='ocrx_word' id='word_1_32' title='bbox 886 682 906 716; x_wconf 73' lang='grc' dir='ltr'><strong>ι</strong></span> <span class='ocrx_word' id='word_1_33' title='bbox 934 662 1133 718; x_wconf 84' lang='lat' dir='ltr'><strong>Verum</strong></span> <span class='ocrx_word' id='word_1_34' title='bbox 1180 677 1290 716; x_wconf 89' lang='lat' dir='ltr'><strong>non</strong></span> <span class='ocrx_word' id='word_1_35' title='bbox 1333 663 1487 717; x_wconf 85' lang='lat' dir='ltr'><strong>latuit</strong></span> <span class='ocrx_word' id='word_1_36' title='bbox 1517 664 1966 720; x_wconf 89' lang='lat' dir='ltr'><strong>indormitabilem</strong></span> <span class='ocrx_word' id='word_1_37' title='bbox 2012 681 2143 720; x_wconf 82' lang='lat' dir='ltr'><strong>ocu-</strong></span> 
     </span>
    </p>
   </div>
   <div class='ocr_carea' id='block_1_7' title="bbox 545 752 2143 823">
    <p class='ocr_par' dir='ltr' id='par_1_7' title="bbox 545 752 2143 823">
     <span class='ocr_line' id='line_1_7' title="bbox 545 752 2143 823; baseline -0.001 -14"><span class='ocrx_word' id='word_1_38' title='bbox 545 755 658 809; x_wconf 89' lang='lat' dir='ltr'><strong>lum</strong></span> <span class='ocrx_word' id='word_1_39' title='bbox 687 763 891 809; x_wconf 72' lang='lat' dir='ltr'><strong>natum</strong></span> <span class='ocrx_word' id='word_1_40' title='bbox 920 753 1222 808; x_wconf 88' lang='lat' dir='ltr'><strong>communis</strong></span> <span class='ocrx_word' id='word_1_41' title='bbox 1249 752 1513 818; x_wconf 88' lang='lat' dir='ltr'><strong>inimicus,</strong></span> <span class='ocrx_word' id='word_1_42' title='bbox 1565 753 1659 808; x_wconf 91' lang='lat' dir='ltr'><strong>sed</strong></span> <span class='ocrx_word' id='word_1_43' title='bbox 1699 760 1954 823; x_wconf 85' lang='lat' dir='ltr'><strong>tanquam</strong></span> <span class='ocrx_word' id='word_1_44' title='bbox 1984 753 2143 808; x_wconf 89' lang='lat' dir='ltr'><strong>lumi—</strong></span> 
     </span>
    </p>
   </div>
   <div class='ocr_carea' id='block_1_8' title="bbox 545 837 2142 914">
    <p class='ocr_par' dir='ltr' id='par_1_8' title="bbox 545 837 2142 914">
     <span class='ocr_line' id='line_1_8' title="bbox 545 837 2142 914; baseline 0 -15"><span class='ocrx_word' id='word_1_45' title='bbox 545 847 699 901; x_wconf 82' lang='lat' dir='ltr'><strong>naria</strong></span> <span class='ocrx_word' id='word_1_46' title='bbox 741 844 1024 900; x_wconf 79' lang='lat' dir='ltr'><strong>confestim</strong></span> <span class='ocrx_word' id='word_1_47' title='bbox 1073 837 1268 901; x_wconf 77' lang='lat' dir='ltr'><strong>Patres</strong></span> <span class='ocrx_word' id='word_1_48' title='bbox 1307 854 1546 911; x_wconf 89' lang='lat' dir='ltr'><strong>nostros,</strong></span> <span class='ocrx_word' id='word_1_49' title='bbox 1577 845 1663 900; x_wconf 88' lang='lat' dir='ltr'><strong>his</strong></span> <span class='ocrx_word' id='word_1_50' title='bbox 1711 859 1850 914; x_wconf 91' lang='lat' dir='ltr'><strong>quos</strong></span> <span class='ocrx_word' id='word_1_51' title='bbox 1891 845 2142 901; x_wconf 88' lang='lat' dir='ltr'><strong>tenebra-</strong></span> 
     </span>
    </p>
   </div>
   <div class='ocr_carea' id='block_1_9' title="bbox 545 932 2142 1009">
    <p class='ocr_par' dir='ltr' id='par_1_9' title="bbox 545 932 2142 1009">
     <span class='ocr_line' id='line_1_9' title="bbox 545 932 2142 1009; baseline 0.001 -17"><span class='ocrx_word' id='word_1_52' title='bbox 545 953 668 992; x_wconf 89' lang='lat' dir='ltr'><strong>rum</strong></span> <span class='ocrx_word' id='word_1_53' title='bbox 696 943 1010 1009; x_wconf 82' lang='lat' dir='ltr'><strong>pervaserat</strong></span> <span class='ocrx_word' id='word_1_54' title='bbox 1055 952 1230 1006; x_wconf 89' lang='lat' dir='ltr'><strong>error,</strong></span> <span class='ocrx_word' id='word_1_55' title='bbox 1261 936 1532 1004; x_wconf 90' lang='lat' dir='ltr'><strong>ostendit;</strong></span> <span class='ocrx_word' id='word_1_56' title='bbox 1554 937 1648 1006; x_wconf 86' lang='lat' dir='ltr'><strong>qui</strong></span> <span class='ocrx_word' id='word_1_57' title='bbox 1677 938 1890 993; x_wconf 91' lang='lat' dir='ltr'><strong>cunctis</strong></span> <span class='ocrx_word' id='word_1_58' title='bbox 1929 932 2142 993; x_wconf 50' lang='lat' dir='ltr'><strong>resera?</strong></span> 
     </span>
    </p>
   </div>
   <div class='ocr_carea' id='block_1_10' title="bbox 545 1026 2140 1099">
    <p class='ocr_par' dir='ltr' id='par_1_10' title="bbox 545 1026 2140 1099">
     <span class='ocr_line' id='line_1_10' title="bbox 545 1026 2140 1099; baseline -0.002 -13"><span class='ocrx_word' id='word_1_59' title='bbox 545 1039 669 1086; x_wconf 89' lang='lat' dir='ltr'><strong>rent</strong></span> <span class='ocrx_word' id='word_1_60' title='bbox 707 1029 1118 1099; x_wconf 79' lang='lat' dir='ltr'><strong>intelligentiam</strong></span> <span class='ocrx_word' id='word_1_61' title='bbox 1149 1027 1295 1096; x_wconf 86' lang='lat' dir='ltr'><strong>ﬁdei,</strong></span> <span class='ocrx_word' id='word_1_62' title='bbox 1337 1037 1393 1084; x_wconf 90' lang='lat' dir='ltr'><strong>et</strong></span> <span class='ocrx_word' id='word_1_63' title='bbox 1437 1026 1825 1084; x_wconf 84' lang='lat' dir='ltr'><strong>incarnationis</strong></span> <span class='ocrx_word' id='word_1_64' title='bbox 1852 1027 2140 1097; x_wconf 81' lang='lat' dir='ltr'><strong>diligenter</strong></span> 
     </span>
    </p>
   </div>
   <div class='ocr_carea' id='block_1_11' title="bbox 543 1117 2140 1190">
    <p class='ocr_par' dir='ltr' id='par_1_11' title="bbox 543 1117 2140 1190">
     <span class='ocr_line' id='line_1_11' title="bbox 543 1117 2140 1190; baseline 0 -16"><span class='ocrx_word' id='word_1_65' title='bbox 543 1119 806 1175; x_wconf 77' lang='lat' dir='ltr'><strong>beneﬁcia</strong></span> <span class='ocrx_word' id='word_1_66' title='bbox 852 1117 1249 1190; x_wconf 84' lang='lat' dir='ltr'><strong>praedicarent:</strong></span> <span class='ocrx_word' id='word_1_67' title='bbox 1274 1120 1547 1188; x_wconf 89' lang='lat' dir='ltr'><strong>quomodo</strong></span> <span class='ocrx_word' id='word_1_68' title='bbox 1594 1118 2014 1190; x_wconf 84' lang='lat' dir='ltr'><strong>dispensationis</strong></span> <span class='ocrx_word' id='word_1_69' title='bbox 2051 1133 2140 1174; x_wconf 86' lang='lat' dir='ltr'><strong>sa-</strong></span> 
     </span>
    </p>
   </div>
   <div class='ocr_carea' id='block_1_12' title="bbox 544 1206 2141 1282">
    <p class='ocr_par' dir='ltr' id='par_1_12' title="bbox 544 1206 2141 1282">
     <span class='ocr_line' id='line_1_12' title="bbox 544 1206 2141 1282; baseline -0.002 -14"><span class='ocrx_word' id='word_1_70' title='bbox 544 1219 884 1268; x_wconf 87' lang='lat' dir='ltr'><strong>cramentum</strong></span> <span class='ocrx_word' id='word_1_71' title='bbox 913 1211 985 1267; x_wconf 88' lang='lat' dir='ltr'><strong>sit</strong></span> <span class='ocrx_word' id='word_1_72' title='bbox 1012 1213 1082 1267; x_wconf 91' lang='lat' dir='ltr'><strong>ab</strong></span> <span class='ocrx_word' id='word_1_73' title='bbox 1110 1206 1264 1266; x_wconf 90' lang='lat' dir='ltr'><strong>initio</strong></span> <span class='ocrx_word' id='word_1_74' title='bbox 1299 1225 1369 1266; x_wconf 83' lang='lat' dir='ltr'><strong>ex</strong></span> <span class='ocrx_word' id='word_1_75' title='bbox 1393 1210 1552 1265; x_wconf 88' lang='lat' dir='ltr'><strong>vulva</strong></span> <span class='ocrx_word' id='word_1_76' title='bbox 1599 1207 1955 1282; x_wconf 84' lang='lat' dir='ltr'><strong>dispositum;</strong></span> <span class='ocrx_word' id='word_1_77' title='bbox 1995 1210 2141 1282; x_wconf 73' lang='lat' dir='ltr'><strong>quo-&#39;</strong></span> 
     </span>
    </p>
   </div>
   <div class='ocr_carea' id='block_1_13' title="bbox 542 1303 2136 1375">
    <p class='ocr_par' dir='ltr' id='par_1_13' title="bbox 542 1303 2136 1375">
     <span class='ocr_line' id='line_1_13' title="bbox 542 1303 2136 1375; baseline 0 -17"><span class='ocrx_word' id='word_1_78' title='bbox 542 1304 707 1360; x_wconf 88' lang='lat' dir='ltr'><strong>modo</strong></span> <span class='ocrx_word' id='word_1_79' title='bbox 733 1312 792 1360; x_wconf 90' lang='lat' dir='ltr'><strong>et</strong></span> <span class='ocrx_word' id='word_1_80' title='bbox 812 1303 910 1360; x_wconf 89' lang='lat' dir='ltr'><strong>Dei</strong></span> <span class='ocrx_word' id='word_1_81' title='bbox 934 1304 1169 1372; x_wconf 81' lang='lat' dir='ltr'><strong>genitrix</strong></span> <span class='ocrx_word' id='word_1_82' title='bbox 1199 1303 1270 1358; x_wconf 83' lang='lat' dir='ltr'><strong>sit</strong></span> <span class='ocrx_word' id='word_1_83' title='bbox 1310 1304 1465 1372; x_wconf 86' lang='lat' dir='ltr'><strong>virgo</strong></span> <span class='ocrx_word' id='word_1_84' title='bbox 1495 1306 1732 1361; x_wconf 84' lang='lat' dir='ltr'><strong>vocitata</strong></span> <span class='ocrx_word' id='word_1_85' title='bbox 1759 1311 1983 1375; x_wconf 85' lang='lat' dir='ltr'><strong>propter</strong></span> <span class='ocrx_word' id='word_1_86' title='bbox 2010 1317 2136 1358; x_wconf 88' lang='lat' dir='ltr'><strong>eum</strong></span> 
     </span>
    </p>
   </div>
   <div class='ocr_carea' id='block_1_14' title="bbox 543 1395 2144 1466">
    <p class='ocr_par' dir='ltr' id='par_1_14' title="bbox 543 1395 2144 1466">
     <span class='ocr_line' id='line_1_14' title="bbox 543 1395 2144 1466; baseline 0.001 -16"><span class='ocrx_word' id='word_1_87' title='bbox 543 1397 637 1466; x_wconf 85' lang='lat' dir='ltr'><strong>qui</strong></span> <span class='ocrx_word' id='word_1_88' title='bbox 667 1396 1024 1466; x_wconf 78' lang='lat' dir='ltr'><strong>virginitatem</strong></span> <span class='ocrx_word' id='word_1_89' title='bbox 1054 1395 1170 1465; x_wconf 88' lang='lat' dir='ltr'><strong>ejus</strong></span> <span class='ocrx_word' id='word_1_90' title='bbox 1197 1395 1447 1466; x_wconf 82' lang='lat' dir='ltr'><strong>dignatus</strong></span> <span class='ocrx_word' id='word_1_91' title='bbox 1471 1405 1560 1453; x_wconf 87' lang='lat' dir='ltr'><strong>est</strong></span> <span class='ocrx_word' id='word_1_92' title='bbox 1579 1396 1742 1451; x_wconf 85' lang='lat' dir='ltr'><strong>etiam</strong></span> <span class='ocrx_word' id='word_1_93' title='bbox 1772 1410 1991 1452; x_wconf 85' lang='lat' dir='ltr'><strong>sacrare</strong></span> <span class='ocrx_word' id='word_1_94' title='bbox 2014 1405 2144 1466; x_wconf 83' lang='lat' dir='ltr'><strong>post</strong></span> 
     </span>
    </p>
   </div>
   <div class='ocr_carea' id='block_1_15' title="bbox 541 1485 2138 1558">
    <p class='ocr_par' dir='ltr' id='par_1_15' title="bbox 541 1485 2138 1558">
     <span class='ocr_line' id='line_1_15' title="bbox 541 1485 2138 1558; baseline 0 -16"><span class='ocrx_word' id='word_1_95' title='bbox 541 1496 778 1558; x_wconf 88' lang='lat' dir='ltr'><strong>partum,</strong></span> <span class='ocrx_word' id='word_1_96' title='bbox 827 1486 1178 1558; x_wconf 88' lang='lat' dir='ltr'><strong>vulvamque,</strong></span> <span class='ocrx_word' id='word_1_97' title='bbox 1227 1493 1290 1541; x_wconf 92' lang='lat' dir='ltr'><strong>ut</strong></span> <span class='ocrx_word' id='word_1_98' title='bbox 1332 1485 1562 1542; x_wconf 88' lang='lat' dir='ltr'><strong>decebat</strong></span> <span class='ocrx_word' id='word_1_99' title='bbox 1589 1486 1778 1554; x_wconf 86' lang='lat' dir='ltr'><strong>Deum,</strong></span> <span class='ocrx_word' id='word_1_100' title='bbox 1826 1487 2138 1556; x_wconf 79' lang='lat' dir='ltr'><strong>integritate</strong></span> 
     </span>
    </p>
   </div>
   <div class='ocr_carea' id='block_1_16' title="bbox 539 1577 2134 1649">
    <p class='ocr_par' dir='ltr' id='par_1_16' title="bbox 539 1577 2134 1649">
     <span class='ocr_line' id='line_1_16' title="bbox 539 1577 2134 1649; baseline -0.001 -14"><span class='ocrx_word' id='word_1_101' title='bbox 539 1580 789 1649; x_wconf 82' lang='lat' dir='ltr'><strong>signare;</strong></span> <span class='ocrx_word' id='word_1_102' title='bbox 820 1579 1096 1649; x_wconf 89' lang='lat' dir='ltr'><strong>quomodo</strong></span> <span class='ocrx_word' id='word_1_103' title='bbox 1143 1577 1440 1635; x_wconf 82' lang='lat' dir='ltr'><strong>secundum</strong></span> <span class='ocrx_word' id='word_1_104' title='bbox 1490 1579 1774 1634; x_wconf 82' lang='lat' dir='ltr'><strong>veritatem</strong></span> <span class='ocrx_word' id='word_1_105' title='bbox 1821 1587 2002 1634; x_wconf 86' lang='lat' dir='ltr'><strong>mater</strong></span> <span class='ocrx_word' id='word_1_106' title='bbox 2037 1578 2134 1634; x_wconf 89' lang='lat' dir='ltr'><strong>Dei</strong></span> 
     </span>
    </p>
   </div>
   <div class='ocr_carea' id='block_1_17' title="bbox 539 1669 2134 1744">
    <p class='ocr_par' dir='ltr' id='par_1_17' title="bbox 539 1669 2134 1744">
     <span class='ocr_line' id='line_1_17' title="bbox 539 1669 2134 1744; baseline -0.001 -15"><span class='ocrx_word' id='word_1_107' title='bbox 539 1673 683 1730; x_wconf 88' lang='lat' dir='ltr'><strong>dicta</strong></span> <span class='ocrx_word' id='word_1_108' title='bbox 711 1673 782 1729; x_wconf 88' lang='lat' dir='ltr'><strong>sit</strong></span> <span class='ocrx_word' id='word_1_109' title='bbox 809 1680 1032 1744; x_wconf 90' lang='lat' dir='ltr'><strong>propter</strong></span> <span class='ocrx_word' id='word_1_110' title='bbox 1069 1686 1310 1739; x_wconf 87' lang='lat' dir='ltr'><strong>carnem,</strong></span> <span class='ocrx_word' id='word_1_111' title='bbox 1349 1686 1512 1743; x_wconf 88' lang='lat' dir='ltr'><strong>quam</strong></span> <span class='ocrx_word' id='word_1_112' title='bbox 1542 1686 1613 1726; x_wconf 79' lang='lat' dir='ltr'><strong>ex</strong></span> <span class='ocrx_word' id='word_1_113' title='bbox 1652 1686 1713 1727; x_wconf 91' lang='lat' dir='ltr'><strong>se</strong></span> <span class='ocrx_word' id='word_1_114' title='bbox 1739 1669 1984 1728; x_wconf 86' lang='lat' dir='ltr'><strong>omnium</strong></span> <span class='ocrx_word' id='word_1_115' title='bbox 2021 1671 2134 1727; x_wconf 87' lang='lat' dir='ltr'><strong>Do-</strong></span> 
     </span>
    </p>
   </div>
   <div class='ocr_carea' id='block_1_18' title="bbox 540 1756 2132 1832">
    <p class='ocr_par' dir='ltr' id='par_1_18' title="bbox 540 1756 2132 1832">
     <span class='ocr_line' id='line_1_18' title="bbox 540 1756 2132 1832; baseline -0.002 -12"><span class='ocrx_word' id='word_1_116' title='bbox 540 1765 690 1822; x_wconf 90' lang='lat' dir='ltr'><strong>mino</strong></span> <span class='ocrx_word' id='word_1_117' title='bbox 717 1765 1060 1821; x_wconf 88' lang='lat' dir='ltr'><strong>ministravit.</strong></span> <span class='ocrx_word' id='word_1_118' title='bbox 1092 1783 1112 1818; x_wconf 79' lang='grc' dir='ltr'><strong>ι</strong></span> <span class='ocrx_word' id='word_1_119' title='bbox 1146 1763 1287 1820; x_wconf 84' lang='lat' dir='ltr'><strong>Ecce</strong></span> <span class='ocrx_word' id='word_1_120' title='bbox 1329 1771 1387 1819; x_wconf 93' lang='lat' dir='ltr'><strong>et</strong></span> <span class='ocrx_word' id='word_1_121' title='bbox 1411 1756 1516 1820; x_wconf 83' lang='lat' dir='ltr'><strong>hoc</strong></span> <span class='ocrx_word' id='word_1_122' title='bbox 1544 1771 1821 1820; x_wconf 88' lang='lat' dir='ltr'><strong>ostensum</strong></span> <span class='ocrx_word' id='word_1_123' title='bbox 1859 1772 1962 1830; x_wconf 87' lang='lat' dir='ltr'><strong>est,</strong></span> <span class='ocrx_word' id='word_1_124' title='bbox 1991 1777 2132 1832; x_wconf 91' lang='lat' dir='ltr'><strong>quo-</strong></span> 
     </span>
    </p>
   </div>
   <div class='ocr_carea' id='block_1_19' title="bbox 2248 573 3839 646">
    <p class='ocr_par' dir='ltr' id='par_1_19' title="bbox 2248 573 3839 646">
     <span class='ocr_line' id='line_1_19' title="bbox 2248 573 3839 646; baseline 0.003 -18"><span class='ocrx_word' id='word_1_125' title='bbox 2248 573 2378 645; x_wconf 87' lang='lat' dir='ltr'><strong>quid</strong></span> <span class='ocrx_word' id='word_1_126' title='bbox 2404 574 2756 632; x_wconf 84' lang='lat' dir='ltr'><strong>excellentius</strong></span> <span class='ocrx_word' id='word_1_127' title='bbox 2783 575 2939 631; x_wconf 83' lang='lat' dir='ltr'><strong>decet</strong></span> <span class='ocrx_word' id='word_1_128' title='bbox 2986 575 3040 630; x_wconf 90' lang='lat' dir='ltr'><strong>in</strong></span> <span class='ocrx_word' id='word_1_129' title='bbox 3069 577 3332 646; x_wconf 87' lang='lat' dir='ltr'><strong>principe,</strong></span> <span class='ocrx_word' id='word_1_130' title='bbox 3380 591 3543 646; x_wconf 90' lang='lat' dir='ltr'><strong>quam</strong></span> <span class='ocrx_word' id='word_1_131' title='bbox 3571 578 3839 634; x_wconf 86' lang='lat' dir='ltr'><strong>catholica</strong></span> 
     </span>
    </p>
   </div>
   <div class='ocr_carea' id='block_1_20' title="bbox 2247 664 3840 735">
    <p class='ocr_par' dir='ltr' id='par_1_20' title="bbox 2247 664 3840 735">
     <span class='ocr_line' id='line_1_20' title="bbox 2247 664 3840 735; baseline 0.006 -19"><span class='ocrx_word' id='word_1_132' title='bbox 2247 664 2395 731; x_wconf 84' lang='lat' dir='ltr'><strong>fides,</strong></span> <span class='ocrx_word' id='word_1_133' title='bbox 2442 680 2562 734; x_wconf 83' lang='lat' dir='ltr'><strong>quae</strong></span> <span class='ocrx_word' id='word_1_134' title='bbox 2602 667 2767 722; x_wconf 92' lang='lat' dir='ltr'><strong>totius</strong></span> <span class='ocrx_word' id='word_1_135' title='bbox 2815 667 2985 723; x_wconf 90' lang='lat' dir='ltr'><strong>nostri</strong></span> <span class='ocrx_word' id='word_1_136' title='bbox 3014 667 3142 722; x_wconf 90' lang='lat' dir='ltr'><strong>boni</strong></span> <span class='ocrx_word' id='word_1_137' title='bbox 3191 676 3274 722; x_wconf 88' lang='lat' dir='ltr'><strong>est</strong></span> <span class='ocrx_word' id='word_1_138' title='bbox 3318 667 3744 735; x_wconf 77' lang='lat' dir='ltr'><strong>fundamentum,</strong></span> <span class='ocrx_word' id='word_1_139' title='bbox 3781 677 3840 725; x_wconf 88' lang='lat' dir='ltr'><strong>et</strong></span> 
     </span>
    </p>
   </div>
   <div class='ocr_carea' id='block_1_21' title="bbox 2245 753 3838 830">
    <p class='ocr_par' dir='ltr' id='par_1_21' title="bbox 2245 753 3838 830">
     <span class='ocr_line' id='line_1_21' title="bbox 2245 753 3838 830; baseline 0.003 -18"><span class='ocrx_word' id='word_1_140' title='bbox 2245 757 2363 812; x_wconf 90' lang='lat' dir='ltr'><strong>sine</strong></span> <span class='ocrx_word' id='word_1_141' title='bbox 2385 773 2491 827; x_wconf 90' lang='lat' dir='ltr'><strong>qua</strong></span> <span class='ocrx_word' id='word_1_142' title='bbox 2521 757 2649 812; x_wconf 88' lang='lat' dir='ltr'><strong>nihil</strong></span> <span class='ocrx_word' id='word_1_143' title='bbox 2681 759 2735 812; x_wconf 91' lang='lat' dir='ltr'><strong>in</strong></span> <span class='ocrx_word' id='word_1_144' title='bbox 2766 759 2922 814; x_wconf 88' lang='lat' dir='ltr'><strong>nobis</strong></span> <span class='ocrx_word' id='word_1_145' title='bbox 2943 765 3026 814; x_wconf 92' lang='lat' dir='ltr'><strong>est</strong></span> <span class='ocrx_word' id='word_1_146' title='bbox 3051 757 3299 814; x_wconf 79' lang='lat' dir='ltr'><strong>bonum?</strong></span> <span class='ocrx_word' id='word_1_147' title='bbox 3327 757 3499 815; x_wconf 88' lang='lat' dir='ltr'><strong>Omne</strong></span> <span class='ocrx_word' id='word_1_148' title='bbox 3525 753 3668 815; x_wconf 86' lang='lat' dir='ltr'><strong>enim</strong></span> <span class='ocrx_word' id='word_1_149' title='bbox 3691 759 3838 830; x_wconf 85' lang='lat' dir='ltr'><strong>quod</strong></span> 
     </span>
    </p>
   </div>
   <div class='ocr_carea' id='block_1_22' title="bbox 2245 850 3017 922">
    <p class='ocr_par' dir='ltr' id='par_1_22' title="bbox 2245 850 3017 922">
     <span class='ocr_line' id='line_1_22' title="bbox 2245 850 3017 922; baseline 0.005 -18"><span class='ocrx_word' id='word_1_150' title='bbox 2245 865 2352 904; x_wconf 91' lang='lat' dir='ltr'><strong>non</strong></span> <span class='ocrx_word' id='word_1_151' title='bbox 2385 867 2449 906; x_wconf 82' lang='lat' dir='ltr'><strong>ex</strong></span> <span class='ocrx_word' id='word_1_152' title='bbox 2482 850 2584 906; x_wconf 84' lang='lat' dir='ltr'><strong>ltde</strong></span> <span class='ocrx_word' id='word_1_153' title='bbox 2606 859 2886 922; x_wconf 89' lang='lat' dir='ltr'><strong>peccatum</strong></span> <span class='ocrx_word' id='word_1_154' title='bbox 2915 861 3017 908; x_wconf 89' lang='lat' dir='ltr'><strong>est.</strong></span> 
     </span>
    </p>
   </div>
   <div class='ocr_carea' id='block_1_23' title="bbox 2870 987 3209 1044">
    <p class='ocr_par' dir='ltr' id='par_1_23' title="bbox 2870 987 3209 1044">
     <span class='ocr_line' id='line_1_23' title="bbox 2870 987 3209 1044; baseline 0.003 -2"><span class='ocrx_word' id='word_1_155' title='bbox 2870 987 3099 1044; x_wconf 78' lang='lat' dir='ltr'><strong>CAPUT</strong></span> <span class='ocrx_word' id='word_1_156' title='bbox 3144 987 3209 1043; x_wconf 88' lang='lat' dir='ltr'><strong>Il.</strong></span> 
     </span>
    </p>
   </div>
   <div class='ocr_carea' id='block_1_24' title="bbox 2245 1057 3837 1203">
    <p class='ocr_par' dir='ltr' id='par_1_24' title="bbox 2245 1077 3837 1203">
     <span class='ocr_line' id='line_1_24' title="bbox 2245 1077 3837 1203; baseline 0.008 -74"><span class='ocrx_word' id='word_1_157' title='bbox 2245 1077 2395 1142; x_wconf 82' lang='lat' dir='ltr'><strong>Quod</strong></span> <span class='ocrx_word' id='word_1_158' title='bbox 2428 1077 2740 1203; x_wconf 55' lang='lat' dir='ltr'><strong>Eutgchiani</strong></span> <span class='ocrx_word' id='word_1_159' title='bbox 2768 1080 2858 1134; x_wconf 80' lang='lat' dir='ltr'><strong>sub</strong></span> <span class='ocrx_word' id='word_1_160' title='bbox 2889 1081 3039 1134; x_wconf 86' lang='lat' dir='ltr'><strong>trium</strong></span> <span class='ocrx_word' id='word_1_161' title='bbox 3082 1081 3442 1148; x_wconf 81' lang='lat' dir='ltr'><strong>Capitulorum</strong></span> <span class='ocrx_word' id='word_1_162' title='bbox 3472 1086 3675 1140; x_wconf 78' lang='lat' dir='ltr'><strong>nomine</strong></span> <span class='ocrx_word' id='word_1_163' title='bbox 3709 1104 3837 1141; x_wconf 85' lang='lat' dir='ltr'><strong>con-</strong></span> 
     </span>
     <span class='ocr_line' id='line_1_25' title="bbox 2311 1148 3835 1203; baseline 0.001 -3"><span class='ocrx_word' id='word_1_164' title='bbox 2311 1148 2486 1203; x_wconf 75' lang='lat' dir='ltr'><strong>cilium</strong></span> <span class='ocrx_word' id='word_1_165' title='bbox 2567 1151 2938 1203; x_wconf 77' lang='lat' dir='ltr'><strong>hulcedouense</strong></span> <span class='ocrx_word' id='word_1_166' title='bbox 2968 1153 3322 1203; x_wconf 76' lang='lat' dir='ltr'><strong>fraudulenter</strong></span> <span class='ocrx_word' id='word_1_167' title='bbox 3344 1166 3633 1203; x_wconf 76' lang='lat' dir='ltr'><strong>onnunnmt</strong></span> <span class='ocrx_word' id='word_1_168' title='bbox 3653 1174 3672 1203; x_wconf 88' lang='lat'><strong><em>:</em></strong></span> <span class='ocrx_word' id='word_1_169' title='bbox 3715 1160 3835 1203; x_wconf 80' lang='lat' dir='ltr'><strong>nui-</strong></span> 
     </span>
    </p>
   </div>
   <div class='ocr_carea' id='block_1_25' title="bbox 2311 1148 3835 1225">
    <p class='ocr_par' dir='ltr' id='par_1_25' title="bbox 2311 1148 3835 1225">
     <span class='ocr_line' id='line_1_26' title="bbox 2311 1148 3835 1225; baseline 0.007 -24"><span class='ocrx_word' id='word_1_170' title='bbox 2311 1148 2486 1225; x_wconf 69' lang='lat' dir='ltr'><strong>eilium</strong></span> <span class='ocrx_word' id='word_1_171' title='bbox 2526 1148 2938 1205; x_wconf 78' lang='lat' dir='ltr'><strong>Chalcedonense</strong></span> <span class='ocrx_word' id='word_1_172' title='bbox 2967 1153 3322 1225; x_wconf 73' lang='lat' dir='ltr'><strong>fraudulenter</strong></span> <span class='ocrx_word' id='word_1_173' title='bbox 3344 1166 3672 1225; x_wconf 76' lang='lat' dir='ltr'><strong>oppugnent:</strong></span> <span class='ocrx_word' id='word_1_174' title='bbox 3715 1160 3835 1224; x_wconf 88' lang='lat' dir='ltr'><strong>qui-</strong></span> 
     </span>
    </p>
   </div>
   <div class='ocr_carea' id='block_1_26' title="bbox 2311 1221 3835 1297">
    <p class='ocr_par' dir='ltr' id='par_1_26' title="bbox 2311 1221 3835 1297">
     <span class='ocr_line' id='line_1_27' title="bbox 2311 1221 3835 1297; baseline 0.008 -26"><span class='ocrx_word' id='word_1_175' title='bbox 2311 1221 2406 1272; x_wconf 80' lang='lat' dir='ltr'><strong>bus</strong></span> <span class='ocrx_word' id='word_1_176' title='bbox 2425 1227 2702 1297; x_wconf 83' lang='lat' dir='ltr'><strong>_antequam</strong></span> <span class='ocrx_word' id='word_1_177' title='bbox 2725 1224 3053 1290; x_wconf 77' lang='lat' dir='ltr'><strong>respondeat,</strong></span> <span class='ocrx_word' id='word_1_178' title='bbox 3080 1224 3203 1293; x_wconf 76' lang='lat' dir='ltr'><strong>ﬁdei</strong></span> <span class='ocrx_word' id='word_1_179' title='bbox 3223 1238 3330 1279; x_wconf 74' lang='lat' dir='ltr'><strong>sua:</strong></span> <span class='ocrx_word' id='word_1_180' title='bbox 3353 1221 3835 1297; x_wconf 9' lang='lat' dir='ltr'><strong>confersxionem’ex-</strong></span> 
     </span>
    </p>
   </div>
   <div class='ocr_carea' id='block_1_27' title="bbox 2313 1291 2477 1357">
    <p class='ocr_par' dir='ltr' id='par_1_27' title="bbox 2313 1291 2477 1357">
     <span class='ocr_line' id='line_1_28' title="bbox 2313 1291 2477 1357; baseline -0.012 -12"><span class='ocrx_word' id='word_1_181' title='bbox 2313 1291 2477 1357; x_wconf 83' lang='lat' dir='ltr'><strong>ponit.</strong></span> 
     </span>
    </p>
   </div>
   <div class='ocr_carea' id='block_1_28' title="bbox 2309 1383 3835 1480">
    <p class='ocr_par' dir='ltr' id='par_1_28' title="bbox 2309 1383 3835 1480">
     <span class='ocr_line' id='line_1_29' title="bbox 2309 1383 3835 1480; baseline 0.008 -21"><span class='ocrx_word' id='word_1_182' title='bbox 2309 1403 2419 1460; x_wconf 88' lang='lat' dir='ltr'><strong>Sed</strong></span> <span class='ocrx_word' id='word_1_183' title='bbox 2446 1383 2598 1474; x_wconf 78' lang='lat' dir='ltr'><strong>rogo,</strong></span> <span class='ocrx_word' id='word_1_184' title='bbox 2649 1405 3068 1464; x_wconf 88' lang='lat' dir='ltr'><strong>clementissime</strong></span> <span class='ocrx_word' id='word_1_185' title='bbox 3117 1409 3432 1480; x_wconf 88' lang='lat' dir='ltr'><strong>imperator,</strong></span> <span class='ocrx_word' id='word_1_186' title='bbox 3486 1419 3545 1466; x_wconf 91' lang='lat' dir='ltr'><strong>ut</strong></span> <span class='ocrx_word' id='word_1_187' title='bbox 3595 1413 3835 1471; x_wconf 82' lang='lat' dir='ltr'><strong>rationes</strong></span> 
     </span>
    </p>
   </div>
   <div class='ocr_carea' id='block_1_29' title="bbox 2238 1497 3835 1572">
    <p class='ocr_par' dir='ltr' id='par_1_29' title="bbox 2238 1497 3835 1572">
     <span class='ocr_line' id='line_1_30' title="bbox 2238 1497 3835 1572; baseline 0.006 -21"><span class='ocrx_word' id='word_1_188' title='bbox 2238 1511 2388 1552; x_wconf 90' lang='lat' dir='ltr'><strong>meas</strong></span> <span class='ocrx_word' id='word_1_189' title='bbox 2417 1497 2502 1552; x_wconf 87' lang='lat' dir='ltr'><strong>vel</strong></span> <span class='ocrx_word' id='word_1_190' title='bbox 2529 1505 2824 1568; x_wconf 83' lang='lat' dir='ltr'><strong>gratanter,</strong></span> <span class='ocrx_word' id='word_1_191' title='bbox 2855 1500 2942 1555; x_wconf 90' lang='lat' dir='ltr'><strong>vel</strong></span> <span class='ocrx_word' id='word_1_192' title='bbox 2977 1502 3248 1572; x_wconf 87' lang='lat' dir='ltr'><strong>patienter</strong></span> <span class='ocrx_word' id='word_1_193' title='bbox 3275 1503 3527 1572; x_wconf 82' lang='lat' dir='ltr'><strong>accipias.</strong></span> <span class='ocrx_word' id='word_1_194' title='bbox 3572 1504 3704 1558; x_wconf 86' lang='lat' dir='ltr'><strong>Nam</strong></span> <span class='ocrx_word' id='word_1_195' title='bbox 3733 1505 3835 1561; x_wconf 79' lang='lat' dir='ltr'><strong>de-</strong></span> 
     </span>
    </p>
   </div>
   <div class='ocr_carea' id='block_1_30' title="bbox 2238 1593 3832 1668">
    <p class='ocr_par' dir='ltr' id='par_1_30' title="bbox 2238 1593 3832 1668">
     <span class='ocr_line' id='line_1_31' title="bbox 2238 1593 3832 1668; baseline 0.006 -24"><span class='ocrx_word' id='word_1_196' title='bbox 2238 1597 2542 1646; x_wconf 89' lang='lat' dir='ltr'><strong>monstrare</strong></span> <span class='ocrx_word' id='word_1_197' title='bbox 2566 1593 2822 1662; x_wconf 89' lang='lat' dir='ltr'><strong>proposui</strong></span> <span class='ocrx_word' id='word_1_198' title='bbox 2848 1596 3103 1664; x_wconf 90' lang='lat' dir='ltr'><strong>quoniam</strong></span> <span class='ocrx_word' id='word_1_199' title='bbox 3139 1610 3237 1664; x_wconf 91' lang='lat' dir='ltr'><strong>pro</strong></span> <span class='ocrx_word' id='word_1_200' title='bbox 3259 1595 3497 1665; x_wconf 86' lang='lat' dir='ltr'><strong>ejusdem</strong></span> <span class='ocrx_word' id='word_1_201' title='bbox 3526 1597 3645 1653; x_wconf 90' lang='lat' dir='ltr'><strong>ﬁdei</strong></span> <span class='ocrx_word' id='word_1_202' title='bbox 3667 1615 3832 1668; x_wconf 89' lang='lat' dir='ltr'><strong>quam</strong></span> 
     </span>
    </p>
   </div>
   <div class='ocr_carea' id='block_1_31' title="bbox 2237 1679 3834 1755">
    <p class='ocr_par' dir='ltr' id='par_1_31' title="bbox 2237 1679 3834 1755">
     <span class='ocr_line' id='line_1_32' title="bbox 2237 1679 3834 1755; baseline 0.007 -21"><span class='ocrx_word' id='word_1_203' title='bbox 2237 1688 2390 1736; x_wconf 90' lang='lat' dir='ltr'><strong>tenes</strong></span> <span class='ocrx_word' id='word_1_204' title='bbox 2417 1679 2749 1749; x_wconf 86' lang='lat' dir='ltr'><strong>defensione,</strong></span> <span class='ocrx_word' id='word_1_205' title='bbox 2778 1692 2833 1738; x_wconf 93' lang='lat' dir='ltr'><strong>et</strong></span> <span class='ocrx_word' id='word_1_206' title='bbox 2860 1692 3083 1755; x_wconf 88' lang='lat' dir='ltr'><strong>propter</strong></span> <span class='ocrx_word' id='word_1_207' title='bbox 3109 1683 3625 1742; x_wconf 86' lang='lat' dir='ltr'><strong>Chalcedonensium</strong></span> <span class='ocrx_word' id='word_1_208' title='bbox 3646 1700 3834 1745; x_wconf 89' lang='lat' dir='ltr'><strong>custo-</strong></span> 
     </span>
    </p>
   </div>
   <div class='ocr_carea' id='block_1_32' title="bbox 2239 1769 3831 1847">
    <p class='ocr_par' dir='ltr' id='par_1_32' title="bbox 2239 1769 3831 1847">
     <span class='ocr_line' id='line_1_33' title="bbox 2239 1769 3831 1847; baseline 0.006 -22"><span class='ocrx_word' id='word_1_209' title='bbox 2239 1769 2384 1826; x_wconf 90' lang='lat' dir='ltr'><strong>diam</strong></span> <span class='ocrx_word' id='word_1_210' title='bbox 2413 1771 2776 1840; x_wconf 81' lang='lat' dir='ltr'><strong>decretorum,</strong></span> <span class='ocrx_word' id='word_1_211' title='bbox 2799 1775 2995 1844; x_wconf 85' lang='lat' dir='ltr'><strong>quibus</strong></span> <span class='ocrx_word' id='word_1_212' title='bbox 3016 1785 3071 1831; x_wconf 91' lang='lat' dir='ltr'><strong>et</strong></span> <span class='ocrx_word' id='word_1_213' title='bbox 3089 1776 3372 1834; x_wconf 88' lang='lat' dir='ltr'><strong>manifesta</strong></span> <span class='ocrx_word' id='word_1_214' title='bbox 3403 1787 3486 1833; x_wconf 90' lang='lat' dir='ltr'><strong>est</strong></span> <span class='ocrx_word' id='word_1_215' title='bbox 3509 1788 3563 1834; x_wconf 93' lang='lat' dir='ltr'><strong>et</strong></span> <span class='ocrx_word' id='word_1_216' title='bbox 3588 1780 3831 1847; x_wconf 88' lang='lat' dir='ltr'><strong>ﬁrmata,</strong></span> 
     </span>
    </p>
   </div>
   <div class='ocr_carea' id='block_1_33' title="bbox 538 1855 3832 1940">
    <p class='ocr_par' dir='ltr' id='par_1_33' title="bbox 538 1855 3832 1940">
     <span class='ocr_line' id='line_1_34' title="bbox 538 1855 3832 1940; baseline 0.005 -28"><span class='ocrx_word' id='word_1_217' title='bbox 538 1859 686 1912; x_wconf 89' lang='lat' dir='ltr'><strong>niam</strong></span> <span class='ocrx_word' id='word_1_218' title='bbox 728 1856 917 1914; x_wconf 88' lang='lat' dir='ltr'><strong>eadem</strong></span> <span class='ocrx_word' id='word_1_219' title='bbox 972 1865 1159 1913; x_wconf 85' lang='lat' dir='ltr'><strong>sancta</strong></span> <span class='ocrx_word' id='word_1_220' title='bbox 1198 1857 1436 1928; x_wconf 86' lang='lat' dir='ltr'><strong>synodus</strong></span> <span class='ocrx_word' id='word_1_221' title='bbox 1466 1855 1649 1911; x_wconf 90' lang='lat' dir='ltr'><strong>docuit</strong></span> <span class='ocrx_word' id='word_1_222' title='bbox 1692 1857 1837 1926; x_wconf 90' lang='lat' dir='ltr'><strong>quod</strong></span> <span class='ocrx_word' id='word_1_223' title='bbox 1865 1856 1953 1911; x_wconf 90' lang='lat' dir='ltr'><strong>illa</strong></span> <span class='ocrx_word' id='word_1_224' title='bbox 1980 1857 2130 1925; x_wconf 86' lang='lat' dir='ltr'><strong>virgo</strong></span> <span class='ocrx_word' id='word_1_225' title='bbox 2163 1863 2208 1922; x_wconf 90' lang='lat' dir='ltr'><strong>B</strong></span> <span class='ocrx_word' id='word_1_226' title='bbox 2233 1862 2317 1918; x_wconf 88' lang='lat' dir='ltr'><strong>his</strong></span> <span class='ocrx_word' id='word_1_227' title='bbox 2345 1861 2437 1932; x_wconf 91' lang='lat' dir='ltr'><strong>qui</strong></span> <span class='ocrx_word' id='word_1_228' title='bbox 2465 1878 2637 1936; x_wconf 91' lang='lat' dir='ltr'><strong>nuper</strong></span> <span class='ocrx_word' id='word_1_229' title='bbox 2665 1867 2995 1921; x_wconf 89' lang='lat' dir='ltr'><strong>contrariam</strong></span> <span class='ocrx_word' id='word_1_230' title='bbox 3024 1868 3103 1923; x_wconf 91' lang='lat' dir='ltr'><strong>eis</strong></span> <span class='ocrx_word' id='word_1_231' title='bbox 3129 1870 3452 1924; x_wconf 87' lang='lat' dir='ltr'><strong>sententiam</strong></span> <span class='ocrx_word' id='word_1_232' title='bbox 3486 1871 3832 1940; x_wconf 81' lang='lat' dir='ltr'><strong>protulerunt</strong></span> 
     </span>
    </p>
   </div>
   <div class='ocr_carea' id='block_1_34' title="bbox 537 1944 2132 2020">
    <p class='ocr_par' dir='ltr' id='par_1_34' title="bbox 537 1944 2132 2020">
     <span class='ocr_line' id='line_1_35' title="bbox 537 1944 2132 2020; baseline 0 -17"><span class='ocrx_word' id='word_1_233' title='bbox 537 1949 636 2005; x_wconf 91' lang='lat' dir='ltr'><strong>Dei</strong></span> <span class='ocrx_word' id='word_1_234' title='bbox 665 1950 898 2020; x_wconf 83' lang='lat' dir='ltr'><strong>genitrix</strong></span> <span class='ocrx_word' id='word_1_235' title='bbox 925 1949 1223 2004; x_wconf 89' lang='lat' dir='ltr'><strong>secundum</strong></span> <span class='ocrx_word' id='word_1_236' title='bbox 1249 1949 1538 2004; x_wconf 87' lang='lat' dir='ltr'><strong>veritatem</strong></span> <span class='ocrx_word' id='word_1_237' title='bbox 1567 1957 1758 2004; x_wconf 89' lang='lat' dir='ltr'><strong>vocata</strong></span> <span class='ocrx_word' id='word_1_238' title='bbox 1787 1950 1879 2017; x_wconf 89' lang='lat' dir='ltr'><strong>sit,</strong></span> <span class='ocrx_word' id='word_1_239' title='bbox 1905 1944 2132 2019; x_wconf 84' lang='lat' dir='ltr'><strong>propter</strong></span> 
     </span>
    </p>
   </div>
   <div class='ocr_carea' id='block_1_35' title="bbox 537 2041 2129 2110">
    <p class='ocr_par' dir='ltr' id='par_1_35' title="bbox 537 2041 2129 2110">
     <span class='ocr_line' id='line_1_36' title="bbox 537 2041 2129 2110; baseline 0.001 -16"><span class='ocrx_word' id='word_1_240' title='bbox 537 2055 757 2096; x_wconf 87' lang='lat' dir='ltr'><strong>carnem</strong></span> <span class='ocrx_word' id='word_1_241' title='bbox 787 2055 949 2110; x_wconf 91' lang='lat' dir='ltr'><strong>quam</strong></span> <span class='ocrx_word' id='word_1_242' title='bbox 999 2055 1068 2095; x_wconf 79' lang='lat' dir='ltr'><strong>ex</strong></span> <span class='ocrx_word' id='word_1_243' title='bbox 1109 2054 1169 2096; x_wconf 89' lang='lat' dir='ltr'><strong>se</strong></span> <span class='ocrx_word' id='word_1_244' title='bbox 1216 2042 1458 2096; x_wconf 91' lang='lat' dir='ltr'><strong>omnium</strong></span> <span class='ocrx_word' id='word_1_245' title='bbox 1510 2041 1742 2098; x_wconf 90' lang='lat' dir='ltr'><strong>Domino</strong></span> <span class='ocrx_word' id='word_1_246' title='bbox 1785 2042 2129 2098; x_wconf 89' lang='lat' dir='ltr'><strong>ministravit.</strong></span> 
     </span>
    </p>
   </div>
   <div class='ocr_carea' id='block_1_36' title="bbox 537 2131 2134 2202">
    <p class='ocr_par' dir='ltr' id='par_1_36' title="bbox 537 2131 2134 2202">
     <span class='ocr_line' id='line_1_37' title="bbox 537 2131 2134 2202; baseline 0.001 -16"><span class='ocrx_word' id='word_1_247' title='bbox 537 2131 648 2188; x_wconf 89' lang='lat' dir='ltr'><strong>Nec</strong></span> <span class='ocrx_word' id='word_1_248' title='bbox 677 2131 902 2188; x_wconf 85' lang='lat' dir='ltr'><strong>interest</strong></span> <span class='ocrx_word' id='word_1_249' title='bbox 923 2141 1100 2187; x_wconf 89' lang='lat' dir='ltr'><strong>utrum</strong></span> <span class='ocrx_word' id='word_1_250' title='bbox 1128 2131 1422 2188; x_wconf 90' lang='lat' dir='ltr'><strong>secundum</strong></span> <span class='ocrx_word' id='word_1_251' title='bbox 1445 2133 1749 2198; x_wconf 90' lang='lat' dir='ltr'><strong>veritatem,</strong></span> <span class='ocrx_word' id='word_1_252' title='bbox 1782 2133 1833 2188; x_wconf 90' lang='lat' dir='ltr'><strong>id</strong></span> <span class='ocrx_word' id='word_1_253' title='bbox 1860 2143 1963 2202; x_wconf 88' lang='lat' dir='ltr'><strong>est,</strong></span> <span class='ocrx_word' id='word_1_254' title='bbox 2005 2147 2134 2189; x_wconf 87' lang='lat' dir='ltr'><strong>vere</strong></span> 
     </span>
    </p>
   </div>
   <div class='ocr_carea' id='block_1_37' title="bbox 538 2223 2132 2295">
    <p class='ocr_par' dir='ltr' id='par_1_37' title="bbox 538 2223 2132 2295">
     <span class='ocr_line' id='line_1_38' title="bbox 538 2223 2132 2295; baseline 0.001 -17"><span class='ocrx_word' id='word_1_255' title='bbox 538 2223 634 2278; x_wconf 88' lang='lat' dir='ltr'><strong>Dei</strong></span> <span class='ocrx_word' id='word_1_256' title='bbox 663 2232 838 2280; x_wconf 88' lang='lat' dir='ltr'><strong>mater</strong></span> <span class='ocrx_word' id='word_1_257' title='bbox 881 2232 1145 2291; x_wconf 87' lang='lat' dir='ltr'><strong>vocetur;</strong></span> <span class='ocrx_word' id='word_1_258' title='bbox 1195 2239 1263 2279; x_wconf 89' lang='lat' dir='ltr'><strong>an</strong></span> <span class='ocrx_word' id='word_1_259' title='bbox 1294 2238 1420 2279; x_wconf 89' lang='lat' dir='ltr'><strong>vere</strong></span> <span class='ocrx_word' id='word_1_260' title='bbox 1469 2231 1523 2279; x_wconf 91' lang='lat' dir='ltr'><strong>et</strong></span> <span class='ocrx_word' id='word_1_261' title='bbox 1561 2225 1798 2295; x_wconf 88' lang='lat' dir='ltr'><strong>proprie,</strong></span> <span class='ocrx_word' id='word_1_262' title='bbox 1846 2226 1988 2281; x_wconf 90' lang='lat' dir='ltr'><strong>sicut</strong></span> <span class='ocrx_word' id='word_1_263' title='bbox 2017 2225 2132 2295; x_wconf 91' lang='lat' dir='ltr'><strong>ipse</strong></span> 
     </span>
    </p>
   </div>
   <div class='ocr_carea' id='block_1_38' title="bbox 535 2312 2132 2386">
    <p class='ocr_par' dir='ltr' id='par_1_38' title="bbox 535 2312 2132 2386">
     <span class='ocr_line' id='line_1_39' title="bbox 535 2312 2132 2386; baseline 0.002 -18"><span class='ocrx_word' id='word_1_264' title='bbox 535 2312 816 2369; x_wconf 86' lang='lat' dir='ltr'><strong>confessus</strong></span> <span class='ocrx_word' id='word_1_265' title='bbox 843 2328 922 2370; x_wconf 88' lang='lat' dir='ltr'><strong>es.</strong></span> <span class='ocrx_word' id='word_1_266' title='bbox 951 2313 1085 2369; x_wconf 87' lang='lat' dir='ltr'><strong>Nam</strong></span> <span class='ocrx_word' id='word_1_267' title='bbox 1113 2315 1257 2385; x_wconf 90' lang='lat' dir='ltr'><strong>quod</strong></span> <span class='ocrx_word' id='word_1_268' title='bbox 1294 2314 1531 2370; x_wconf 82' lang='lat' dir='ltr'><strong>Joannes</strong></span> <span class='ocrx_word' id='word_1_269' title='bbox 1577 2316 1852 2386; x_wconf 89' lang='lat' dir='ltr'><strong>apostolus</strong></span> <span class='ocrx_word' id='word_1_270' title='bbox 1880 2315 2010 2371; x_wconf 91' lang='lat' dir='ltr'><strong>dicit</strong></span> <span class='ocrx_word' id='word_1_271' title='bbox 2037 2332 2132 2372; x_wconf 88' lang='lat' dir='ltr'><strong>ve-</strong></span> 
     </span>
    </p>
   </div>
   <div class='ocr_carea' id='block_1_39' title="bbox 534 2404 2130 2478">
    <p class='ocr_par' dir='ltr' id='par_1_39' title="bbox 534 2404 2130 2478">
     <span class='ocr_line' id='line_1_40' title="bbox 534 2404 2130 2478; baseline 0.003 -18"><span class='ocrx_word' id='word_1_272' title='bbox 534 2421 652 2460; x_wconf 92' lang='lat' dir='ltr'><strong>rum</strong></span> <span class='ocrx_word' id='word_1_273' title='bbox 699 2405 795 2460; x_wconf 89' lang='lat' dir='ltr'><strong>Dei</strong></span> <span class='ocrx_word' id='word_1_274' title='bbox 835 2405 1049 2470; x_wconf 87' lang='lat' dir='ltr'><strong>Filium,</strong></span> <span class='ocrx_word' id='word_1_275' title='bbox 1097 2407 1274 2478; x_wconf 89' lang='lat' dir='ltr'><strong>ipsum</strong></span> <span class='ocrx_word' id='word_1_276' title='bbox 1325 2404 1520 2462; x_wconf 88' lang='lat' dir='ltr'><strong>Paulus</strong></span> <span class='ocrx_word' id='word_1_277' title='bbox 1550 2407 1826 2477; x_wconf 89' lang='lat' dir='ltr'><strong>proprium</strong></span> <span class='ocrx_word' id='word_1_278' title='bbox 1855 2406 2005 2463; x_wconf 85' lang='lat' dir='ltr'><strong>dicit.</strong></span> <span class='ocrx_word' id='word_1_279' title='bbox 2039 2407 2130 2464; x_wconf 81' lang='lat' dir='ltr'><strong>Sic</strong></span> 
     </span>
    </p>
   </div>
   <div class='ocr_carea' id='block_1_40' title="bbox 533 2493 2130 2576">
    <p class='ocr_par' dir='ltr' id='par_1_40' title="bbox 533 2493 2130 2576">
     <span class='ocr_line' id='line_1_41' title="bbox 533 2493 2130 2576; baseline 0.009 -22"><span class='ocrx_word' id='word_1_280' title='bbox 533 2497 678 2556; x_wconf 84' lang='lat' dir='ltr'><strong>enim</strong></span> <span class='ocrx_word' id='word_1_281' title='bbox 707 2493 922 2558; x_wconf 79' lang='lat' dir='ltr'><strong>scribit:</strong></span> <span class='ocrx_word' id='word_1_282' title='bbox 947 2497 1154 2559; x_wconf 67' lang='lat' dir='ltr'><strong>Scimus</strong></span> <span class='ocrx_word' id='word_1_283' title='bbox 1178 2500 1421 2576; x_wconf 79' lang='lat' dir='ltr'><strong>quoniam</strong></span> <span class='ocrx_word' id='word_1_284' title='bbox 1451 2497 1549 2552; x_wconf 79' lang='lat' dir='ltr'><strong>Dei</strong></span> <span class='ocrx_word' id='word_1_285' title='bbox 1587 2497 1755 2556; x_wconf 64' lang='lat' dir='ltr'><strong>Filius</strong></span> <span class='ocrx_word' id='word_1_286' title='bbox 1784 2500 1936 2568; x_wconf 69' lang='grc' dir='ltr'>υεηὶιι</span> <span class='ocrx_word' id='word_1_287' title='bbox 1961 2508 2012 2558; x_wconf 77' lang='grc' dir='ltr'>ει</span> <span class='ocrx_word' id='word_1_288' title='bbox 2041 2499 2130 2558; x_wconf 46' lang='lat' dir='ltr'><strong>de.</strong></span> 
     </span>
    </p>
   </div>
   <div class='ocr_carea' id='block_1_41' title="bbox 534 2593 2129 2663">
    <p class='ocr_par' dir='ltr' id='par_1_41' title="bbox 534 2593 2129 2663">
     <span class='ocr_line' id='line_1_42' title="bbox 534 2593 2129 2663; baseline 0.001 -16"><span class='ocrx_word' id='word_1_289' title='bbox 534 2593 610 2646; x_wconf 87' lang='lat' dir='ltr'><strong>dit</strong></span> <span class='ocrx_word' id='word_1_290' title='bbox 650 2593 796 2648; x_wconf 77' lang='lat' dir='ltr'><strong>nobis</strong></span> <span class='ocrx_word' id='word_1_291' title='bbox 826 2594 1162 2660; x_wconf 82' lang='lat' dir='ltr'><strong>intellectum,</strong></span> <span class='ocrx_word' id='word_1_292' title='bbox 1186 2604 1242 2649; x_wconf 85' lang='lat' dir='ltr'><strong>ut</strong></span> <span class='ocrx_word' id='word_1_293' title='bbox 1273 2596 1496 2650; x_wconf 76' lang='lat' dir='ltr'><strong>sciamus</strong></span> <span class='ocrx_word' id='word_1_294' title='bbox 1518 2597 1654 2663; x_wconf 85' lang='lat' dir='ltr'><strong>quod</strong></span> <span class='ocrx_word' id='word_1_295' title='bbox 1680 2595 1952 2649; x_wconf 67' lang='lat' dir='ltr'><strong>cartoerum</strong></span> <span class='ocrx_word' id='word_1_296' title='bbox 1979 2603 2027 2648; x_wconf 88' lang='lat' dir='ltr'><strong>et</strong></span> <span class='ocrx_word' id='word_1_297' title='bbox 2052 2594 2129 2648; x_wconf 78' lang='lat' dir='ltr'><strong>si-</strong></span> 
     </span>
    </p>
   </div>
   <div class='ocr_carea' id='block_1_42' title="bbox 532 2683 2126 2759">
    <p class='ocr_par' dir='ltr' id='par_1_42' title="bbox 532 2683 2126 2759">
     <span class='ocr_line' id='line_1_43' title="bbox 532 2683 2126 2759; baseline -0.002 -18"><span class='ocrx_word' id='word_1_298' title='bbox 532 2703 649 2741; x_wconf 75' lang='lat' dir='ltr'><strong>mus</strong></span> <span class='ocrx_word' id='word_1_299' title='bbox 690 2687 747 2742; x_wconf 85' lang='lat' dir='ltr'><strong>in</strong></span> <span class='ocrx_word' id='word_1_300' title='bbox 774 2703 891 2743; x_wconf 85' lang='lat' dir='ltr'><strong>vero</strong></span> <span class='ocrx_word' id='word_1_301' title='bbox 914 2685 1054 2742; x_wconf 83' lang='lat' dir='ltr'><strong>Filia</strong></span> <span class='ocrx_word' id='word_1_302' title='bbox 1097 2688 1210 2759; x_wconf 79' lang='lat' dir='ltr'><strong>ejus</strong></span> <span class='ocrx_word' id='word_1_303' title='bbox 1231 2686 1357 2743; x_wconf 76' lang='lat' dir='ltr'><strong>Jesu</strong></span> <span class='ocrx_word' id='word_1_304' title='bbox 1396 2686 1600 2742; x_wconf 80' lang='lat' dir='ltr'><strong>Christo</strong></span> <span class='ocrx_word' id='word_1_305' title='bbox 1632 2684 1687 2756; x_wconf 88' lang='grc' dir='ltr'><strong>(Ι</strong></span> <span class='ocrx_word' id='word_1_306' title='bbox 1725 2685 1883 2740; x_wconf 85' lang='lat' dir='ltr'><strong>Joan.</strong></span> <span class='ocrx_word' id='word_1_307' title='bbox 1925 2701 1977 2752; x_wconf 89' lang='lat' dir='ltr'><strong>v,</strong></span> <span class='ocrx_word' id='word_1_308' title='bbox 2009 2683 2126 2755; x_wconf 76' lang='lat'><strong>20).</strong></span> 
     </span>
    </p>
   </div>
   <div class='ocr_carea' id='block_1_43' title="bbox 533 2777 2127 2849">
    <p class='ocr_par' dir='ltr' id='par_1_43' title="bbox 533 2777 2127 2849">
     <span class='ocr_line' id='line_1_44' title="bbox 533 2777 2127 2849; baseline -0.004 -12"><span class='ocrx_word' id='word_1_309' title='bbox 533 2781 635 2838; x_wconf 83' lang='lat' dir='ltr'><strong>Hic</strong></span> <span class='ocrx_word' id='word_1_310' title='bbox 657 2791 835 2837; x_wconf 91' lang='lat' dir='ltr'><strong>autem</strong></span> <span class='ocrx_word' id='word_1_311' title='bbox 859 2782 1100 2838; x_wconf 89' lang='lat' dir='ltr'><strong>scribens</strong></span> <span class='ocrx_word' id='word_1_312' title='bbox 1132 2781 1391 2836; x_wconf 81' lang='lat' dir='ltr'><strong>Romanis</strong></span> <span class='ocrx_word' id='word_1_313' title='bbox 1418 2780 1495 2834; x_wconf 90' lang='lat' dir='ltr'><strong>ait</strong></span> <span class='ocrx_word' id='word_1_314' title='bbox 1527 2798 1540 2832; x_wconf 89' lang='lat'><strong>:</strong></span> <span class='ocrx_word' id='word_1_315' title='bbox 1573 2779 1636 2834; x_wconf 92' lang='lat' dir='ltr'><strong>Si</strong></span> <span class='ocrx_word' id='word_1_316' title='bbox 1661 2777 1802 2833; x_wconf 72' lang='lat' dir='ltr'><strong>Deus</strong></span> <span class='ocrx_word' id='word_1_317' title='bbox 1831 2795 1924 2849; x_wconf 81' lang='lat' dir='ltr'><strong>pro</strong></span> <span class='ocrx_word' id='word_1_318' title='bbox 1953 2777 2127 2847; x_wconf 79' lang='lat' dir='ltr'><strong>nobis,</strong></span> 
     </span>
    </p>
   </div>
   <div class='ocr_carea' id='block_1_44' title="bbox 533 2857 2128 2948">
    <p class='ocr_par' dir='ltr' id='par_1_44' title="bbox 533 2857 2128 2948">
     <span class='ocr_line' id='line_1_45' title="bbox 533 2857 2128 2948; baseline -0.002 -20"><span class='ocrx_word' id='word_1_319' title='bbox 533 2877 646 2948; x_wconf 77' lang='lat' dir='ltr'><strong>quis</strong></span> <span class='ocrx_word' id='word_1_320' title='bbox 679 2883 859 2929; x_wconf 85' lang='lat' dir='ltr'><strong>contra</strong></span> <span class='ocrx_word' id='word_1_321' title='bbox 888 2874 1021 2928; x_wconf 79' lang='lat' dir='ltr'><strong>nos?</strong></span> <span class='ocrx_word' id='word_1_322' title='bbox 1063 2874 1152 2944; x_wconf 87' lang='lat' dir='ltr'><strong>qui</strong></span> <span class='ocrx_word' id='word_1_323' title='bbox 1181 2874 1338 2927; x_wconf 85' lang='lat' dir='ltr'><strong>etiam</strong></span> <span class='ocrx_word' id='word_1_324' title='bbox 1367 2871 1510 2926; x_wconf 80' lang='lat' dir='ltr'><strong>Filio</strong></span> <span class='ocrx_word' id='word_1_325' title='bbox 1545 2888 1638 2926; x_wconf 72' lang='lat' dir='ltr'><strong>suo</strong></span> <span class='ocrx_word' id='word_1_326' title='bbox 1668 2857 1878 2943; x_wconf 57' lang='lat' dir='ltr'><strong>prppria</strong></span> <span class='ocrx_word' id='word_1_327' title='bbox 1903 2887 2008 2925; x_wconf 88' lang='lat' dir='ltr'><strong>non</strong></span> <span class='ocrx_word' id='word_1_328' title='bbox 2036 2870 2128 2941; x_wconf 72' lang='lat' dir='ltr'><strong>pe-</strong></span> 
     </span>
    </p>
   </div>
   <div class='ocr_carea' id='block_1_45' title="bbox 532 2961 2124 3037">
    <p class='ocr_par' dir='ltr' id='par_1_45' title="bbox 532 2961 2124 3037">
     <span class='ocr_line' id='line_1_46' title="bbox 532 2961 2124 3037; baseline -0.002 -17"><span class='ocrx_word' id='word_1_329' title='bbox 532 2968 714 3037; x_wconf 82' lang='lat' dir='ltr'><strong>percit,</strong></span> <span class='ocrx_word' id='word_1_330' title='bbox 759 2966 849 3022; x_wconf 78' lang='lat' dir='ltr'><strong>sed</strong></span> <span class='ocrx_word' id='word_1_331' title='bbox 891 2982 986 3037; x_wconf 83' lang='lat' dir='ltr'><strong>pro</strong></span> <span class='ocrx_word' id='word_1_332' title='bbox 1026 2963 1178 3020; x_wconf 82' lang='lat' dir='ltr'><strong>nobis</strong></span> <span class='ocrx_word' id='word_1_333' title='bbox 1228 2965 1467 3020; x_wconf 79' lang='lat' dir='ltr'><strong>omnibus</strong></span> <span class='ocrx_word' id='word_1_334' title='bbox 1513 2964 1729 3018; x_wconf 82' lang='lat' dir='ltr'><strong>tradidit</strong></span> <span class='ocrx_word' id='word_1_335' title='bbox 1771 2964 1918 3018; x_wconf 82' lang='lat' dir='ltr'><strong>illum</strong></span> <span class='ocrx_word' id='word_1_336' title='bbox 1946 2961 2124 3033; x_wconf 87' lang='lat' dir='ltr'><strong>(Rom.</strong></span> 
     </span>
    </p>
   </div>
   <div class='ocr_carea' id='block_1_46' title="bbox 533 3052 2128 3126">
    <p class='ocr_par' dir='ltr' id='par_1_46' title="bbox 533 3052 2128 3126">
     <span class='ocr_line' id='line_1_47' title="bbox 533 3052 2128 3126; baseline -0.002 -17"><span class='ocrx_word' id='word_1_337' title='bbox 533 3073 650 3123; x_wconf 83' lang='lat' dir='ltr'><strong>vm,</strong></span> <span class='ocrx_word' id='word_1_338' title='bbox 684 3055 796 3126; x_wconf 76' lang='grc'><strong>51).</strong></span> <span class='ocrx_word' id='word_1_339' title='bbox 846 3055 964 3111; x_wconf 83' lang='lat' dir='ltr'><strong>Non</strong></span> <span class='ocrx_word' id='word_1_340' title='bbox 993 3055 1154 3123; x_wconf 79' lang='lat' dir='ltr'><strong>igitur</strong></span> <span class='ocrx_word' id='word_1_341' title='bbox 1199 3063 1284 3109; x_wconf 89' lang='lat' dir='ltr'><strong>est</strong></span> <span class='ocrx_word' id='word_1_342' title='bbox 1333 3052 1477 3108; x_wconf 77' lang='lat' dir='ltr'><strong>aliud</strong></span> <span class='ocrx_word' id='word_1_343' title='bbox 1507 3052 1652 3124; x_wconf 91' lang='lat' dir='ltr'><strong>quod</strong></span> <span class='ocrx_word' id='word_1_344' title='bbox 1701 3053 1988 3108; x_wconf 91' lang='lat' dir='ltr'><strong>Dominum</strong></span> <span class='ocrx_word' id='word_1_345' title='bbox 2024 3067 2128 3107; x_wconf 92' lang='lat' dir='ltr'><strong>no-</strong></span> 
     </span>
    </p>
   </div>
   <div class='ocr_carea' id='block_1_47' title="bbox 531 3143 2127 3203">
    <p class='ocr_par' dir='ltr' id='par_1_47' title="bbox 531 3143 2127 3203">
     <span class='ocr_line' id='line_1_48' title="bbox 531 3143 2127 3203; baseline -0.003 -1"><span class='ocrx_word' id='word_1_346' title='bbox 531 3159 702 3202; x_wconf 87' lang='lat' dir='ltr'><strong>strum</strong></span> <span class='ocrx_word' id='word_1_347' title='bbox 731 3146 918 3203; x_wconf 67' lang='lat' dir='ltr'><strong>Iesum</strong></span> <span class='ocrx_word' id='word_1_348' title='bbox 965 3147 1238 3202; x_wconf 80' lang='lat' dir='ltr'><strong>Christum</strong></span> <span class='ocrx_word' id='word_1_349' title='bbox 1270 3143 1504 3200; x_wconf 75' lang='lat' dir='ltr'><strong>Joannes</strong></span> <span class='ocrx_word' id='word_1_350' title='bbox 1550 3159 1738 3200; x_wconf 87' lang='lat' dir='ltr'><strong>verum</strong></span> <span class='ocrx_word' id='word_1_351' title='bbox 1789 3144 1884 3200; x_wconf 91' lang='lat' dir='ltr'><strong>Dei</strong></span> <span class='ocrx_word' id='word_1_352' title='bbox 1933 3143 2127 3198; x_wconf 87' lang='lat' dir='ltr'><strong>Filium</strong></span> 
     </span>
    </p>
   </div>
   <div class='ocr_carea' id='block_1_48' title="bbox 2235 1957 3834 2033">
    <p class='ocr_par' dir='ltr' id='par_1_48' title="bbox 2235 1957 3834 2033">
     <span class='ocr_line' id='line_1_49' title="bbox 2235 1957 3834 2033; baseline 0.004 -20"><span class='ocrx_word' id='word_1_353' title='bbox 2235 1957 2679 2033; x_wconf 85' lang='lat' dir='ltr'><strong>consentiendum</strong></span> <span class='ocrx_word' id='word_1_354' title='bbox 2709 1973 2830 2016; x_wconf 87' lang='lat' dir='ltr'><strong>esse</strong></span> <span class='ocrx_word' id='word_1_355' title='bbox 2855 1976 2963 2015; x_wconf 91' lang='lat' dir='ltr'><strong>non</strong></span> <span class='ocrx_word' id='word_1_356' title='bbox 2993 1960 3140 2017; x_wconf 80' lang='lat' dir='ltr'><strong>duxi.</strong></span> <span class='ocrx_word' id='word_1_357' title='bbox 3172 1960 3447 2032; x_wconf 83' lang='lat' dir='ltr'><strong>lnquietus</strong></span> <span class='ocrx_word' id='word_1_358' title='bbox 3474 1964 3616 2018; x_wconf 90' lang='lat' dir='ltr'><strong>cnim</strong></span> <span class='ocrx_word' id='word_1_359' title='bbox 3645 1973 3703 2020; x_wconf 93' lang='lat' dir='ltr'><strong>et</strong></span> <span class='ocrx_word' id='word_1_360' title='bbox 3731 1965 3834 2020; x_wconf 85' lang='lat' dir='ltr'><strong>im-</strong></span> 
     </span>
    </p>
   </div>
   <div class='ocr_carea' id='block_1_49' title="bbox 2233 2048 3834 2126">
    <p class='ocr_par' dir='ltr' id='par_1_49' title="bbox 2233 2048 3834 2126">
     <span class='ocr_line' id='line_1_50' title="bbox 2233 2048 3834 2126; baseline 0.007 -24"><span class='ocrx_word' id='word_1_361' title='bbox 2233 2048 2442 2119; x_wconf 90' lang='lat' dir='ltr'><strong>pudens</strong></span> <span class='ocrx_word' id='word_1_362' title='bbox 2468 2049 2844 2106; x_wconf 85' lang='lat' dir='ltr'><strong>haereticorum</strong></span> <span class='ocrx_word' id='word_1_363' title='bbox 2868 2052 3110 2123; x_wconf 88' lang='lat' dir='ltr'><strong>spiritus,</strong></span> <span class='ocrx_word' id='word_1_364' title='bbox 3144 2053 3237 2121; x_wconf 93' lang='lat' dir='ltr'><strong>qui</strong></span> <span class='ocrx_word' id='word_1_365' title='bbox 3267 2052 3438 2110; x_wconf 87' lang='lat' dir='ltr'><strong>facilis</strong></span> <span class='ocrx_word' id='word_1_366' title='bbox 3466 2062 3522 2110; x_wconf 88' lang='lat' dir='ltr'><strong>et</strong></span> <span class='ocrx_word' id='word_1_367' title='bbox 3551 2066 3834 2126; x_wconf 87' lang='lat' dir='ltr'><strong>promptus</strong></span> 
     </span>
    </p>
   </div>
   <div class='ocr_carea' id='block_1_50' title="bbox 2233 2139 3832 2209">
    <p class='ocr_par' dir='ltr' id='par_1_50' title="bbox 2233 2139 3832 2209">
     <span class='ocr_line' id='line_1_51' title="bbox 2233 2139 3832 2209; baseline 0.006 -17"><span class='ocrx_word' id='word_1_368' title='bbox 2233 2139 2299 2192; x_wconf 91' lang='lat' dir='ltr'><strong>ad</strong></span> <span class='ocrx_word' id='word_1_369' title='bbox 2341 2139 2702 2209; x_wconf 85' lang='lat' dir='ltr'><strong>impugnanda</strong></span> <span class='ocrx_word' id='word_1_370' title='bbox 2750 2149 2936 2197; x_wconf 87' lang='lat' dir='ltr'><strong>vetera</strong></span> <span class='ocrx_word' id='word_1_371' title='bbox 2979 2143 3292 2208; x_wconf 89' lang='lat' dir='ltr'><strong>constituta,</strong></span> <span class='ocrx_word' id='word_1_372' title='bbox 3344 2145 3398 2199; x_wconf 91' lang='lat' dir='ltr'><strong>in</strong></span> <span class='ocrx_word' id='word_1_373' title='bbox 3457 2146 3832 2202; x_wconf 82' lang='lat' dir='ltr'><strong>confusionem</strong></span> 
     </span>
    </p>
   </div>
   <div class='ocr_carea' id='block_1_51' title="bbox 2232 2232 3833 2305">
    <p class='ocr_par' dir='ltr' id='par_1_51' title="bbox 2232 2232 3833 2305">
     <span class='ocr_line' id='line_1_52' title="bbox 2232 2232 3833 2305; baseline 0.004 -21"><span class='ocrx_word' id='word_1_374' title='bbox 2232 2244 2384 2284; x_wconf 88' lang='lat' dir='ltr'><strong>suam</strong></span> <span class='ocrx_word' id='word_1_375' title='bbox 2415 2245 2631 2300; x_wconf 87' lang='lat' dir='ltr'><strong>semper</strong></span> <span class='ocrx_word' id='word_1_376' title='bbox 2663 2232 2961 2301; x_wconf 83' lang='lat' dir='ltr'><strong>extollitur,</strong></span> <span class='ocrx_word' id='word_1_377' title='bbox 3003 2235 3129 2302; x_wconf 85' lang='lat' dir='ltr'><strong>quia</strong></span> <span class='ocrx_word' id='word_1_378' title='bbox 3188 2250 3330 2305; x_wconf 69' lang='lat' dir='ltr'><strong>smpe</strong></span> <span class='ocrx_word' id='word_1_379' title='bbox 3383 2237 3668 2293; x_wconf 89' lang='lat' dir='ltr'><strong>frustratus</strong></span> <span class='ocrx_word' id='word_1_380' title='bbox 3724 2246 3833 2305; x_wconf 87' lang='lat' dir='ltr'><strong>est,</strong></span> 
     </span>
    </p>
   </div>
   <div class='ocr_carea' id='block_1_52' title="bbox 2234 2323 3832 2385">
    <p class='ocr_par' dir='ltr' id='par_1_52' title="bbox 2234 2323 3832 2385">
     <span class='ocr_line' id='line_1_53' title="bbox 2234 2323 3832 2385; baseline 0.006 -9"><span class='ocrx_word' id='word_1_381' title='bbox 2234 2337 2354 2376; x_wconf 89' lang='lat' dir='ltr'><strong>cum</strong></span> <span class='ocrx_word' id='word_1_382' title='bbox 2389 2323 2623 2378; x_wconf 83' lang='lat' dir='ltr'><strong>evidenti</strong></span> <span class='ocrx_word' id='word_1_383' title='bbox 2653 2325 3084 2380; x_wconf 89' lang='lat' dir='ltr'><strong>contradictione</strong></span> <span class='ocrx_word' id='word_1_384' title='bbox 3128 2324 3584 2383; x_wconf 82' lang='lat' dir='ltr'><strong>Chalcedonensis</strong></span> <span class='ocrx_word' id='word_1_385' title='bbox 3612 2329 3832 2385; x_wconf 87' lang='lat' dir='ltr'><strong>decreta</strong></span> 
     </span>
    </p>
   </div>
   <div class='ocr_carea' id='block_1_53' title="bbox 2231 2413 3832 2490">
    <p class='ocr_par' dir='ltr' id='par_1_53' title="bbox 2231 2413 3832 2490">
     <span class='ocr_line' id='line_1_54' title="bbox 2231 2413 3832 2490; baseline 0.001 -16"><span class='ocrx_word' id='word_1_386' title='bbox 2231 2415 2444 2474; x_wconf 85' lang='lat' dir='ltr'><strong>concilii</strong></span> <span class='ocrx_word' id='word_1_387' title='bbox 2470 2413 2784 2475; x_wconf 87' lang='lat' dir='ltr'><strong>subvertere</strong></span> <span class='ocrx_word' id='word_1_388' title='bbox 2807 2416 3104 2488; x_wconf 84' lang='lat' dir='ltr'><strong>niteretur;</strong></span> <span class='ocrx_word' id='word_1_389' title='bbox 3137 2417 3353 2490; x_wconf 87' lang='lat' dir='ltr'><strong>obliqua</strong></span> <span class='ocrx_word' id='word_1_390' title='bbox 3378 2434 3520 2474; x_wconf 90' lang='lat' dir='ltr'><strong>nunc</strong></span> <span class='ocrx_word' id='word_1_391' title='bbox 3538 2427 3594 2474; x_wconf 89' lang='lat' dir='ltr'><strong>et</strong></span> <span class='ocrx_word' id='word_1_392' title='bbox 3612 2420 3832 2476; x_wconf 87' lang='lat' dir='ltr'><strong>obtecta</strong></span> 
     </span>
    </p>
   </div>
   <div class='ocr_carea' id='block_1_54' title="bbox 2230 2509 3832 2584">
    <p class='ocr_par' dir='ltr' id='par_1_54' title="bbox 2230 2509 3832 2584">
     <span class='ocr_line' id='line_1_55' title="bbox 2230 2509 3832 2584; baseline 0.002 -19"><span class='ocrx_word' id='word_1_393' title='bbox 2230 2509 2565 2579; x_wconf 86' lang='lat' dir='ltr'><strong>malignitate</strong></span> <span class='ocrx_word' id='word_1_394' title='bbox 2611 2511 2930 2582; x_wconf 85' lang='lat' dir='ltr'><strong>subrepens,</strong></span> <span class='ocrx_word' id='word_1_395' title='bbox 2983 2511 3206 2582; x_wconf 83' lang='lat' dir='ltr'><strong>intelligi</strong></span> <span class='ocrx_word' id='word_1_396' title='bbox 3255 2528 3362 2568; x_wconf 91' lang='lat' dir='ltr'><strong>non</strong></span> <span class='ocrx_word' id='word_1_397' title='bbox 3390 2526 3552 2584; x_wconf 90' lang='lat' dir='ltr'><strong>posse</strong></span> <span class='ocrx_word' id='word_1_398' title='bbox 3602 2513 3832 2569; x_wconf 84' lang='lat' dir='ltr'><strong>credidit</strong></span> 
     </span>
    </p>
   </div>
   <div class='ocr_carea' id='block_1_55' title="bbox 2230 2604 3832 2662">
    <p class='ocr_par' dir='ltr' id='par_1_55' title="bbox 2230 2604 3832 2662">
     <span class='ocr_line' id='line_1_56' title="bbox 2230 2604 3832 2662; baseline 0.001 -2"><span class='ocrx_word' id='word_1_399' title='bbox 2230 2619 2342 2660; x_wconf 64' lang='lat' dir='ltr'><strong>sum</strong></span> <span class='ocrx_word' id='word_1_400' title='bbox 2365 2604 2614 2660; x_wconf 88' lang='lat' dir='ltr'><strong>factionis</strong></span> <span class='ocrx_word' id='word_1_401' title='bbox 2640 2604 2880 2661; x_wconf 87' lang='lat' dir='ltr'><strong>insidias.</strong></span> <span class='ocrx_word' id='word_1_402' title='bbox 2906 2604 3114 2660; x_wconf 84' lang='lat' dir='ltr'><strong>Invenit</strong></span> <span class='ocrx_word' id='word_1_403' title='bbox 3145 2613 3325 2660; x_wconf 88' lang='lat' dir='ltr'><strong>autem</strong></span> <span class='ocrx_word' id='word_1_404' title='bbox 3355 2606 3710 2661; x_wconf 89' lang='lat' dir='ltr'><strong>desideratam</strong></span> <span class='ocrx_word' id='word_1_405' title='bbox 3735 2623 3832 2662; x_wconf 88' lang='lat' dir='ltr'><strong>oc-</strong></span> 
     </span>
    </p>
   </div>
   <div class='ocr_carea' id='block_1_56' title="bbox 2230 2695 3830 2765">
    <p class='ocr_par' dir='ltr' id='par_1_56' title="bbox 2230 2695 3830 2765">
     <span class='ocr_line' id='line_1_57' title="bbox 2230 2695 3830 2765; baseline 0.001 -14"><span class='ocrx_word' id='word_1_406' title='bbox 2230 2697 2502 2752; x_wconf 89' lang='lat' dir='ltr'><strong>casionem</strong></span> <span class='ocrx_word' id='word_1_407' title='bbox 2551 2710 2620 2751; x_wconf 81' lang='lat' dir='ltr'><strong>ex</strong></span> <span class='ocrx_word' id='word_1_408' title='bbox 2669 2695 2853 2751; x_wconf 89' lang='lat' dir='ltr'><strong>furore</strong></span> <span class='ocrx_word' id='word_1_409' title='bbox 2904 2696 3263 2764; x_wconf 88' lang='lat' dir='ltr'><strong>quorumdam</strong></span> <span class='ocrx_word' id='word_1_410' title='bbox 3315 2696 3408 2765; x_wconf 88' lang='lat' dir='ltr'><strong>qui</strong></span> <span class='ocrx_word' id='word_1_411' title='bbox 3464 2697 3562 2752; x_wconf 87' lang='lat' dir='ltr'><strong>sub</strong></span> <span class='ocrx_word' id='word_1_412' title='bbox 3611 2696 3830 2752; x_wconf 89' lang='lat' dir='ltr'><strong>nomine</strong></span> 
     </span>
    </p>
   </div>
   <div class='ocr_carea' id='block_1_57' title="bbox 2229 2787 3831 2860">
    <p class='ocr_par' dir='ltr' id='par_1_57' title="bbox 2229 2787 3831 2860">
     <span class='ocr_line' id='line_1_58' title="bbox 2229 2787 3831 2860; baseline 0.001 -17"><span class='ocrx_word' id='word_1_413' title='bbox 2229 2787 2534 2844; x_wconf 89' lang='lat' dir='ltr'><strong>Christiano</strong></span> <span class='ocrx_word' id='word_1_414' title='bbox 2564 2789 2800 2844; x_wconf 89' lang='lat' dir='ltr'><strong>latenter</strong></span> <span class='ocrx_word' id='word_1_415' title='bbox 2839 2788 2894 2844; x_wconf 91' lang='lat' dir='ltr'><strong>in</strong></span> <span class='ocrx_word' id='word_1_416' title='bbox 2934 2787 3174 2845; x_wconf 90' lang='lat' dir='ltr'><strong>Ecclesia</strong></span> <span class='ocrx_word' id='word_1_417' title='bbox 3202 2790 3404 2859; x_wconf 86' lang='lat' dir='ltr'><strong>gentile</strong></span> <span class='ocrx_word' id='word_1_418' title='bbox 3446 2789 3690 2860; x_wconf 87' lang='lat' dir='ltr'><strong>Origenis</strong></span> <span class='ocrx_word' id='word_1_419' title='bbox 3730 2790 3831 2845; x_wconf 82' lang='lat' dir='ltr'><strong>do-</strong></span> 
     </span>
    </p>
   </div>
   <div class='ocr_carea' id='block_1_58' title="bbox 2229 2879 3829 2951">
    <p class='ocr_par' dir='ltr' id='par_1_58' title="bbox 2229 2879 3829 2951">
     <span class='ocr_line' id='line_1_59' title="bbox 2229 2879 3829 2951; baseline 0.001 -17"><span class='ocrx_word' id='word_1_420' title='bbox 2229 2893 2351 2949; x_wconf 89' lang='lat' dir='ltr'><strong>gma</strong></span> <span class='ocrx_word' id='word_1_421' title='bbox 2379 2888 2674 2935; x_wconf 89' lang='lat' dir='ltr'><strong>sectantur.</strong></span> <span class='ocrx_word' id='word_1_422' title='bbox 2709 2879 2776 2934; x_wconf 90' lang='lat' dir='ltr'><strong>Et</strong></span> <span class='ocrx_word' id='word_1_423' title='bbox 2797 2881 2922 2950; x_wconf 89' lang='lat' dir='ltr'><strong>quia</strong></span> <span class='ocrx_word' id='word_1_424' title='bbox 2958 2895 3054 2951; x_wconf 91' lang='lat' dir='ltr'><strong>per</strong></span> <span class='ocrx_word' id='word_1_425' title='bbox 3082 2881 3395 2935; x_wconf 86' lang='lat' dir='ltr'><strong>instantiam</strong></span> <span class='ocrx_word' id='word_1_426' title='bbox 3425 2889 3526 2936; x_wconf 75' lang='lat' dir='ltr'><strong>tua:</strong></span> <span class='ocrx_word' id='word_1_427' title='bbox 3551 2881 3829 2950; x_wconf 81' lang='lat' dir='ltr'><strong>religionis</strong></span> 
     </span>
    </p>
   </div>
   <div class='ocr_carea' id='block_1_59' title="bbox 2229 2968 3829 3040">
    <p class='ocr_par' dir='ltr' id='par_1_59' title="bbox 2229 2968 3829 3040">
     <span class='ocr_line' id='line_1_60' title="bbox 2229 2968 3829 3040; baseline 0.002 -17"><span class='ocrx_word' id='word_1_428' title='bbox 2229 2968 2474 3038; x_wconf 85' lang='lat' dir='ltr'><strong>ejusdem</strong></span> <span class='ocrx_word' id='word_1_429' title='bbox 2503 2968 2716 3040; x_wconf 89' lang='lat' dir='ltr'><strong>profani</strong></span> <span class='ocrx_word' id='word_1_430' title='bbox 2751 2969 3020 3040; x_wconf 86' lang='lat' dir='ltr'><strong>dogmatis</strong></span> <span class='ocrx_word' id='word_1_431' title='bbox 3043 2968 3236 3024; x_wconf 89' lang='lat' dir='ltr'><strong>iterata</strong></span> <span class='ocrx_word' id='word_1_432' title='bbox 3262 2969 3537 3026; x_wconf 87' lang='lat' dir='ltr'><strong>damnatio</strong></span> <span class='ocrx_word' id='word_1_433' title='bbox 3566 2979 3668 3036; x_wconf 91' lang='lat' dir='ltr'><strong>est,</strong></span> <span class='ocrx_word' id='word_1_434' title='bbox 3702 2971 3829 3026; x_wconf 88' lang='lat' dir='ltr'><strong>hinc</strong></span> 
     </span>
    </p>
   </div>
   <div class='ocr_carea' id='block_1_60' title="bbox 2229 3059 3829 3132">
    <p class='ocr_par' dir='ltr' id='par_1_60' title="bbox 2229 3059 3829 3132">
     <span class='ocr_line' id='line_1_61' title="bbox 2229 3059 3829 3132; baseline 0.001 -18"><span class='ocrx_word' id='word_1_435' title='bbox 2229 3061 2346 3129; x_wconf 90' lang='lat' dir='ltr'><strong>ejus</strong></span> <span class='ocrx_word' id='word_1_436' title='bbox 2372 3069 2670 3116; x_wconf 88' lang='lat' dir='ltr'><strong>sectatores</strong></span> <span class='ocrx_word' id='word_1_437' title='bbox 2699 3069 3018 3116; x_wconf 82' lang='lat' dir='ltr'><strong>exarserunt</strong></span> <span class='ocrx_word' id='word_1_438' title='bbox 3038 3060 3300 3116; x_wconf 86' lang='lat' dir='ltr'><strong>adversus</strong></span> <span class='ocrx_word' id='word_1_439' title='bbox 3330 3059 3650 3128; x_wconf 90' lang='lat' dir='ltr'><strong>Ecclesiam,</strong></span> <span class='ocrx_word' id='word_1_440' title='bbox 3679 3075 3829 3132; x_wconf 70' lang='lat' dir='ltr'><strong>quae-</strong></span> 
     </span>
    </p>
   </div>
   <div class='ocr_carea' id='block_1_61' title="bbox 2229 3154 3827 3225">
    <p class='ocr_par' dir='ltr' id='par_1_61' title="bbox 2229 3154 3827 3225">
     <span class='ocr_line' id='line_1_62' title="bbox 2229 3154 3827 3225; baseline 0.004 -17"><span class='ocrx_word' id='word_1_441' title='bbox 2229 3161 2410 3208; x_wconf 92' lang='lat' dir='ltr'><strong>rentes</strong></span> <span class='ocrx_word' id='word_1_442' title='bbox 2436 3169 2556 3208; x_wconf 91' lang='lat' dir='ltr'><strong>eam</strong></span> <span class='ocrx_word' id='word_1_443' title='bbox 2601 3169 2924 3225; x_wconf 89' lang='lat' dir='ltr'><strong>quacunque</strong></span> <span class='ocrx_word' id='word_1_444' title='bbox 2962 3163 3187 3224; x_wconf 90' lang='lat' dir='ltr'><strong>possent</strong></span> <span class='ocrx_word' id='word_1_445' title='bbox 3217 3154 3550 3211; x_wconf 89' lang='lat' dir='ltr'><strong>immissione</strong></span> <span class='ocrx_word' id='word_1_446' title='bbox 3581 3157 3827 3213; x_wconf 89' lang='lat' dir='ltr'><strong>turbare.</strong></span> 
     </span>
    </p>
   </div>
   <div class='ocr_carea' id='block_1_62' title="bbox 535 3235 3830 3324">
    <p class='ocr_par' dir='ltr' id='par_1_62' title="bbox 535 3235 3830 3324">
     <span class='ocr_line' id='line_1_63' title="bbox 535 3235 3830 3324; baseline 0.003 -31"><span class='ocrx_word' id='word_1_447' title='bbox 535 3250 720 3308; x_wconf 82' lang='lat' dir='ltr'><strong>vocat,</strong></span> <span class='ocrx_word' id='word_1_448' title='bbox 762 3256 923 3312; x_wconf 86' lang='lat' dir='ltr'><strong>quam</strong></span> <span class='ocrx_word' id='word_1_449' title='bbox 953 3238 1098 3324; x_wconf 87' lang='lat' dir='ltr'><strong>quod</strong></span> <span class='ocrx_word' id='word_1_450' title='bbox 1126 3254 1248 3294; x_wconf 90' lang='lat' dir='ltr'><strong>eum</strong></span> <span class='ocrx_word' id='word_1_451' title='bbox 1274 3238 1554 3310; x_wconf 89' lang='lat' dir='ltr'><strong>proprium</strong></span> <span class='ocrx_word' id='word_1_452' title='bbox 1590 3237 1687 3293; x_wconf 87' lang='lat' dir='ltr'><strong>Dei</strong></span> <span class='ocrx_word' id='word_1_453' title='bbox 1707 3235 1900 3292; x_wconf 84' lang='lat' dir='ltr'><strong>Filium</strong></span> <span class='ocrx_word' id='word_1_454' title='bbox 1925 3235 2124 3292; x_wconf 78' lang='lat' dir='ltr'><strong>Paulus</strong></span> <span class='ocrx_word' id='word_1_455' title='bbox 2152 3261 2198 3324; x_wconf 73' lang='grc' dir='ltr'>ο</span> <span class='ocrx_word' id='word_1_456' title='bbox 2229 3243 2296 3298; x_wconf 85' lang='grc' dir='ltr'>Ει</span> <span class='ocrx_word' id='word_1_457' title='bbox 2325 3245 2429 3300; x_wconf 91' lang='lat' dir='ltr'><strong>hoc</strong></span> <span class='ocrx_word' id='word_1_458' title='bbox 2449 3252 2623 3299; x_wconf 90' lang='lat' dir='ltr'><strong>totum</strong></span> <span class='ocrx_word' id='word_1_459' title='bbox 2646 3245 2914 3316; x_wconf 85' lang='lat' dir='ltr'><strong>publicam</strong></span> <span class='ocrx_word' id='word_1_460' title='bbox 2945 3245 3190 3300; x_wconf 88' lang='lat' dir='ltr'><strong>notitiam</strong></span> <span class='ocrx_word' id='word_1_461' title='bbox 3221 3259 3331 3299; x_wconf 92' lang='lat' dir='ltr'><strong>non</strong></span> <span class='ocrx_word' id='word_1_462' title='bbox 3361 3243 3563 3313; x_wconf 75' lang='lat' dir='ltr'><strong>eﬁ‘ugit,</strong></span> <span class='ocrx_word' id='word_1_463' title='bbox 3598 3261 3830 3316; x_wconf 65' lang='lat' dir='ltr'><strong>praescr-</strong></span> 
     </span>
    </p>
   </div>
   <div class='ocr_carea' id='block_1_63' title="bbox 531 3320 2127 3403">
    <p class='ocr_par' dir='ltr' id='par_1_63' title="bbox 531 3320 2127 3403">
     <span class='ocr_line' id='line_1_64' title="bbox 531 3320 2127 3403; baseline -0.003 -17"><span class='ocrx_word' id='word_1_464' title='bbox 531 3332 789 3403; x_wconf 88' lang='lat' dir='ltr'><strong>appellat.</strong></span> <span class='ocrx_word' id='word_1_465' title='bbox 820 3331 888 3386; x_wconf 90' lang='lat' dir='ltr'><strong>Et</strong></span> <span class='ocrx_word' id='word_1_466' title='bbox 915 3320 1041 3386; x_wconf 90' lang='lat' dir='ltr'><strong>ideo</strong></span> <span class='ocrx_word' id='word_1_467' title='bbox 1068 3345 1174 3386; x_wconf 92' lang='lat' dir='ltr'><strong>non</strong></span> <span class='ocrx_word' id='word_1_468' title='bbox 1198 3329 1340 3384; x_wconf 90' lang='lat' dir='ltr'><strong>aliud</strong></span> <span class='ocrx_word' id='word_1_469' title='bbox 1362 3328 1659 3400; x_wconf 88' lang='lat' dir='ltr'><strong>putandum</strong></span> <span class='ocrx_word' id='word_1_470' title='bbox 1686 3337 1771 3384; x_wconf 85' lang='lat' dir='ltr'><strong>est</strong></span> <span class='ocrx_word' id='word_1_471' title='bbox 1796 3327 1959 3385; x_wconf 90' lang='lat' dir='ltr'><strong>etiam</strong></span> <span class='ocrx_word' id='word_1_472' title='bbox 1981 3327 2127 3397; x_wconf 89' lang='lat' dir='ltr'><strong>quod</strong></span> 
     </span>
    </p>
   </div>
   <div class='ocr_carea' id='block_1_64' title="bbox 532 3420 2128 3495">
    <p class='ocr_par' dir='ltr' id='par_1_64' title="bbox 532 3420 2128 3495">
     <span class='ocr_line' id='line_1_65' title="bbox 532 3420 2128 3495; baseline -0.004 -15"><span class='ocrx_word' id='word_1_473' title='bbox 532 3434 722 3482; x_wconf 88' lang='lat' dir='ltr'><strong>sancta</strong></span> <span class='ocrx_word' id='word_1_474' title='bbox 751 3421 1207 3480; x_wconf 89' lang='lat' dir='ltr'><strong>Chalcedonensis</strong></span> <span class='ocrx_word' id='word_1_475' title='bbox 1232 3423 1468 3495; x_wconf 84' lang='lat' dir='ltr'><strong>synodus</strong></span> <span class='ocrx_word' id='word_1_476' title='bbox 1503 3422 1716 3478; x_wconf 89' lang='lat' dir='ltr'><strong>beatam</strong></span> <span class='ocrx_word' id='word_1_477' title='bbox 1753 3420 1978 3476; x_wconf 85' lang='lat' dir='ltr'><strong>Mariam</strong></span> <span class='ocrx_word' id='word_1_478' title='bbox 2001 3433 2128 3475; x_wconf 90' lang='lat' dir='ltr'><strong>vere</strong></span> 
     </span>
    </p>
   </div>
   <div class='ocr_carea' id='block_1_65' title="bbox 532 3511 2126 3584">
    <p class='ocr_par' dir='ltr' id='par_1_65' title="bbox 532 3511 2126 3584">
     <span class='ocr_line' id='line_1_66' title="bbox 532 3511 2126 3584; baseline -0.003 -14"><span class='ocrx_word' id='word_1_479' title='bbox 532 3524 761 3572; x_wconf 84' lang='lat' dir='ltr'><strong>matrem</strong></span> <span class='ocrx_word' id='word_1_480' title='bbox 790 3517 885 3572; x_wconf 91' lang='lat' dir='ltr'><strong>Dei</strong></span> <span class='ocrx_word' id='word_1_481' title='bbox 913 3531 1032 3572; x_wconf 87' lang='lat' dir='ltr'><strong>esse</strong></span> <span class='ocrx_word' id='word_1_482' title='bbox 1059 3514 1301 3572; x_wconf 85' lang='lat' dir='ltr'><strong>confessa</strong></span> <span class='ocrx_word' id='word_1_483' title='bbox 1343 3521 1447 3580; x_wconf 88' lang='lat' dir='ltr'><strong>est,</strong></span> <span class='ocrx_word' id='word_1_484' title='bbox 1493 3529 1655 3584; x_wconf 88' lang='lat' dir='ltr'><strong>quam</strong></span> <span class='ocrx_word' id='word_1_485' title='bbox 1683 3511 1830 3582; x_wconf 88' lang='lat' dir='ltr'><strong>quod</strong></span> <span class='ocrx_word' id='word_1_486' title='bbox 1859 3526 1978 3567; x_wconf 91' lang='lat' dir='ltr'><strong>eam</strong></span> <span class='ocrx_word' id='word_1_487' title='bbox 2009 3512 2126 3582; x_wconf 89' lang='lat' dir='ltr'><strong>ipse</strong></span> 
     </span>
    </p>
   </div>
   <div class='ocr_carea' id='block_1_66' title="bbox 532 3605 2126 3680">
    <p class='ocr_par' dir='ltr' id='par_1_66' title="bbox 532 3605 2126 3680">
     <span class='ocr_line' id='line_1_67' title="bbox 532 3605 2126 3680; baseline -0.003 -15"><span class='ocrx_word' id='word_1_488' title='bbox 532 3609 810 3665; x_wconf 90' lang='lat' dir='ltr'><strong>confessus</strong></span> <span class='ocrx_word' id='word_1_489' title='bbox 832 3623 891 3665; x_wconf 88' lang='lat' dir='ltr'><strong>es</strong></span> <span class='ocrx_word' id='word_1_490' title='bbox 912 3623 1041 3665; x_wconf 88' lang='lat' dir='ltr'><strong>vere</strong></span> <span class='ocrx_word' id='word_1_491' title='bbox 1061 3617 1119 3664; x_wconf 90' lang='lat' dir='ltr'><strong>et</strong></span> <span class='ocrx_word' id='word_1_492' title='bbox 1143 3607 1360 3680; x_wconf 89' lang='lat' dir='ltr'><strong>proprie</strong></span> <span class='ocrx_word' id='word_1_493' title='bbox 1384 3616 1612 3662; x_wconf 89' lang='lat' dir='ltr'><strong>matrem</strong></span> <span class='ocrx_word' id='word_1_494' title='bbox 1635 3607 1750 3661; x_wconf 87' lang='lat' dir='ltr'><strong>Dei.</strong></span> <span class='ocrx_word' id='word_1_495' title='bbox 1782 3605 1934 3674; x_wconf 88' lang='lat' dir='ltr'><strong>Quod</strong></span> <span class='ocrx_word' id='word_1_496' title='bbox 1963 3607 2010 3661; x_wconf 91' lang='lat' dir='ltr'><strong>si</strong></span> <span class='ocrx_word' id='word_1_497' title='bbox 2037 3605 2126 3661; x_wconf 91' lang='lat' dir='ltr'><strong>cui</strong></span> 
     </span>
    </p>
   </div>
   <div class='ocr_carea' id='block_1_67' title="bbox 537 3697 2125 3769">
    <p class='ocr_par' dir='ltr' id='par_1_67' title="bbox 537 3697 2125 3769">
     <span class='ocr_line' id='line_1_68' title="bbox 537 3697 2125 3769; baseline -0.001 -15"><span class='ocrx_word' id='word_1_498' title='bbox 537 3701 714 3757; x_wconf 89' lang='lat' dir='ltr'><strong>minus</strong></span> <span class='ocrx_word' id='word_1_499' title='bbox 744 3704 848 3758; x_wconf 91' lang='lat' dir='ltr'><strong>hoc</strong></span> <span class='ocrx_word' id='word_1_500' title='bbox 873 3701 1094 3769; x_wconf 86' lang='lat' dir='ltr'><strong>sufﬁcit,</strong></span> <span class='ocrx_word' id='word_1_501' title='bbox 1119 3707 1175 3756; x_wconf 91' lang='lat' dir='ltr'><strong>et</strong></span> <span class='ocrx_word' id='word_1_502' title='bbox 1203 3700 1380 3755; x_wconf 90' lang='lat' dir='ltr'><strong>adhuc</strong></span> <span class='ocrx_word' id='word_1_503' title='bbox 1407 3714 1529 3755; x_wconf 90' lang='lat' dir='ltr'><strong>eam</strong></span> <span class='ocrx_word' id='word_1_504' title='bbox 1553 3714 1682 3754; x_wconf 89' lang='lat' dir='ltr'><strong>vere</strong></span> <span class='ocrx_word' id='word_1_505' title='bbox 1712 3707 1768 3753; x_wconf 90' lang='lat' dir='ltr'><strong>et</strong></span> <span class='ocrx_word' id='word_1_506' title='bbox 1791 3699 2009 3768; x_wconf 90' lang='lat' dir='ltr'><strong>proprie</strong></span> <span class='ocrx_word' id='word_1_507' title='bbox 2029 3697 2125 3752; x_wconf 90' lang='lat' dir='ltr'><strong>Dei</strong></span> 
     </span>
    </p>
   </div>
   <div class='ocr_carea' id='block_1_68' title="bbox 533 3789 2125 3862">
    <p class='ocr_par' dir='ltr' id='par_1_68' title="bbox 533 3789 2125 3862">
     <span class='ocr_line' id='line_1_69' title="bbox 533 3789 2125 3862; baseline -0.003 -15"><span class='ocrx_word' id='word_1_508' title='bbox 533 3800 764 3848; x_wconf 89' lang='lat' dir='ltr'><strong>matrem</strong></span> <span class='ocrx_word' id='word_1_509' title='bbox 811 3791 1024 3848; x_wconf 89' lang='lat' dir='ltr'><strong>dubitat</strong></span> <span class='ocrx_word' id='word_1_510' title='bbox 1076 3791 1372 3862; x_wconf 88' lang='lat' dir='ltr'><strong>appellare,</strong></span> <span class='ocrx_word' id='word_1_511' title='bbox 1415 3790 1715 3860; x_wconf 89' lang='lat' dir='ltr'><strong>pleniorem</strong></span> <span class='ocrx_word' id='word_1_512' title='bbox 1757 3789 1826 3843; x_wconf 89' lang='lat' dir='ltr'><strong>de</strong></span> <span class='ocrx_word' id='word_1_513' title='bbox 1870 3789 1976 3844; x_wconf 71' lang='lat' dir='ltr'><strong>hac</strong></span> <span class='ocrx_word' id='word_1_514' title='bbox 2007 3789 2125 3858; x_wconf 87' lang='lat' dir='ltr'><strong>ipso</strong></span> 
     </span>
    </p>
   </div>
   <div class='ocr_carea' id='block_1_69' title="bbox 530 3880 2124 3953">
    <p class='ocr_par' dir='ltr' id='par_1_69' title="bbox 530 3880 2124 3953">
     <span class='ocr_line' id='line_1_70' title="bbox 530 3880 2124 3953; baseline -0.003 -13"><span class='ocrx_word' id='word_1_515' title='bbox 530 3885 801 3940; x_wconf 87' lang='lat' dir='ltr'><strong>rationem</strong></span> <span class='ocrx_word' id='word_1_516' title='bbox 855 3897 1018 3953; x_wconf 89' lang='lat' dir='ltr'><strong>quam</strong></span> <span class='ocrx_word' id='word_1_517' title='bbox 1049 3881 1274 3938; x_wconf 86' lang='lat' dir='ltr'><strong>inferius</strong></span> <span class='ocrx_word' id='word_1_518' title='bbox 1315 3882 1603 3937; x_wconf 89' lang='lat' dir='ltr'><strong>reddemus</strong></span> <span class='ocrx_word' id='word_1_519' title='bbox 1646 3888 1944 3950; x_wconf 84' lang='lat' dir='ltr'><strong>exspectet.</strong></span> <span class='ocrx_word' id='word_1_520' title='bbox 1987 3880 2124 3947; x_wconf 83' lang='lat' dir='ltr'><strong>Quia</strong></span> 
     </span>
    </p>
   </div>
   <div class='ocr_carea' id='block_1_70' title="bbox 529 3969 2123 4038">
    <p class='ocr_par' dir='ltr' id='par_1_70' title="bbox 529 3969 2123 4038">
     <span class='ocr_line' id='line_1_71' title="bbox 529 3969 2123 4038; baseline -0.003 -9"><span class='ocrx_word' id='word_1_521' title='bbox 529 3991 659 4032; x_wconf 89' lang='lat' dir='ltr'><strong>vero</strong></span> <span class='ocrx_word' id='word_1_522' title='bbox 706 3975 865 4031; x_wconf 90' lang='lat' dir='ltr'><strong>simul</strong></span> <span class='ocrx_word' id='word_1_523' title='bbox 889 3977 907 4008; x_wconf 73' lang='grc'>⁸</span> <span class='ocrx_word' id='word_1_524' title='bbox 953 3973 1246 4029; x_wconf 89' lang='lat' dir='ltr'><strong>secundum</strong></span> <span class='ocrx_word' id='word_1_525' title='bbox 1299 3971 1743 4027; x_wconf 78' lang='lat' dir='ltr'><strong>Chalcedonense</strong></span> <span class='ocrx_word' id='word_1_526' title='bbox 1796 3969 2123 4038; x_wconf 90' lang='lat' dir='ltr'><strong>concilium,</strong></span> 
     </span>
    </p>
   </div>
   <div class='ocr_carea' id='block_1_71' title="bbox 529 4060 2126 4122">
    <p class='ocr_par' dir='ltr' id='par_1_71' title="bbox 529 4060 2126 4122">
     <span class='ocr_line' id='line_1_72' title="bbox 529 4060 2126 4122; baseline -0.004 0"><span class='ocrx_word' id='word_1_527' title='bbox 529 4069 691 4122; x_wconf 88' lang='lat' dir='ltr'><strong>etiam</strong></span> <span class='ocrx_word' id='word_1_528' title='bbox 727 4067 781 4122; x_wconf 91' lang='lat' dir='ltr'><strong>in</strong></span> <span class='ocrx_word' id='word_1_529' title='bbox 820 4065 1028 4122; x_wconf 89' lang='lat' dir='ltr'><strong>duabus</strong></span> <span class='ocrx_word' id='word_1_530' title='bbox 1063 4063 1272 4119; x_wconf 88' lang='lat' dir='ltr'><strong>naturis</strong></span> <span class='ocrx_word' id='word_1_531' title='bbox 1319 4061 1610 4118; x_wconf 88' lang='lat' dir='ltr'><strong>Dominum</strong></span> <span class='ocrx_word' id='word_1_532' title='bbox 1641 4060 1825 4116; x_wconf 84' lang='lat' dir='ltr'><strong>Jesum</strong></span> <span class='ocrx_word' id='word_1_533' title='bbox 1851 4060 2126 4117; x_wconf 89' lang='lat' dir='ltr'><strong>Christum</strong></span> 
     </span>
    </p>
   </div>
   <div class='ocr_carea' id='block_1_72' title="bbox 531 4156 2122 4232">
    <p class='ocr_par' dir='ltr' id='par_1_72' title="bbox 531 4156 2122 4232">
     <span class='ocr_line' id='line_1_73' title="bbox 531 4156 2122 4232; baseline -0.003 -16"><span class='ocrx_word' id='word_1_534' title='bbox 531 4161 812 4218; x_wconf 84' lang='lat' dir='ltr'><strong>confessus</strong></span> <span class='ocrx_word' id='word_1_535' title='bbox 838 4175 916 4226; x_wconf 92' lang='lat' dir='ltr'><strong>es,</strong></span> <span class='ocrx_word' id='word_1_536' title='bbox 947 4159 1114 4232; x_wconf 89' lang='lat' dir='ltr'><strong>ipsius</strong></span> <span class='ocrx_word' id='word_1_537' title='bbox 1155 4157 1370 4214; x_wconf 91' lang='lat' dir='ltr'><strong>concilii</strong></span> <span class='ocrx_word' id='word_1_538' title='bbox 1395 4156 1707 4212; x_wconf 91' lang='lat' dir='ltr'><strong>deﬁnitione</strong></span> <span class='ocrx_word' id='word_1_539' title='bbox 1742 4165 2076 4213; x_wconf 86' lang='lat' dir='ltr'><strong>monstratur</strong></span> <span class='ocrx_word' id='word_1_540' title='bbox 2105 4173 2122 4212; x_wconf 85' lang='lat'><strong>:</strong></span> 
     </span>
    </p>
   </div>
   <div class='ocr_carea' id='block_1_73' title="bbox 531 4247 2122 4324">
    <p class='ocr_par' dir='ltr' id='par_1_73' title="bbox 531 4247 2122 4324">
     <span class='ocr_line' id='line_1_74' title="bbox 531 4247 2122 4324; baseline -0.003 -16"><span class='ocrx_word' id='word_1_541' title='bbox 531 4254 587 4308; x_wconf 91' lang='lat' dir='ltr'><strong>in</strong></span> <span class='ocrx_word' id='word_1_542' title='bbox 623 4270 729 4324; x_wconf 90' lang='lat' dir='ltr'><strong>qua</strong></span> <span class='ocrx_word' id='word_1_543' title='bbox 759 4254 947 4308; x_wconf 89' lang='lat' dir='ltr'><strong>statuit</strong></span> <span class='ocrx_word' id='word_1_544' title='bbox 976 4268 1142 4308; x_wconf 91' lang='lat' dir='ltr'><strong>unum</strong></span> <span class='ocrx_word' id='word_1_545' title='bbox 1195 4250 1552 4320; x_wconf 89' lang='lat' dir='ltr'><strong>eumdemque</strong></span> <span class='ocrx_word' id='word_1_546' title='bbox 1590 4247 1885 4318; x_wconf 90' lang='lat' dir='ltr'><strong>Christum,</strong></span> <span class='ocrx_word' id='word_1_547' title='bbox 1926 4248 2122 4305; x_wconf 88' lang='lat' dir='ltr'><strong>Filium</strong></span> 
     </span>
    </p>
   </div>
   <div class='ocr_carea' id='block_1_74' title="bbox 531 4342 2118 4414">
    <p class='ocr_par' dir='ltr' id='par_1_74' title="bbox 531 4342 2118 4414">
     <span class='ocr_line' id='line_1_75' title="bbox 531 4342 2118 4414; baseline -0.002 -14"><span class='ocrx_word' id='word_1_548' title='bbox 531 4343 631 4402; x_wconf 87' lang='lat' dir='ltr'><strong>Dei</strong></span> <span class='ocrx_word' id='word_1_549' title='bbox 656 4347 1011 4414; x_wconf 85' lang='lat' dir='ltr'><strong>unigenitum,</strong></span> <span class='ocrx_word' id='word_1_550' title='bbox 1053 4345 1107 4400; x_wconf 88' lang='lat' dir='ltr'><strong>in</strong></span> <span class='ocrx_word' id='word_1_551' title='bbox 1136 4344 1342 4400; x_wconf 88' lang='lat' dir='ltr'><strong>duabus</strong></span> <span class='ocrx_word' id='word_1_552' title='bbox 1368 4343 1594 4409; x_wconf 89' lang='lat' dir='ltr'><strong>naturis,</strong></span> <span class='ocrx_word' id='word_1_553' title='bbox 1637 4343 1755 4399; x_wconf 91' lang='lat' dir='ltr'><strong>sine</strong></span> <span class='ocrx_word' id='word_1_554' title='bbox 1782 4342 2118 4407; x_wconf 83' lang='lat' dir='ltr'><strong>confusione,</strong></span> 
     </span>
    </p>
   </div>
   <div class='ocr_carea' id='block_1_75' title="bbox 533 4433 2125 4504">
    <p class='ocr_par' dir='ltr' id='par_1_75' title="bbox 533 4433 2125 4504">
     <span class='ocr_line' id='line_1_76' title="bbox 533 4433 2125 4504; baseline -0.002 -13"><span class='ocrx_word' id='word_1_555' title='bbox 533 4437 652 4492; x_wconf 85' lang='lat' dir='ltr'><strong>sine</strong></span> <span class='ocrx_word' id='word_1_556' title='bbox 679 4437 1052 4502; x_wconf 89' lang='lat' dir='ltr'><strong>conversione,</strong></span> <span class='ocrx_word' id='word_1_557' title='bbox 1095 4436 1212 4490; x_wconf 89' lang='lat' dir='ltr'><strong>sine</strong></span> <span class='ocrx_word' id='word_1_558' title='bbox 1241 4433 1507 4491; x_wconf 88' lang='lat' dir='ltr'><strong>divisione</strong></span> <span class='ocrx_word' id='word_1_559' title='bbox 1537 4442 1593 4489; x_wconf 91' lang='lat' dir='ltr'><strong>et</strong></span> <span class='ocrx_word' id='word_1_560' title='bbox 1620 4434 1738 4490; x_wconf 89' lang='lat' dir='ltr'><strong>sine</strong></span> <span class='ocrx_word' id='word_1_561' title='bbox 1780 4434 2125 4504; x_wconf 85' lang='lat' dir='ltr'><strong>separatione</strong></span> 
     </span>
    </p>
   </div>
   <div class='ocr_carea' id='block_1_76' title="bbox 531 4523 2124 4596">
    <p class='ocr_par' dir='ltr' id='par_1_76' title="bbox 531 4523 2124 4596">
     <span class='ocr_line' id='line_1_77' title="bbox 531 4523 2124 4596; baseline -0.003 -13"><span class='ocrx_word' id='word_1_562' title='bbox 531 4543 652 4583; x_wconf 89' lang='lat' dir='ltr'><strong>esse</strong></span> <span class='ocrx_word' id='word_1_563' title='bbox 673 4525 1035 4593; x_wconf 91' lang='lat' dir='ltr'><strong>noscendum;</strong></span> <span class='ocrx_word' id='word_1_564' title='bbox 1068 4541 1332 4596; x_wconf 90' lang='lat' dir='ltr'><strong>nusquam</strong></span> <span class='ocrx_word' id='word_1_565' title='bbox 1357 4534 1668 4581; x_wconf 89' lang='lat' dir='ltr'><strong>naturarum</strong></span> <span class='ocrx_word' id='word_1_566' title='bbox 1695 4523 1997 4580; x_wconf 75' lang='lat' dir='ltr'><strong>differentia</strong></span> <span class='ocrx_word' id='word_1_567' title='bbox 2027 4539 2124 4594; x_wconf 87' lang='lat' dir='ltr'><strong>per</strong></span> 
     </span>
    </p>
   </div>
   <div class='ocr_carea' id='block_1_77' title="bbox 529 4616 2200 4708">
    <p class='ocr_par' dir='ltr' id='par_1_77' title="bbox 529 4616 2200 4708">
     <span class='ocr_line' id='line_1_78' title="bbox 529 4616 2200 4708; baseline 0 -36"><span class='ocrx_word' id='word_1_568' title='bbox 529 4619 793 4673; x_wconf 88' lang='lat' dir='ltr'><strong>unitatem</strong></span> <span class='ocrx_word' id='word_1_569' title='bbox 831 4616 1046 4688; x_wconf 89' lang='lat' dir='ltr'><strong>penitus</strong></span> <span class='ocrx_word' id='word_1_570' title='bbox 1070 4625 1366 4687; x_wconf 89' lang='lat' dir='ltr'><strong>amputata,</strong></span> <span class='ocrx_word' id='word_1_571' title='bbox 1397 4617 1569 4688; x_wconf 86' lang='lat' dir='ltr'><strong>magis</strong></span> <span class='ocrx_word' id='word_1_572' title='bbox 1605 4624 1792 4673; x_wconf 88' lang='lat' dir='ltr'><strong>autem</strong></span> <span class='ocrx_word' id='word_1_573' title='bbox 1815 4617 1962 4672; x_wconf 91' lang='lat' dir='ltr'><strong>salva</strong></span> <span class='ocrx_word' id='word_1_574' title='bbox 1992 4632 2121 4686; x_wconf 83' lang='lat' dir='ltr'><strong>pro-</strong></span> <span class='ocrx_word' id='word_1_575' title='bbox 2149 4648 2200 4708; x_wconf 67' lang='grc' dir='ltr'>Β</span> 
     </span>
    </p>
   </div>
   <div class='ocr_carea' id='block_1_78' title="bbox 527 4707 2124 4782">
    <p class='ocr_par' dir='ltr' id='par_1_78' title="bbox 527 4707 2124 4782">
     <span class='ocr_line' id='line_1_79' title="bbox 527 4707 2124 4782; baseline -0.001 -19"><span class='ocrx_word' id='word_1_576' title='bbox 527 4711 760 4782; x_wconf 82' lang='lat' dir='ltr'><strong>prietate</strong></span> <span class='ocrx_word' id='word_1_577' title='bbox 786 4710 1063 4780; x_wconf 89' lang='lat' dir='ltr'><strong>utriusque</strong></span> <span class='ocrx_word' id='word_1_578' title='bbox 1089 4717 1312 4764; x_wconf 65' lang='lat' dir='ltr'><strong>natura}.</strong></span> <span class='ocrx_word' id='word_1_579' title='bbox 1346 4707 1441 4764; x_wconf 83' lang='lat' dir='ltr'><strong>His</strong></span> <span class='ocrx_word' id='word_1_580' title='bbox 1463 4709 1627 4778; x_wconf 85' lang='lat' dir='ltr'><strong>igitur</strong></span> <span class='ocrx_word' id='word_1_581' title='bbox 1653 4709 1905 4763; x_wconf 90' lang='lat' dir='ltr'><strong>omnibus</strong></span> <span class='ocrx_word' id='word_1_582' title='bbox 1923 4708 2124 4778; x_wconf 88' lang='lat' dir='ltr'><strong>proba-</strong></span> 
     </span>
    </p>
   </div>
   <div class='ocr_carea' id='block_1_79' title="bbox 530 4800 2121 4870">
    <p class='ocr_par' dir='ltr' id='par_1_79' title="bbox 530 4800 2121 4870">
     <span class='ocr_line' id='line_1_80' title="bbox 530 4800 2121 4870; baseline -0.001 -12"><span class='ocrx_word' id='word_1_583' title='bbox 530 4816 620 4859; x_wconf 87' lang='lat' dir='ltr'><strong>tur</strong></span> <span class='ocrx_word' id='word_1_584' title='bbox 647 4803 917 4860; x_wconf 86' lang='lat' dir='ltr'><strong>confessio</strong></span> <span class='ocrx_word' id='word_1_585' title='bbox 945 4803 1069 4859; x_wconf 80' lang='lat' dir='ltr'><strong>iidei</strong></span> <span class='ocrx_word' id='word_1_586' title='bbox 1097 4810 1204 4858; x_wconf 70' lang='lat' dir='ltr'><strong>tuae</strong></span> <span class='ocrx_word' id='word_1_587' title='bbox 1231 4801 1410 4870; x_wconf 85' lang='lat' dir='ltr'><strong>magni</strong></span> <span class='ocrx_word' id='word_1_588' title='bbox 1431 4801 1646 4857; x_wconf 89' lang='lat' dir='ltr'><strong>concilii</strong></span> <span class='ocrx_word' id='word_1_589' title='bbox 1668 4803 1687 4833; x_wconf 80' lang='grc'><em>³</em></span> <span class='ocrx_word' id='word_1_590' title='bbox 1718 4800 2121 4856; x_wconf 86' lang='lat' dir='ltr'><strong>deﬁnitionibus</strong></span> 
     </span>
    </p>
   </div>
   <div class='ocr_carea' id='block_1_80' title="bbox 527 4891 2120 4966">
    <p class='ocr_par' dir='ltr' id='par_1_80' title="bbox 527 4891 2120 4966">
     <span class='ocr_line' id='line_1_81' title="bbox 527 4891 2120 4966; baseline -0.003 -16"><span class='ocrx_word' id='word_1_591' title='bbox 527 4911 852 4952; x_wconf 84' lang='lat' dir='ltr'><strong>consonare.</strong></span> <span class='ocrx_word' id='word_1_592' title='bbox 885 4894 1118 4966; x_wconf 89' lang='lat' dir='ltr'><strong>Pr0pter</strong></span> <span class='ocrx_word' id='word_1_593' title='bbox 1157 4892 1305 4966; x_wconf 88' lang='lat' dir='ltr'><strong>quod</strong></span> <span class='ocrx_word' id='word_1_594' title='bbox 1349 4893 1515 4948; x_wconf 88' lang='lat' dir='ltr'><strong>etiam</strong></span> <span class='ocrx_word' id='word_1_595' title='bbox 1544 4907 1643 4947; x_wconf 92' lang='lat' dir='ltr'><strong>nos</strong></span> <span class='ocrx_word' id='word_1_596' title='bbox 1683 4900 1738 4946; x_wconf 91' lang='lat' dir='ltr'><strong>et</strong></span> <span class='ocrx_word' id='word_1_597' title='bbox 1764 4891 2120 4959; x_wconf 82' lang='lat' dir='ltr'><strong>congratulati</strong></span> 
     </span>
    </p>
   </div>
   <div class='ocr_carea' id='block_1_81' title="bbox 524 4983 2148 5057">
    <p class='ocr_par' dir='ltr' id='par_1_81' title="bbox 524 4983 2148 5057">
     <span class='ocr_line' id='line_1_82' title="bbox 524 4983 2148 5057; baseline -0.002 -17"><span class='ocrx_word' id='word_1_598' title='bbox 524 5001 742 5057; x_wconf 81' lang='lat' dir='ltr'><strong>semper</strong></span> <span class='ocrx_word' id='word_1_599' title='bbox 784 4986 901 5056; x_wconf 90' lang='lat' dir='ltr'><strong>ejus</strong></span> <span class='ocrx_word' id='word_1_600' title='bbox 949 4985 1259 5041; x_wconf 88' lang='lat' dir='ltr'><strong>rectitudini</strong></span> <span class='ocrx_word' id='word_1_601' title='bbox 1311 4997 1534 5051; x_wconf 86' lang='lat' dir='ltr'><strong>sumus,</strong></span> <span class='ocrx_word' id='word_1_602' title='bbox 1596 4990 1650 5045; x_wconf 85' lang='lat' dir='ltr'><strong>et</strong></span> <span class='ocrx_word' id='word_1_603' title='bbox 1699 4995 1805 5051; x_wconf 90' lang='lat' dir='ltr'><strong>pro</strong></span> <span class='ocrx_word' id='word_1_604' title='bbox 1851 4997 1913 5037; x_wconf 87' lang='lat' dir='ltr'><strong>ea</strong></span> <span class='ocrx_word' id='word_1_605' title='bbox 1943 4983 2011 5037; x_wconf 91' lang='lat' dir='ltr'><strong>de</strong></span> <span class='ocrx_word' id='word_1_606' title='bbox 2067 4992 2148 5038; x_wconf 90' lang='lat' dir='ltr'><strong>te-</strong></span> 
     </span>
    </p>
   </div>
   <div class='ocr_carea' id='block_1_82' title="bbox 598 5201 2119 5273">
    <p class='ocr_par' dir='ltr' id='par_1_82' title="bbox 598 5201 2119 5273">
     <span class='ocr_line' id='line_1_83' title="bbox 598 5201 2119 5273; baseline 0.002 -17"><span class='ocrx_word' id='word_1_607' title='bbox 598 5212 624 5240; x_wconf 76' lang='grc' dir='ltr'><strong>ι</strong></span> <span class='ocrx_word' id='word_1_608' title='bbox 662 5203 738 5258; x_wconf 87' lang='lat' dir='ltr'><strong>De</strong></span> <span class='ocrx_word' id='word_1_609' title='bbox 765 5218 873 5273; x_wconf 91' lang='lat' dir='ltr'><strong>quo</strong></span> <span class='ocrx_word' id='word_1_610' title='bbox 898 5203 1093 5258; x_wconf 86' lang='lat' dir='ltr'><strong>iterum</strong></span> <span class='ocrx_word' id='word_1_611' title='bbox 1122 5203 1215 5258; x_wconf 90' lang='lat' dir='ltr'><strong>lib.</strong></span> <span class='ocrx_word' id='word_1_612' title='bbox 1249 5220 1322 5268; x_wconf 85' lang='grc' dir='ltr'><strong>ιν,</strong></span> <span class='ocrx_word' id='word_1_613' title='bbox 1352 5217 1471 5273; x_wconf 85' lang='lat' dir='ltr'><strong>cap.</strong></span> <span class='ocrx_word' id='word_1_614' title='bbox 1505 5201 1560 5269; x_wconf 77' lang='grc'><strong>4,</strong></span> <span class='ocrx_word' id='word_1_615' title='bbox 1592 5201 1681 5256; x_wconf 89' lang='lat' dir='ltr'><strong>ubi</strong></span> <span class='ocrx_word' id='word_1_616' title='bbox 1726 5211 1781 5256; x_wconf 90' lang='lat' dir='ltr'><strong>et</strong></span> <span class='ocrx_word' id='word_1_617' title='bbox 1827 5201 1989 5257; x_wconf 87' lang='lat' dir='ltr'><strong>libelli</strong></span> <span class='ocrx_word' id='word_1_618' title='bbox 2019 5203 2119 5259; x_wconf 91' lang='lat' dir='ltr'><strong>hu-</strong></span> 
     </span>
    </p>
   </div>
   <div class='ocr_carea' id='block_1_83' title="bbox 522 5271 2116 5344">
    <p class='ocr_par' dir='ltr' id='par_1_83' title="bbox 522 5271 2116 5344">
     <span class='ocr_line' id='line_1_84' title="bbox 522 5271 2116 5344; baseline 0.003 -19"><span class='ocrx_word' id='word_1_619' title='bbox 522 5271 609 5342; x_wconf 86' lang='lat' dir='ltr'><strong>jus</strong></span> <span class='ocrx_word' id='word_1_620' title='bbox 638 5271 801 5344; x_wconf 78' lang='lat' dir='ltr'><strong>verba</strong></span> <span class='ocrx_word' id='word_1_621' title='bbox 844 5273 1206 5344; x_wconf 80' lang='lat' dir='ltr'><strong>proferentur.</strong></span> <span class='ocrx_word' id='word_1_622' title='bbox 1257 5271 1433 5344; x_wconf 77' lang='lat' dir='ltr'><strong>Quod</strong></span> <span class='ocrx_word' id='word_1_623' title='bbox 1465 5281 1646 5344; x_wconf 74' lang='lat' dir='ltr'><strong>autem</strong></span> <span class='ocrx_word' id='word_1_624' title='bbox 1684 5273 1773 5328; x_wconf 89' lang='lat' dir='ltr'><strong>hic</strong></span> <span class='ocrx_word' id='word_1_625' title='bbox 1817 5273 2008 5328; x_wconf 88' lang='lat' dir='ltr'><strong>astruit</strong></span> <span class='ocrx_word' id='word_1_626' title='bbox 2047 5289 2116 5330; x_wconf 83' lang='lat' dir='ltr'><strong>ex</strong></span> 
     </span>
    </p>
   </div>
   <div class='ocr_carea' id='block_1_84' title="bbox 523 5341 2114 5409">
    <p class='ocr_par' dir='ltr' id='par_1_84' title="bbox 523 5341 2114 5409">
     <span class='ocr_line' id='line_1_85' title="bbox 523 5341 2114 5409; baseline 0.003 -13"><span class='ocrx_word' id='word_1_627' title='bbox 523 5341 708 5400; x_wconf 88' lang='lat' dir='ltr'><strong>libello</strong></span> <span class='ocrx_word' id='word_1_628' title='bbox 739 5341 1048 5409; x_wconf 81' lang='lat' dir='ltr'><strong>Domitiani,</strong></span> <span class='ocrx_word' id='word_1_629' title='bbox 1080 5343 1312 5398; x_wconf 84' lang='lat' dir='ltr'><strong>alﬁrmat</strong></span> <span class='ocrx_word' id='word_1_630' title='bbox 1339 5342 1503 5397; x_wconf 88' lang='lat' dir='ltr'><strong>etiam</strong></span> <span class='ocrx_word' id='word_1_631' title='bbox 1544 5341 1823 5397; x_wconf 87' lang='lat' dir='ltr'><strong>Liberatus</strong></span> <span class='ocrx_word' id='word_1_632' title='bbox 1851 5343 2114 5401; x_wconf 88' lang='lat' dir='ltr'><strong>diaconus</strong></span> 
     </span>
    </p>
   </div>
   <div class='ocr_carea' id='block_1_85' title="bbox 523 5411 2118 5482">
    <p class='ocr_par' dir='ltr' id='par_1_85' title="bbox 523 5411 2118 5482">
     <span class='ocr_line' id='line_1_86' title="bbox 523 5411 2118 5482; baseline 0.001 -14"><span class='ocrx_word' id='word_1_633' title='bbox 523 5413 579 5468; x_wconf 89' lang='lat' dir='ltr'><strong>in</strong></span> <span class='ocrx_word' id='word_1_634' title='bbox 630 5413 952 5482; x_wconf 80' lang='lat' dir='ltr'><strong>Breviario:</strong></span> <span class='ocrx_word' id='word_1_635' title='bbox 1001 5415 1249 5470; x_wconf 91' lang='lat' dir='ltr'><strong>incensos</strong></span> <span class='ocrx_word' id='word_1_636' title='bbox 1294 5413 1545 5468; x_wconf 89' lang='lat' dir='ltr'><strong>videlicet</strong></span> <span class='ocrx_word' id='word_1_637' title='bbox 1591 5413 1828 5468; x_wconf 89' lang='lat' dir='ltr'><strong>damnati</strong></span> <span class='ocrx_word' id='word_1_638' title='bbox 1873 5411 2118 5482; x_wconf 88' lang='lat' dir='ltr'><strong>Origenis</strong></span> 
     </span>
    </p>
   </div>
   <div class='ocr_carea' id='block_1_86' title="bbox 522 5481 2114 5554">
    <p class='ocr_par' dir='ltr' id='par_1_86' title="bbox 522 5481 2114 5554">
     <span class='ocr_line' id='line_1_87' title="bbox 522 5481 2114 5554; baseline 0.003 -21"><span class='ocrx_word' id='word_1_639' title='bbox 522 5483 712 5554; x_wconf 82' lang='lat' dir='ltr'><strong>dolore</strong></span> <span class='ocrx_word' id='word_1_640' title='bbox 739 5481 1069 5553; x_wconf 87' lang='lat' dir='ltr'><strong>Origenistas</strong></span> <span class='ocrx_word' id='word_1_641' title='bbox 1096 5484 1162 5538; x_wconf 92' lang='lat' dir='ltr'><strong>ad</strong></span> <span class='ocrx_word' id='word_1_642' title='bbox 1205 5484 1366 5538; x_wconf 90' lang='lat' dir='ltr'><strong>trium</strong></span> <span class='ocrx_word' id='word_1_643' title='bbox 1395 5483 1766 5554; x_wconf 87' lang='lat' dir='ltr'><strong>Capitulorum</strong></span> <span class='ocrx_word' id='word_1_644' title='bbox 1809 5481 2114 5538; x_wconf 87' lang='lat' dir='ltr'><strong>damnatio-</strong></span> 
     </span>
    </p>
   </div>
   <div class='ocr_carea' id='block_1_87' title="bbox 524 5553 2115 5624">
    <p class='ocr_par' dir='ltr' id='par_1_87' title="bbox 524 5553 2115 5624">
     <span class='ocr_line' id='line_1_88' title="bbox 524 5553 2115 5624; baseline 0.003 -18"><span class='ocrx_word' id='word_1_645' title='bbox 524 5567 648 5624; x_wconf 83' lang='lat' dir='ltr'><strong>nem</strong></span> <span class='ocrx_word' id='word_1_646' title='bbox 680 5553 953 5624; x_wconf 85' lang='lat' dir='ltr'><strong>impulisse</strong></span> <span class='ocrx_word' id='word_1_647' title='bbox 979 5553 1366 5624; x_wconf 63' lang='lat' dir='ltr'><strong>Justinjanum;</strong></span> <span class='ocrx_word' id='word_1_648' title='bbox 1416 5553 1633 5624; x_wconf 85' lang='lat' dir='ltr'><strong>deliqne</strong></span> <span class='ocrx_word' id='word_1_649' title='bbox 1662 5555 2016 5609; x_wconf 90' lang='lat' dir='ltr'><strong>architectum</strong></span> <span class='ocrx_word' id='word_1_650' title='bbox 2047 5569 2115 5610; x_wconf 83' lang='lat' dir='ltr'><strong>ex</strong></span> 
     </span>
    </p>
   </div>
   <div class='ocr_carea' id='block_1_88' title="bbox 525 5622 2116 5695">
    <p class='ocr_par' dir='ltr' id='par_1_88' title="bbox 525 5622 2116 5695">
     <span class='ocr_line' id='line_1_89' title="bbox 525 5622 2116 5695; baseline 0.003 -19"><span class='ocrx_word' id='word_1_651' title='bbox 525 5622 714 5695; x_wconf 78' lang='lat' dir='ltr'><strong>eadem</strong></span> <span class='ocrx_word' id='word_1_652' title='bbox 742 5634 888 5695; x_wconf 83' lang='lat' dir='ltr'><strong>secta</strong></span> <span class='ocrx_word' id='word_1_653' title='bbox 928 5623 1090 5680; x_wconf 90' lang='lat' dir='ltr'><strong>fuisse</strong></span> <span class='ocrx_word' id='word_1_654' title='bbox 1132 5623 1474 5681; x_wconf 88' lang='lat' dir='ltr'><strong>Theodorum</strong></span> <span class='ocrx_word' id='word_1_655' title='bbox 1519 5622 1896 5695; x_wconf 86' lang='lat' dir='ltr'><strong>Cappadocem</strong></span> <span class='ocrx_word' id='word_1_656' title='bbox 1936 5626 2116 5680; x_wconf 57' lang='lat' dir='ltr'><strong>Casa-</strong></span> 
     </span>
    </p>
   </div>
   <div class='ocr_carea' id='block_1_89' title="bbox 523 5693 2113 5766">
    <p class='ocr_par' dir='ltr' id='par_1_89' title="bbox 523 5693 2113 5766">
     <span class='ocr_line' id='line_1_90' title="bbox 523 5693 2113 5766; baseline 0.003 -19"><span class='ocrx_word' id='word_1_657' title='bbox 523 5693 760 5747; x_wconf 75' lang='lat' dir='ltr'><strong>riensetn</strong></span> <span class='ocrx_word' id='word_1_658' title='bbox 791 5693 1122 5763; x_wconf 73' lang='lat' dir='ltr'><strong>cpi-,copnm,</strong></span> <span class='ocrx_word' id='word_1_659' title='bbox 1164 5699 1254 5765; x_wconf 90' lang='lat' dir='ltr'><strong>qui</strong></span> <span class='ocrx_word' id='word_1_660' title='bbox 1304 5693 1615 5766; x_wconf 85' lang='lat' dir='ltr'><strong>imperatori</strong></span> <span class='ocrx_word' id='word_1_661' title='bbox 1636 5693 1964 5766; x_wconf 78' lang='lat' dir='ltr'><strong>suggerebat</strong></span> <span class='ocrx_word' id='word_1_662' title='bbox 2008 5696 2113 5752; x_wconf 84' lang='lat' dir='ltr'><strong>hoc</strong></span> 
     </span>
    </p>
   </div>
   <div class='ocr_carea' id='block_1_90' title="bbox 595 5877 1330 5946">
    <p class='ocr_par' dir='ltr' id='par_1_90' title="bbox 595 5877 1330 5946">
     <span class='ocr_line' id='line_1_91' title="bbox 595 5877 1330 5946; baseline -0.001 -9"><span class='ocrx_word' id='word_1_663' title='bbox 595 5881 614 5917; x_wconf 77' lang='grc'>⁸</span> <span class='ocrx_word' id='word_1_664' title='bbox 656 5878 786 5936; x_wconf 84' lang='lat' dir='ltr'><strong>Cod.</strong></span> <span class='ocrx_word' id='word_1_665' title='bbox 819 5877 1041 5946; x_wconf 66' lang='lat' dir='ltr'><strong>Veron,</strong></span> <span class='ocrx_word' id='word_1_666' title='bbox 1075 5881 1330 5936; x_wconf 74' lang='lat' dir='ltr'><strong>similiter.</strong></span> 
     </span>
    </p>
   </div>
   <div class='ocr_carea' id='block_1_91' title="bbox 2229 3334 3830 3407">
    <p class='ocr_par' dir='ltr' id='par_1_91' title="bbox 2229 3334 3830 3407">
     <span class='ocr_line' id='line_1_92' title="bbox 2229 3334 3830 3407; baseline 0.004 -19"><span class='ocrx_word' id='word_1_667' title='bbox 2229 3335 2324 3388; x_wconf 90' lang='lat' dir='ltr'><strong>tim</strong></span> <span class='ocrx_word' id='word_1_668' title='bbox 2354 3349 2475 3389; x_wconf 68' lang='lat' dir='ltr'><strong>curn</strong></span> <span class='ocrx_word' id='word_1_669' title='bbox 2505 3343 2562 3389; x_wconf 89' lang='lat' dir='ltr'><strong>et</strong></span> <span class='ocrx_word' id='word_1_670' title='bbox 2581 3334 2913 3390; x_wconf 88' lang='lat' dir='ltr'><strong>Domitianus</strong></span> <span class='ocrx_word' id='word_1_671' title='bbox 2943 3335 3264 3407; x_wconf 85' lang='lat' dir='ltr'><strong>Ancyrensis</strong></span> <span class='ocrx_word' id='word_1_672' title='bbox 3295 3344 3322 3374; x_wconf 75' lang='grc' dir='ltr'>α</span> <span class='ocrx_word' id='word_1_673' title='bbox 3349 3334 3568 3406; x_wconf 89' lang='lat' dir='ltr'><strong>quidem</strong></span> <span class='ocrx_word' id='word_1_674' title='bbox 3595 3337 3830 3394; x_wconf 58' lang='lat' dir='ltr'><strong>civi&#39;itatis</strong></span> 
     </span>
    </p>
   </div>
   <div class='ocr_carea' id='block_1_92' title="bbox 2228 3423 3829 3499">
    <p class='ocr_par' dir='ltr' id='par_1_92' title="bbox 2228 3423 3829 3499">
     <span class='ocr_line' id='line_1_93' title="bbox 2228 3423 3829 3499; baseline 0.003 -21"><span class='ocrx_word' id='word_1_675' title='bbox 2228 3425 2512 3495; x_wconf 89' lang='lat' dir='ltr'><strong>episcopus</strong></span> <span class='ocrx_word' id='word_1_676' title='bbox 2536 3424 2828 3495; x_wconf 65' lang='lat' dir='ltr'><strong>provinciae</strong></span> <span class='ocrx_word' id='word_1_677' title='bbox 2857 3425 3043 3495; x_wconf 82' lang='lat' dir='ltr'><strong>primae</strong></span> <span class='ocrx_word' id='word_1_678' title='bbox 3083 3423 3322 3492; x_wconf 59' lang='lat' dir='ltr'><strong>Galatiae,</strong></span> <span class='ocrx_word' id='word_1_679' title='bbox 3374 3425 3468 3497; x_wconf 88' lang='lat' dir='ltr'><strong>qui</strong></span> <span class='ocrx_word' id='word_1_680' title='bbox 3513 3425 3615 3482; x_wconf 87' lang='lat' dir='ltr'><strong>fuit</strong></span> <span class='ocrx_word' id='word_1_681' title='bbox 3659 3427 3829 3499; x_wconf 85' lang='lat' dir='ltr'><strong>ipsius</strong></span> 
     </span>
    </p>
   </div>
   <div class='ocr_carea' id='block_1_93' title="bbox 2228 3515 3827 3589">
    <p class='ocr_par' dir='ltr' id='par_1_93' title="bbox 2228 3515 3827 3589">
     <span class='ocr_line' id='line_1_94' title="bbox 2228 3515 3827 3589; baseline 0.004 -19"><span class='ocrx_word' id='word_1_682' title='bbox 2228 3515 2564 3586; x_wconf 73' lang='lat' dir='ltr'><strong>Origeniana:</strong></span> <span class='ocrx_word' id='word_1_683' title='bbox 2588 3516 2806 3571; x_wconf 63' lang='lat' dir='ltr'><strong>haeresis</strong></span> <span class='ocrx_word' id='word_1_684' title='bbox 2832 3515 3150 3573; x_wconf 83' lang='lat' dir='ltr'><strong>manifestus</strong></span> <span class='ocrx_word' id='word_1_685' title='bbox 3173 3527 3432 3582; x_wconf 82' lang='lat' dir='ltr'><strong>assertor,</strong></span> <span class='ocrx_word' id='word_1_686' title='bbox 3460 3533 3558 3589; x_wconf 90' lang='lat' dir='ltr'><strong>per</strong></span> <span class='ocrx_word' id='word_1_687' title='bbox 3585 3517 3827 3576; x_wconf 78' lang='lat' dir='ltr'><strong>libellum</strong></span> 
     </span>
    </p>
   </div>
   <div class='ocr_carea' id='block_1_94' title="bbox 2227 3606 3828 3681">
    <p class='ocr_par' dir='ltr' id='par_1_94' title="bbox 2227 3606 3828 3681">
     <span class='ocr_line' id='line_1_95' title="bbox 2227 3606 3828 3681; baseline 0.005 -20"><span class='ocrx_word' id='word_1_688' title='bbox 2227 3623 2388 3677; x_wconf 88' lang='lat' dir='ltr'><strong>quem</strong></span> <span class='ocrx_word' id='word_1_689' title='bbox 2415 3606 2484 3662; x_wconf 91' lang='lat' dir='ltr'><strong>ad</strong></span> <span class='ocrx_word' id='word_1_690' title='bbox 2531 3608 2903 3664; x_wconf 89' lang='lat' dir='ltr'><strong>beatissimum</strong></span> <span class='ocrx_word' id='word_1_691' title='bbox 2942 3624 3136 3679; x_wconf 88' lang='lat' dir='ltr'><strong>papam</strong></span> <span class='ocrx_word' id='word_1_692' title='bbox 3166 3609 3417 3679; x_wconf 87' lang='lat' dir='ltr'><strong>Vigilium</strong></span> <span class='ocrx_word' id='word_1_693' title='bbox 3443 3612 3680 3681; x_wconf 87' lang='lat' dir='ltr'><strong>scripsit,</strong></span> <span class='ocrx_word' id='word_1_694' title='bbox 3709 3611 3828 3669; x_wconf 90' lang='lat' dir='ltr'><strong>Deo</strong></span> 
     </span>
    </p>
   </div>
   <div class='ocr_carea' id='block_1_95' title="bbox 2227 3697 3824 3775">
    <p class='ocr_par' dir='ltr' id='par_1_95' title="bbox 2227 3697 3824 3775">
     <span class='ocr_line' id='line_1_96' title="bbox 2227 3697 3824 3775; baseline 0.003 -21"><span class='ocrx_word' id='word_1_695' title='bbox 2227 3706 2586 3768; x_wconf 78' lang='lat' dir='ltr'><strong>extorquente</strong></span> <span class='ocrx_word' id='word_1_696' title='bbox 2613 3697 2891 3756; x_wconf 87' lang='lat' dir='ltr'><strong>confessus</strong></span> <span class='ocrx_word' id='word_1_697' title='bbox 2927 3709 3029 3768; x_wconf 89' lang='lat' dir='ltr'><strong>est,</strong></span> <span class='ocrx_word' id='word_1_698' title='bbox 3061 3701 3208 3770; x_wconf 90' lang='lat' dir='ltr'><strong>quod</strong></span> <span class='ocrx_word' id='word_1_699' title='bbox 3237 3705 3356 3772; x_wconf 88' lang='lat' dir='ltr'><strong>ejus</strong></span> <span class='ocrx_word' id='word_1_700' title='bbox 3388 3704 3679 3775; x_wconf 88' lang='lat' dir='ltr'><strong>complices</strong></span> <span class='ocrx_word' id='word_1_701' title='bbox 3699 3703 3824 3759; x_wconf 79' lang='lat' dir='ltr'><strong>Ori-</strong></span> 
     </span>
    </p>
   </div>
   <div class='ocr_carea' id='block_1_96' title="bbox 2226 3789 3826 3863">
    <p class='ocr_par' dir='ltr' id='par_1_96' title="bbox 2226 3789 3826 3863">
     <span class='ocr_line' id='line_1_97' title="bbox 2226 3789 3826 3863; baseline 0.004 -20"><span class='ocrx_word' id='word_1_702' title='bbox 2226 3789 2461 3858; x_wconf 87' lang='lat' dir='ltr'><strong>geniani,</strong></span> <span class='ocrx_word' id='word_1_703' title='bbox 2495 3804 2618 3846; x_wconf 91' lang='lat' dir='ltr'><strong>cum</strong></span> <span class='ocrx_word' id='word_1_704' title='bbox 2647 3789 2894 3846; x_wconf 89' lang='lat' dir='ltr'><strong>viderent</strong></span> <span class='ocrx_word' id='word_1_705' title='bbox 2931 3807 3041 3847; x_wconf 89' lang='lat' dir='ltr'><strong>non</strong></span> <span class='ocrx_word' id='word_1_706' title='bbox 3068 3806 3130 3846; x_wconf 89' lang='lat' dir='ltr'><strong>se</strong></span> <span class='ocrx_word' id='word_1_707' title='bbox 3176 3805 3338 3862; x_wconf 88' lang='lat' dir='ltr'><strong>posse</strong></span> <span class='ocrx_word' id='word_1_708' title='bbox 3387 3794 3665 3863; x_wconf 87' lang='lat' dir='ltr'><strong>proprium</strong></span> <span class='ocrx_word' id='word_1_709' title='bbox 3721 3795 3826 3849; x_wconf 94' lang='lat' dir='ltr'><strong>do-</strong></span> 
     </span>
    </p>
   </div>
   <div class='ocr_carea' id='block_1_97' title="bbox 2226 3869 3827 3954">
    <p class='ocr_par' dir='ltr' id='par_1_97' title="bbox 2226 3869 3827 3954">
     <span class='ocr_line' id='line_1_98' title="bbox 2226 3869 3827 3954; baseline 0.004 -20"><span class='ocrx_word' id='word_1_710' title='bbox 2226 3894 2348 3950; x_wconf 84' lang='lat' dir='ltr'><strong>gma</strong></span> <span class='ocrx_word' id='word_1_711' title='bbox 2375 3879 2688 3948; x_wconf 89' lang='lat' dir='ltr'><strong>defendere,</strong></span> <span class='ocrx_word' id='word_1_712' title='bbox 2716 3897 2891 3952; x_wconf 89' lang='lat' dir='ltr'><strong>neque</strong></span> <span class='ocrx_word' id='word_1_713' title='bbox 2920 3883 3021 3938; x_wconf 91' lang='lat' dir='ltr'><strong>sibi</strong></span> <span class='ocrx_word' id='word_1_714' title='bbox 3049 3883 3344 3954; x_wconf 87' lang='lat' dir='ltr'><strong>quidquam</strong></span> <span class='ocrx_word' id='word_1_715' title='bbox 3380 3885 3495 3954; x_wconf 91' lang='lat' dir='ltr'><strong>spei</strong></span> <span class='ocrx_word' id='word_1_716' title='bbox 3534 3869 3604 3940; x_wconf 89' lang='lat' dir='ltr'><strong>de</strong></span> <span class='ocrx_word' id='word_1_717' title='bbox 3631 3886 3827 3940; x_wconf 88' lang='lat' dir='ltr'><strong>conﬁi-</strong></span> 
     </span>
    </p>
   </div>
   <div class='ocr_carea' id='block_1_98' title="bbox 2227 3973 3826 4045">
    <p class='ocr_par' dir='ltr' id='par_1_98' title="bbox 2227 3973 3826 4045">
     <span class='ocr_line' id='line_1_99' title="bbox 2227 3973 3826 4045; baseline 0.002 -14"><span class='ocrx_word' id='word_1_718' title='bbox 2227 3982 2316 4031; x_wconf 90' lang='lat' dir='ltr'><strong>ctu</strong></span> <span class='ocrx_word' id='word_1_719' title='bbox 2343 3981 2570 4041; x_wconf 91' lang='lat' dir='ltr'><strong>restare,</strong></span> <span class='ocrx_word' id='word_1_720' title='bbox 2594 3974 2662 4029; x_wconf 88' lang='lat' dir='ltr'><strong>ad</strong></span> <span class='ocrx_word' id='word_1_721' title='bbox 2679 3973 2937 4030; x_wconf 90' lang='lat' dir='ltr'><strong>ultionem</strong></span> <span class='ocrx_word' id='word_1_722' title='bbox 2965 3989 3152 4031; x_wconf 88' lang='lat' dir='ltr'><strong>eorum</strong></span> <span class='ocrx_word' id='word_1_723' title='bbox 3179 3990 3299 4044; x_wconf 84' lang='lat' dir='ltr'><strong>quae</strong></span> <span class='ocrx_word' id='word_1_724' title='bbox 3321 3985 3508 4031; x_wconf 90' lang='lat' dir='ltr'><strong>contra</strong></span> <span class='ocrx_word' id='word_1_725' title='bbox 3536 3974 3826 4045; x_wconf 88' lang='lat' dir='ltr'><strong>Origenem</strong></span> 
     </span>
    </p>
   </div>
   <div class='ocr_carea' id='block_1_99' title="bbox 2226 4066 3822 4139">
    <p class='ocr_par' dir='ltr' id='par_1_99' title="bbox 2226 4066 3822 4139">
     <span class='ocr_line' id='line_1_100' title="bbox 2226 4066 3822 4139; baseline 0 -15"><span class='ocrx_word' id='word_1_726' title='bbox 2226 4077 2376 4138; x_wconf 84' lang='lat' dir='ltr'><strong>gesta</strong></span> <span class='ocrx_word' id='word_1_727' title='bbox 2399 4075 2543 4134; x_wconf 91' lang='lat' dir='ltr'><strong>sunt,</strong></span> <span class='ocrx_word' id='word_1_728' title='bbox 2599 4068 2715 4139; x_wconf 55' lang='lat' dir='ltr'><strong>hac</strong></span> <span class='ocrx_word' id='word_1_729' title='bbox 2769 4066 3026 4123; x_wconf 85' lang='lat' dir='ltr'><strong>Ecclesiae</strong></span> <span class='ocrx_word' id='word_1_730' title='bbox 3074 4067 3330 4124; x_wconf 88' lang='lat' dir='ltr'><strong>scandala</strong></span> <span class='ocrx_word' id='word_1_731' title='bbox 3388 4079 3822 4124; x_wconf 88' lang='lat' dir='ltr'><strong>commoverunt.</strong></span> 
     </span>
    </p>
   </div>
   <div class='ocr_carea' id='block_1_100' title="bbox 2227 4157 3826 4231">
    <p class='ocr_par' dir='ltr' id='par_1_100' title="bbox 2227 4157 3826 4231">
     <span class='ocr_line' id='line_1_101' title="bbox 2227 4157 3826 4231; baseline 0.001 -17"><span class='ocrx_word' id='word_1_732' title='bbox 2227 4158 2432 4215; x_wconf 86' lang='lat' dir='ltr'><strong>llorum</strong></span> <span class='ocrx_word' id='word_1_733' title='bbox 2463 4158 2624 4229; x_wconf 86' lang='lat' dir='ltr'><strong>igitur</strong></span> <span class='ocrx_word' id='word_1_734' title='bbox 2659 4159 2916 4214; x_wconf 89' lang='lat' dir='ltr'><strong>satellitio</strong></span> <span class='ocrx_word' id='word_1_735' title='bbox 2946 4157 3171 4228; x_wconf 82' lang='lat' dir='ltr'><strong>fungens</strong></span> <span class='ocrx_word' id='word_1_736' title='bbox 3213 4157 3670 4231; x_wconf 80' lang='lat' dir='ltr'><strong>Eutychianoruxn</strong></span> <span class='ocrx_word' id='word_1_737' title='bbox 3696 4176 3826 4231; x_wconf 86' lang='lat' dir='ltr'><strong>per-</strong></span> 
     </span>
    </p>
   </div>
   <div class='ocr_carea' id='block_1_101' title="bbox 2227 4251 3832 4322">
    <p class='ocr_par' dir='ltr' id='par_1_101' title="bbox 2227 4251 3832 4322">
     <span class='ocr_line' id='line_1_102' title="bbox 2227 4251 3832 4322; baseline 0.003 -17"><span class='ocrx_word' id='word_1_738' title='bbox 2227 4251 2371 4320; x_wconf 89' lang='lat' dir='ltr'><strong>ﬁdia,</strong></span> <span class='ocrx_word' id='word_1_739' title='bbox 2403 4267 2468 4308; x_wconf 93' lang='lat' dir='ltr'><strong>ea</strong></span> <span class='ocrx_word' id='word_1_740' title='bbox 2496 4267 2616 4322; x_wconf 70' lang='lat' dir='ltr'><strong>qua:</strong></span> <span class='ocrx_word' id='word_1_741' title='bbox 2646 4266 2744 4322; x_wconf 88' lang='lat' dir='ltr'><strong>per</strong></span> <span class='ocrx_word' id='word_1_742' title='bbox 2808 4268 2868 4308; x_wconf 92' lang='lat' dir='ltr'><strong>se</strong></span> <span class='ocrx_word' id='word_1_743' title='bbox 2908 4261 3099 4308; x_wconf 89' lang='lat' dir='ltr'><strong>contra</strong></span> <span class='ocrx_word' id='word_1_744' title='bbox 3147 4253 3588 4309; x_wconf 89' lang='lat' dir='ltr'><strong>Chalcedonense</strong></span> <span class='ocrx_word' id='word_1_745' title='bbox 3640 4255 3832 4310; x_wconf 87' lang='lat' dir='ltr'><strong>conci-</strong></span> 
     </span>
    </p>
   </div>
   <div class='ocr_carea' id='block_1_102' title="bbox 2227 4343 3821 4416">
    <p class='ocr_par' dir='ltr' id='par_1_102' title="bbox 2227 4343 3821 4416">
     <span class='ocr_line' id='line_1_103' title="bbox 2227 4343 3821 4416; baseline 0.002 -18"><span class='ocrx_word' id='word_1_746' title='bbox 2227 4343 2356 4399; x_wconf 88' lang='lat' dir='ltr'><strong>lium</strong></span> <span class='ocrx_word' id='word_1_747' title='bbox 2385 4343 2749 4414; x_wconf 88' lang='lat' dir='ltr'><strong>nequidquam</strong></span> <span class='ocrx_word' id='word_1_748' title='bbox 2787 4358 2930 4414; x_wconf 62' lang='lat' dir='ltr'><strong>saepe</strong></span> <span class='ocrx_word' id='word_1_749' title='bbox 2959 4351 3280 4410; x_wconf 88' lang='lat' dir='ltr'><strong>tentaverat,</strong></span> <span class='ocrx_word' id='word_1_750' title='bbox 3313 4349 3414 4415; x_wconf 82' lang='lat' dir='ltr'><strong>per</strong></span> <span class='ocrx_word' id='word_1_751' title='bbox 3456 4346 3602 4416; x_wconf 91' lang='lat' dir='ltr'><strong>ipsos</strong></span> <span class='ocrx_word' id='word_1_752' title='bbox 3641 4345 3821 4401; x_wconf 84' lang='lat' dir='ltr'><strong>laten-</strong></span> 
     </span>
    </p>
   </div>
   <div class='ocr_carea' id='block_1_103' title="bbox 2229 4434 3826 4505">
    <p class='ocr_par' dir='ltr' id='par_1_103' title="bbox 2229 4434 3826 4505">
     <span class='ocr_line' id='line_1_104' title="bbox 2229 4434 3826 4505; baseline 0.003 -16"><span class='ocrx_word' id='word_1_753' title='bbox 2229 4442 2313 4489; x_wconf 88' lang='lat' dir='ltr'><strong>ter</strong></span> <span class='ocrx_word' id='word_1_754' title='bbox 2351 4448 2602 4504; x_wconf 86' lang='lat' dir='ltr'><strong>aggressa</strong></span> <span class='ocrx_word' id='word_1_755' title='bbox 2633 4442 2718 4490; x_wconf 89' lang='lat' dir='ltr'><strong>est</strong></span> <span class='ocrx_word' id='word_1_756' title='bbox 2759 4435 2851 4505; x_wconf 88' lang='lat' dir='ltr'><strong>qui</strong></span> <span class='ocrx_word' id='word_1_757' title='bbox 2893 4434 3050 4490; x_wconf 87' lang='lat' dir='ltr'><strong>nobis</strong></span> <span class='ocrx_word' id='word_1_758' title='bbox 3073 4451 3181 4491; x_wconf 93' lang='lat' dir='ltr'><strong>non</strong></span> <span class='ocrx_word' id='word_1_759' title='bbox 3235 4436 3559 4492; x_wconf 81' lang='lat' dir='ltr'><strong>videbantur</strong></span> <span class='ocrx_word' id='word_1_760' title='bbox 3606 4438 3662 4493; x_wconf 93' lang='lat' dir='ltr'><strong>in</strong></span> <span class='ocrx_word' id='word_1_761' title='bbox 3721 4438 3826 4495; x_wconf 86' lang='lat' dir='ltr'><strong>hac</strong></span> 
     </span>
    </p>
   </div>
   <div class='ocr_carea' id='block_1_104' title="bbox 2229 4524 3825 4600">
    <p class='ocr_par' dir='ltr' id='par_1_104' title="bbox 2229 4524 3825 4600">
     <span class='ocr_line' id='line_1_105' title="bbox 2229 4524 3825 4600; baseline 0.004 -21"><span class='ocrx_word' id='word_1_762' title='bbox 2229 4536 2384 4596; x_wconf 90' lang='lat' dir='ltr'><strong>parte</strong></span> <span class='ocrx_word' id='word_1_763' title='bbox 2407 4527 2666 4597; x_wconf 87' lang='lat' dir='ltr'><strong>suspecti.</strong></span> <span class='ocrx_word' id='word_1_764' title='bbox 2699 4526 2811 4582; x_wconf 88' lang='lat' dir='ltr'><strong>Nec</strong></span> <span class='ocrx_word' id='word_1_765' title='bbox 2847 4535 3026 4582; x_wconf 90' lang='lat' dir='ltr'><strong>tamen</strong></span> <span class='ocrx_word' id='word_1_766' title='bbox 3070 4533 3125 4582; x_wconf 87' lang='lat' dir='ltr'><strong>et</strong></span> <span class='ocrx_word' id='word_1_767' title='bbox 3171 4528 3247 4582; x_wconf 94' lang='lat' dir='ltr'><strong>illi</strong></span> <span class='ocrx_word' id='word_1_768' title='bbox 3278 4524 3526 4597; x_wconf 87' lang='lat' dir='ltr'><strong>magnani</strong></span> <span class='ocrx_word' id='word_1_769' title='bbox 3555 4529 3825 4600; x_wconf 83' lang='lat' dir='ltr'><strong>synodum</strong></span> 
     </span>
    </p>
   </div>
   <div class='ocr_carea' id='block_1_105' title="bbox 2226 4616 3822 4689">
    <p class='ocr_par' dir='ltr' id='par_1_105' title="bbox 2226 4616 3822 4689">
     <span class='ocr_line' id='line_1_106' title="bbox 2226 4616 3822 4689; baseline 0.004 -19"><span class='ocrx_word' id='word_1_770' title='bbox 2226 4616 2405 4686; x_wconf 89' lang='lat' dir='ltr'><strong>palam</strong></span> <span class='ocrx_word' id='word_1_771' title='bbox 2457 4617 2853 4688; x_wconf 90' lang='lat' dir='ltr'><strong>reprehendere</strong></span> <span class='ocrx_word' id='word_1_772' title='bbox 2899 4627 3386 4688; x_wconf 72' lang='lat' dir='ltr'><strong>praesumpserunt;</strong></span> <span class='ocrx_word' id='word_1_773' title='bbox 3437 4621 3608 4689; x_wconf 89' lang='lat' dir='ltr'><strong>magis</strong></span> <span class='ocrx_word' id='word_1_774' title='bbox 3639 4631 3822 4676; x_wconf 91' lang='lat' dir='ltr'><strong>autem</strong></span> 
     </span>
    </p>
   </div>
   <div class='ocr_carea' id='block_1_106' title="bbox 2225 4709 3824 4783">
    <p class='ocr_par' dir='ltr' id='par_1_106' title="bbox 2225 4709 3824 4783">
     <span class='ocr_line' id='line_1_107' title="bbox 2225 4709 3824 4783; baseline 0.004 -20"><span class='ocrx_word' id='word_1_775' title='bbox 2225 4710 2325 4764; x_wconf 90' lang='lat' dir='ltr'><strong>sub</strong></span> <span class='ocrx_word' id='word_1_776' title='bbox 2381 4710 2615 4778; x_wconf 89' lang='lat' dir='ltr'><strong>quodam</strong></span> <span class='ocrx_word' id='word_1_777' title='bbox 2663 4710 2848 4765; x_wconf 92' lang='lat' dir='ltr'><strong>colore</strong></span> <span class='ocrx_word' id='word_1_778' title='bbox 2894 4709 3244 4775; x_wconf 85' lang='lat' dir='ltr'><strong>defensionis,</strong></span> <span class='ocrx_word' id='word_1_779' title='bbox 3289 4727 3450 4782; x_wconf 86' lang='lat' dir='ltr'><strong>quam</strong></span> <span class='ocrx_word' id='word_1_780' title='bbox 3479 4721 3582 4768; x_wconf 66' lang='lat' dir='ltr'><strong>tuae</strong></span> <span class='ocrx_word' id='word_1_781' title='bbox 3629 4715 3824 4783; x_wconf 84' lang='lat' dir='ltr'><strong>pietati</strong></span> 
     </span>
    </p>
   </div>
   <div class='ocr_carea' id='block_1_107' title="bbox 2227 4801 3825 4875">
    <p class='ocr_par' dir='ltr' id='par_1_107' title="bbox 2227 4801 3825 4875">
     <span class='ocr_line' id='line_1_108' title="bbox 2227 4801 3825 4875; baseline 0.003 -20"><span class='ocrx_word' id='word_1_782' title='bbox 2227 4801 2641 4856; x_wconf 90' lang='lat' dir='ltr'><strong>commendabat</strong></span> <span class='ocrx_word' id='word_1_783' title='bbox 2661 4801 2825 4856; x_wconf 80' lang='lat' dir='ltr'><strong>fallax</strong></span> <span class='ocrx_word' id='word_1_784' title='bbox 2851 4805 3376 4874; x_wconf 86' lang='lat' dir='ltr'><strong>eorum-promissio,</strong></span> <span class='ocrx_word' id='word_1_785' title='bbox 3413 4805 3578 4860; x_wconf 83' lang='lat' dir='ltr'><strong>robur</strong></span> <span class='ocrx_word' id='word_1_786' title='bbox 3594 4805 3713 4875; x_wconf 90' lang='lat' dir='ltr'><strong>ejus</strong></span> <span class='ocrx_word' id='word_1_787' title='bbox 3741 4807 3825 4861; x_wconf 84' lang='lat' dir='ltr'><strong>in-</strong></span> 
     </span>
    </p>
   </div>
   <div class='ocr_carea' id='block_1_108' title="bbox 2227 4890 3825 4966">
    <p class='ocr_par' dir='ltr' id='par_1_108' title="bbox 2227 4890 3825 4966">
     <span class='ocr_line' id='line_1_109' title="bbox 2227 4890 3825 4966; baseline 0.005 -21"><span class='ocrx_word' id='word_1_788' title='bbox 2227 4892 2441 4948; x_wconf 86' lang='lat' dir='ltr'><strong>ﬁrmare</strong></span> <span class='ocrx_word' id='word_1_789' title='bbox 2469 4894 2649 4948; x_wconf 90' lang='lat' dir='ltr'><strong>conati</strong></span> <span class='ocrx_word' id='word_1_790' title='bbox 2675 4901 2818 4948; x_wconf 91' lang='lat' dir='ltr'><strong>sunt.</strong></span> <span class='ocrx_word' id='word_1_791' title='bbox 2867 4890 3152 4950; x_wconf 69' lang='lat' dir='ltr'><strong>iactabant</strong></span> <span class='ocrx_word' id='word_1_792' title='bbox 3199 4896 3365 4962; x_wconf 91' lang='lat' dir='ltr'><strong>enim,</strong></span> <span class='ocrx_word' id='word_1_793' title='bbox 3425 4895 3564 4950; x_wconf 85' lang='lat' dir='ltr'><strong>sicut</strong></span> <span class='ocrx_word' id='word_1_794' title='bbox 3615 4897 3825 4966; x_wconf 86' lang='lat' dir='ltr'><strong>optime</strong></span> 
     </span>
    </p>
   </div>
   <div class='ocr_carea' id='block_1_109' title="bbox 2224 4984 3826 5060">
    <p class='ocr_par' dir='ltr' id='par_1_109' title="bbox 2224 4984 3826 5060">
     <span class='ocr_line' id='line_1_110' title="bbox 2224 4984 3826 5060; baseline 0.002 -20"><span class='ocrx_word' id='word_1_795' title='bbox 2224 4985 2387 5050; x_wconf 91' lang='lat' dir='ltr'><strong>nosti,</strong></span> <span class='ocrx_word' id='word_1_796' title='bbox 2413 4985 2558 5055; x_wconf 89' lang='lat' dir='ltr'><strong>quod</strong></span> <span class='ocrx_word' id='word_1_797' title='bbox 2584 5001 2773 5042; x_wconf 88' lang='lat' dir='ltr'><strong>omnes</strong></span> <span class='ocrx_word' id='word_1_798' title='bbox 2793 4984 3116 5058; x_wconf 85' lang='lat' dir='ltr'><strong>Eutychiani</strong></span> <span class='ocrx_word' id='word_1_799' title='bbox 3138 4988 3231 5058; x_wconf 89' lang='lat' dir='ltr'><strong>qui</strong></span> <span class='ocrx_word' id='word_1_800' title='bbox 3251 4987 3485 5045; x_wconf 90' lang='lat' dir='ltr'><strong>decretis</strong></span> <span class='ocrx_word' id='word_1_801' title='bbox 3507 4988 3625 5060; x_wconf 90' lang='lat' dir='ltr'><strong>ejus</strong></span> <span class='ocrx_word' id='word_1_802' title='bbox 3651 4987 3826 5045; x_wconf 76' lang='lat' dir='ltr'><strong>oﬁ‘en-</strong></span> 
     </span>
    </p>
   </div>
   <div class='ocr_carea' id='block_1_110' title="bbox 2225 5205 3820 5282">
    <p class='ocr_par' dir='ltr' id='par_1_110' title="bbox 2225 5205 3820 5282">
     <span class='ocr_line' id='line_1_111' title="bbox 2225 5205 3820 5282; baseline 0.011 -22"><span class='ocrx_word' id='word_1_803' title='bbox 2225 5205 2388 5282; x_wconf 63' lang='lat' dir='ltr'><strong>modo</strong></span> <span class='ocrx_word' id='word_1_804' title='bbox 2417 5205 2502 5282; x_wconf 88' lang='lat' dir='ltr'><strong>_ad</strong></span> <span class='ocrx_word' id='word_1_805' title='bbox 2546 5208 2941 5282; x_wconf 88' lang='lat' dir='ltr'><strong>suscipiendam</strong></span> <span class='ocrx_word' id='word_1_806' title='bbox 3007 5211 3271 5282; x_wconf 86' lang='lat' dir='ltr'><strong>synodum</strong></span> <span class='ocrx_word' id='word_1_807' title='bbox 3316 5213 3820 5277; x_wconf 87' lang='lat' dir='ltr'><strong>Chalcedonensem</strong></span> 
     </span>
    </p>
   </div>
   <div class='ocr_carea' id='block_1_111' title="bbox 2223 5274 3814 5360">
    <p class='ocr_par' dir='ltr' id='par_1_111' title="bbox 2223 5274 3814 5360">
     <span class='ocr_line' id='line_1_112' title="bbox 2223 5274 3814 5360; baseline 0.011 -31"><span class='ocrx_word' id='word_1_808' title='bbox 2223 5274 2585 5360; x_wconf 61' lang='lat' dir='ltr'><strong>Ecclesizeque</strong></span> <span class='ocrx_word' id='word_1_809' title='bbox 2614 5274 3054 5360; x_wconf 75' lang='lat' dir='ltr'><strong>communionem</strong></span> <span class='ocrx_word' id='word_1_810' title='bbox 3081 5283 3271 5360; x_wconf 68' lang='lat' dir='ltr'><strong>adduci</strong></span> <span class='ocrx_word' id='word_1_811' title='bbox 3302 5284 3606 5360; x_wconf 80' lang='lat' dir='ltr'><strong>A_cephalos</strong></span> <span class='ocrx_word' id='word_1_812' title='bbox 3631 5274 3814 5360; x_wconf 74' lang='lat' dir='ltr'><strong>posse.</strong></span> 
     </span>
    </p>
   </div>
   <div class='ocr_carea' id='block_1_112' title="bbox 2219 5345 3821 5421">
    <p class='ocr_par' dir='ltr' id='par_1_112' title="bbox 2219 5345 3821 5421">
     <span class='ocr_line' id='line_1_113' title="bbox 2219 5345 3821 5421; baseline 0.01 -21"><span class='ocrx_word' id='word_1_813' title='bbox 2219 5345 2391 5404; x_wconf 64' lang='lat' dir='ltr'><strong>Editze</strong></span> <span class='ocrx_word' id='word_1_814' title='bbox 2418 5345 2542 5403; x_wconf 84' lang='lat' dir='ltr'><strong>sunt</strong></span> <span class='ocrx_word' id='word_1_815' title='bbox 2569 5357 2694 5418; x_wconf 89' lang='lat' dir='ltr'><strong>post</strong></span> <span class='ocrx_word' id='word_1_816' title='bbox 2739 5351 3000 5421; x_wconf 86' lang='lat' dir='ltr'><strong>synodum</strong></span> <span class='ocrx_word' id='word_1_817' title='bbox 3046 5367 3082 5407; x_wconf 94' lang='lat' dir='ltr'><strong>v</strong></span> <span class='ocrx_word' id='word_1_818' title='bbox 3118 5345 3540 5411; x_wconf 64' lang='lat' dir='ltr'><strong>Graeco-Latinis</strong></span> <span class='ocrx_word' id='word_1_819' title='bbox 3567 5345 3821 5415; x_wconf 42' lang='lat' dir='ltr'><strong>ddum};</strong></span> 
     </span>
    </p>
   </div>
   <div class='ocr_carea' id='block_1_113' title="bbox 2220 5422 3820 5488">
    <p class='ocr_par' dir='ltr' id='par_1_113' title="bbox 2220 5422 3820 5488">
     <span class='ocr_line' id='line_1_114' title="bbox 2220 5422 3820 5488; baseline 0.008 -17"><span class='ocrx_word' id='word_1_820' title='bbox 2220 5430 2325 5485; x_wconf 91' lang='lat' dir='ltr'><strong>que</strong></span> <span class='ocrx_word' id='word_1_821' title='bbox 2352 5428 2669 5488; x_wconf 86' lang='lat' dir='ltr'><strong>argumento</strong></span> <span class='ocrx_word' id='word_1_822' title='bbox 2710 5422 2952 5488; x_wconf 64' lang='lat' dir='ltr'><strong>epistolae</strong></span> <span class='ocrx_word' id='word_1_823' title='bbox 2979 5423 3097 5476; x_wconf 69' lang='lat' dir='ltr'><strong>dua:</strong></span> <span class='ocrx_word' id='word_1_824' title='bbox 3124 5422 3432 5480; x_wconf 88' lang='lat' dir='ltr'><strong>Justiniani.</strong></span> <span class='ocrx_word' id='word_1_825' title='bbox 3479 5427 3682 5484; x_wconf 88' lang='lat' dir='ltr'><strong>Prioris</strong></span> <span class='ocrx_word' id='word_1_826' title='bbox 3721 5431 3820 5483; x_wconf 81' lang='lat' dir='ltr'><strong>ad-</strong></span> 
     </span>
    </p>
   </div>
   <div class='ocr_carea' id='block_1_114' title="bbox 2218 5489 3812 5563">
    <p class='ocr_par' dir='ltr' id='par_1_114' title="bbox 2218 5489 3812 5563">
     <span class='ocr_line' id='line_1_115' title="bbox 2218 5489 3812 5563; baseline 0.01 -23"><span class='ocrx_word' id='word_1_827' title='bbox 2218 5502 2408 5563; x_wconf 71' lang='lat' dir='ltr'><strong>versus</strong></span> <span class='ocrx_word' id='word_1_828' title='bbox 2443 5489 2728 5558; x_wconf 87' lang='lat' dir='ltr'><strong>Origenem</strong></span> <span class='ocrx_word' id='word_1_829' title='bbox 2757 5491 2967 5563; x_wconf 72' lang='lat' dir='ltr'><strong>initium</strong></span> <span class='ocrx_word' id='word_1_830' title='bbox 3000 5493 3288 5562; x_wconf 58' lang='lat' dir='ltr'><strong>est,.tazv</strong></span> <span class='ocrx_word' id='word_1_831' title='bbox 3325 5499 3412 5563; x_wconf 82' lang='grc' dir='ltr'><strong>μὲν</strong></span> <span class='ocrx_word' id='word_1_832' title='bbox 3461 5501 3539 5552; x_wconf 80' lang='grc' dir='ltr'><strong>ἀεέ</strong></span> <span class='ocrx_word' id='word_1_833' title='bbox 3567 5501 3770 5560; x_wconf 74' lang='grc' dir='ltr'><strong>σπουδή</strong></span> <span class='ocrx_word' id='word_1_834' title='bbox 3793 5518 3812 5532; x_wconf 72' lang='grc' dir='ltr'><strong>ο</strong></span> 
     </span>
    </p>
   </div>
   <div class='ocr_carea' id='block_1_115' title="bbox 2220 5556 3820 5640">
    <p class='ocr_par' dir='ltr' id='par_1_115' title="bbox 2220 5556 3820 5640">
     <span class='ocr_line' id='line_1_116' title="bbox 2220 5556 3820 5640; baseline 0.009 -29"><span class='ocrx_word' id='word_1_835' title='bbox 2220 5556 2392 5640; x_wconf 58' lang='lat' dir='ltr'><strong>Nobis</strong></span> <span class='ocrx_word' id='word_1_836' title='bbox 2421 5556 2620 5640; x_wconf 61' lang='lat' dir='ltr'><strong>semper</strong></span> <span class='ocrx_word' id='word_1_837' title='bbox 2641 5561 2827 5640; x_wconf 62' lang='lat' dir='ltr'><strong>studio</strong></span> <span class='ocrx_word' id='word_1_838' title='bbox 2845 5562 2975 5640; x_wconf 58' lang='lat' dir='ltr'><strong>fuit;</strong></span> <span class='ocrx_word' id='word_1_839' title='bbox 3008 5556 3333 5640; x_wconf 33' lang='lat' dir='ltr'><strong>posterioris.</strong></span> <span class='ocrx_word' id='word_1_840' title='bbox 3350 5566 3415 5622; x_wconf 88' lang='lat' dir='ltr'><strong>de</strong></span> <span class='ocrx_word' id='word_1_841' title='bbox 3445 5569 3618 5640; x_wconf 88' lang='lat' dir='ltr'><strong>tribus</strong></span> <span class='ocrx_word' id='word_1_842' title='bbox 3645 5556 3820 5640; x_wconf 9' lang='lat' dir='ltr'><strong>Carpi-</strong></span> 
     </span>
    </p>
   </div>
   <div class='ocr_carea' id='block_1_116' title="bbox 2219 5628 3814 5707">
    <p class='ocr_par' dir='ltr' id='par_1_116' title="bbox 2219 5628 3814 5707">
     <span class='ocr_line' id='line_1_117' title="bbox 2219 5628 3814 5707; baseline 0.01 -25"><span class='ocrx_word' id='word_1_843' title='bbox 2219 5628 2344 5685; x_wconf 85' lang='lat' dir='ltr'><strong>tulis</strong></span> <span class='ocrx_word' id='word_1_844' title='bbox 2394 5628 2594 5692; x_wconf 72' lang='grc' dir='ltr'><strong>Εὶδόιὲες</strong></span> <span class='ocrx_word' id='word_1_845' title='bbox 2623 5635 2691 5692; x_wconf 76' lang='grc' dir='ltr'><strong>ὡς</strong></span> <span class='ocrx_word' id='word_1_846' title='bbox 2721 5628 2859 5688; x_wconf 70' lang='grc' dir='ltr'><strong>οῖδὲῦ</strong></span> <span class='ocrx_word' id='word_1_847' title='bbox 2883 5628 3036 5700; x_wconf 57' lang='lat' dir='ltr'><strong>mimi,</strong></span> <span class='ocrx_word' id='word_1_848' title='bbox 3063 5633 3296 5691; x_wconf 76' lang='lat' dir='ltr'><strong>Scientes</strong></span> <span class='ocrx_word' id='word_1_849' title='bbox 3319 5639 3455 5707; x_wconf 84' lang='lat' dir='ltr'><strong>quod</strong></span> <span class='ocrx_word' id='word_1_850' title='bbox 3481 5641 3615 5695; x_wconf 77' lang='lat' dir='ltr'><strong>nihil</strong></span> <span class='ocrx_word' id='word_1_851' title='bbox 3643 5628 3814 5698; x_wconf 72' lang='lat' dir='ltr'><strong>aliud.</strong></span> 
     </span>
    </p>
   </div>
   <div class='ocr_carea' id='block_1_117' title="bbox 2309 5878 3389 5945">
    <p class='ocr_par' dir='ltr' id='par_1_117' title="bbox 2309 5878 3389 5945">
     <span class='ocr_line' id='line_1_118' title="bbox 2309 5878 3389 5945; baseline 0.007 -14"><span class='ocrx_word' id='word_1_852' title='bbox 2309 5878 2488 5934; x_wconf 71' lang='lat' dir='ltr'><strong>’ldem</strong></span> <span class='ocrx_word' id='word_1_853' title='bbox 2518 5879 2664 5945; x_wconf 89' lang='lat' dir='ltr'><strong>cod.,</strong></span> <span class='ocrx_word' id='word_1_854' title='bbox 2705 5880 2909 5934; x_wconf 83' lang='lat' dir='ltr'><strong>concilii</strong></span> <span class='ocrx_word' id='word_1_855' title='bbox 2943 5880 3389 5939; x_wconf 73' lang='lat' dir='ltr'><strong>Chalcedonensis.</strong></span> 
     </span>
    </p>
   </div>
  </div>
