4122 6552
355 403 464 460 5'55

1320 393 1459 450 ΡΙὶο
1501 391 1920 451 DEFENSIONE
1958 391 2177 449 TRIUM
2216 391 2532 449 CAPITUL.
2576 390 2702 447 LIB.
2758 393 2796 449 Ι.

3562 389 3669 445 554

355 520 579 585 duntur,
609 514 1077 571 communicarent
1106 508 1383 577 Ecclesim,
1405 509 1450 563 si
1475 508 1702 578 epistola
1735 521 1959 563 venera-
1992 506 2037 565 Α
2064 504 2181 559 haec
2217 504 2435 573 quidem
2465 504 2607 559 dicta
2648 504 2759 559 sint
2806 501 2874 557 ad
2904 500 3328 558 satisfactionem
3357 506 3671 575 eorum—qni

356 614 480 670 bilis
506 611 611 666 Iba:
630 605 889 664 Edesseni
910 603 1156 676 episcopi
1184 602 1254 657 ad
1274 601 1463 656 Marim
1487 598 1708 656 Persam
1736 598 1957 667 scripta,

356 720 521 774 quam
570 700 827 773 praedicta
873 695 1132 767 synodus,
1189 708 1314 749 cum
1366 708 1467 764 pro
1514 706 1580 747 ea
1629 695 1962 746 memoratus

358 796 480 852 lbas
502 792 757 861 tanquam
780 788 1073 857 injuriosus
1115 785 1170 840 in
1196 785 1415 840 beatum
1442 783 1701 855 Cyrillum
1731 794 1960 837 accusa-

358 898 529 949 retur,
579 880 955 954 pronuntiavit
999 876 1380 942 orthodoxam,
1437 875 1789 931 damnaretur
1839 873 1961 943 qui-

357 978 481 1033 dem
512 984 574 1031 ut
608 973 947 1038 Nestoriana,
994 969 1091 1025 sed
1118 968 1418 1040 approbata
1466 966 1628 1022 fuisse
1675 980 1706 1020 a
1752 965 1961 1037 synodo

359 1075 670 1138 negaretur.
723 1064 840 1119 Hoc
895 1069 1118 1130 agentes
1167 1067 1365 1125 astute,
1409 1065 1470 1113 ut
1512 1057 1637 1113 dum
1665 1057 1878 1114 nescios
1906 1063 1964 1112 et

360 1162 577 1231 ignaros
604 1157 890 1222 advocant,
921 1152 1066 1224 quod
1104 1166 1203 1223 per
1233 1148 1423 1207 falsam
1463 1157 1520 1205 et
1555 1147 1962 1220 impudentissi-

360 1269 505 1313 mam
529 1252 874 1321 negationem
922 1244 1137 1302 defendi
1190 1242 1435 1316 synodus
1475 1242 1668 1312 possit,
1702 1255 1961 1311 qumcun-

359 1360 468 1417 que
507 1342 790 1400 mendacia
844 1336 1167 1409 Eutychiani
1221 1335 1278 1390 in
1338 1333 1760 1405 reprehensione
1795 1332 1965 1402 ipsius

361 1436 606 1508 epistola:
632 1434 921 1499 dictarent,
964 1428 1181 1484 nemine
1217 1426 1331 1498 jam
1369 1426 1677 1491 resistente,
1726 1425 1815 1480 vel
1839 1424 1965 1480 hinc

360 1534 663 1596 satagente,
700 1523 1001 1579 scriberent
1027 1526 1360 1584 nostrorum,
1390 1510 1537 1589 quod
1577 1516 1733 1572 valde
1774 1515 1965 1585 lugen-

360 1619 493 1676 dum
522 1626 622 1683 est,
651 1613 1141 1686 subscriptionibus
1170 1609 1487 1666 afﬁrmanda
1524 1625 1537 1663 :
1570 1616 1628 1665 ut
1658 1623 1783 1665 cum
1811 1614 1965 1679 post-

369 1726 472 1781 ea,
522 1709 669 1780 quod
716 1706 1031 1763 facillimum
1087 1710 1207 1761 erat
1264 1704 1281 1735 ¹
1313 1702 1430 1758 sola
1466 1698 1744 1772 gestorum
1783 1700 1965 1772 prola-

361 1803 532 1868 tione,
561 1805 811 1870 suscepta
839 1797 1004 1854 fuisse
1042 1796 1111 1851 ab
1139 1795 1233 1852 illo
1270 1795 1503 1852 concilio
1541 1801 1957 1860 monstraretur,

2063 610 2190 650 cum
2220 609 2343 651 eam
2386 596 2765 651 necessitatem
2818 594 3097 664 ignorent,
3145 593 3312 649 etiam
3354 608 3568 663 easquae
3592 595 3675 651 di-

2062 694 2260 747 cuntur
2299 688 2477 743 minus
2520 687 2808 756 vigilanter
2861 686 3165 741 attendunt.
3220 685 3675 755 lntelligentiores

2064 782 2247 831 autem
2277 776 2519 847 profecto
2549 783 2905 845 cognoscent,
2952 775 3081 845 quid
3114 782 3169 829 et
3196 773 3497 830 defensioni
3538 791 3677 846 prm-

2062 869 2234 925 seutis
2262 882 2439 924 causa:
2466 866 2716 938 proﬁciat
2763 866 3005 923 defensio
3042 864 3187 930 ﬁdei,
3234 880 3354 934 qua:
3384 866 3516 920 mihi
3547 882 3671 922 cum

2062 969 2156 1017 tua
2186 961 2393 1031 pietate
2419 958 2721 1016 communis
2749 965 2851 1012 est.
2890 956 2949 1011 Si
3008 956 3152 1011 enim
3199 956 3505 1025 probavero
3551 970 3673 1009 cam

2064 1059 2215 1108 recte
2254 1066 2320 1107 ac
2345 1050 2645 1121 prudenter
2668 1047 3004 1105 Nestorianis
3044 1046 3500 1118 Eulychianisque
3540 1048 3677 1101 resi-

2064 1152 2232 1209 stere,
2294 1159 2459 1214 quam
2508 1157 2672 1212 supra
2721 1140 2833 1211 jam
2893 1140 3174 1196 docuimus
3215 1153 3423 1208 magum
3477 1139 3672 1210 synodi

2062 1233 2521 1292 Chalcedonensis
2558 1232 2961 1289 deﬁnitionibus
2997 1232 3308 1297 convenire,
3359 1232 3520 1287 nimis
3572 1233 3668 1286 ab-

2063 1326 2286 1383 surdum
2338 1325 2608 1381 videbitur
2658 1331 2718 1378 ut
2772 1322 3094 1378 Nestoriana
3144 1321 3397 1377 credatur
3441 1320 3675 1391 epistola

2064 1433 2226 1489 quam
2259 1417 2347 1473 illa
2377 1414 2618 1488 synodus
2645 1413 2991 1485 approbavit,
3023 1428 3144 1483 qua:
3188 1412 3318 1482 ipsis
3345 1411 3457 1466 suis
3478 1410 3673 1466 defini-

2065 1509 2305 1566 tionibus
2330 1507 2775 1563 Nestorianorum
2803 1504 3031 1561 fallaciae.
3062 1513 3173 1560 tam
3212 1504 3446 1560 solerter
3483 1518 3674 1558 occur-

2064 1601 2155 1657 rit.
2199 1599 2403 1659 Deinde
2431 1614 2558 1656 cum
2586 1607 2813 1670 propter
2842 1598 2961 1654 hzec
2988 1612 3133 1667 eam,
3163 1598 3250 1653 vel
3298 1597 3353 1653 iu
3402 1597 3675 1663 sententia

2065 1706 2229 1763 super
2256 1690 2485 1761 epistola
2511 1689 2617 1746 lbte
2640 1689 2872 1760 prolata,
2903 1689 2989 1745 vel
3018 1689 3072 1743 in
3100 1689 3312 1745 caeteris
3347 1688 3475 1743 hinc
3503 1694 3671 1756 atque

2067 1781 2197 1837 inde
2241 1780 2548 1837 Nestoriani
2594 1789 2651 1837 et
2677 1779 2999 1851 Eutychiaui
3038 1778 3481 1845 calumnientur,'.
3498 1777 3675 1833 omnis

362 1894 438 1949 nil
462 1860 574 1962 jam
603 1860 932 1962 superesset,
963 1886 1108 1958 quod
1156 1884 1507 1957 Eutychianis
1545 1885 1614 1942 de
1638 1886 1964 1943 Nestoriano
1996 1860 2041 1921 Β
2069 1887 2258 1929 eorum
2279 1887 2417 1928 vana
2445 1871 2538 1928 fiet
2559 1872 2814 1939 intentio,
2839 1878 2897 1927 et
2942 1869 3143 1926 frustra
3186 1885 3251 1926 se
3272 1870 3537 1962 laborare
3583 1883 3667 1962 coo

361 1958 618 2058 dogmate
645 1958 862 2057 semper
890 1984 1021 2040 illud
1060 1983 1449 2040 infamantibus
1488 1985 1821 2055 respondere
1846 1999 1969 2055 pos-

2072 1972 2350 2035 gnoscent,
2380 1965 2427 2020 si
2464 1978 2588 2020 cum
2630 1963 2790 2018 ﬁdem
2833 1969 3076 2019 nostram
3117 1959 3540 2026 asserimus,-illi
3568 1958 3668 2014 de-

361 2050 544 2137 scmus
581 2082 623 2133 ³.
661 2050 782 2135 His-
811 2077 975 2149 igitur
1020 2078 1097 2133 ita
1151 2076 1520 2134 fraudulenter
1565 2050 1872 2147 agentibus,
1902 2093 1969 2135 ac

2072 2066 2223 2115 creta
2251 2057 2420 2128 ipsius
2466 2055 2663 2128 synodi
2691 2054 2929 2110 viderint
2974 2052 3308 2118 confirmari,
3355 2066 3455 2121 pro
3481 2050 3679 2122 quibus

363 2172 549 2228 nescio
576 2186 738 2240 quam
766 2142 1207 2241 promittentibus
1235 2170 1521 2236 unitatem,
1548 2142 1690 2240 quae,
1726 2170 1774 2225 si
1803 2142 1967 2226 etiam
2070 2146 2409 2241 ίηίίτωθηδξξ
2452 2146 2633 2241 ίθηῆεί
2679 2154 2738 2202 θί·
2785 2145 2951 2215 Ῑοηεθ
3012 2143 3244 2241 diem“!
3297 2142 3678 2241 ευριρνῖωιθιιι

363 2269 699 2332 sequeretur,
729 2258 975 2316 confusio
1008 2259 1193 2331 potius
1220 2259 1445 2317 dicenda
1470 2269 1621 2329 erat,
1654 2260 1784 2316 illud
1812 2274 1971 2317 exse-

363 2352 626 2409 crandum
673 2351 1115 2423 horrendumque
1160 2366 1479 2409 concessum
1524 2359 1627 2418 est,
1657 2360 1718 2407 ut
1742 2352 1970 2435 epistola

364 2461 527 2516 quam
548 2445 723 2502 sancti
736 2444 810 2499 illi
821 2443 1159 2499 venerabiles
1169 2442 1360 2500 Patres
1385 2443 1745 2501 orthodoxam
1770 2444 1970 2515 proba-

364 2541 579 2602 verunt,
610 2550 722 2591 non
743 2535 859 2591 sola
879 2535 1093 2603 saltem,
1115 2533 1210 2589 sed
1234 2549 1359 2591 cum
1382 2535 1494 2591 suis
1513 2534 1973 2605 approbatoribus

364 2634 513 2682 esset
557 2626 1015 2681 anathematizata
1056 2625 1099 2679 ³.
1134 2623 1205 2679 Et
1240 2624 1362 2680 ideo
1390 2633 1501 2679 tam
1528 2626 1748 2681 nefariae
1775 2640 1972 2682 occur-

366 2734 525 2773 surus
538 2717 796 2783 audaciae,
819 2717 1074 2788 quoniam
1094 2717 1226 2776 satis
1244 2717 1483 2787 ipsorum
1508 2716 1974 2791 Eutychianorum

366 2810 813 2868 consuetudinem
864 2810 1125 2866 habemus
1170 2818 1472 2881 expertam,
1522 2808 1667 2880 quod
1722 2810 1976 2866 omnibus

367 2919 469 2975 pro
486 2904 719 2959 veritate
743 2902 845 2958 sibi
873 2904 1250 2960 resistentibus
1279 2903 1728 2960 Nestorianorum
1766 2905 1976 2960 crimen

368 2996 689 3065 imponant,
715 2992 875 3049 ﬁdem
910 3009 1086 3049 meam
1127 2994 1389 3064 imprimis
1415 3009 1579 3063 quam
1604 2994 1672 3051 de
1696 2992 1975 3050 salutifera

368 3084 750 3139 incarnatione
790 3082 1001 3138 Domini
1030 3083 1202 3137 nostri
1231 3081 1360 3138 Jesu
1385 3082 1588 3139 Christi
1635 3092 1817 3151 teneo,
1863 3096 1976 3137 non

368 3176 543 3232 solum
570 3174 805 3246 simplici
830 3173 853 3205 ⁸
893 3188 1144 3230 sermone
1187 3175 1419 3244 aperire,
1449 3175 1595 3245 quod
1624 3176 1677 3229 in
1709 3183 1813 3230 tuac
1841 3188 1974 3229 con-

2073 2240 2193 2312 ejus
2220 2242 2277 2296 in
2323 2239 2443 2295 aliis
2489 2238 2703 2295 auferre
2743 2244 3028 2294 conantur.
3070 2233 3337 2302 Quoniam
3365 2233 3530 2304 igitur
3555 2248 3679 2288 cum

2073 2332 2366 2395 defensori,
2415 2338 2531 2386 tum
2576 2328 2744 2387 etiam
2795 2343 2974 2386 causa:
3002 2326 3337 2393 defensioni,
3366 2323 3681 2396 propositus

2074 2424 2209 2481 ordo
2237 2422 2512 2487 conducit,
2537 2421 2644 2477 tria
2672 2436 2792 2493 qua:
2814 2420 3059 2491 superius
3097 2426 3521 2475 commemorata
3548 2424 3676 2471 sunt

2074 2515 2317 2571 breviter
2370 2514 2427 2570 in
2472 2514 2583 2570 hoc
2609 2513 2887 2570 volumine
2941 2510 3317 2568 defendemus.
3350 2509 3489 2577 Quid
3535 2508 3681 2563 enim

2074 2617 2176 2659 nos
2227 2610 2419 2659 contra
2461 2600 2859 2657 calumniantes
2921 2598 3298 2671 Eutychianos
3345 2596 3683 2653 manifestius

2074 2693 2273 2766 probat
2320 2708 2351 2748 a
2402 2691 2615 2748 fallacia
2667 2691 3113 2748 Nestorianorum
3168 2689 3386 2762 penitus
3438 2690 3680 2753 alienos,

2075 2799 2241 2856 quam
2264 2785 2312 2841 si
2339 2784 2447 2841 duo
2468 2786 2587 2840 hate
2616 2797 2940 2850 asseramus,
2984 2781 3039 2838 id
3083 2790 3383 2851 est,,unum
3413 2781 3481 2836 de
3507 2779 3683 2835 Trmi-

2078 2887 2193 2935 tate
2218 2893 2319 2950 pro
2343 2877 2504 2935 nobis
2526 2876 2866 2943 cruciﬁxum,
2914 2884 2972 2931 et
2994 2875 3210 2931 beatam
3258 2874 3482 2930 Mariam
3531 2881 3685 2930 recte

2076 2969 2263 3027 vocari
2284 2977 2341 3025 et
2363 2983 2495 3026 vere
2518 2976 2575 3023 et
2615 2967 2837 3039 proprie
2876 2973 3107 3021 matrem
3138 2965 3269 3021 Dei?
3299 2964 3396 3021 Vel
3420 2964 3549 3034 quid
3578 2981 3681 3020 nos

2078 3060 2211 3117 item
2238 3066 2429 3116 contra
2479 3056 2874 3115 calumniantes
2913 3055 3262 3112 Nestorianos
3292 3055 3360 3110 ab
3400 3054 3685 3127 Eutychia-

2081 3167 2277 3209 norum
2329 3150 2602 3208 discordia
2652 3148 2863 3219 longius
2909 3148 3100 3204 abesse
3128 3147 3489 3212 demonstret,
3521 3162 3685 3215 quam

368 3265 621 3323 fessionis
650 3236 1042 3336 approbatione
1064 3264 1176 3334 jam
1209 3236 1335 3332 feci,
1357 3236 1455 3322 sed
1468 3236 1647 3322 .etiam
1678 3266 1970 3322 documen-

2081 3253 2143 3301 ut
2182 3243 2313 3300 illud
2342 3257 2563 3315 quoque
2593 3245 2813 3299 tertium
2844 3250 3169 3309 astruamus,
3218 3241 3345 3310 quia
3392 3240 3533 3315 idem
3584 3240 3686 3293 Do—

369 3360 442 3414 tis
463 3332 784 3416 necessariis
813 3332 1105 3423 affirmare,
1129 3365 1291 3430 atque
1317 3358 1579 3416 adversus
1600 3360 1980 3430 impugnantes
2082 3334 2263 3430 mi?“
2284 3342 2469 3430 3°53?"
2504 3332 2661 3391 ³⁸⁸³³
2704 3332 2952 3430 διξτίδίυδ
2979 3332 3285 3430 induam?
3318 3332 3551 3430 “amris:
3582 3332 3687 3387 hoc

369 3450 667 3506 defendere
704 3450 871 3505 statui
899 3468 912 3503 ε
946 3457 1008 3505 ut
1035 3465 1223 3505 eorum
1254 3449 1554 3505 calumnias
1593 3458 1792 3520 quanta
1822 3450 1979 3507 valeo

370 3542 807 3597 manifestatione
858 3542 1103 3597 veritatis
1168 3542 1366 3597 evitem
1393 3580 1408 3606 ,
1478 3556 1709 3611 quorum
1762 3540 1982 3598 fraudes

368 3633 761 3703 mendaciaque
782 3632 1060 3703 detegere,
1092 3641 1149 3689 et
1176 3648 1393 3689 errores
1420 3632 1681 3705 proposui
1711 3634 1974 3690 refutare.

369 3725 429 3787 ιιι
458 3734 637 3780 autem
691 3724 854 3791 facio,
887 3741 955 3781 ne
1003 3727 1607 3797 animosquorumque
1654 3726 1978 3797 simplicium

368 3815 463 3884 qui
493 3831 594 3871 nos
624 3815 895 3884 ignorant,
928 3816 1100 3872 nostri
1131 3817 1368 3872 nominis
1400 3815 1774 3885 infamatione,
1809 3832 1840 3873 a
1882 3833 1979 3874 ve-

368 3906 533 3961 ritate
562 3907 905 3976 agnoscenda
927 3923 1091 3977 quam
1121 3908 1444 3964 insinuaturi
1467 3925 1669 3978 sumus,
1705 3918 1977 3967 avertant.

369 3995 505 4051 Nam
534 4006 589 4053 et
623 3999 729 4054 hoc
756 3999 895 4055 bene
936 4008 1276 4071 compertum
1325 4010 1429 4067 est,
1459 4001 1607 4071 quod
1658 4018 1768 4057 non
1798 4002 1977 4059 solum

369 4087 697 4160 Eutychiani
725 4089 794 4145 de
823 4106 919 4145 sua
951 4092 1190 4147 vanitate
1214 4094 1452 4149 convicti
1480 4093 1854 4161 Nestorianos,
1892 4110 1979 4151 ve-

370 4196 490 4234 rum
516 4181 681 4236 etiam
711 4182 815 4251 ipsi
842 4181 1150 4238 Nestoriani
1177 4199 1316 4254 quos
1354 4201 1464 4240 non
1493 4186 1672 4242 minus
1702 4186 1979 4255 redarguit

370 4269 495 4325 fidei
525 4278 723 4325 nostrae
745 4271 1009 4336 defensio,
1038 4280 1264 4328 econtra
1288 4290 1387 4330 nos
1408 4274 1476 4331 de
1503 4274 1840 4347 Eutychiana
1866 4276 1977 4332 ha:-

368 4364 477 4418 resi
505 4364 876 4419 criminantur.
909 4363 976 4419 Et
1026 4365 1153 4421 licet
1206 4367 1309 4423 ista
1360 4383 1464 4423 nec
1528 4383 1971 4439 expavescamus,

368 4469 474 4509 nec
527 4454 683 4522 quasi
735 4470 877 4511 nova
925 4456 1220 4523 miremur,
1265 4457 1524 4527 quoniam
1563 4459 1643 4515 sic
1683 4459 1975 4529 aliquando

371 4544 536 4598 etiam
566 4552 750 4614 patres
796 4553 1013 4601 nostros
1060 4546 1246 4602 Ariani
1287 4548 1435 4603 velut
1476 4549 1836 4616 Sabellianos,
1881 4551 1975 4607 Sa-

2082 3425 2247 3481 estin
2275 3423 2557 3481 divinitate
2583 3432 2748 3496 atque
2771 3423 3109 3479 humanitate
3133 3423 3404 3495 perfectus
3433 3423 3552 3479 est?

2702 3558 2937 3617 CAPUT
2986 3559 3074 3615 Ill.

2086 3677 2236 3745 Quod
2262 3692 2394 3730 unus
2416 3676 2480 3730 de
2502 3674 2756 3729 Trinitate
2788 3658 2981 3745 passus,
3009 3682 3192 3727 contra
3220 3671 3560 3745 Nestoriaan
3595 3688 3687 3742 ap-

2153 3750 2257 3802 tius
2281 3748 2503 3811 dicatur,
2533 3762 2687 3814 quam
2707 3742 2811 3798 uno
2838 3745 2903 3798 de
2943 3744 3192 3798 Trinitate
3216 3761 3459 3814 persona.
3494 3742 3686 3797 Perso-

2152 3834 2337 3873 narum
2360 3833 2546 3871 nomen
2567 3818 2623 3870 in
2670 3815 2919 3869 Trinitate
2965 3815 3187 3869 Sabellii
3228 3831 3387 3868 causa
3435 3814 3685 3882 usurpari

2152 3898 2410 3961 emptum;
2444 3888 2575 3942 etde
2597 3886 2849 3957 baptismo
2878 3887 2940 3939 in
2966 3886 3178 3939 nomine
3207 3885 3418 3939 Domini
3436 3883 3587 3940 Iesu.

2151 4003 2298 4059 Sane
2326 3999 2618 4058 tacendum
2646 4014 2759 4056 non
2800 3997 3037 4055 arbitror
3056 3996 3208 4068 quod
3253 3997 3363 4053 sint
3400 3996 3567 4051 etiam
3598 4010 3687 4050 ca-

2078 4094 2266 4150 tholici
2305 4101 2332 4131 α
2369 4091 2481 4162 qui,
2516 4092 2658 4147 sicut
2684 4089 2973 4155 credimus,
3020 4088 3327 4145 nescientes
3365 4088 3473 4142 hoc
3497 4093 3627 4142 ante
3656 4087 3678 4117 "

2078 4191 2378 4241 memorata
2407 4182 2617 4255 synodo
2645 4181 3059 4247 confirmatum,
3078 4178 3355 4249 superﬂue
3378 4185 3570 4234 contra
3613 4176 3686 4231 de

2076 4275 2245 4332 verbo
2275 4272 2651 4335 contendant:
2694 4271 2823 4341 quia
2871 4270 3087 4326 videtur
3117 4270 3195 4325 eis
3224 4267 3373 4338 quod
3424 4267 3531 4323 dici
3577 4282 3688 4323 non

2076 4370 2274 4426 debeat
2302 4381 2467 4422 unum
2494 4365 2565 4421 de
2592 4365 2859 4420 Trinitate
2896 4379 2997 4434 pro
3020 4362 3177 4418 nobis
3216 4361 3561 4427 crucifixum,
3592 4360 3687 4415 sed

2074 4458 2255 4529 potius
2282 4471 2443 4512 uuam
2471 4455 2542 4511 de
2570 4453 3179 4523 Trinitateepersonam.
3228 4450 3342 4507 llos
3390 4464 3523 4519 ergo
3572 4456 3688 4508 tan-

2077 4565 2241 4620 quam
2264 4548 2602 4620 propinquos
2636 4547 2790 4617 prius
2834 4546 2995 4601 nobis
3041 4544 3255 4602 sociare
3301 4543 3584 4611 debemus,
3629 4550 3689 4597 ut

368 4634 584 4689 belliani
616 4651 746 4691 vero
768 4637 917 4691 velut
944 4636 1176 4694 Arianos
1220 4639 1558 4695 mendaciter
1598 4640 1930 4696 infamabant
1955 4683 1970 4704 .
2009 4623 2052 4679 ί)
2081 4641 2181 4711 ipsi
2227 4653 2447 4709 quoque
2474 4638 2758 4695 nobiscum
2804 4638 2948 4693 hanc
2998 4634 3397 4692 confessionem
3448 4640 3690 4696 teneant,

369 4735 590 4797 oportet
614 4744 713 4783 nos
734 4736 937 4795 tamen,
966 4731 1109 4785 sicut
1130 4739 1318 4786 monet
1337 4732 1632 4801 Apostolus
1660 4732 1840 4804 (Rom.
1872 4751 1966 4801 xu,

370 4820 484 4890 17),
516 4820 804 4890 providere
831 4823 998 4888 bona,
1043 4838 1153 4877 non
1194 4830 1405 4879 tantum
1451 4839 1637 4880 coram
1692 4824 1824 4890 Deo,
1876 4826 1972 4881 sed

369 4912 533 4967 etiam
562 4926 745 4967 coram
774 4912 1026 4968 omnibus
1068 4914 1395 4980 hominibus,
1442 4915 1852 4971 criminationes
1880 4916 1973 4971 de-

368 5004 719 5069 trahentium,
752 5006 1051 5074 prmsertim
1094 5007 1146 5060 in
1175 5021 1336 5062 causa
1375 5007 1525 5077 ﬁdei,
1553 5008 1871 5078 praevenire.
1907 5008 1975 5063 Et

441 5229 469 5258 ⁸
512 5217 686 5293 Unum
708 5221 779 5293 de
805 5221 1070 5278 Trinitate
1118 5222 1431 5278 crucifixum
1460 5224 1658 5293 quibus
1706 5225 1809 5280 dici
1864 5241 1971 5280 non

368 5290 638 5362 placebat,
668 5292 721 5365 ῳ
751 5293 985 5348 maxime
1015 5295 1352 5365 spectabant,
1388 5310 1455 5347 ne
1476 5290 1809 5350 divinitatem
1841 5311 1973 5365 pas-

369 5378 486 5431 sam
516 5376 638 5416 cunt
666 5362 1015 5431 Eutychianis
1042 5362 1224 5419 dicere
1255 5363 1582 5421 viderentur.
1625 5366 1727 5418 Alii
1757 5362 1970 5431 contra,

370 5380 486 5417 sam
516 5380 638 5416 cum
666 5380 772 5417 mu
809 5380 1015 5418 cnlams
1042 5380 1224 5419 uicere
1255 5380 1582 5421 vnuereutur.
1625 5380 1727 5418 Alli
1757 5380 1970 5431 contra,

370 5440 430 5486 ut
457 5380 1064 5513 Joannesubfaxentius,
1115 5451 1232 5513 eos_
1252 5434 1343 5513 qui
1399 5451 1560 5488 unam
1591 5434 1660 5513 de
1710 5435 1971 5513 Trinitate

368 5517 657 5572 personam
688 5503 954 5574 dicerent,
999 5505 1050 5558 in
1090 5503 1449 5573 suspicionem
1498 5506 1785 5574 vocabant,
1816 5508 1968 5574 quasi

368 5580 619 5643 quartam
648 5589 771 5629 cum
801 5573 1052 5631 Nestorio
1081 5590 1368 5645 personam
1414 5576 1747 5632 induccrcnt.
1774 5573 1966 5634 'Cictc-

443 5766 458 5795 ¹
500 5763 637 5821 Cod.
658 5761 795 5817 νοτ.
808 5800 822 5827 ,
852 5768 946 5813 cst.

442 5836 462 5865 ²
502 5832 645 5887 Idem
687 5833 830 5895 c0d.,
863 5832 1141 5900 possimus.

442 5905 462 5936 ³
500 5904 645 5960 Ideni
675 5902 797 5960 cod.
807 5944 821 5972 ,
849 5902 1145 5957 attat/tenta.

2078 4732 2134 4787 in
2165 4747 2271 4802 qua
2319 4746 2428 4786 non
2466 4737 2669 4801 potest,
2710 4729 2852 4784 sicut
2882 4728 3155 4800 plerisque
3181 4728 3394 4783 videtur
3417 4728 3460 4793 ⁸,
3496 4726 3689 4781 Nesto-

2079 4822 2355 4877 rianorum
2385 4821 2545 4877 dolus
2585 4821 2847 4878 abscondi
2871 4838 2886 4875 :
2920 4836 2990 4877 ne
3015 4836 3139 4876 cum
3163 4820 3399 4875 inaniter
3426 4819 3495 4874 de
3524 4818 3688 4873 verbo

2085 4916 2448 4983 contendunt,
2479 4918 2560 4971 rei
2589 4915 3019 4972 controversiam
3062 4915 3238 4969 minus
3265 4913 3573 4968 examinate
3594 4912 3682 4967 de-

2080 5008 2287 5071 ﬁniant.
2320 5008 2454 5065 Nam
2484 5025 2607 5065 cum
2649 5008 2937 5064 Dominum
2992 5016 3238 5064 nostrum
3290 5005 3475 5063 desum
3527 5006 3685 5062 Chri-

2083 5241 2202 5280 rum
2254 5225 2343 5295 pie
2398 5234 2654 5295 recteque
2704 5233 3009 5293 utrumque,
3053 5232 3215 5294 atque
3255 5240 3363 5278 uno
3393 5233 3447 5278 et
3493 5227 3683 5283 eodem

2082 5311 2245 5351 sensu
2272 5296 2402 5361 dici,
2442 5296 2601 5351 docet
2624 5313 2747 5351 cum
2786 5295 3039 5350 Facundo
3068 5295 3310 5363 ejusdem
3341 5296 3439 5349 aevi
3471 5299 3677 5364 gentis-

2080 5383 2186 5438 que
2226 5377 2418 5438 auctor
2448 5367 2768 5438 Ferrandus
2796 5367 3054 5422 diaconus
3093 5366 3572 5438 Carthaginiensis
3626 5370 3681 5423 in

2078 5437 2307 5506 epistola
2338 5436 2417 5506 ad,
2434 5437 2743 5492 Anatolium
2760 5436 3057 5493 diaconum
3092 5436 3426 5502 Romanum;
3472 5446 3529 5493 et
3555 5450 3683 5495 ante

2080 5505 2366 5581 utrumque
2393 5505 2631 5581 Joannes
2678 5508 2721 5561 ll
2752 5525 2888 5581 papa
2935 5510 2987 5563 in
3017 5508 3247 5581 epistola
3285 5506 3353 5562 ad
3390 5509 3679 5578 Avicnum,

2079 5577 2418 5643 Senatorem,
2444 5576 2714 5633 Liberium
2736 5588 2791 5634 et
2820 5576 2974 5636 alios.

2148 5761 2170 5790 ‘
2209 5761 2353 5815 Idem
2386 5762 2533 5825 cod.,'
2563 5764 2885 5831 simpliciter.

2155 5831 2177 5861 ⁵
2208 5831 2348 5886 Idem
2379 5832 2521 5895 cod.,
2555 5850 2585 5884 a
2614 5833 2732 5887 loco
2760 5844 2897 5886 ιιηιε.

2155 5902 2175 5933 ⁶
2208 5900 2267 5958 In
2298 5903 2487 5959 eodem
2516 5903 2637 5960 cod.
2672 5905 2823 5960 deest
2852 5907 2907 5960 τὸ
2940 5906 3152 5960 videtur.
