4122 6522
479 276 586 333 55ἴῶ

1548 274 1846 332 FACUNDI
1886 273 2098 332 EPISC.
2142 272 2640 329 HERMIANENSIS

3666 265 3772 323 556

476 402 617 447 stum
666 394 749 447 sic
776 392 1097 463 perliibeant
1123 406 1283 446 unam
1310 405 1430 446 esse
1478 371 1557 447 de
1595 387 1859 444 Trinitate
1880 398 2070 459 perso-
2098 392 2149 451 Α
2178 385 2469 456 Evangelio
2498 384 2722 455 exponit
2745 381 2909 439 verba
2937 381 3149 438 Domini
3174 382 3403 438 dicentis
3428 400 3441 438 :
3467 382 3527 437 Si
3547 384 3659 455 quis
3696 385 3775 438 si-

476 498 626 550 nam,
674 490 734 537 ut
773 492 829 538 et
854 485 948 540 Dei
994 483 1396 539 subsistentiam
1424 494 1587 538 unam
1617 492 1740 538 esse
1764 495 1875 537 non
1902 481 2072 537 dene-

475 584 621 644 gent,
654 590 775 648 qua:
801 584 1115 632 naturarum
1132 575 1481 643 adunatione,
1503 573 1558 629 id
1585 581 1668 629 est
1687 572 1989 629 divinitatis
2015 580 2074 629 et

475 667 842 732 humanitatis,
889 667 1120 735 existat;
1169 666 1422 723 eumdem
1454 680 1576 722 esse
1616 664 1861 721 dicentes
1900 662 2071 720 Deum

474 775 634 831 quem
662 759 955 826 hominem,
986 774 1089 815 nec
1129 760 1287 815 aliter
1332 759 1527 825 Deum,
1570 759 1730 815 aliter
1770 758 2068 822 hominem,

472 849 566 906 sed
594 858 650 906 et
692 850 797 906 hoc
838 858 894 905 et
917 850 1049 905 illud
1090 850 1355 919 similiter,
1415 852 1468 905 id
1522 858 1608 906 est
1634 851 1974 918 naturaliter,
2004 850 2073 906 de

473 942 637 998 verbo
657 942 986 998 contendere
1010 943 1140 997 milii
1168 943 1438 999 videntur.
1470 942 1751 1012 Siquidem
1774 943 1881 998 hoc
1906 941 2070 998 etiam

471 1048 569 1088 suo
593 1047 845 1089 sermone
873 1032 1269 1090 demonstrant.
1298 1033 1357 1088 Si
1397 1033 1541 1089 enim
1580 1033 1841 1101 dicamus,
1875 1033 2068 1102 inquit,

472 1138 636 1178 unum
666 1122 738 1179 de
775 1121 1041 1178 Trinitate
1070 1138 1172 1194 pro
1212 1123 1368 1179 nobis
1395 1123 1732 1192 cruciﬁxum,
1762 1125 1806 1181 si
1835 1124 1955 1195 quis
1984 1124 2072 1178 in-

470 1222 711 1285 terroget
736 1214 864 1284 quid
907 1230 1073 1271 unum
1101 1214 1367 1286 dicamus,
1389 1231 1497 1273 non
1522 1230 1810 1286 possumus
1838 1229 2070 1286 respon-

470 1309 599 1364 dere
626 1307 797 1362 Deum
827 1316 918 1363 aut
947 1306 1141 1363 Filium
1161 1346 1178 1374 ,
1221 1309 1349 1377 quia
1376 1323 1484 1364 non
1526 1318 1635 1364 tres
1657 1316 1783 1363 sunt
1809 1308 1863 1362 in
1885 1306 2069 1363 Trini-

469 1407 583 1455 tate
611 1399 686 1453 dii
727 1400 813 1454 vel
854 1398 969 1467 ﬁlii,
997 1414 1065 1455 ex
1091 1399 1284 1469 quibus
1312 1415 1452 1456 unus
1485 1397 1775 1455 cruciﬁxus
1804 1398 2019 1454 dicatur
2051 1415 2066 1451 :

470 1500 525 1548 et
546 1492 669 1547 ideo
697 1499 846 1548 recte
874 1492 1100 1548 dicimus
1140 1507 1303 1548 unam
1334 1492 1402 1548 de
1448 1492 1713 1547 Trinitate
1754 1491 2067 1547 crueiﬁxam

468 1598 585 1639 esse
613 1597 926 1653 personam,
974 1582 1230 1653 quoniam
1260 1589 1374 1638 tres
1402 1590 1529 1637 sunt
1557 1583 1611 1637 in
1640 1581 1903 1638 Trinitate
1934 1597 2061 1652 per-

469 1690 633 1742 sonae,
666 1690 735 1730 ex
764 1676 958 1746 quibus
996 1691 1103 1730 una
1127 1674 1384 1731 cruciﬁxa
1428 1675 1656 1731 dicatur.
1690 1676 1761 1729 At
1806 1676 1920 1731 haec
1957 1691 2066 1730 non

2128 480 2131 481 ⁷
2176 480 2254 545 tit,
2291 479 2464 533 veniat
2483 476 2554 531 ad
2573 492 2676 541 me,
2702 484 2754 531 et
2780 474 2939 529 bibat.
2967 472 3069 538 Qui
3090 474 3251 528 credit
3276 476 3333 528 in
3356 491 3456 539 me,
3489 477 3619 528 sicut
3641 476 3769 531 dicit

2178 570 2479 641 Scriptura,
2510 569 2731 638 ﬂumina
2758 568 2823 621 de
2862 574 3038 621 ventre
3089 567 3201 637 ejus
3242 565 3403 636 ﬂuent
3433 582 3582 636 aqua:
3622 568 3767 619 view.

2176 662 2278 718 Ubi
2326 662 2647 718 subsecutus
2689 660 2928 730 adjecit:
2959 659 3078 715 Hoc
3103 669 3273 713 mrtem
3312 660 3516 714 dicebat
3561 660 3625 713 de
3650 661 3772 726 Spi-

2173 756 2296 822 ritu,
2329 771 2479 826 quem
2506 753 2767 824 accepturi
2793 760 2943 806 erant
2976 751 3239 806 credentes
3263 753 3322 805 in
3350 768 3487 805 eum.
3517 750 3772 806 Nondum

2172 848 2312 902 enim
2345 854 2460 902 erat
2488 845 2717 915 Spiritus
2742 844 2918 911 datm,
2966 848 3087 915 quia
3127 842 3283 897 Iesus
3329 844 3559 898 nondum
3598 845 3772 913 [uera

2173 938 2499 1011 gloriﬁcatus
2525 935 2707 1011 (Joan.
2741 951 2836 1003 vn,
2868 935 2984 1006 57).
3016 934 3075 990 In
3122 936 3384 1004 sanguine
3409 951 3537 991 vero
3570 935 3769 991 Filium

2175 1029 2506 1102 signiﬁcans,
2549 1028 2805 1100 quoniam
2835 1028 2951 1098 ipse
2989 1041 3058 1083 ex
3100 1035 3295 1082 sancta
3320 1025 3582 1083 Trinitate
3626 1041 3770 1082 com-

2173 1123 2473 1180 municavit
2515 1122 2665 1179 carni
2693 1130 2751 1177 et
2775 1120 3043 1190 sanguini.
3086 1119 3205 1175 Non
3253 1132 3401 1188 ergo
3421 1119 3499 1173 ait
3532 1117 3771 1176 Joannes

2173 1216 2452 1287 apostolus
2480 1215 2708 1285 loquens
2735 1214 2809 1270 de
2846 1213 3007 1270 Patre
3042 1220 3098 1269 et
3138 1212 3276 1268 Filio
3323 1222 3379 1269 et
3406 1211 3607 1284 Spiritu
3634 1229 3763 1270 sau—

2172 1318 2284 1377 cto,
2307 1316 2419 1365 tres
2444 1316 2571 1365 sunt
2593 1322 2841 1379 personae
2852 1322 2975 1377 quae
3001 1305 3355 1363 testiﬁcantur
3382 1307 3436 1361 in
3464 1313 3633 1373 terra,
3660 1306 3769 1367 snio

2173 1403 2328 1469 ritus,
2362 1416 2501 1471 aqua
2533 1409 2590 1456 et
2631 1400 2871 1469 sanguis,
2913 1409 2969 1456 et
2996 1400 3053 1455 bi
3084 1408 3195 1456 tres
3221 1417 3388 1455 unum
3417 1410 3545 1455 sunt
3567 1403 3607 1456 '.
3633 1400 3771 1468 Quid

2172 1508 2303 1565 ergo
2330 1509 2431 1565 pro
2458 1492 2667 1550 Joanne
2721 1493 3053 1563 respondent
3090 1494 3379 1563 apostolo?
3429 1493 3533 1561 Qui
3562 1501 3689 1548 sunt
3713 1493 3772 1548 hi

2174 1598 2308 1657 tres,
2335 1587 2430 1658 qui
2459 1588 2512 1642 in
2540 1595 2688 1642 terra
2719 1585 3013 1652 testiﬁcari,
3044 1594 3100 1641 et
3126 1584 3217 1655 qui
3245 1600 3413 1641 unum
3432 1600 3554 1640 esse
3581 1584 3773 1640 dicun-

2175 1681 2299 1735 tur?
2334 1695 2462 1736 num
2489 1679 2602 1735 dii?
2634 1694 2762 1733 num
2809 1679 3028 1749 patres?
3084 1692 3212 1732 num
3263 1676 3377 1744 lilii,
3423 1685 3516 1731 aut
3550 1677 3774 1747 spiritus

468 1768 733 1835 generalis
763 1775 849 1825 est
890 1768 1143 1837 loquendi
1172 1768 1379 1837 regula,
1426 1768 1523 1823 sed
1566 1768 1815 1837 quaedam
1853 1770 2065 1838 privata
2098 1772 2142 1830 Β
2172 1773 2383 1827 sancti?
2414 1771 2529 1826 Non
2570 1771 2777 1840 utique,
2810 1769 2907 1824 sed
2936 1769 2990 1823 hi
3025 1777 3154 1836 tres,
3181 1767 3361 1832 Pater,
3393 1776 3451 1823 et
3492 1767 3680 1833 Filius,
3711 1775 3771 1822 et

468 1859 572 1925 lex,
598 1873 760 1929 quam
804 1860 907 1914 sibi
956 1876 1054 1914 sua
1107 1861 1461 1916 contentione
1514 1858 1781 1915 fecerunt.
1824 1860 1958 1915 Nam
2011 1861 2067 1916 in

467 1959 676 2005 tantum
701 1964 924 2006 necesse
952 1964 1060 2006 non
1092 1957 1177 2005 est
1217 1958 1326 2005 tres
1352 1950 1580 2019 intelligi
1618 1950 1754 2006 deos
1782 1958 1876 2005 aut
1905 1949 2064 2016 ﬁlios,

465 2042 511 2097 si
542 2058 683 2098 unus
704 2041 772 2098 de
795 2042 1061 2100 Trinitate
1098 2040 1388 2100 cruciﬁxus
1413 2042 1656 2109 dicatur;
1688 2051 1749 2099 ut
1776 2043 1852 2098 ita
1879 2043 1933 2096 in
1961 2042 2068 2097 Ge-

465 2132 582 2187 nesi
628 2132 959 2188 scriberetur
1006 2152 1019 2187 :
1077 2133 1212 2188 Ecce
1256 2135 1426 2205 factus
1473 2145 1552 2190 est
1596 2134 1767 2188 Adam
1811 2150 1946 2189 uim
1998 2150 2066 2187 ea:

464 2220 611 2275 nobis
638 2220 797 2291 (Gen.
829 2239 888 2278 ιιι
906 2267 921 2292 ,
949 2223 1064 2295 22).
1110 2224 1264 2291 Quod
1292 2225 1480 2294 utique
1506 2240 1617 2280 non
1647 2239 1716 2280 ex
1744 2224 1913 2280 solius
1942 2238 2068 2295 per-

463 2328 598 2367 sona
622 2313 816 2379 Patris,
843 2330 1021 2386 neque
1049 2330 1118 2371 ex
1138 2316 1307 2372 solius
1327 2314 1470 2379 Filii,
1496 2316 1582 2371 vel
1606 2314 1840 2386 Spiritus
1865 2315 2064 2382 sancti,

462 2406 663 2461 dictum
696 2408 989 2476 accipitur;
1018 2406 1116 2462 sed
1145 2414 1258 2463 tota
1306 2408 1423 2478 ipsa
1463 2406 1718 2473 Trinitas,
1751 2407 1806 2462 id
1849 2414 1933 2462 est
1962 2405 2067 2461 Pa-

462 2506 564 2563 ter,
595 2505 651 2551 et
680 2497 867 2565 Filius,
902 2507 956 2553 et
985 2497 1219 2569 Spiritus
1260 2506 1501 2566 sanctus,
1530 2498 1641 2555 illic
1671 2499 1948 2555 inducitur
1981 2499 2065 2554 lo-

461 2588 587 2657 qui;
618 2586 746 2643 ideo
783 2588 1063 2657 pluraliter
1086 2606 1152 2643 ea:
1192 2588 1340 2644 nobis
1367 2589 1572 2645 dictum
1618 2597 1721 2645 est.
1754 2588 1864 2645 Cur
1903 2588 2065 2658 igitur

460 2690 569 2736 non
598 2681 671 2735 ibi
696 2680 975 2751 Scriptura
1007 2682 1159 2747 dicit,
1206 2680 1345 2738 Ecce
1389 2681 1567 2738 factus
1613 2691 1699 2737 est
1746 2682 1917 2737 Adam
1957 2697 2063 2737 una

460 2787 693 2846 persona
759 2788 828 2828 ex
895 2773 1093 2827 nostris
1148 2772 1416 2842 personis,
1503 2772 1599 2829 sed
1642 2774 1825 2843 potius
1850 2815 1865 2841 ,
1923 2773 2064 2828 Ecce

461 2869 630 2938 factus
676 2874 754 2920 est
809 2864 981 2918 Adam
1036 2881 1170 2918 unus
1227 2881 1292 2920 ea:
1352 2866 1538 2921 nobis?
1600 2866 1857 2937 Nunquid
1922 2883 2062 2924 unus

460 2960 604 3016 Deus
633 2974 703 3015 ex
750 2959 926 3024 nobis,
983 2958 1139 3028 quasi
1192 2973 1261 3015 ex
1308 2958 1526 3014 tribus?
1571 2968 1666 3014 aut
1715 2975 1855 3016 unus
1901 2960 2063 3017 Pater

460 3068 525 3106 ex
558 3053 750 3120 nobis,
790 3052 943 3122 quasi
1009 3066 1079 3106 ex
1143 3050 1318 3109 tribus
1374 3052 1717 3122 patribus“?
1772 3062 1865 3109 aut
1922 3069 2062 3110 unus

462 3145 627 3202 Filius
658 3188 674 3215 ,
733 3147 822 3201 vel
884 3145 1117 3215 Spiritus
1189 3153 1412 3202 sanctus
1487 3161 1556 3202 ex
1634 3146 1790 3203 nobis
1820 3187 1836 3213 ,
1903 3149 2061 3218 quasi

461 3255 529 3296 ex
608 3238 781 3295 tribus
832 3238 952 3292 ﬁliis
986 3277 1003 3304 ,
1069 3237 1155 3293 vel
1230 3238 1509 3308 spiritibus
1594 3238 1855 3295 sanctis?
1926 3239 2061 3308 Quis

461 3335 566 3389 hoc
619 3332 709 3388 vel
771 3331 992 3386 insanus
1053 3330 1191 3387 dixit
1222 3332 1280 3386 ‘?
1342 3331 1547 3387 Nullus'
1589 3340 1771 3388 autem
1818 3335 1885 3389 de
1934 3332 2060 3389 Tri-

461 3426 633 3480 nitate
668 3424 861 3480 melius
889 3421 1039 3494 loqui
1066 3430 1266 3494 potest,
1295 3439 1458 3495 quam
1490 3425 1606 3496 ipsa
1660 3425 1729 3481 de
1778 3442 1840 3482 se
1880 3427 2059 3484 locuta

461 3524 545 3572 est
573 3514 827 3573 Trinitas.
857 3515 973 3569 Non
1004 3529 1135 3585 ergo
1162 3517 1406 3586 sequitur
1434 3524 1511 3584 ut,
1541 3532 1665 3572 cum
1700 3516 1895 3573 dicitur
1923 3534 2061 3576 unus

463 3605 534 3662 de
561 3604 825 3661 Trinitate
850 3604 1111 3663 Dominus
1136 3603 1293 3663 Jesus
1321 3606 1583 3675 Christus,
1609 3624 1747 3665 unus
1774 3608 1937 3673 Deus,
1966 3617 2062 3665 aut

462 3710 601 3751 unus
627 3694 795 3751 Filius
823 3696 1175 3751 subaudiatur
1202 3712 1271 3752 ex
1300 3697 1472 3753 tribus
1493 3699 1594 3754 diis
1622 3708 1717 3754 aut
1744 3699 1885 3757 ﬁliis.
1927 3701 2061 3758 Tres

461 3799 642 3845 tamen
670 3797 815 3857 sunt,
850 3788 1028 3858 Pater,
1059 3798 1115 3847 et
1149 3790 1336 3859 Filius,
1369 3803 1427 3847 et
1456 3793 1690 3864 Spiritus
1717 3804 1959 3863 sanctus,
1990 3812 2061 3852 ex

460 3882 654 3950 quibus
704 3896 846 3936 unus
893 3890 1043 3936 recte
1069 3881 1267 3937 dicitur
1295 3883 1558 3939 Dominus
1596 3883 1755 3941 Jesus
1794 3885 2055 3941 Christus.

458 3972 591 4026 Nam
622 3979 679 4028 et
702 3969 940 4026 Joannes
968 3972 1250 4041 apostolus
1297 3971 1353 4026 in
1381 3971 1620 4041 Epistula
1667 3990 1764 4035 sua
1793 3975 1860 4031 de
1900 3974 2061 4033 Patre

460 4072 515 4119 et
539 4063 677 4120 Filio
704 4072 761 4119 et
788 4063 993 4134 Spiritu
1035 4073 1228 4120 sancto
1258 4064 1338 4120 sic
1364 4064 1493 4120 dicit
1518 4082 1530 4118 :
1559 4064 1684 4120 Tres
1720 4074 1843 4120 sunt
1870 4068 1958 4137 qui
1986 4076 2061 4121 te-

461 4157 758 4211 stimonium
779 4157 911 4211 dant
938 4158 993 4211 in
1023 4164 1185 4223 terra,
1226 4158 1459 4227 spiritus,
1490 4174 1647 4229 aqua,
1670 4166 1719 4213 et
1748 4160 1983 4230 sanguis,
2012 4169 2063 4214 et

461 4250 515 4302 hi
549 4256 653 4303 tres
686 4265 846 4303 unum
889 4257 1011 4304 sunt
1039 4248 1093 4321 (1
1113 4248 1274 4305 Joan.
1301 4265 1355 4315 ν,
1389 4247 1444 4319 8)
1471 4266 1484 4303 :
1511 4249 1565 4303 in
1617 4250 1810 4319 spiritu
1858 4249 2063 4317 signiti-

462 4356 592 4396 cans
619 4340 853 4411 Patrem,
882 4343 1029 4398 sicut
1056 4342 1315 4398 Dominus
1346 4342 1558 4398 mulieri
1597 4342 1952 4398 Samaritana:
1974 4358 2062 4399 se-

462 4431 695 4486 cundum
720 4433 886 4501 ipsius
912 4432 1136 4489 Joannis
1165 4432 1510 4503 Evangelium
1541 4436 1801 4505 loquitur,
1826 4435 2011 4490 dicens
2042 4452 2056 4501 ;

462 4523 625 4579 Crede
652 4524 802 4591 milii,
843 4527 965 4594 quia
993 4527 1157 4580 veniet
1185 4527 1313 4580 hora
1339 4528 1546 4598 quando
1588 4544 1750 4597 neque
1786 4529 1842 4582 in
1885 4537 2060 4582 monte
2096 4566 2140 4624 Β

460 4620 580 4684 hoc,
620 4633 783 4685 neque
824 4617 880 4670 in
916 4615 1293 4688 Hierosolymis
1338 4618 1624 4674 adorabitis
1667 4620 1894 4675 Patrem.
1955 4620 2056 4676 Vos

459 4709 698 4763 adoratis
741 4709 878 4779 quod
924 4709 1153 4773 nescitis,
1186 4725 1281 4763 nos
1325 4710 1609 4765 adoramus
1649 4713 1787 4782 quod
1824 4713 2015 4767 scimus
2040 4730 2058 4766 :

460 4802 581 4860 quia
601 4800 745 4855 salus
767 4816 833 4855 ea:
859 4800 1064 4856 Judazis
1106 4811 1199 4855 est.
1233 4801 1342 4857 Sed
1366 4805 1501 4857 venit
1529 4804 1679 4867 liora,
1721 4814 1770 4858 et
1798 4821 1933 4859 nunc
1961 4815 2060 4874 est,

459 4893 668 4957 quando
693 4895 800 4949 veri
821 4894 1126 4948 adoratorcs
1155 4892 1448 4949 adorabunt
1476 4893 1691 4949 Patrem
1727 4897 1780 4949 in
1807 4898 1990 4966 spiritu
2012 4905 2061 4951 et

460 4985 712 5039 raritate:
742 5002 863 5039 nam
894 4996 944 5039 et
972 4986 1132 5040 Pater
1175 4989 1305 5042 tales
1331 4990 1512 5059 quwrit
1546 4990 1630 5059 qui
1673 4988 1895 5042 adorent
1923 5003 2055 5041 eum.

463 5076 691 5146 Spiritus
720 5087 798 5132 est
826 5078 989 5145 Deus,
1022 5088 1069 5134 et
1098 5097 1184 5135 eos
1227 5084 1312 5154 qui
1351 5082 1576 5135 adorant
1606 5098 1742 5144 eum,
1780 5082 1833 5134 in
1876 5081 2061 5151 spiritu

460 5176 509 5220 et
527 5168 739 5223 veritate
764 5180 965 5239 oportet
986 5170 1210 5226 adorare
1227 5170 1410 5241 (Joan.
1437 5188 1506 5236 ιν,
1538 5170 1596 5222 21
1612 5172 1649 5240 ).
1685 5171 1740 5225 ln
1765 5186 1905 5242 aqua
1928 5187 2061 5227 vero

460 5260 719 5331 Spiritum
770 5272 1014 5320 sanctum
1061 5262 1393 5333 signiﬁcans,
1441 5264 1579 5319 sicut
1637 5264 1688 5318 in
1728 5264 1921 5320 eodem
1965 5278 2065 5319 suo

534 5477 564 5507 ⁸
599 5469 782 5537 Forte,
814 5489 877 5526 cx
911 5474 1070 5529 tribus
1100 5474 1220 5529 diis.

538 5634 553 5662 ¹
594 5630 729 5685 Cod.
766 5631 989 5699 Veron.,
1020 5633 1235 5688 dixerit.

538 5703 557 5733 ²
583 5702 727 5756 Idem
760 5704 902 5761 cod.,
960 5711 1008 5755 ct
1057 5704 1137 5757 Ine
1193 5714 1295 5756 tres
1328 5720 1483 5757 unum
1514 5712 1668 5766 sunt;
1702 5701 1794 5756 sed
1828 5701 1933 5754 hoc
1962 5714 2060 5768 po-

467 5777 593 5837 tius,
645 5782 755 5826 tres
802 5784 922 5827 sunt
966 5773 1100 5843 (qui)
1143 5777 1485 5843 testiﬁcantur
1525 5776 1576 5826 in
1617 5784 1786 5835 terra,
1828 5774 2062 5842 spiritus,

470 5862 604 5914 aqua
634 5855 681 5899 ct
707 5848 935 5915 sanguis,
980 5857 1025 5899 rt
1057 5847 1109 5897 lii
1142 5856 1240 5899 (res
1270 5862 1424 5898 unum
1457 5855 1591 5899 sunt.
1624 5843 1761 5908 Quid
1785 5861 1923 5914 ergo,
1953 5852 2051 5898 etc.

2171 1860 2405 1931 Spiritus
2429 1868 2648 1915 sanctus
2670 1867 2818 1927 sunt,
2840 1859 3128 1915 tamenetsi
3157 1874 3266 1914 non
3298 1858 3569 1914 invenitur
3603 1873 3771 1913 unum

2172 1965 2392 2015 nomen,
2444 1950 2592 2021 quod
2644 1950 2714 2007 de
2764 1950 3016 2007 omnibus
3063 1950 3425 2006 communiter
3470 1949 3771 2005 masculino

2170 2057 2369 2114 genere
2397 2042 2739 2113 praedicetur.
2770 2043 2913 2098 sicut
2952 2041 3313 2098 communiter
3344 2041 3414 2095 de
3453 2040 3555 2095 illis
3582 2054 3771 2109 perso-

2170 2149 2255 2191 nae
2282 2134 2643 2201 praedicantur
2660 2147 2863 2202 genere
2899 2131 3180 2189 feminino.
3215 2133 3321 2190 Aut
3344 2133 3390 2189 si
3417 2131 3639 2188 forsitan
3662 2132 3769 2202 ipsi

2169 2226 2262 2297 qui
2285 2228 2355 2283 de
2374 2226 2542 2283 verbo
2568 2225 2927 2294 contendunt,
2959 2225 3011 2283 in
3035 2240 3102 2282 eo
3125 2225 3271 2295 quod
3291 2225 3425 2280 dixit
3451 2244 3464 2278 :
3492 2224 3618 2279 Tres
3647 2234 3769 2278 sunt

2168 2321 2258 2390 qui
2286 2306 2630 2389 testiﬁcantur
2654 2321 2712 2373 in
2734 2326 2894 2383 terra,
2925 2318 3159 2387 spiritus,
3191 2334 3330 2389 aqua
3371 2326 3423 2371 et
3452 2318 3688 2387 sanguis,
3720 2327 3771 2371 et

2168 2411 2221 2465 hi
2249 2418 2351 2465 tres
2386 2427 2547 2466 unum
2593 2418 2734 2475 sunt,
2780 2408 3098 2467 Trinitatem
3135 2423 3256 2478 quae
3300 2424 3438 2465 unus
3476 2408 3617 2463 Deus
3662 2416 3769 2473 est,

2168 2502 2363 2559 nolunt
2415 2502 2661 2571 intelligi,
2714 2501 3012 2558 secundum
3052 2502 3168 2570 ipsa
3214 2500 3380 2555 verba
3419 2515 3541 2567 qua:
3586 2500 3771 2569 posuit

2166 2609 2269 2666 pro
2306 2595 2553 2666 apostolo
2585 2594 2795 2651 Joanne
2831 2594 3217 2665 respondeant.
3248 2592 3499 2662 Nunquid
3547 2593 3601 2647 hi
3631 2601 3768 2661 tres,

2166 2686 2259 2757 qui
2299 2685 2353 2741 in
2402 2694 2545 2740 terra
2572 2684 2852 2742 testiﬁcari
2896 2692 2952 2739 et
2978 2683 3071 2753 qui
3112 2697 3276 2738 unum
3322 2697 3443 2738 esse
3489 2680 3765 2744 dicuntur,

2166 2786 2398 2847 possunt
2425 2777 2667 2847 spiritus,
2697 2785 2792 2831 aut
2814 2791 2988 2846 aqum,
3011 2783 3105 2831 aut
3131 2774 3419 2844 sanguines
3446 2774 3584 2829 dici?
3614 2773 3770 2841 Quod

2165 2879 2345 2927 tamen
2367 2870 2592 2926 Joannis
2614 2870 2847 2940 apostoli
2867 2868 3234 2925 testimonium
3257 2868 3447 2923 beatus
3468 2865 3769 2936 Cyprianus

2163 2961 2622 3030 Carthaginiensis
2663 2962 2890 3017 antistes
2937 2970 2992 3016 et
3033 2968 3239 3031 martyr
3280 2959 3334 3014 in
3378 2958 3605 3032 epistola
3653 2959 3770 3014 sive

2164 3056 2306 3111 libro
2332 3071 2494 3127 quem
2532 3055 2602 3110 de
2646 3053 2912 3109 Trinitate
2933 3054 2953 3085 ³
2977 3053 3214 3123 scripsit,
3245 3050 3311 3107 de
3342 3054 3502 3107 Patre
3545 3060 3599 3107 et
3629 3051 3769 3106 Filio

2163 3158 2221 3205 et
2240 3147 2443 3220 Spiritu
2479 3155 2669 3203 sancto
2691 3146 2892 3202 dictum
2918 3146 3187 3214 intelligit.
3209 3144 3297 3199 Ait
3320 3144 3463 3199 enim
3487 3145 3636 3213 (tom.
3657 3142 3724 3214 ll)
3749 3160 3765 3198 :

2172 3262 2192 3295 ί
2229 3243 2369 3298 Dicit
2397 3242 2677 3308 Dominus,
2712 3240 2829 3313 Ego
2852 3248 2904 3295 et
2931 3240 3092 3295 Pater
3119 3256 3278 3294 unum
3304 3256 3485 3294 sumus
3504 3237 3687 3310 (Joan.
3708 3254 3765 3304 π,

2164 3332 2292 3403 30);
2343 3339 2398 3388 et
2428 3333 2622 3388 iterum
2653 3333 2722 3387 de
2750 3331 2915 3387 Patre
2956 3340 3013 3386 et
3042 3331 3180 3386 Filio
3228 3341 3284 3385 et
3323 3330 3528 3400 Spiritu
3574 3336 3764 3383 sancto

2162 3426 2420 3496 scriptum
2463 3432 2568 3491 est,
2615 3432 2665 3479 et
2694 3424 2745 3477 In'
2777 3432 2880 3478 tres
2908 3438 3069 3478 unum
3116 3431 3235 3476 sunt
3262 3420 3315 3493 (Ι
3341 3420 3501 3476 Joan.
3541 3435 3597 3486 v,
3628 3419 3707 3487 '7).
3741 3438 3760 3471 ι

2164 3517 2399 3575 Proinde
2439 3518 2787 3575 considerare
2814 3517 3015 3571 debent
3042 3516 3133 3585 qui
3162 3515 3452 3570 verborum
3500 3512 3763 3582 captioni-

2162 3610 2264 3664 bus
2291 3624 2627 3682 supervacue
2654 3607 2892 3675 student,
2936 3608 3059 3676 quia
3110 3622 3219 3659 non
3261 3604 3421 3660 simul
3460 3612 3516 3658 et
3542 3602 3765 3672 conjun-

2164 3709 2253 3758 cte
2278 3701 2508 3757 dicimus
2536 3716 2701 3755 unum
2728 3699 2923 3753 Filium
2954 3714 3020 3753 ex
3053 3696 3319 3751 Trinitate
3344 3693 3682 3755 cruciﬁxum,
3708 3700 3764 3747 ut

2166 3799 2277 3847 tres
2301 3800 2395 3846 aut
2417 3791 2552 3846 duos
2582 3790 2720 3846 ﬁlios
2749 3789 3006 3844 inducere
3035 3787 3344 3852 videamur;
3376 3786 3470 3841 sed
3499 3786 3649 3855 prius
3677 3784 3763 3839 di-

2163 3891 2367 3949 centes,
2407 3882 2556 3955 quod
2586 3873 2779 3951 magrfa
2822 3880 3060 3952 synodus
3098 3878 3456 3947 conﬁrmavit,
3491 3893 3657 3933 unum
3692 3892 3767 3931 ex

2164 3973 2425 4031 Trinitate
2470 3974 2827 4035 incarnatum,
2871 3971 2956 4027 vel
3001 3985 3240 4041 passum,
3278 3969 3369 4024 vel
3422 3965 3763 4033 cruciﬁxum,

2164 4077 2287 4117 cum
2330 4063 2646 4129 interrogati
2676 4060 2953 4127 fuerimus,
3005 4075 3163 4130 quem
3209 4075 3374 4115 unum
3401 4058 3468 4112 de
3500 4056 3767 4111 Trinitate

2163 4153 2428 4219 dicamus,
2478 4162 2629 4208 recte
2674 4160 2866 4223 postea
2922 4149 3334 4220 respondemus,
3386 4147 3600 4203 Filium.
3645 4145 3766 4201 Non

2164 4256 2346 4303 autem
2382 4256 2530 4303 recte
2566 4246 2729 4303 simul
2766 4243 3080 4302 diceretur‘
3112 4257 3250 4299 unus
3295 4242 3435 4298 ﬁlius
3480 4256 3550 4296 ex
3588 4237 3769 4295 Trinic

2166 4350 2277 4398 tate
2305 4344 2636 4407 incarnatus,
2663 4349 2757 4396 aut
2786 4355 2994 4410 passus,
3028 4345 3120 4392 aut
3146 4335 3459 4394 cruciﬁxus.
3498 4333 3608 4389 Sed
3653 4348 3766 4388 non

2164 4446 2248 4492 est
2285 4450 2623 4505 consequens
2677 4440 2735 4489 ut
2772 4449 2893 4503 quae
2942 4430 3101 4489 simul
3139 4446 3249 4485 non
3299 4438 3449 4484 recte
3487 4427 3761 4487 dicuntur,

2165 4528 2329 4582 etiam
2351 4526 2660 4595 singillatim
2690 4541 2798 4581 non
2827 4532 2978 4580 recte
3006 4522 3275 4578 dicantur.
3306 4519 3385 4575 Ac
3426 4535 3494 4574 ne
3521 4519 3627 4573 hoc
3655 4516 3767 4571 dis-

2166 4619 2418 4677 simulent
2449 4618 2766 4687 intelligere,
2799 4625 2893 4672 aut
2918 4615 3148 4673 fortasse
3175 4629 3285 4668 non
3315 4612 3541 4684 possint,
3569 4609 3769 4663 verbo-

2165 4727 2285 4766 rum
2341 4725 2562 4765 suorum
2616 4709 2703 4765 vel
2767 4709 3164 4764 convincuntur
3216 4704 3305 4760 vel
3369 4702 3769 4757 admoneantur

2165 4806 2435 4873 exemplo.
2487 4802 2621 4857 Nam
2661 4810 2716 4855 et
2759 4801 2886 4871 ipsi,
2928 4814 3054 4855 cum
3096 4804 3244 4853 recte
3287 4795 3470 4851 dicant
3505 4806 3665 4848 unam
3696 4805 3767 4848 ex

2166 4895 2428 4949 Trinitate
2455 4908 2746 4964 personam
2783 4888 3116 4953 crucifixum,
3169 4886 3466 4944 secundum
3494 4881 3639 4954 quod
3670 4881 3767 4937 ille

2164 4988 2329 5042 etiam
2350 4986 2433 5039 vir
2461 4985 2653 5039 beatus
2682 4991 2735 5038 et
2765 4982 3027 5038 doctrinm
3055 4979 3385 5035 admirabilis
3412 4974 3765 5045 Augustinus,
3816 4982 3823 4989 '

2165 5081 2217 5134 in
2248 5094 2411 5150 opere
2440 5079 2585 5148 quod
2621 5078 2839 5148 scripsit
2867 5076 2936 5132 de
2973 5074 3452 5131 Prmdestinatione
3496 5077 3549 5124 et
3578 5082 3766 5139 perse-

2168 5173 2409 5227 vcrantia
2440 5178 2773 5236 sanctorum,
2806 5169 2970 5239 docet
2990 5169 3011 5200 ⁸
3039 5186 3052 5221 :
3084 5186 3101 5219 ι
3132 5164 3334 5221 Fidelis
3360 5162 3455 5233 qui
3482 5162 3537 5217 in
3572 5174 3642 5215 eo
3673 5175 3767 5213 ve-

2173 5279 2288 5319 ram
2330 5272 2577 5319 naturam
2624 5263 2795 5319 credit
2837 5271 2894 5319 et
2927 5259 3216 5317 conﬁtetur
3239 5258 3552 5318 humanam,
3582 5251 3634 5307 id
3682 5260 3766 5306 est

2247 5629 2267 5660 ³
2293 5630 2436 5685 Idem
2477 5630 2629 5695 cud.,
2662 5629 2725 5683 dc
2758 5627 2987 5682 Unitate.
3022 5627 3165 5681 Sane
3210 5625 3263 5680 in
3294 5625 3431 5682 libro
3459 5624 3521 5678 de
3551 5620 3763 5679 L’nitatc

2172 5699 2421 5755 Ecclesia:
2445 5702 2605 5755 verba
2634 5701 2880 5765 leguntur
2914 5713 3033 5768 qua:
3064 5696 3228 5753 refert
3255 5695 3561 5754 Facundus.

2248 5773 2267 5802 ’⁵
2292 5772 2433 5825 Idem
2464 5772 2609 5837 ρ‹)(1.,
2642 5772 2847 5824 dicitur.

2245 5844 2427 5898 5Ht‘l‘tl
2467 5844 2608 5906 C()li.,
2657 5844 2795 5896 dicit.
