4122 6542
299 362 403 418 537

1225 370 1359 427 PRO
1385 371 1803 429 DEFENSIONE
1841 371 2061 430 TRIUM
2099 372 2418 431 CAPITUL.
2460 372 2587 429 UB.
2613 370 2655 429 1.

3489 364 3595 421 658

300 488 565 547 nostram,
582 480 827 552 quamvis
845 480 1192 550 singulariter
1210 485 1539 555 suscipiente
1560 486 1673 542 Deo
1690 485 1891 553 Verbo,
1921 489 1975 550 Α
1998 485 2160 543 debet
2198 494 2258 542 ut
2286 501 2425 542 unus
2466 500 2536 541 ex
2565 483 2848 549 Trinitate,
2881 481 2964 539 vel
3002 481 3076 539 de
3108 479 3393 548 Trinitate,
3421 479 3598 535 cruci-

299 572 354 626 in
386 571 605 628 unicum
638 571 734 627 Dei
761 572 957 628 Filium
985 573 1331 630 sublimatam
1356 594 1369 631 :
1400 578 1475 632 ita
1506 586 1566 633 ut
1589 580 1681 647 qui
1704 593 1894 635 susce-

299 670 399 735 pit,
441 664 671 733 etquod
708 665 969 735 suscepit,
1024 683 1132 722 una
1172 676 1317 724 esset
1357 671 1416 727 in
1455 670 1722 727 Trinitate
1766 687 1896 742 per-

302 771 460 812 sona.
487 775 507 809 i
542 756 677 811 Cum
716 756 881 825 igitur
930 766 985 812 et
1035 759 1171 829 ipsi,
1217 764 1671 830 quemadmodum
1710 765 1899 820 docui-

300 864 422 904 mus
445 849 484 913 ‘,
512 846 667 917 juxta
707 847 1009 903 doctrinam
1045 848 1264 908 Patrum
1321 862 1471 910 recte
1513 854 1696 910 dicant
1734 870 1897 911 unam

301 956 371 997 ex
402 941 668 997 Trinitate
703 955 993 1012 personam
1031 944 1381 1014 cruciﬁxam;
1412 956 1468 1002 et
1487 947 1617 1004 item
1666 949 1894 1003 interro.

302 1035 413 1103 gati
443 1033 595 1103 cujus
640 1026 889 1091 eamdem
918 1036 1107 1091 dicant
1133 1053 1255 1094 esse
1284 1053 1595 1109 personam,
1624 1049 1774 1095 recte
1819 1054 1902 1095 re-

303 1125 623 1196 spondeant,
656 1125 809 1194 Filii;
840 1143 950 1183 non
993 1136 1171 1183 tamen
1200 1129 1347 1198 quod
1392 1129 1710 1199 singillatim
1754 1138 1900 1186 recte

208 1272 209 1275 η
302 1216 511 1281 dicunt,
542 1217 707 1272 etiam
736 1218 893 1272 simul
934 1226 988 1273 et
1017 1219 1305 1289 conjuncte
1342 1228 1495 1276 recte
1536 1220 1721 1275 dicere
1745 1228 1901 1290 pote-

303 1316 454 1376 runt,
486 1307 539 1363 id
568 1316 669 1375 est,
697 1325 857 1365 unam
886 1326 1176 1381 personam
1224 1310 1345 1366 Filii
1375 1327 1444 1367 ex
1492 1310 1758 1369 Trinitate
1786 1328 1903 1368 crn-

302 1396 541 1462 ciﬁxam,
579 1399 732 1469 quasi
762 1400 880 1454 duae
919 1416 1164 1470 persona:
1205 1402 1313 1456 sint
1350 1401 1489 1457 Filii.
1523 1404 1539 1423 ·
1569 1402 1721 1458 Sicut
1748 1418 1898 1471 ergo,

303 1488 555 1558 quamvis
584 1504 690 1544 non
718 1497 866 1544 recte
908 1490 1066 1544 simul
1102 1490 1312 1545 dicatur
1358 1507 1461 1546 una
1512 1508 1740 1562 persona
1781 1492 1902 1547 Filii

305 1593 377 1634 ex
408 1578 673 1635 Trinitate
714 1580 996 1649 crueiﬁxa,
1044 1589 1100 1636 et
1135 1590 1284 1638 recte
1335 1584 1462 1638 item
1488 1587 1506 1615 ²
1528 1585 1597 1640 de
1639 1586 1754 1655 ipsa
1781 1600 1891 1654 per~

2000 576 2143 634 ﬁxus
2174 594 2276 648 pro
2325 594 2432 633 una
2480 592 2713 647 persona
2760 575 2994 632 dicatur.
3022 575 3343 644 Quanquam
3390 572 3436 628 si
3478 572 3599 643 quis

1999 684 2115 725 rem
2144 669 2434 739 diligenter
2452 667 2714 731 attendat,
2743 674 2800 721 et
2824 666 2986 722 altius
3015 681 3235 722 causam
3261 671 3494 734 repetat,
3517 664 3600 717 in-

1998 760 2183 817 veniet
2208 758 2356 829 quod
2384 774 2492 814 non
2520 758 2603 813 sic
2630 756 2880 822 dicimus,
2912 772 3054 811 unus
3082 770 3181 825 pro
3205 770 3311 810 una
3340 768 3596 823 persona,

1999 855 2095 910 sed
2123 853 2303 924 potius
2331 867 2440 907 una
2463 866 2693 922 persona
2716 866 2815 920 pro
2844 865 2952 905 uno
2980 864 3048 905 ex
3072 848 3336 903 Trinitate
3360 846 3595 901 dicatur.

1998 945 2133 1001 Nam
2162 945 2281 1001 sic“
2301 942 2541 999 Ecclesia
2567 941 2788 1007 Christi,
2819 942 2984 997 etiam
3013 955 3135 995 eum
3160 938 3388 995 necdum
3418 937 3486 992 ad
3510 937 3597 993 di-

1974 1074 1975 1077 η
1999 1036 2346 1093 stiuctionem
2372 1033 2549 1089 Patris
2578 1042 2634 1088 et
2661 1032 2781 1087 Filii
2808 1041 2864 1086 et
2889 1031 3122 1101 Spiritus
3153 1030 3327 1085 sant-ti
3355 1035 3600 1083 uteretur

2000 1128 2222 1183 nomine
2259 1140 2507 1196 persona:
2528 1125 2573 1194 °,
2603 1133 2714 1179 tres
2763 1123 2994 1179 credidit
3035 1130 3093 1179 et
3130 1121 3463 1193 praedicavit,
3497 1120 3599 1174 Pa-

2001 1235 2142 1282 trem
2167 1234 2224 1281 et
2251 1224 2446 1279 Filium
2474 1231 2530 1278 et
2557 1221 2818 1291 Spiritum
2854 1226 3145 1285 sanctum;
3187 1217 3327 1272 sicut
3354 1216 3600 1271 testimo-

2000 1318 2093 1374 nio
2120 1316 2346 1371 Joannis
2368 1315 2389 1347 "
2412 1327 2573 1384 supra
2596 1311 2903 1378 docuimus,
2930 1324 3040 1378 quo
3067 1308 3272 1363 dictum
3314 1313 3399 1361 est
3424 1323 3438 1359 :
3472 1304 3599 1359 Tres

2002 1419 2123 1464 sunt
2144 1409 2231 1480 qui
2258 1406 2606 1461 testimonium
2649 1403 2778 1457 dant
2799 1404 2856 1456 in
2905 1410 3063 1465 terra,
3097 1400 3331 1469 spiritus,
3382 1412 3517 1468 aqua
3550 1404 3600 1448 et

2001 1500 2251 1572 sanguis;
2283 1507 2332 1554 et
2360 1498 2412 1552 hi
2441 1505 2546 1551 tres
2573 1512 2735 1549 unum
2770 1502 2892 1548 sunt
2919 1492 2973 1564 (ι
3000 1491 3161 1545 Joan.
3197 1506 3247 1555 v,
3281 1488 3359 1559 8).
3407 1488 3600 1544 Perso-

2004 1607 2195 1647 narum
2234 1597 2414 1644 autem
2442 1601 2661 1649 nomen,
2695 1602 2804 1641 non
2842 1585 2952 1639 “nisi
2978 1593 3103 1638 cum
3134 1581 3400 1635 Sabellius
3427 1581 3601 1649 impu-

305 1687 443 1726 sona
486 1673 796 1740 singillatim
846 1674 1045 1728 dicitur
1073 1675 1218 1745 quod
1248 1675 1368 1730 Filii
1402 1678 1508 1730 sit:
1536 1677 1611 1732 ita
1659 1677 1905 1747 quamvis
2004 1691 2195 1753 gnarel.
2222 1680 2542 1744 Ecclesiam,
2577 1675 2882 1732 necessario
2917 1674 2976 1728 in
3019 1688 3172 1728 usum
3204 1669 3602 1741 paciﬁcationis

306 1780 415 1819 non
474 1776 621 1820 recte
664 1766 1093 1829 simul'dieatur,
1149 1782 1290 1821 unus
1342 1767 1480 1822 ﬁlius
1525 1783 1592 1822 ex
1642 1767 1906 1824 Trinitate
2006 1782 2314 1843 assumptus
2353 1779 2463 1835 est;
2507 1767 2687 1835 utqui
2720 1780 2936 1834 semper
2979 1772 3091 1818 tres
3135 1762 3327 1817 crediti
3376 1769 3504 1815 sunt
3546 1766 3602 1814 et

306 1855 626 1920 cruciﬁxus,
663 1865 810 1912 recte
863 1865 1043 1910 tamen
1091 1856 1403 1924 singillatim
1431 1857 1631 1912 dicitur
1670 1874 1807 1912 unus
1837 1873 1904 1912 ex
1941 1873 1980 1931 Β
2009 1865 2208 1929 vocati,
2253 1862 2416 1919 Pater
2442 1872 2497 1917 ει
2526 1862 2691 1916 Filius
2719 1870 2777 1916 ει
2803 1861 3036 1930 spiritus
3060 1866 3301 1925 sanctus,
3327 1872 3438 1910 uno
3463 1870 3601 1923 quo-

307 1942 572 2001 Trinitate
594 1946 901 2012 cruciﬁxus,
949 1955 1005 2000 et
1034 1949 1163 2002 item
1191 1949 1258 2003 de
1287 1948 1405 2018 ipso
1436 1964 1544 2003 uno
1572 1948 1716 2017 quod
1736 1948 1905 2003 Filius

305 2035 397 2092 sit.
430 2036 718 2108 Quocirca,
750 2049 898 2095 recte
927 2041 1123 2115 dicitur
1160 2058 1300 2095 unus
1324 2056 1392 2096 ex
1422 2040 1684 2095 Trinitate
1729 2042 1905 2096 cruci-

307 2130 464 2195 ﬁxus,
498 2139 554 2185 et
581 2146 689 2184 una
716 2145 784 2185 ex
816 2130 1077 2186 Trinitate
1100 2146 1348 2203 persona.
1370 2132 1501 2188 _Scd
1529 2149 1686 2188 unam
1722 2132 1905 2187 dicere

306 2234 594 2291 personam
645 2220 1090 2278 Nestorianorum
1143 2238 1286 2277 nova
1339 2223 1669 2292 subterfugia
1724 2223 1905 2279 minus

306 2311 547 2368 excludit
573 2329 585 2364 :
610 2312 702 2380 qui
729 2313 961 2368 convicti
992 2313 1289 2369 innumeris
1312 2314 1638 2369 testimoniis
1657 2312 1902 2380 Patrum,

306 2404 452 2473 quod
481 2404 626 2460 Deus
647 2405 881 2467 Verbum
908 2414 961 2460 et
1001 2416 1305 2476 assumptus
1341 2408 1506 2461 homo
1535 2422 1640 2461 una
1672 2421 1903 2477 persona

307 2493 398 2559 sit,
428 2510 530 2564 pro
560 2496 898 2550 auctoritatis
940 2496 1200 2563 dignitate
1245 2498 1312 2552 ab
1356 2498 1435 2553 eis
1460 2498 1565 2553 hoc
1591 2498 1677 2551 vel
1720 2498 1906 2553 existi-

307 2595 459 2643 mant
488 2588 714 2658 dictum,
744 2590 831 2644 vel
861 2590 1170 2645 existimare
1198 2605 1258 2646 se
1292 2588 1521 2659 ﬁngunt,
1546 2598 1605 2645 ut
1633 2591 1713 2646 sic
1737 2591 1904 2647 homo

306 2674 463 2734 Jesus
487 2675 736 2733 Christus
761 2678 972 2733 dicatur
992 2678 1155 2735 Verbi
1176 2681 1406 2747 gessisse
1434 2696 1742 2750 personam,
1762 2682 1905 2736 sicut

307 2770 473 2827 etiam
502 2769 670 2840 gessit
707 2769 1020 2840 Apostolus,
1064 2770 1158 2840 qui
1200 2770 1445 2826 scribens
1488 2771 1557 2825 ad
1594 2770 1905 2829 Corinthius

307 2860 446 2917 dicit
471 2879 483 2914 :
514 2860 658 2914 Nam
688 2868 735 2914 et
756 2878 851 2931 ego
879 2861 1017 2931 quod
1046 2861 1233 2916 donavi
1259 2860 1300 2926 ³,
1323 2872 1537 2932 propter
1576 2878 1666 2916 vos
1707 2863 1760 2916 in
1777 2878 1906 2931 per-

306 2936 442 3009 sona
462 2952 679 3018 Christi,
701 2962 756 3005 ut
777 2969 881 3006 non
905 2954 1367 3007 circumveniantur
1389 2970 1420 3006 a
1450 2954 1656 3007 Satana
1678 2952 1763 3022 (II
1779 2952 1900 3007 Cor.

307 3063 365 3113 It,
399 3046 491 3116 10)
515 3062 530 3113 ;
555 3061 661 3101 non
690 3054 749 3101 ut
776 3062 913 3102 unus
954 3046 1206 3116 idemque
1234 3054 1381 3103 esset
1434 3047 1577 3101 Deus
1625 3056 1682 3101 et
1718 3048 1902 3103 homo.

307 3137 448 3194 Cum
474 3152 610 3193 vero
640 3144 695 3193 et
723 3153 863 3192 unus
892 3152 960 3192 ex
989 3136 1275 3207 Trinitate,
1316 3146 1371 3193 et
1402 3154 1507 3193 una
1538 3154 1606 3195 ex
1642 3138 1905 3194 Trinitate

309 3242 545 3298 persona
583 3243 683 3297 pro
711 3228 866 3282 nobis
897 3225 1151 3283 cruciﬁxa
1180 3236 1331 3284 recte
1358 3228 1599 3296 dicatur,
1634 3230 1774 3285 hanc
1795 3230 1903 3284 nti-

309 3320 519 3375 litatem
550 3319 691 3389 qua‘
712 3318 859 3374 fraus
878 3319 1323 3375 Nestorianorum
1349 3335 1380 3375 a
1412 3328 1599 3376 sancta
1628 3332 1686 3376 et
1713 3335 1908 3389 magna

308 3412 523 3485 synodo
548 3410 883 3467 sufﬁcienter
920 3413 1142 3468 exclusa
1170 3421 1271 3479 est,
1303 3413 1603 3481 intelligere
1624 3421 1680 3468 et
1706 3428 1907 3482 appro-

311 3504 442 3559 bare
464 3503 574 3572 jam
603 3502 803 3558 debent
823 3502 911 3573 qui
940 3502 1050 3558 dici
1081 3504 1339 3559 nolebant
1360 3519 1525 3558 unum
1557 3504 1624 3558 de
1645 3503 1910 3558 Trinitate

312 3610 415 3666 pro
454 3595 613 3650 nobis
654 3594 1011 3659 incarnatum,
1055 3595 1141 3650 vel
1184 3596 1523 3665 passum,vel
1567 3595 1903 3659 cruciﬁxum.

313 3685 415 3752 Qui
445 3685 608 3739 etiam
638 3685 683 3738 si
714 3684 860 3738 nulla
890 3684 1146 3738 invitaret
1171 3685 1393 3751 utilitas,
1426 3700 1603 3754 neque
1632 3685 1740 3740 hoc
1766 3693 1911 3740 esset

315 3782 480 3828 tantm
523 3772 715 3843 synodi
756 3774 1082 3829 auctoritate
1112 3772 1404 3845 ﬁrmatum,
1433 3776 1728 3830 modestius
1766 3776 1912 3831 face-

314 3875 439 3922 rent
491 3868 834 3937 acquiescere
863 3869 1096 3938 sapienti
1126 3868 1414 3938 Gregorio,
1465 3869 1557 3940 qui
1585 3870 1654 3924 de
1685 3869 1913 3924 vocabu-

314 3959 492 4014 lorum
546 3959 858 4015 diversitate
904 3960 1273 4016 dissidendum
1324 3978 1433 4017 non
1505 3976 1625 4017 esse
1671 3961 1913 4017 decrevit

315 4048 559 4121 (Gregor.
589 4048 961 4106 Nazianzenus
991 4062 1124 4106 orat.
1160 4052 1271 4124 59).
1305 4051 1361 4105 In
1391 4068 1456 4107 eo
1494 4052 1636 4108 enim
1660 4066 1914 4107 sermone

314 4137 469 4208 Cujus
514 4146 598 4193 est
644 4140 973 4196 tituluszDe
1020 4141 1345 4208 luminibus,
1398 4142 1472 4196 ita
1524 4141 1737 4196 locutus
1786 4152 1908 4196 est:

320 4247 340 4281 ε
369 4227 539 4283 Deum
560 4246 684 4286 cum
715 4232 1096 4305 nomino,_uno
1124 4232 1328 4287 lumine
1357 4233 1725 4302 illustramini,
1753 4233 1913 4289 simul

315 4329 373 4377 ct
415 4322 605 4378 tribus.
652 4321 846 4403 Tribus
876 4324 1113 4393 quidem,
1153 4327 1449 4380 secundum
1495 4326 1915 4394 uniuscujusque

315 4412 676 4484 proprietates
702 4415 817 4470 sive
842 4430 1123 4485 personas.
1159 4415 1302 4470 Nihil
1328 4416 1473 4471 enim
1504 4432 1603 4486 pro
1624 4416 1915 4471 vocabulo-

314 4519 437 4559 rum
466 4503 777 4560 diversitate
826 4505 1190 4561 dissidendum
1242 4516 1346 4573 est,
1386 4523 1508 4563 cum
1549 4508 1617 4563 ad
1664 4507 1913 4563 eumdem

2008 1970 2116 2024 que
2144 1954 2305 2010 simul
2332 1964 2388 2008 et
2414 1952 2687 2009 communi
2718 1965 3073 2021 personarum
3100 1947 3318 2003 nomine
3345 1960 3603 2001 vocaren~

2006 2056 2117 2103 tur.
2150 2045 2352 2100 Deinde
2381 2045 2542 2100 etiam
2568 2042 2926 2099 subsistentia:
2968 2040 3126 2096 dictre
3152 2048 3296 2105 sunt,
3346 2038 3604 2107 quoniam

2007 2138 2263 2195 Ecclesizc
2292 2137 2513 2207 placuit,
2542 2136 2610 2191 ad
2633 2133 3039 2204 signiﬁcandam
3068 2130 3484 2195 Trinitatem,et
3500 2129 3606 2185 hoc

2008 2246 2208 2287 nomen
2227 2229 2555 2285 distinctioni
2579 2227 2851 2299 personali
2881 2226 3137 2280 tribuere.
3159 2223 3399 2290 Quaestio
3423 2221 3605 2289 itaque

2008 2321 2300 2391 aliquando
2327 2321 2396 2375 de
2436 2334 2581 2374 novo
2610 2319 2831 2373 nomine
2872 2330 3120 2386 persona:
3148 2322 3204 2370 et
3244 2314 3605 2369 subsistentia;
3704 2370 3711 2375 _

2008 2412 2132 2478 fuit,
2165 2419 2345 2465 utrum
2372 2410 2439 2464 ad
2476 2408 2884 2477 signiﬁcandam
2926 2406 3267 2467 Trinitatem,
3296 2418 3418 2472 qua:
3461 2402 3604 2458 Deus

2008 2512 2109 2568 est,
2141 2501 2365 2557 deberet
2391 2498 2623 2564 admitti,
2654 2498 2796 2554 sicut
2819 2505 2875 2553 et
2902 2498 3070 2567 ipsius
3098 2494 3378 2551 Trinitatis
3405 2509 3601 2549 nomen

2007 2592 2299 2648 admissum
2347 2598 2605 2646 est:non
2655 2590 2725 2645 de
2771 2604 2840 2644 eo
2884 2588 3034 2659 quod
3069 2602 3286 2657 semper
3332 2586 3504 2640 tenuit
3550 2592 3604 2640 et

2008 2681 2322 2753 prmdicavit
2347 2678 2611 2747 Ecclesia,
2638 2679 2770 2749 quia
2813 2688 2925 2734 tres
2952 2683 3080 2734 sunt
3110 2677 3203 2747 qui
3245 2675 3605 2732 testiﬁcantur

2007 2772 2065 2828 in
2095 2780 2260 2835 terra,
2285 2778 2343 2826 et
2364 2772 2420 2827 hi
2446 2777 2560 2826 tres
2586 2785 2753 2825 unum
2776 2776 2925 2824 sunt.
2960 2767 3115 2823 Unde
3141 2768 3307 2823 etiam
3330 2781 3604 2822 memora-

2010 2870 2097 2918 tus
2122 2863 2206 2919 vir
2225 2864 2248 2895 ⁸
2275 2861 2603 2930 Augustinus
2630 2860 2685 2915 in
2705 2860 2896 2929 quinto
2920 2859 3131 2914 decimo
3154 2858 3221 2914 de
3250 2857 3514 2913 Trinitate
3538 2857 3603 2912 li-

2007 2956 2109 3012 bro
2136 2952 2287 3025 (Cap.
2321 2952 2375 3023 5)
2404 2969 2418 3005 :
2443 2970 2463 3003 ‹
2489 2951 2733 3018 Clarum,
2764 2949 2958 3018 inquit,
2991 2958 3074 3005 est
3103 2948 3159 3003 in
3186 2946 3488 3003 substantia
3512 2962 3608 3002 ve-

2007 3049 2207 3115 ritatis,
2238 3062 2348 3103 non
2380 3046 2560 3101 solum
2586 3044 2806 3101 Patrem
2847 3044 2985 3099 Filio
3012 3059 3120 3098 non
3170 3057 3291 3099 esse
3320 3042 3603 3112 majorem,

2007 3141 2107 3196 sed
2132 3154 2235 3195 nec
2258 3138 2449 3194 ambos
2468 3136 2629 3192 simul
2658 3135 2861 3205 aliquid
2886 3136 3064 3205 majus
3091 3150 3213 3190 esse
3240 3148 3400 3205 quam
3430 3133 3606 3189 solum

2008 3231 2269 3302 Spiritum
2297 3236 2574 3295 sanctum;
2611 3237 2703 3282 aut
2722 3227 2997 3297 quoslibet
3024 3226 3162 3281 duos
3182 3227 3236 3280 in
3266 3225 3457 3281 eadem
3483 3225 3605 3280 Tri-

2009 3323 2183 3378 nitate
2210 3320 2385 3391 majus
2431 3319 2634 3389 aliquid
2678 3333 2800 3376 esse
2827 3333 2990 3389 quam
3034 3332 3235 3384 unum;
3286 3325 3381 3372 aut
3416 3332 3609 3374 omnes

2008 3415 2169 3471 simul
2203 3421 2333 3478 tres,
2359 3412 2534 3482 majus
2565 3411 2770 3480 aliquid
2794 3425 2915 3466 esse
2951 3425 3113 3479 quam
3150 3409 3411 3478 singulos.
3444 3429 3463 3462 ι
3499 3409 3609 3466 Nec

2008 3507 2089 3562 ait
2116 3507 2198 3562 vir
2224 3505 2565 3561 cautissimus
2592 3510 2648 3557 et
2668 3501 3098 3571 sapientissimus
3127 3501 3316 3555 ambas
3344 3516 3606 3571 personas

2006 3598 2169 3655 simul
2198 3597 2398 3666 aliquid
2422 3610 2542 3651 esse
2566 3598 2740 3663 majus
2767 3594 2821 3648 in
2846 3593 3146 3649 substantia
3171 3594 3419 3649 veritatis
3444 3607 3608 3661 quam

2009 3691 2185 3746 solum
2215 3688 2474 3758 Spiritum
2504 3695 2779 3752 sanctum,
2811 3685 2958 3755 quod
2985 3686 3201 3755 quidem
3229 3695 3396 3752 recte,
3429 3689 3474 3742 si
3500 3688 3609 3740 vcl-

2011 3782 2106 3845 let,
2137 3782 2373 3846 diceret;
2415 3779 2513 3836 sed
2546 3779 2724 3849 potius
2749 3779 2978 3834 ambos:
3014 3793 3188 3846 neque
3225 3779 3302 3833 ait
3342 3779 3609 3847 quaslibet
3654 3784 3659 3789 '

2010 3874 2145 3930 duas
2169 3887 2429 3941 personas
2456 3872 2510 3925 in
2540 3870 2730 3926 eadem
2761 3868 3024 3924 Trinitate
3051 3868 3224 3937 majus
3252 3884 3372 3925 esse
3408 3869 3611 3938 aliquid

2012 3983 2193 4037 quam
2216 3982 2399 4031 unam,
2431 3964 2527 4020 sed
2568 3963 2839 4034 quoslibet
2857 3962 2995 4017 duos
3023 3964 3077 4017 in
3128 3962 3319 4018 eadem
3351 3961 3611 4018 Trinitate

2015 4061 2189 4129 majus
2219 4074 2338 4115 esse
2364 4058 2567 4126 aliquid
2607 4072 2769 4127 quam
2813 4072 3011 4121 unum;
3050 4070 3228 4124 neque
3256 4055 3392 4109 dixit
3420 4068 3612 4111 omnes

2012 4150 2177 4207 simul
2209 4156 2317 4204 tres
2361 4148 2622 4220 personas
2649 4146 2823 4216 majus
2851 4145 3049 4214 aliquid
3074 4159 3196 4200 esse
3236 4160 3395 4214 quam
3420 4147 3613 4216 singu-

2014 4246 2115 4312 las,
2145 4245 2243 4302 sed
2269 4257 2459 4300 omnes
2487 4240 2647 4295 simul
2690 4248 2799 4293 tres
2842 4237 3019 4306 majus
3061 4238 3265 4307 aliquid
3306 4252 3427 4293 esse
3450 4255 3612 4309 quam

2015 4337 2275 4405 singulos.
2305 4333 2468 4401 Quod
2485 4333 2531 4387 si
2556 4328 2862 4399 hujnsmodi
2892 4328 3196 4384 locutiones
3222 4345 3293 4387 ex
3312 4329 3469 4385 dictis
3489 4346 3615 4400 pro-

2015 4427 2418 4485 batissimorum
2448 4423 2668 4477 Patrum
2697 4421 2859 4476 velim
2886 4420 3165 4489 colligere,
3193 4429 3322 4476 ante
3361 4435 3450 4476 me
3476 4428 3615 4477 tem-

2017 4536 2118 4591 pus
2144 4534 2305 4590 quam
2335 4516 2583 4585 exempla
2610 4512 2844 4569 deﬁciet.
2890 4512 3033 4566 Nihil
3075 4521 3160 4566 est
3188 4512 3352 4582 igitur
3378 4513 3523 4582 quod
3549 4515 3617 4569 de

313 4613 535 4653 sensum
578 4599 820 4653 omnium
861 4600 1147 4657 diversitas
1191 4609 1454 4671 provocet
1494 4601 1849 4657 intellectum.
1886 4620 1906 4653 ›
1944 4627 1993 4687 D
2018 4612 2187 4667 verbo
2221 4608 2704 4680 reprehendamur,
2750 4604 2998 4660 dicentes
3041 4620 3206 4658 umtm
3247 4605 3316 4660 de
3356 4604 3617 4660 Trinitate

315 4691 455 4746 Dum
488 4690 649 4757 igitur
690 4699 745 4745 et
771 4704 966 4759 magna
998 4709 1097 4747 nos
1126 4692 1191 4746 ad
1218 4694 1355 4747 hanc
1385 4692 1783 4749 confessionem
1826 4696 1910 4747 in-

315 4784 451 4837 vitet
481 4777 709 4848 utilitas,
738 4792 794 4837 et
824 4800 928 4839 non
956 4783 1194 4840 inaudita
1224 4792 1280 4840 et
1316 4800 1456 4840 nova
1491 4786 1562 4841 sit
1593 4787 1681 4841 illa
1710 4803 1818 4842 vox
1845 4786 1913 4841 de

314 4891 427 4946 qua
460 4876 617 4932 nobis
646 4876 951 4932 deliberare
980 4878 1051 4934 sit
1099 4879 1324 4934 liberum
1358 4897 1424 4934 an
1460 4881 1667 4935 admitti
1698 4881 1914 4951 debeat,

316 4982 482 5037 quam
519 4967 817 5022 divinarum
841 4968 1240 5039 Seripturarum
1269 4973 1594 5027 testimoniis
1622 4974 1915 5029 convenire

316 5059 483 5113 etiam
515 5073 545 5112 a
578 5059 742 5113 tantis
771 5058 1018 5115 Pati-ibus
1048 5061 1424 5116 conﬁrmatum
1454 5078 1574 5119 esse
1611 5062 1913 5134 docuimus,

314 5148 557 5218 nihilque
578 5149 645 5205 de
669 5149 837 5207 verbo
865 5151 933 5205 sit
963 5150 1327 5207 dissidendum
1346 5193 1362 5220 ,
1408 5154 1625 5223 placere
1666 5156 1917 5212 omnibus

389 5370 568 5426 *Cod.
600 5373 825 5439 Veron.,
867 5376 1114 5430 diximus.
1166 5384 1167 5387 ‘

386 5443 581 5498 ’ldem
612 5445 759 5516 cod,
799 5456 935 5500 recte
981 5455 1154 5500 tamen
1200 5445 1509 5516 singillatim
1557 5448 1767 5510 dicitur,
1810 5465 1916 5503 una

306 5530 540 5588 persona
562 5531 628 5568 ea:
658 5513 912 5588 Trinitate
931 5519 1183 5588 πυρίβια
1208 5533 1224 5570 :
1252 5513 1303 5570 ei
1330 5528 1465 5571 recte
1493 5520 1639 5584 item,
1672 5528 1778 5573 etc.

386 5582 409 5613 ³
434 5583 578 5705 [diem
609 5587 756 5654 cod.,
787 5588 921 5658 quod
957 5582 1164 5658 donavi,
1204 5589 1250 5643 si
1292 5589 1417 5660 quid
1446 5582 1659 5656 donavi,
1708 5598 1919 5660 propter

386 5669 428 5705 s.
452 5671 481 5705 c
508 5672 557 5705 e.

315 5669 428 5716 eos,
452 5669 557 5707 etc.

2016 4705 2378 4769 incarnatum,
2430 4701 2543 4755 sive
2594 4713 2834 4768 passum,
2894 4698 3009 4752 sive
3059 4697 3395 4751 cruciﬁxum.
3459 4697 3618 4763 Quod

2017 4796 2183 4851 etiam
2250 4801 2435 4849 sancta
2491 4789 2952 4845 Chalcedonensis
3002 4788 3262 4857 synodus,
3316 4789 3617 4843 divinarum

2016 4885 2413 4953 Seripturarum
2437 4882 2761 4937 auctoritate
2789 4888 2844 4934 et
2872 4878 3370 4947 antiquissimorum
3397 4878 3616 4935 Patrum

2021 4975 2346 5030 testimoniis
2394 4972 2701 5033 informata,
2744 4971 2936 5025 videns
2983 4985 3014 5022 a
3071 4980 3265 5035 magno
3309 4968 3502 5024 Proelo
3547 4973 3615 5027 ad

2022 5063 2287 5119 Armenes
2316 5064 2519 5119 utiliter
2539 5065 2819 5132 scriptum,
2843 5068 2900 5115 et
2925 5074 2954 5113 a
2982 5059 3381 5128 sapientissimo
3403 5060 3614 5119 Joanne

2024 5140 2365 5211 Antioclieno
2393 5161 2449 5210 et
2478 5153 2691 5209 cazteris
2717 5150 3073 5208 orientalibus
3100 5148 3368 5220 episcopis
3400 5154 3454 5209 in
3484 5169 3616 5210 con.

2094 5376 2283 5449 fidem
2315 5378 2462 5445 cod.,
2493 5381 2635 5449 quia.

2094 5448 2116 5481 ⁸
2139 5448 2285 5503 Idem
2314 5450 2462 5514 cod.,
2496 5448 2708 5517 semper.

2098 5521 2120 5549 ‘
2144 5519 2287 5572 Idem
2313 5520 2460 5581 cod.,
2495 5536 2855 5588 personarum.

2094 5591 2114 5622 ’ί
2140 5589 2283 5642 ldem
2307 5588 2457 5655 cod.,
2489 5589 2715 5643 Joannis
2737 5590 2979 5657 apostoli.

2096 5662 2118 5692 ⁸
2140 5660 2279 5713 lJem
2310 5659 2461 5726 cod.,
2485 5661 2562 5712 vir
2589 5660 2939 5713 doctissimus.

393 5849 640 5909 ‘Videsis
689 5854 741 5908 in
794 5856 935 5911 hunc
988 5856 1161 5913 locum
1212 5856 1278 5913 cl.
1340 5856 1760 5926 Wcsselingium
1818 5856 1907 5912 lib.
1954 5854 2225 5913 Probabil.
2264 5872 2383 5928 cap.
2418 5854 2505 5923 '56,
2537 5869 2657 5928 pag.
2689 5852 2812 5907 524.
