4122 6544
527 393 630 451 5'59

1625 387 1925 447 FACUNDI
1963 387 2176 444 EPISC.
2217 385 2725 442 HERMIANENSIS

3729 383 3830 440 5i0

524 505 654 563 eilio
692 504 1073 574 approbatum,
1115 502 1507 558 convenienter
1546 499 1661 570 ipsa
1692 513 1916 570 quoque
1943 498 2126 554 limia-
2155 501 2208 562 Α
2233 506 2414 555 catum
2445 506 2528 554 est
2556 499 2624 554 ad
2661 499 3049 556 discretionem
3079 498 3248 569 ipsius
3285 498 3411 554 novi
3439 498 3691 568 baptismi
3735 514 3828 554 so-

523 597 624 650 vit.
667 593 737 648 Et
764 594 885 649 ideo
913 595 1056 649 hanc
1091 592 1400 662 religiosam
1444 601 1502 648 et
1540 592 1902 648 necessariam
1929 606 2124 648 vocem

523 685 882 756 suscipientes
905 686 998 755 qui
1039 685 1106 740 dc
1127 685 1294 741 verbo
1313 682 1584 756 superﬂue
1603 683 2025 750 contendebant,
2049 685 2125 738 ita

522 773 632 845 iam
680 774 962 829 nobiseum
1009 772 1364 829 Nestorianos
1415 786 1610 842 urgere
1657 772 1859 828 debent
1896 788 1962 827 ac
2002 789 2126 843 pre—

523 880 694 931 mere,
741 872 937 920 utnon
974 871 1184 918 tantum
1213 879 1376 918 unam
1428 879 1498 919 ex
1539 863 1807 918 Trinitate
1835 879 2125 934 personam

521 955 724 1020 dicant,
755 953 902 1026 quod
930 954 1006 1009 illi
1035 953 1198 1018 male,
1239 954 1378 1010 sicut
1401 953 1515 1023 jam
1545 954 1804 1023 diximus,
1851 954 2123 1023 interpre-

523 1057 737 1114 tantur;
768 1047 866 1103 sed
894 1047 1059 1103 etiam
1085 1062 1256 1103 unum
1291 1063 1358 1102 ex
1398 1047 1665 1104 Trinitate
1704 1064 1944 1120 passum,
1975 1048 2127 1120 quod

524 1140 672 1196 nulla
699 1140 887 1196 fraude
913 1141 1125 1212 possint
1151 1140 1393 1197 eludere.
1427 1140 1632 1208 Quibus
1653 1140 1991 1197 Nestofianis
2015 1143 2126 1201 hoc

522 1236 688 1291 modo
713 1236 932 1304 gravius
958 1235 1276 1300 insistimus,
1308 1235 1353 1288 si
1374 1235 1455 1290 eis
1475 1235 1721 1290 dicamus
1749 1253 1764 1289 :
1797 1234 2018 1291 Certum
2039 1241 2126 1293 est

525 1327 775 1396 accipere
805 1342 910 1382 vos
950 1325 1232 1381 uobiscum
1271 1326 1399 1394 quia
1446 1325 1789 1391 Trinitatem,
1823 1341 1946 1396 qum
1986 1342 2126 1382 unus

525 1419 669 1474 Deus
682 1427 786 1483 est,
812 1416 1135 1488 signiﬁcavit
1154 1417 1445 1488 Apostolus
1465 1418 1652 1474 dicens
1675 1437 1691 1476 :
1718 1416 1763 1471 Ο
1791 1419 2012 1474 altitudo
2037 1420 2124 1474 di-

524 1511 765 1565 uitiarum
787 1511 1060 1580 sapientia:
1085 1519 1135 1563 et
1154 1510 1385 1565 scientiae
1405 1509 1539 1564 Dei!
1554 1526 1710 1580 quant
1731 1511 2126 1581 incomprehen-

525 1601 699 1656 sibilia
746 1609 866 1656 sunt
900 1601 1104 1672 judicia
1139 1601 1250 1672 ejus
1304 1609 1355 1655 et
1400 1601 1787 1673 inrestigabiles
1833 1603 1932 1656 vita
1976 1603 2124 1674 ejus!

529 1693 659 1758 Quis
679 1695 815 1748 enim
851 1695 1089 1765 cognovit
1117 1710 1324 1767 sensum
1359 1693 1594 1759 Domini,
1623 1705 1715 1749 aut
1741 1697 1857 1767 quis
1875 1698 2125 1752 consilia-

528 1785 640 1837 rius
662 1783 774 1854 ejus
805 1784 944 1855 fuit?
989 1792 1078 1836 aut
1105 1766 1217 1856 quid
1245 1785 1389 1854 prius
1417 1785 1560 1840 dedit
1586 1785 1683 1852 illi,
1727 1766 1778 1840 et
1815 1787 2126 1843 retribuetur

2231 590 2344 645 lum
2373 606 2574 646 nomen
2616 589 2832 646 Domini
2859 589 2987 645 Jesu
3017 604 3343 654 memorare,
3387 589 3534 660 quod
3572 605 3747 660 neque
3774 592 3826 645 in

2227 681 2499 752 baptismo
2526 680 2775 750 Joannis,
2821 697 3000 751 neque
3024 685 3028 688 ⁷
3049 682 3104 736 in
3135 681 3256 737 aliis
3299 682 3585 752 baptismis
3621 681 3828 738 Judaici

2229 773 2365 829 ritus
2394 773 2836 830 interserebatur.
2867 773 3136 829 Caeterum
3158 774 3263 828 illis
3291 773 3518 832 sacratis
3545 774 3742 840 verbis,
3774 774 3830 831 id

2229 875 2334 933 est,
2374 867 2428 921 in
2460 867 2678 923 nomine
2705 864 2882 923 Patris
2907 876 2962 922 et
2989 867 3112 921 Filii
3141 876 3198 922 et
3224 867 3458 937 Spiritus
3494 868 3689 934 sancti,
3730 869 3829 922 ba-

2230 959 2419 1028 ptizati
2447 959 2578 1014 mihi
2606 959 2875 1014 videntur.
2918 958 3028 1014 Nec
3069 958 3402 1014 mendaciter
3429 959 3648 1026 dictum,
3681 959 3828 1027 quod

2229 1050 2394 1119 absit,
2452 1051 2742 1107 existimo:
2769 1051 3076 1122 Baptizetnr
3115 1053 3464 1124 unusquisque
3501 1061 3722 1105 vestrum
3770 1052 3827 1105 in

2229 1143 2438 1196 nomine
2464 1141 2590 1196 Jesu
2620 1140 2832 1206 Christi,
2865 1149 2960 1196 aut
2986 1141 3110 1211 quia
3152 1141 3410 1212 baptizati
3439 1149 3570 1196 sunt
3607 1141 3827 1211 quidam

2229 1230 2284 1286 in
2315 1231 2536 1286 nomine
2581 1231 2799 1286 Domini
2826 1231 2952 1286 Jesu
2979 1250 2992 1284 :
3023 1233 3279 1301 quoniam
3309 1231 3608 1287 certissime
3647 1232 3700 1286 in
3733 1248 3827 1287 no-

2230 1323 2377 1379 mine
2401 1321 2531 1379 Jesu
2555 1324 2577 1354 ⁸
2602 1325 2949 1395 baptizabant
2977 1327 3232 1396 apostoli,
3264 1327 3366 1381 etsi
3425 1341 3534 1380 non
3571 1327 3626 1381 in
3657 1327 3826 1383 solius

2230 1411 2445 1468 Domini
2474 1413 2624 1481 Jesu,
2655 1415 2709 1470 id
2757 1423 2841 1471 est
2886 1415 3024 1480 Filii,
3058 1417 3279 1471 nomine
3323 1417 3693 1488 baptizabant,
3728 1433 3826 1473 ve-

2229 1523 2348 1562 rum
2391 1508 2558 1563 etiam
2588 1507 2644 1564 in
2673 1507 2850 1564 Patris
2892 1517 2948 1564 et
2989 1508 3223 1580 Spiritus
3262 1511 3456 1566 sancti.
3490 1510 3568 1566 Ac
3596 1527 3694 1582 per
3717 1512 3827 1568 hoc

2229 1600 2466 1657 arbitror
2493 1603 2658 1672 quod,
2707 1618 2829 1658 cum
2868 1603 3134 1674 baptisma
3179 1605 3565 1672 celebraretur,
3599 1607 3650 1660 in
3695 1607 3826 1675 ipsis

2228 1706 2448 1763 quoque
2481 1695 2707 1749 sacratis
2749 1695 2930 1750 verbis
2957 1696 3276 1750 servabatur
3320 1697 3412 1751 illa
3439 1697 3611 1751 forma
3655 1698 3826 1766 bapti-

2230 1786 2365 1851 smi;
2404 1784 2466 1839 in.
2489 1785 2804 1840 narratione
2824 1801 2955 1842 vero
2985 1780 3306 1854 sufﬁciebat,
3346 1788 3412 1841 ad
3441 1788 3824 1843 discretionem

526 1876 610 1929 ei?
646 1873 904 1938 Quoniam
945 1892 1012 1930 ea:
1039 1876 1174 1945 ipso,
1225 1884 1276 1929 et
1321 1893 1412 1946 per
1451 1878 1642 1947 ipsum,
1685 1887 1736 1931 et
1778 1879 1834 1932 in
1861 1880 1974 1950 ipso
2003 1889 2126 1934 sunt
2156 1891 2201 1950 Β
2230 1873 2463 1930 aliorum
2505 1874 2922 1946 baptismatum,
2980 1876 3148 1932 solius
3199 1877 3414 1932 Domini
3468 1876 3596 1934 Jesu
3645 1878 3825 1934 facere

527 1967 705 2020 omnia
728 1983 746 2020 :
777 1967 880 2037 ipsi
906 1966 1077 2038 gloria
1113 1968 1171 2020 in
1197 1968 1393 2022 saecula
1421 1967 1599 2038 (Rom.
1629 1985 1703 2035 x1,
1736 1971 1851 2041 35).
1900 1969 1978 2025 Ex
2003 1972 2122 2042 ipso

525 2059 733 2124 dicens,
764 2073 831 2113 ex
858 2056 1049 2125 Patre;
1074 2074 1173 2129 per
1217 2059 1394 2130 ipsum
1433 2074 1584 2126 vero,
1617 2077 1716 2132 per
1742 2063 1955 2131 Filium,
1987 2065 2125 2120 sicut

527 2151 657 2206 alibi
703 2151 870 2206 dicit:
904 2149 1074 2206 Nobis
1116 2161 1292 2207 tamen
1338 2169 1474 2208 unus
1503 2152 1646 2208 Deus
1686 2154 1866 2218 Pater,
1911 2171 1978 2210 ea:
2023 2173 2123 2228 quo

528 2243 726 2310 omnia,
759 2249 808 2296 et
832 2258 929 2297 nos
957 2243 1013 2296 in
1040 2243 1133 2298 illo
1155 2244 1172 2275 ¹
1193 2261 1214 2309 ;
1243 2252 1294 2297 et
1337 2260 1468 2298 unus
1517 2243 1768 2299 Dominus
1791 2245 1946 2302 Iesus
1975 2247 2124 2301 Chri-

527 2346 659 2404 stus,
687 2355 779 2407 per
823 2353 974 2406 quem
1001 2338 1197 2403 omnia,
1249 2346 1298 2391 et
1325 2353 1418 2392 nos
1457 2354 1551 2406 per
1577 2337 1818 2410 ipsum(l
1852 2337 1976 2394 Cor.
2009 2355 2122 2406 VIII,

527 2427 605 2495 6).
637 2427 700 2482 In
723 2427 840 2498 ipso
861 2442 1014 2495 vero,
1047 2427 1102 2482 in
1149 2427 1354 2498 Spiritu
1381 2436 1571 2483 saneto
1597 2446 1610 2482 :
1635 2428 1704 2484 de
1728 2444 1838 2498 quo
1865 2429 2123 2488 Salomon

525 2518 603 2572 ait
635 2537 646 2571 :
678 2518 940 2583 Quoniam
958 2521 1173 2590 spiritus
1201 2519 1300 2574 Dei
1330 2521 1544 2589 replevit
1567 2520 1744 2576 orbem
1773 2529 2051 2589 terrarum,
2073 2533 2125 2578 et

527 2609 623 2664 hoc
651 2609 788 2681 quod
827 2611 1054 2664 continet
1083 2611 1280 2674 omnia,
1311 2613 1586 2665 scientiam
1615 2611 1769 2666 habet
1803 2614 1938 2668 vocis
1965 2613 2121 2687 (Sap.

527 2715 565 2764 ι,
597 2699 682 2770 7);
725 2714 827 2754 nec
852 2699 1000 2754 aliud
1030 2709 1117 2756 est
1144 2701 1198 2755 in
1225 2701 1344 2771 ipso
1382 2715 1504 2758 esse
1544 2702 1744 2768 omnia,
1777 2703 1881 2759 nisi
1910 2704 1979 2759 ab
2007 2705 2126 2774 ipso

526 2791 709 2845 omnia
738 2791 1026 2846 contineri.
1077 2791 1208 2858 Qum
1251 2808 1373 2847 cum
1413 2793 1489 2847 ita
1526 2793 1656 2859 sint,
1691 2793 1968 2862 quomodo
2015 2809 2124 2849 non

526 2898 666 2938 unus
696 2897 765 2938 ex
794 2883 896 2951 hac
936 2883 1203 2938 Trinitate
1248 2893 1336 2939 est
1364 2883 1627 2940 Dominus
1653 2882 1812 2940 Jesus
1856 2883 2121 2951 Christus,

525 2988 668 3038 cum,
697 2975 842 3028 sicut
871 2974 1229 3039 ostendimus,
1259 2973 1402 3029 idem
1432 2974 1583 3029 dicat
1609 2973 1905 3045 Apostolus
1930 2994 1944 3029 :
1978 2975 2126 3033 Unus

526 3065 781 3120 Dominus
799 3065 953 3120 Jesus
983 3065 1240 3131 Christus,
1275 3083 1367 3137 per
1391 3084 1542 3140 quem
1580 3069 1776 3134 omnia,
1817 3078 1868 3123 et
1908 3086 2003 3124 nos
2032 3087 2125 3142 per

523 3158 694 3226 ipsum
711 3153 887 3211 ?'ltem
918 3172 1040 3212 cum
1067 3157 1182 3227 ipse
1210 3158 1471 3214 Dominus
1499 3157 1658 3215 Jesus
1684 3159 1951 3225 Christus,
1983 3163 2127 3218 hanc

527 3249 846 3305 Trinitatem
887 3251 1043 3306 nobis
1082 3251 1383 3320 insinuans,
1432 3252 1488 3308 in
1530 3251 1824 3323 Evangelio
1851 3254 2128 3324 discipulis
2153 3274 2199 3336 ε

524 3343 639 3400 suis
660 3343 896 3398 dixerit:
927 3343 1120 3399 Euntes
1157 3345 1335 3400 docete
1363 3347 1540 3401 omnes
1571 3355 1766 3418 gentes,
1797 3347 2124 3418 baptizantes

523 3452 611 3492 eos
635 3437 692 3491 in
715 3439 923 3492 nomine
952 3437 1133 3493 Patris
1163 3449 1212 3493 et
1231 3438 1362 3494 Filii
1383 3449 1432 3494 et
1457 3439 1688 3510 Spiritus
1707 3441 1875 3494 sancti
1905 3439 2122 3511 (Matth.

529 3543 716 3594 xxvm,
756 3527 1182 3600 l9);quomodo
1229 3529 1423 3586 Petrus
1466 3531 1746 3602 apostolus
1771 3530 1990 3587 Judzeos
2028 3547 2126 3588 ex-

526 3617 757 3674 hortans
795 3618 1002 3676 diceret
1041 3637 1056 3673 :
1091 3618 1459 3676 Paenitentiam
1514 3623 1680 3694 agite,
1741 3631 1790 3676 et
1830 3621 2126 3692 baptizatur

523 3713 868 3784 unusquisque
893 3723 1118 3768 vestrum
1142 3716 1198 3770 in
1228 3717 1437 3773 nomine
1457 3715 1584 3770 Jesu
1604 3715 1824 3783 Christi,
1857 3717 1912 3769 in
1941 3716 2126 3770 remis-

520 3801 716 3856 sionem
741 3813 1088 3872 peccatorum,
1121 3814 1170 3860 et
1197 3809 1474 3876 accipietis
1502 3809 1695 3862 donum
1725 3807 1954 3878 Spiritus
1999 3824 2126 3862 san-

519 3893 591 3944 cti
620 3892 761 3963 (Act.
804 3909 864 3961 ll,
912 3895 1004 3964 '58)
1029 3897 1052 3949 ?
1081 3904 1171 3950 aut
1206 3898 1352 3965 quod
1387 3897 1592 3952 simul’
1625 3899 1676 3952 in
1724 3896 1928 3952 eisdem
1971 3897 2126 3954 Actis

521 3987 894 4055 apostolorum
942 3988 1141 4056 legitur
1185 3988 1336 4060 (Cap.
1391 3989 1526 4054 xrxl,
1583 3989 1801 4059 quidam
1841 3989 2122 4060 discipuli,

519 4091 660 4145 quos
703 4077 822 4146 ejus
865 4079 1214 4148 coapostolus
1245 4073 1444 4132 Paulus
1472 4077 1670 4149 Ephesi
1707 4079 1908 4148 reperit
1939 4080 2122 4150 bapti-

518 4183 640 4224 smo
670 4177 877 4224 tantum
915 4167 1144 4225 Joannis
1173 4171 1430 4236 imbutos,
1462 4170 1530 4225 ab
1557 4185 1625 4226 eo
1655 4169 1915 4226 admoniti
1944 4171 2125 4242 bapti-

519 4270 776 4317 zarentur
804 4265 857 4318 in
903 4263 1124 4320 nomine
1153 4263 1368 4320 Domini
1395 4262 1543 4330 Jesu,
1576 4263 1623 4320 si
1669 4279 1778 4320 non
1810 4280 1949 4320 unus
1975 4271 2122 4321 esset

517 4366 582 4405 ex
609 4351 893 4421 Trinitate,
948 4354 1003 4408 in
1050 4368 1158 4423 qua
1208 4361 1416 4410 tantum
1469 4353 1734 4423 baptizari
1789 4361 2118 4425 praeceptum

519 4451 620 4506 est,
654 4444 912 4500 Dominus
934 4444 1090 4501 Jesus
1116 4443 1400 4502 Christus?
1425 4445 1580 4512 Quod
1611 4453 1794 4500 autem
1823 4445 1876 4499 in
1901 4445 2119 4501 nomine

519 4531 729 4589 Domini
757 4535 884 4590 Jesu
907 4545 934 4574 ι
960 4537 1013 4590 hi
1057 4552 1196 4606 quos
1226 4539 1650 4616 memoravimus
1688 4537 1949 4607 baptizati
1990 4551 2119 4591 nar-

2227 1964 2584 2021 mentionem.
2619 1965 2916 2036 Propterea
2945 1981 3076 2021 vero
3104 1967 3269 2022 credo
3295 1967 3438 2036 quod
3473 1968 3541 2023 de
3579 1969 3825 2023 omnium

2228 2056 2392 2110 trium
2441 2071 2798 2126 personarum
2837 2057 3379 2126 commemoratione,
3431 2058 3644 2114 Domini
3694 2059 3825 2116 Jesu

2228 2165 2428 2205 nomen
2458 2150 2528 2205 ad
2554 2150 2936 2206 insinuandum
2967 2167 3166 2229 novum
3196 2152 3519 2221 baptismum
3540 2154 3708 2221 magis
3729 2168 3824 2208 as~

2226 2247 2499 2309 sumptum
2534 2247 2638 2308 est,
2664 2241 2922 2312 quoniam
2965 2241 3067 2311 ipsi
3096 2243 3492 2312 consepclimur
3519 2259 3616 2314 per
3642 2245 3823 2314 bapti-

2233 2346 2410 2386 smum
2438 2331 2493 2387 in
2522 2340 2774 2388 mortem.
2801 2331 3186 2388 Verumtamen
3230 2349 3339 2387 non
3368 2333 3658 2403 diceretur,
3697 2337 3822 2402 nisi,

2237 2429 2296 2475 ut
2318 2421 2433 2492 jam
2464 2423 2812 2488 asseruimus,
2862 2439 3001 2478 unus
3029 2432 3176 2479 esset
3219 2423 3596 2482 extTrinitate
3636 2425 3824 2480 Domi-

2228 2526 2328 2566 nus
2347 2509 2505 2566 lesus
2525 2511 2795 2568 Christus.
2824 2511 2919 2568 His
2947 2513 3110 2582 igitur
3137 2521 3298 2582 atque
3342 2514 3460 2568 aliis
3489 2515 3825 2584 quampluri-

2229 2603 2331 2659 mis
2377 2602 2724 2670 informatus,
2776 2603 3088 2673 priusquam
3139 2604 3244 2659 hoc
3288 2621 3318 2658 a
3364 2621 3554 2675 magna
3611 2607 3824 2678 synodo

2229 2695 2660 2752 Chalcedonensi
2687 2695 3016 2766 appobatum
3059 2711 3179 2751 esse
3223 2712 3628 2766 cognoscerem,
3659 2714 3826 2756 unum

2232 2791 2302 2847 de
2331 2790 2598 2846 Trinitate
2625 2789 2827 2846 credidi
2869 2790 3156 2845 Dominum
3185 2789 3365 2845 Jesum
3395 2789 3665 2846 Christum
3694 2794 3827 2862 :qui

2239 2884 2379 2939 Deus
2409 2899 2476 2939 ex
2499 2883 2610 2939 Deo
2632 2891 2792 2937 natus
2820 2890 2946 2936 ante
2971 2882 3192 2946 saecula,
3228 2881 3368 2937 idem
3408 2882 3460 2936 in
3490 2882 3826 2953 plenitudine

2232 2986 2538 3045 temporum
2570 2975 2734 3029 homo
2761 2974 2832 3028 sit
2859 2980 3018 3028 natus
3046 2989 3114 3028 ex
3154 2972 3406 3042 Virgine;
3441 2983 3498 3028 et
3525 2975 3616 3045 qui
3651 2974 3827 3032 Patris

2231 3066 2474 3122 existens
2512 3065 2835 3134 unigenitus,
2868 3066 3045 3121 factus
3077 3065 3146 3120 sit
3175 3063 3485 3133 unigenitus
3517 3066 3739 3131 matris;
3771 3075 3828 3121 ut

2230 3159 2459 3228 gemina:
2496 3158 2647 3228 gigas
2675 3157 3008 3224 substantize,
3039 3159 3179 3213 sicut
3208 3157 3472 3214 intellexit
3499 3165 3553 3212 et
3588 3158 3828 3211 cantavit

2231 3247 2576 3316 Ambrosius,
2633 3247 2915 3318 utriusque
2961 3263 3103 3302 verte
3149 3247 3444 3302 nativitatis
3491 3247 3828 3317 proprietate

2229 3338 2485 3394 credatur
2506 3379 2523 3407 ,
2555 3339 2734 3410 sitque
2754 3338 3230 3395 consubstantialis
3253 3338 3400 3394 Patri
3429 3340 3725 3395 secundum
3747 3339 3829 3395 di-

2228 3429 2534 3493 vinitatem,
2586 3436 2643 3483 et
2669 3429 3146 3484 consubstantialis
3187 3430 3347 3484 matri
3389 3429 3687 3485 secundum
3729 3432 3828 3486 hu«

2227 3521 2546 3577 mauitatem
2575 3538 2586 3574 :
2611 3528 2668 3576 et
2691 3520 2833 3576 sicut
2861 3520 2983 3576 ideo
3008 3521 3484 3576 consubstantialis
3513 3520 3659 3576 Patri
3704 3539 3828 3578 ere-

2227 3611 2412 3679 ditur,
2454 3612 2581 3682 quia
2623 3612 2874 3682 proprius
2919 3610 3038 3680 ejus
3083 3619 3140 3666 ct
3185 3626 3345 3666 verus
3373 3623 3457 3667 est
3502 3612 3702 3678 Filius,
3750 3615 3828 3670 sic

2226 3705 2389 3760 etiam
2433 3705 2592 3759 matri
2651 3711 2942 3775 propterea
3001 3703 3477 3759 consubstantialis
3531 3706 3826 3773 credatur,

2225 3791 2351 3868 quia
2381 3797 2638 3868 proprius
2667 3797 2830 3852 etiam
2860 3795 2976 3865 ejus
3004 3811 3060 3852 et
3087 3813 3245 3853 verus
3275 3805 3359 3853 est
3388 3797 3545 3853 ﬁlius.

2839 3997 3071 4055 CAPUT
3109 3998 3200 4054 IV.

2228 4115 2383 4183 Quod
2409 4114 2556 4168 beata
2585 4113 2760 4168 Maria
2786 4129 2901 4168 vere
2939 4131 3000 4168 ac
3027 4114 3232 4182 proprie
3264 4114 3328 4165 sit
3356 4122 3517 4166 mater
3556 4113 3671 4179 Dei,
3706 4131 3827 4169 con-

2295 4196 2374 4240 tra
2395 4187 2646 4254 quosdam
2676 4185 2957 4240 catholicos
2983 4193 3030 4238 et
3058 4193 3236 4236 contra
3265 4183 3628 4238 Nestorianos.
3681 4184 3830 4238 Exa-

2298 4260 2559 4311 minantur
2606 4257 2836 4324 Hilarii,
2869 4257 3144 4327 Augustini
3204 4267 3250 4310 et
3290 4254 3496 4324 Leporii
3541 4257 3826 4326 presbyteri

2295 4330 2607 4384 testimonia.

2297 4444 2420 4499 Veri
2464 4452 2646 4500 autem
2675 4445 2963 4520 etproprii
3006 4443 3098 4498 ﬁlii
3129 4445 3249 4514 quis
3277 4445 3378 4500 nisi
3410 4443 3830 4499 absurdissimus

2219 4543 2384 4606 neget
2409 4550 2542 4592 vere
2561 4545 2618 4592 et
2647 4537 2866 4608 proprie
2887 4552 3007 4592 esse
3033 4538 3300 4591 matrem?
3321 4535 3465 4605 quod
3491 4551 3644 4606 teque
3671 4551 3830 4589 mon-

519 4629 727 4686 rautur,
763 4639 868 4678 non
900 4640 966 4680 eo
994 4627 1322 4682 credendum
1354 4627 1609 4696 arbitror,
1639 4628 1764 4698 quia
1795 4644 1905 4682 non
1931 4628 1984 4682 in
2015 4642 2116 4682 no-
2149 4661 2198 4721 υ
2221 4627 2510 4684 stravimus
2554 4641 2764 4698 magna:
2808 4626 2998 4698 synodi
3044 4626 3501 4681 Chalcedonensis
3543 4628 3829 4680 sententias

516 4713 663 4768 mine
690 4713 869 4770 Patris
901 4723 957 4770 et
986 4715 1104 4770 Filii
1135 4725 1192 4771 et
1217 4716 1451 4787 Spiritus
1475 4719 1646 4774 sancti
1671 4718 1928 4788 baptizati
1967 4724 2113 4780 sunt,

515 4814 574 4860 ut
603 4807 766 4860 etiam
812 4808 865 4862 in
895 4808 1026 4878 ipsis
1053 4818 1363 4864 servaretur
1392 4810 1571 4866 verbis
1595 4826 1626 4864 a
1656 4809 1884 4864 Domino
1913 4809 2118 4864 consti—

516 4907 632 4952 tuta
663 4899 836 4956 forma
864 4901 1149 4971 baptismi;
1181 4903 1276 4958 sed
1306 4902 1430 4972 quia
1460 4903 1565 4957 hoc
1591 4909 1710 4956 erat
1737 4901 2116 4956 insinuandum

514 4991 661 5060 quod
682 4992 954 5063 baptismo
983 5010 1126 5051 novo
1154 4993 1354 5050 fuerint
1373 4993 1664 5065 baptizati,
1695 4991 1946 5048 sufﬁcere
1977 4991 2117 5047 iudi-

584 5175 750 5251 [Alia
781 5176 880 5232 fuit
907 5179 1176 5233 sententia
1207 5179 1390 5251 sancti
1438 5180 1732 5248 Ambrosii,
1757 5184 1847 5251 qui
1889 5185 1942 5238 in
1972 5185 2111 5240 libro

483 5281 488 5285 -
512 5247 580 5319 de
607 5247 809 5319 Spiritu
829 5257 1037 5314 sancto,
1063 5265 1180 5319 cap.
1206 5249 1260 5315 ’5,
1281 5251 1558 5317 apostolos
1576 5247 1789 5307 censuit
1815 5255 1866 5308 in
1893 5257 2111 5312 nomine

514 5317 724 5392 Domini
753 5317 880 5374 Jesu
903 5317 1280 5392 tantummodo
1307 5321 1612 5389 baptizasse
1638 5341 1650 5376 :
1676 5323 1895 5392 plenum
1927 5335 2109 5382 tamen

513 5389 676 5443 fuisse
703 5391 1039 5461 mysterium,
1071 5391 1195 5460 quia
1221 5392 1312 5460 qui
1342 5407 1507 5447 unum
1539 5389 1753 5458 dixerit,
1786 5394 2108 5452 Trinitatem

513 5459 773 5542 signavit;
798 5461 961 5542 Quod
991 5462 1166 5542 ipsum
1192 5459 1270 5542 (in
1317 5462 1454 5542 libro
1494 5464 1569 5542 de
1607 5464 2110 5542 Trin_itate__Latine

515 5532 892 5608 tantumedito
915 5532 1205 5608 scripserat
1231 5541 1453 5608 sanctus
1478 5534 1824 5608 Athanasius.
1853 5534 2108 5608 Nunquid

515 5601 972 5678 pitevaricatores,
1027 5603 1230 5678 inquit,
1267 5604 1504 5678 mandati
1549 5605 1840 5678 Saluatoris
1888 5601 2115 5678 apostoli

513 5669 704 5740 eﬂ'ecti,
739 5680 790 5724 et
817 5679 998 5726 contra
1038 5669 1371 5731 traditionem
1400 5677 1511 5748 ejus
1542 5675 1870 5749 baptizarunt
1911 5669 2116 5735 tantam

593 5843 764 5898 ’Cod.
800 5845 1025 5913 Veron.,
1054 5850 1104 5901 in
1137 5849 1305 5903 illum.

588 5917 607 5948 ³
628 5915 777 5973 Idem
807 5917 955 5986 eod.,
982 5921 1238 5974 similiter.

2225 4719 2549 4789 convenire,
2579 4727 2636 4774 et
2681 4735 2784 4774 nos
2823 4719 3061 4774 secundo
3091 4718 3400 4788 partitiOnis
3427 4719 3548 4773 loco
3577 4719 3831 4788 promisi-

2223 4826 2343 4868 mus
2368 4820 2693 4866 asserturos.
2744 4809 3128 4866 Insinuandum
3175 4825 3307 4866 vero
3350 4817 3436 4864 est
3491 4811 3640 4879 quod
3688 4811 3830 4866 hanc

2222 4918 2438 4974 quoque
2467 4903 2866 4961 confessionem
2913 4918 3020 4973 qua
3073 4902 3290 4958 beatam
3331 4901 3552 4957 Mariam
3595 4918 3725 4957 vere
3773 4909 3833 4960 et

2219 4996 2441 5068 proprie
2468 4997 2698 5052 dicimus
2727 5003 2955 5050 matrem
2987 4996 3104 5064 Dei,
3135 4996 3354 5066 quidam
3389 4996 3552 5051 etiam
3580 5011 3832 5050 connnu-

2216 5190 2641 5243 multitudincm?
2670 5188 2793 5243 Non
2837 5191 2976 5243 enim
3003 5191 3252 5256 scriptum
3302 5185 3712 5254 est-baptizaue
3742 5200 3832 5238 eos

2216 5259 2271 5312 in
2301 5262 2508 5314 nomine
2536 5259 2714 5314 Patris
2747 5270 2798 5313 et
2839 5257 2968 5312 Filii
2998 5269 3046 5313 et
3092 5259 3321 5323 Spiritus
3349 5258 3542 5323 sancti,
3589 5255 3680 5308 sed
3709 5263 3826 5306 lan-

2219 5339 2326 5383 tum
2360 5332 2415 5384 in
2446 5333 2652 5384 nomine
2681 5330 2895 5384 Domini
2938 5329 3084 5384 Jesu.
3125 5327 3375 5399 Nunquid
3404 5344 3526 5397 (rgo
3571 5327 3831 5399 primari-

2215 5402 2318 5474 cati
2353 5402 2513 5474 sunt?
2543 5400 2709 5474 Absit.
2748 5399 2893 5454 Nam
2925 5400 3044 5474 licet
3088 5399 3216 5453 Filii
3243 5397 3428 5474 nomen
3467 5397 3833 5474 tantummodo

2215 5471 2439 5543 dicatur,
2469 5472 2623 5524 habet
2640 5480 2813 5524 tamen
2843 5481 2894 5525 et
2921 5470 3136 5524 Patrem
3149 5480 3208 5543 et
3233 5470 3488 5543 Spiritum
3517 5470 3833 5543 pronuntia-

2216 5550 2343 5596 tum.
2368 5541 2425 5595 In
2456 5543 2647 5596 eadem
2680 5557 2897 5610 quoque
2928 5541 3197 5596 sententia
3235 5534 3318 5595 est
3346 5534 3656 5596 Ferrandus
3681 5534 3828 5589 idem

2222 5611 2486 5670 diaconus
2513 5613 2567 5667 in
2597 5613 2829 5683 epistola
2855 5613 2922 5667 ad
2956 5612 3283 5667 Anatolium.

2303 5851 2322 5882 ³
2343 5849 2489 5906 Idem
2519 5850 2665 5920 cod.,
2693 5849 2907 5907 Domini
2930 5849 3075 5905 Jesu.
