4122 6486
312 355 409 413 5H

1192 355 1327 412 PRO
1364 358 1787 415 DEFENSIONE
1827 358 2043 415 TRIUM
2082 359 2398 419 CAPITUL.
2427 362 2556 421 LIB.
2598 364 2639 418 l.

3495 369 3599 424 ’.ἱιὲ

308 470 552 526 nicantcs
588 468 843 527 Ecclesia:
870 478 898 508 ⁸
939 475 1130 542 putent
1158 487 1264 525 non
1293 472 1492 527 debere
1516 473 1749 542 suscipi,
1780 488 1906 529 eum
1935 476 1983 536 Δ
2010 484 2183 541 catur,
2217 487 2392 532 utrum
2414 482 2542 534 vere
2569 488 2625 534 et
2647 479 2887 549 proprie,
2911 496 2978 535 an
3007 484 3369 552 nuncupative
3398 492 3449 539 et
3479 501 3605 555 per-

308 563 617 619 Nestorium
654 563 945 630 fateantur,
975 570 1202 633 propter
1225 564 1370 631 quod
1398 578 1519 619 eam
1547 572 1776 620 matrem
1807 564 1905 620 Dei

310 656 557 727 negabat,
588 654 835 711 debuisse
857 655 1120 709 damnari.
1145 653 1372 723 Quibus,
1400 663 1689 723 antequam
1714 654 1907 710 Nesto-

310 748 476 803 rianis
504 746 925 815 respondeamus
944 787 959 815 ,
988 745 1422 815 respondendum
1455 748 1470 777 ¹
1502 754 1654 817 puto,
1686 746 1824 801 sicut
1851 755 1907 801 et

310 840 365 895 in
391 839 669 910 superiore
690 838 987 907 quaestione
1009 837 1118 906 jam
1147 835 1348 892 factum
1377 846 1479 901 est,
1511 838 1660 907 quod
1685 839 1906 893 omnino

311 931 533 985 stultum
581 945 644 983 ac
675 937 831 997 turpe
874 927 975 993 sit,
1028 935 1084 981 et
1127 928 1630 982 condemnationem
1676 928 1908 997 probare

312 1021 576 1086 Nestorii,
627 1027 682 1073 et
729 1019 943 1073 beatam
972 1017 1193 1071 Mariam
1240 1031 1439 1085 negare
1486 1017 1630 1085 quod
1677 1032 1806 1072 vere
1853 1026 1910 1072 et

312 1113 530 1183 proprie
572 1113 643 1165 sit
692 1119 866 1165 mater
904 1111 1017 1164 Dei.
1071 1109 1204 1163 Nam
1251 1110 1296 1164 si
1335 1124 1441 1178 qua
1492 1110 1621 1164 hinc
1661 1125 1781 1165 esse
1810 1125 1909 1179 po-

315 1203 416 1256 tuit
444 1202 702 1271 quaestio,
734 1216 857 1255 cum
888 1202 1003 1269 ipso
1054 1198 1302 1254 Nestorio
1342 1200 1503 1254 simul
1532 1200 1747 1255 exclusa
1795 1209 1905 1268 est,

314 1296 409 1365 qui
438 1310 557 1349 eam
610 1303 838 1349 matrem
889 1292 980 1347 Dei
1029 1308 1150 1348 esse
1202 1293 1452 1362 negabat.
1508 1292 1624 1347 lloc
1668 1294 1809 1347 enim
1855 1302 1913 1348 et

315 1387 384 1441 ad
422 1385 745 1457 credendum
787 1383 1027 1453 difficile,
1071 1393 1127 1439 et
1155 1384 1375 1452 dignum
1422 1385 1789 1440 controversia
1832 1385 1911 1439 vi-

313 1479 562 1543 debatur,
622 1487 798 1533 utrum
848 1477 1017 1531 Deum
1065 1477 1153 1531 illa
1203 1477 1354 1544 virgo
1395 1477 1643 1543 genuerit
1682 1494 1695 1529 :
1745 1484 1909 1531 exnte-

315 1586 436 1624 rum
485 1568 631 1640 quod
682 1583 807 1623 vere
846 1576 901 1623 et
945 1568 1161 1637 proprie
1201 1567 1476 1636 genuerit,
1526 1567 1783 1637 quidquid
1828 1576 1913 1623 est

316 1663 408 1716 ille
429 1678 589 1730 quem
619 1662 824 1731 genuit,
856 1661 985 1716 nulli
1008 1664 1026 1691 ’
1058 1660 1275 1728 dignum
1307 1659 1709 1729 disceptationis
1747 1676 1913 1730 appa-

318 1765 420 1810 ret.
454 1755 554 1820 Qui
586 1769 714 1823 ergo
757 1754 1061 1809 concedunt
1112 1755 1238 1822 quia
1276 1753 1445 1807 Deum
1477 1752 1641 1821 Virgo
1686 1753 1905 1820 genuit,

2010 569 2297 625 functorie.
2331 570 2483 637 Quod
2512 572 2557 626 si
2588 573 2777 627 dicunt
2803 589 2908 627 non
2937 588 3057 629 esse
3085 590 3420 644 ουιιευψιθιιε
3450 586 3527 644 ut,
3558 577 3603 633 si

2009 676 2138 717 vere
2167 670 2222 715 et
2246 663 2462 731 proprie
2494 678 2597 717 non
2624 664 2722 729 sit,
2753 664 3115 733 nuncupative
3143 674 3200 719 et
3240 666 3606 736 perfunctorie

2011 754 2081 807 sit
2108 760 2281 807 mater
2324 754 2440 819 Dei,
2495 754 2596 824 ipsi
2637 753 2816 809 dicant
2858 755 3077 810 modum
3116 772 3224 826 quo
3267 764 3456 811 contra
3503 774 3607 813 nos

2010 847 2350 917 praedicanda
2394 846 2465 902 sit
2506 854 2681 901 mater
2720 846 2834 902 Dei.
2866 844 3052 900 Omnis
3079 847 3222 901 enim
3251 847 3342 915 qui
3384 848 3606 903 alterius

2012 937 2381 1007 praedicationi
2412 946 2696 1007 repugnat,
2725 938 2907 993 dicere
2933 937 3096 992 debet
3122 938 3320 1006 aliquid
3347 939 3491 1007 quod
3512 947 3606 993 aut

1973 1047 1976 1050 ’
2012 1029 2341 1084 contrarium
2385 1029 2433 1083 ei
2473 1030 2543 1083 sit
2590 1038 2684 1084 aut
2727 1029 3019 1084 diversum.
3052 1028 3255 1084 Sicut‘
3284 1030 3495 1085 Arianis
3519 1031 3606 1085 di-

2011 1119 2257 1174 centibus
2300 1120 2443 1187 quod
2473 1121 2652 1174 minor
2681 1118 2839 1174 Patre
2866 1121 2937 1173 sit
2964 1119 3147 1183 Filius,
3178 1129 3367 1175 contra
3396 1136 3495 1176 nos
3519 1121 3605 1175 di-

2012 1209 2185 1263 cimus
2212 1210 2358 1278 quod
2385 1209 2609 1278 aequalis
2636 1209 2689 1263 ei
2732 1209 2835 1273 sit;
2867 1209 3010 1262 sicut
3039 1207 3341 1263 Manichteis
3375 1210 3608 1264 dicenti-

2011 1300 2112 1354 bus
2137 1300 2280 1368 quod
2309 1301 2668 1369 phantastica,
2700 1300 2753 1354 id
2774 1309 2859 1355 est
2879 1298 3007 1353 falsa
3029 1315 3158 1354 caro
3185 1299 3344 1354 fuerit
3368 1300 3605 1370 ejusdem

2014 1390 2134 1445 Filii
2155 1391 2270 1455 Dei,
2290 1399 2480 1445 contra
2500 1405 2600 1446 nos
2619 1390 2846 1445 dicimus
2867 1390 3012 1458 quod
3036 1390 3089 1443 in
3112 1405 3240 1444 vera
3260 1405 3421 1445 carne
3442 1391 3607 1447 homo

2012 1481 2174 1537 fuerit
2203 1481 2373 1537 factus
2398 1498 2411 1535 :
2442 1489 2605 1552 atque
2631 1482 2707 1535 ita
2737 1488 2792 1536 et
2821 1482 2895 1535 illi
2938 1482 3202 1546 vicissim,
3234 1483 3607 1553 impugnantes

2012 1573 2158 1643 quod
2186 1587 2373 1628 verum
2401 1579 2485 1628 est
2511 1580 2675 1641 atque
2702 1572 3026 1627 catholicum
3046 1613 3061 1637 ,
3112 1573 3379 1627 afﬁrmant
3407 1576 3607 1643 aliquid

2013 1679 2190 1719 suum.
2224 1665 2335 1720 Nec
2357 1666 2643 1734 quisquam
2671 1664 2828 1719 aliter
2855 1664 3118 1719 doctrinae
3138 1666 3340 1720 resistit
3368 1667 3610 1738 alterius,

2014 1756 2118 1811 nisi
2160 1764 2352 1811 contra
2398 1755 2601 1824 aliquid
2628 1755 2774 1810 dicat
2804 1773 2818 1809 :
2851 1772 2971 1811 cum
3000 1772 3133 1811 vero
3162 1757 3362 1825 aliquid
3390 1766 3609 1813 contra-

317 1844 465 1914 quod
489 1844 789 1914 incapabile
808 1851 912 1911 est,
943 1853 998 1898 et
1021 1843 1176 1897 unius
1195 1843 1541 1911 singulariter
1580 1843 1790 1909 matris,
1816 1859 1912 1899 cur
1945 1864 1997 1924 Β
2017 1848 2246 1915 dixerit,
2291 1860 2402 1903 tum
2450 1850 2666 1904 demum
2714 1849 2759 1904 si
2788 1850 3133 1917 acceptabilis
3178 1850 3251 1903 sit
3278 1850 3367 1903 ina
3393 1863 3610 1904 comm.

319 1953 441 1993 eam
467 1944 668 2005 negant
687 1952 816 1992 vere
842 1944 901 1992 et
921 1937 1135 2006 proprie
1162 1936 1431 2003 genuisse,
1462 1935 1606 2002 quod
1628 1950 1915 1999 commune

319 2030 569 2084 omnibus
596 2028 875 2094 matribus,
902 2036 959 2083 et
986 2027 1182 2081 nullius
1206 2027 1425 2094 dignum
1455 2034 1538 2082 est
1563 2027 1914 2094 quaestionis?

318 2120 385 2175 Et
412 2122 609 2179 audent
636 2123 858 2191 insuper
881 2122 1005 2184 hoc,
1031 2120 1177 2188 quod
1200 2120 1426 2174 dicimus
1453 2119 1666 2174 beatam
1695 2119 1915 2173 Mariam

321 2230 451 2270 vere
477 2223 534 2269 et
562 2215 775 2285 proprie
804 2222 1029 2268 matrem
1054 2213 1170 2281 Dei,
1200 2211 1536 2284 Eutychiano
1563 2212 1801 2280 dogmati
1824 2212 1919 2267 dc-

319 2311 536 2375 putare,
570 2320 677 2359 non
703 2304 1062 2373 intelligentes
1088 2320 1263 2373 neque
1287 2318 1407 2372 quae
1446 2296 1757 2373 loquuntur,
1781 2304 1917 2359 sicut

319 2395 450 2450 dicit
489 2393 780 2465 Apostolus
811 2393 866 2464 (Ι
898 2394 1033 2448 Tim.
1066 2411 1114 2459 1,
1146 2395 1224 2463 7),
1255 2409 1430 2465 neque
1457 2395 1523 2449 de
1548 2395 1741 2464 quibus
1769 2394 1915 2448 amr-

322 2498 503 2557 mant,
536 2505 657 2543 cum
687 2495 878 2543 sancta
922 2486 1377 2545 Chalcedonensis
1416 2487 1685 2558 synodus,
1734 2503 1765 2541 a
1811 2501 1916 2556 qua

322 2579 437 2648 ipse
465 2579 750 2634 damnatus
779 2587 860 2634 est
888 2577 1179 2649 Eutyches,
1211 2579 1351 2633 sicut
1378 2578 1795 2633 memoravimus
1825 2576 1919 2649 (In

322 2672 534 2728 auocat.
564 2671 633 2725 ad
662 2669 969 2743 Marciam),
993 2670 1133 2726 dicat
1159 2688 1171 2723 :
1211 2690 1229 2723 ι
1259 2670 1540 2737 Quomodo
1563 2670 1658 2725 Dei
1685 2671 1920 2739 genitrix

322 2762 394 2817 sit
420 2762 573 2830 virgo
605 2762 838 2815 vocitata
868 2771 1090 2832 propter
1117 2777 1240 2817 eum
1283 2763 1373 2831 qui
1402 2763 1761 2830 virginitatem
1804 2760 1921 2830 ejus

326 2852 578 2923 dignatus
607 2860 691 2907 est
717 2854 876 2907 etiam
909 2869 1127 2908 sacrare
1157 2862 1281 2923 post
1304 2861 1514 2922 partum
1532 2895 1548 2921 ,
1576 2853 1917 2921 vulvamque,

324 2950 385 2996 ut
420 2942 650 2997 decebat
696 2942 884 3008 Deum,
919 2943 1225 3010 integritate
1260 2944 1501 3011 signare,
1534 2942 1805 3013 quomodo
1832 2958 1922 2998 se-

325 3030 563 3087 cundum
603 3033 887 3086 veritatem
930 3042 1105 3086 mater
1133 3032 1276 3087 dicta
1320 3033 1390 3089 sit
1432 3040 1653 3103 propter
1681 3048 1922 3102 carnem,

326 3140 487 3195 quam
537 3140 607 3180 ex
655 3140 716 3180 se
765 3109 1010 3179 omnium.
1056 3125 1284 3180 Domino
1334 3125 1677 3180 ministravit.
1716 3145 1735 3178 ι
1786 3123 1923 3179 Cum

2019 1940 2205 2006 dictio,
2234 1940 2567 2008 disquiritur.
2601 1938 2802 1994 Horum
2826 1956 2955 1994 vero
2982 1941 3072 2009 qui
3104 1955 3202 1995 nos
3230 1942 3518 2010 prohibent
3538 1942 3610 1995 di-

2018 2048 2144 2088 cere
2164 2048 2291 2088 vere
2319 2039 2376 2087 et
2403 2032 2621 2102 proprie
2649 2039 2874 2086 matrem
2901 2030 2997 2086 Dei
3027 2031 3268 2095 Mariam,
3301 2047 3401 2085 nec
3430 2031 3610 2086 dicunt

2020 2124 2311 2179 secundum
2344 2138 2505 2191 quem
2537 2121 2757 2177 modum
2783 2120 3011 2177 dicenda
3041 2121 3111 2176 sit
3138 2130 3311 2175 mater
3340 2119 3465 2188 Dei,
3506 2136 3611 2175 non

2020 2223 2104 2269 est
2130 2214 2478 2282 quaerendum
2509 2213 2551 2266 si
2583 2212 2930 2283 aceeptabilis
2958 2212 3030 2267 sit
3056 2212 3432 2267 contradictio.
3477 2212 3612 2265 Nam

2021 2304 2111 2375 qui
2141 2312 2331 2358 contra
2360 2303 2492 2358 nihil
2518 2303 2725 2371 dicunt,
2758 2303 3031 2372 quomodo
3057 2302 3144 2356 vel
3182 2302 3364 2358 dicere
3393 2302 3614 2357 videan-

2022 2396 2145 2451 tur?
2190 2394 2258 2449 Et
2286 2395 2407 2449 ideo
2450 2409 2559 2447 non
2592 2403 2698 2447 tam
2729 2394 3055 2448 laboriosum
3095 2393 3272 2448 studio
3317 2402 3501 2449 nostro
3529 2403 3613 2449 est

2022 2502 2209 2541 eorum
2236 2484 2554 2543 absurditati
2578 2485 2848 2549 resistere,
2879 2498 3047 2551 quam.
3066 2483 3446 2539 existimationi
3472 2485 3613 2552 peri-

2024 2577 2288 2640 culosum,
2316 2591 2384 2631 ne
2403 2576 2682 2631 videamur
2702 2571 2971 2644 superﬂue
2990 2588 3095 2627 non
3121 2572 3613 2628 contradicentibus

2022 2667 2371 2737 respondere.
2415 2665 2670 2732 Quamvis
2714 2673 2892 2720 autem
2933 2672 3190 2732 negantes
3218 2662 3323 2717 hoc
3370 2672 3613 2717 nostrum

2023 2755 2169 2826 quod
2206 2755 2450 2819 dicimus,
2480 2769 2608 2811 vere
2636 2762 2691 2809 et
2717 2754 2935 2823 proprie
2964 2768 3082 2809 esse
3110 2761 3336 2807 matrem
3362 2753 3474 2807 -Dei
3502 2752 3614 2806 Ma-

2024 2847 2190 2912 riam,
2241 2848 2373 2901 nihil
2420 2848 2679 2902 hactenus
2729 2844 3115 2899 aﬂirmaverint
3154 2859 3331 2912 suum,
3381 2845 3613 2900 interro-

2025 2940 2185 3009 gandi
2215 2946 2339 2994 sunt
2381 2946 2558 2994 tamen
2601 2946 2800 3003 utrum,
2833 2937 2974 3007 quod
3006 2935 3311 2990 necessario
3350 2936 3616 3003 sequitur,

2030 3034 2113 3088 vel
2141 3047 2335 3102 negare
2363 3033 2597 3087 audeant
2623 3030 2768 3101 quod
2798 3046 2897 3085 nos
2926 3029 3213 3099 prohibent
3251 3027 3492 3083 confiteri
3512 3069 3527 3093 ,
3561 3036 3616 3082 ut

2029 3126 2210 3181 addita
2242 3125 2529 3194 negatione
2553 3124 2736 3178 dicant
2757 3137 2873 3177 eam
2904 3138 3010 3177 non
3033 3135 3161 3176 vere
3186 3129 3242 3176 et
3265 3122 3481 3190 proprie
3503 3136 3617 3174 ma-

324 3216 505 3284 igitur,
538 3224 599 3270 ut
626 3215 715 3270 isti
743 3214 928 3270 Patres
955 3216 1284 3281 docuerunt,
1315 3223 1600 3286 propterea
1626 3215 1920 3271 secundum
1949 3240 1994 3302 C
2030 3227 2166 3275 trem
2197 3218 2313 3272 Dei.
2346 3216 2411 3271 Et
2435 3217 2545 3286 jam
2575 3231 2682 3270 non
2712 3215 2885 3269 dicam
2910 3229 3068 3270 aures
3094 3214 3503 3282 catholicorum,
3525 3214 3618 3270 sed

324 3307 612 3361 veritatem
654 3314 830 3362 mater
870 3307 891 3337 ³
942 3306 1085 3362 dicta
1143 3308 1240 3370 sit,
1294 3308 1419 3376 quia
1475 3321 1692 3361 carnem
1744 3322 1811 3362 ex
1862 3321 1922 3362 se

326 3396 567 3450 omnium
608 3396 836 3451 Domino
864 3388 1208 3463 ministravit,
1237 3398 1383 3467 quod
1413 3396 1685 3468 Eutyches
1737 3404 1921 3464 negat,

326 3488 602 3559 quomodo
632 3496 851 3557 putatur
888 3487 1225 3560 Eutycbiano
1253 3489 1492 3558 dogmati
1522 3488 1920 3558 deputandum,

327 3580 415 3634 cui
441 3581 610 3649 magis
654 3580 925 3634 invenitur
952 3594 1072 3635 esse
1098 3580 1470 3634 contrarium?
1500 3578 1615 3634 Non
1656 3579 1798 3632 enim
1824 3593 1923 3647 po—

328 3678 436 3725 test
461 3670 675 3725 beatam
700 3670 972 3739 Virginem
1001 3687 1129 3727 vere
1156 3680 1211 3727 et
1238 3672 1458 3742 proprie
1486 3672 1667 3727 dicere
1696 3680 1924 3725 matrem

328 3764 461 3834 Dei,
497 3766 591 3820 sed
622 3766 984 3835 nuncupative
1010 3767 1188 3835 potius
1236 3781 1301 3821 ac
1338 3765 1734 3835 perfunctorie,
1764 3778 1925 3833 quam

326 3870 438 3912 non
459 3857 630 3913 credit
652 3870 871 3912 carnem
893 3872 959 3911 ex
982 3872 1041 3911 se
1060 3858 1300 3913 omnium
1323 3857 1551 3913 Domino
1574 3856 1925 3909 ministrasse.

328 3946 449 4001 Non
497 3961 626 4016 ergo
655 3947 1030 4003 Nestorianam
1060 3956 1265 4001 tantum
1287 3988 1302 4013 ,
1336 3963 1522 4002 verum
1553 3948 1715 4001 etiam
1760 3945 1927 4017 Euty-

328 4037 579 4091 cbianam
606 4038 853 4091 haeresim
883 4038 1113 4093 destruit
1140 4038 1241 4092 ista
1270 4036 1558 4105 confessio,
1590 4056 1696 4108 qua
1734 4040 1931 4094 dicitur

328 4129 489 4183 beata
534 4128 700 4182 Maria
728 4144 855 4183 vere
882 4137 939 4182 et
968 4129 1185 4199 prOprie
1213 4139 1384 4186 mater
1429 4131 1544 4185 Dei.
1577 4132 1731 4196 Quod
1757 4132 1801 4185 si
1832 4146 1931 4185 nos

330 4227 495 4273 rectze
524 4216 647 4272 ﬁdei
691 4232 810 4273 esse
838 4233 948 4273 non
977 4221 1239 4288 credunt,
1269 4229 1323 4275 et
1350 4221 1549 4289 aliquid
1593 4222 1933 4291 suspicantur

333 4310 387 4365 in
419 4312 503 4365 bis
531 4311 710 4366 verbis
738 4312 991 4367 occulere
1011 4351 1026 4376 ,
1073 4312 1347 4380 inquirant
1392 4329 1423 4367 a
1472 4313 1625 4369 nobis
1654 4314 1706 4368 id
1754 4314 1930 4383 ipsum

334 4404 784 4474 quemadmodum
807 4405 1020 4473 volunt,
1054 4413 1109 4458 et
1131 4402 1641 4473 interrogationibus
1668 4406 1779 4461 suis
1801 4405 1931 4473 quid

330 4496 630 4552 sentiamus
658 4496 894 4551 eliciant.
927 4495 985 4550 Si
1026 4503 1206 4550 autem
1250 4494 1320 4550 de
1361 4496 1687 4550 rectitudine
1714 4496 1932 4564 quidem

332 4587 456 4641 lidei
486 4596 685 4642 nostra:
714 4602 820 4641 non
851 4586 1115 4651 dubitant,
1160 4574 1253 4641 sed
1284 4594 1535 4654 putantes
1563 4587 1731 4654 ipsam
1772 4584 1930 4639 fidem

332 4689 539 4735 rectam
585 4696 695 4734 non
724 4680 890 4734 rectis
918 4678 1097 4734 verbis
1142 4678 1511 4747 pronuntiari,
1560 4676 1745 4732 dicunt
1787 4676 1933 4745 quod

332 4784 497 4823 sensu
526 4770 743 4838 quidem
772 4785 956 4823 sumus
981 4767 1228 4837 perfecti,
1256 4783 1361 4821 non
1392 4775 1570 4821 autem
1593 4782 1778 4821 sumus
1805 4782 1932 4836 per-

333 4857 461 4914 fecti
494 4860 779 4925 sententia,
809 4875 930 4914 cum
959 4859 1253 4929 Apostolus
1278 4860 1331 4913 in
1362 4866 1592 4927 utroque
1619 4874 1721 4913 nos
1749 4859 1934 4912 horte-

334 4960 423 5006 tur
448 4952 720 5021 perfectos
745 4953 765 4983 "
794 4952 980 5008 dicens
1008 4970 1020 5005 :
1056 4952 1185 5006 Sitis
1232 4962 1399 5006 autem
1430 4954 1643 5023 perfecti
1664 4954 1719 5006 in
1756 4952 1934 5006 eodem

333 5058 489 5096 sensu
511 5051 560 5096 et
581 5045 637 5097 in
661 5044 837 5097 eadem
858 5044 1113 5097 sententia
1133 5041 1189 5111 (Ι
1212 5042 1332 5096 Cor.
1356 5059 1396 5110 ι,
1422 5042 1509 5111 10)
1538 5061 1550 5095 :
1583 5043 1683 5111 ipsi
1704 5042 1935 5096 doceant

333 5138 603 5202 quatenus
627 5133 717 5187 illa
739 5133 924 5202 Virgo,
952 5132 1097 5201 quod
1123 5147 1228 5186 non
1253 5133 1515 5197 abnuunt,
1536 5140 1709 5186 mater
1730 5131 1826 5187 Dei
1850 5130 1936 5184 di-

409 5318 438 5346 ι
475 5307 709 5378 Tametsi
741 5307 808 5362 de
834 5306 999 5361 Maria
1025 5307 1262 5378 Virgine,
1295 5309 1426 5377 quin
1468 5324 1595 5364 vere
1624 5323 1686 5364 ac
1710 5310 1928 5378 proprie

331 5378 563 5437 dicenda
591 5376 906 5445 sitDeipara
938 5376 1188 5441 emam,
1220 5376 1492 5446 ambigere
1522 5381 1664 5433 inter
1695 5376 1929 5433 catholi-

332 5468 429 5507 eos
460 5451 725 5520 integrum
744 5463 853 5520 non
874 5457 993 5501 erat
1013 5457 1133 5520 post
1155 5449 1417 5520 synodum
1445 5449 1791 5520 Ephesinam,
1814 5465 1931 5519 quae

334 5521 537 5593 liquido
563 5518 616 5573 id
637 5517 815 5574 sanxit
852 5527 1041 5574 contra
1068 5517 1373 5575 Nestorium
1405 5537 1416 5573 :
1450 5536 1559 5575 non
1586 5517 1932 5576 defuisse'ta-

410 5727 424 5757 ⁸
458 5725 596 5781 Cod.
622 5724 850 5791 Veron.,
877 5724 1355 5779 demonstrandum.

408 5798 429 5826 ²
459 5794 603 5851 idem
626 5795 770 5859 cod.,
797 5796 1006 5850 nullius.

409 5865 433 5898 ⁸
463 5866 604 5924 [dem
631 5866 776 5932 cud.,
806 5878 967 5923 mater
992 5866 1108 5921 Dei.

2026 3309 2176 3365 frons
2206 3310 2419 3364 illorum
2461 3307 2634 3373 ferat,
2663 3306 2709 3361 si
2736 3313 2938 3374 potest,
2970 3304 3111 3360 hanc
3138 3304 3415 3374 profanam
3442 3312 3498 3358 et
3523 3304 3620 3358 de~

2028 3399 2327 3457 testabilem
2357 3412 2569 3453 vocem.
2603 3396 2657 3450 Si
2692 3402 2872 3450 autem
2902 3410 3009 3449 non
3034 3394 3233 3448 audent
3261 3394 3459 3460 dicere,
3503 3394 3619 3449 Non

2025 3505 2155 3545 vere
2174 3498 2229 3543 et
2258 3488 2476 3558 proprie
2496 3496 2671 3542 mater
2697 3496 2781 3541 est
2806 3486 2921 3548 Dei,
2943 3501 3039 3540 cur
3061 3501 3162 3540 nos
3184 3487 3468 3555 prohibent
3490 3502 3619 3541 eon-

2026 3582 2165 3637 ﬁteri
2223 3581 2369 3648 quod
2412 3594 2610 3647 negare
2655 3594 2762 3633 non
2804 3577 3047 3633 audent?
3093 3577 3436 3645 Cognoscant
3456 3578 3620 3645 igitur

2026 3689 2151 3731 cum
2179 3680 2365 3727 sancta
2391 3671 2617 3742 synodo,
2648 3670 2799 3740 cujus
2826 3685 2887 3725 se
2907 3668 3229 3738 profitentur
3255 3670 3471 3723 decreta
3501 3685 3621 3724 sus-

2027 3767 2241 3836 cipere,
2301 3764 2446 3835 quod
2486 3775 2773 3837 propterea
2812 3763 2968 3820 beata
3014 3763 3101 3817 illa
3132 3762 3295 3829 Virgo
3325 3761 3618 3815 secundum

2026 3861 2313 3919 veritatem
2337 3872 2510 3917 mater
2539 3862 2679 3917 dicta
2703 3862 2776 3915 sit
2800 3860 2916 3925 Dei,
2947 3857 3201 3929 quoniam
3230 3871 3447 3911 carnem
3475 3871 3544 3909 ex
3565 3871 3621 3910 se
3656 3907 3661 3914 .

2030 3954 2269 4008 omnium
2300 3952 2531 4007 Domino
2559 3950 2914 4016 ministravit,
2945 3958 3002 4004 et
3030 3964 3136 4003 non
3165 3963 3224 4001 se
3250 3947 3432 4001 dicant
3456 3943 3621 4015 Euty-

2030 4044 2238 4098 cbianis
2262 4055 2564 4112 repugnare
2585 4083 2602 4109 ,
2633 4049 2893 4109 negantes
2918 4054 3046 4094 vere
3074 4046 3130 4093 et
3156 4038 3372 4107 proprie
3396 4044 3622 4091 matrem

2030 4135 2125 4191 Dei
2152 4134 2371 4189 Mariam
2390 4176 2404 4200 ,
2438 4150 2559 4189 cum
2588 4135 2768 4204 potius
2794 4133 2874 4188 eis
2912 4132 3077 4187 nescii
3105 4130 3287 4184 favere
3314 4137 3623 4183 monstren-

2033 4234 2137 4289 tur,
2178 4223 2478 4279 resistendo
2505 4223 2787 4278 sententiae
2819 4222 3011 4293 synodi
3050 4219 3537 4283 Chalcedonensis,
3570 4219 3623 4272 in

2031 4328 2134 4383 qua
2159 4313 2395 4367 damnati
2437 4319 2561 4367 sunt
2585 4351 2600 4375 ,
2631 4319 2686 4367 et
2713 4310 2959 4379 negando
2988 4310 3132 4379 quod
3156 4325 3342 4364 eorum
3366 4316 3448 4364 est
3475 4308 3623 4363 vani~

2033 4404 2131 4458 tati
2162 4403 2511 4467 contrarium.
2544 4402 2676 4457 lllud
2718 4402 2882 4456 etiam
2907 4409 3138 4457 caveant
3179 4400 3624 4456 Nestorianorum

2034 4497 2241 4566 experti
2265 4495 2564 4565 perfidiam,
2588 4496 2782 4565 quibus
2802 4510 2901 4564 pro
2926 4495 3028 4550 hac
3047 4510 3265 4565 quoque
3289 4494 3625 4550 confessione

1963 4618 2013 4676 Β
2031 4588 2143 4656 jam
2173 4588 2502 4656 respondere
2527 4586 2816 4653 debemus,
2857 4602 2926 4641 ne
2964 4587 3119 4654 quasi
3168 4602 3265 4654 pro
3316 4593 3625 4639 naturarum

2036 4677 2361 4731 discretione
2390 4676 2630 4732 dicentes
2655 4677 2798 4745 quod
2828 4692 2936 4731 non
2965 4676 3129 4729 homo
3171 4675 3414 4729 Christus
3451 4674 3624 4738 Jcsus,

2036 4768 2133 4824 sed
2162 4769 2302 4822 Deus
2327 4767 2563 4821 Verbum
2594 4768 2845 4836 proprius
2872 4780 2948 4821 et'
2971 4782 3127 4821 verus
3171 4766 3242 4820 sit
3282 4765 3444 4818 Filius
3488 4763 3581 4817 Dei
3610 4780 3626 4829 ;

2038 4867 2133 4912 aut
2156 4857 2299 4927 quod
2321 4874 2427 4913 non
2455 4857 2598 4912 Deus
2627 4857 2880 4922 Verbum,
2907 4857 3001 4911 sed
3023 4857 3186 4910 homo
3210 4854 3453 4907 Christus
3473 4852 3626 4929 Jesus

2040 4949 2290 5018 proprius
2317 4958 2373 5003 et
2396 4964 2556 5003 verus
2583 4949 2653 5001 sit
2680 4947 2819 5001 filius
2846 4946 3104 5011 hominis;
3134 4945 3418 4999 videantur
3441 4950 3497 4997 ct.
3527 4943 3624 5013 ipsi

2040 5056 2148 5095 non
2173 5040 2419 5095 eumdem
2438 5040 2662 5096 credere
2692 5040 2860 5093 Deum
2888 5036 3120 5091 Verbum
3144 5051 3302 5103 quem
3330 5034 3623 5095 hominem.

2039 5134 2132 5189 sed
2148 5133 2371 5187 alteram
2392 5149 2680 5205 personam
2705 5133 2823 5201 Dei,
2848 5130 3071 5185 alteram
3093 5127 3327 5184 hominis
3353 5124 3624 5180 arbitrari.

2035 5326 2156 5384 men
2181 5315 2270 5384 qui
2296 5315 2363 5370 de
2383 5330 2449 5370 ea
2471 5329 2607 5371 voce
2633 5313 2718 5369 his
2747 5311 3083 5384 temporibus
3105 5305 3374 5384 immerito
3403 5314 3625 5384 conten-

2037 5375 2250 5455 deren],
2282 5394 2479 5455 praeter
2506 5384 2839 5455 Facundum,
2865 5375 3105 5455 ostendit
3144 5376 3519 5455 ex_Justinian".
3544 5375 3625 5429 lit-

2040 5456 2169 5511 teris
2191 5449 2426 5510 Joannes
2454 5470 2590 5527 papa
2614 5455 2670 5510 in
2697 5454 2887 5509 eadem
2913 5453 3139 5524 epistola
3165 5449 3233 5505 ad
3259 5454 3558 5505 senatores.

2117 5721 2139 5753 ⁸
2165 5721 2310 5776 ldem
2335 5719 2480 5783 cod.,
2508 5720 2760 5789 perfectos
2787 5731 2918 5770 esse.

2116 5794 2135 5824 ⁸
2164 5793 2309 5848 Idem
2336 5790 2438 5846 cod
2467 5831 2480 5855 ,
2512 5791 2607 5844 sic.
