4114 6502
457 365 565 418 ἓνῑῦ

1556 363 1852 423 FACUNDI
1891 362 2104 421 EPISC.
2145 361 2654 421 HERMIANENSIS

3647 372 3758 426 5M-

461 485 627 540 Porro
651 487 695 541 si
726 485 868 542 idem
897 494 980 541 est
1007 487 1149 542 Deus
1177 487 1266 557 qui
1299 488 1484 554 homo,
1518 497 1574 543 et
1603 489 1743 544 idem
1770 490 1936 544 homo
1963 490 2057 560 qui
2091 493 2135 551 Λ
2161 491 2388 562 simplici
2415 500 2616 546 natura:
2631 489 2804 547 Patris
2824 491 3298 548 consubstantialis
3320 491 3531 558 effecta,
3557 495 3625 547 ita
3649 509 3764 549 non

460 576 634 641 Deus;
682 585 789 630 tam
831 585 981 634 recte
1026 577 1222 634 dicitur
1271 579 1415 636 Deus
1446 579 1684 635 Verbum
1711 582 1966 652 proprius
2001 591 2057 637 et

461 681 620 723 verus
648 668 787 725 filius
813 671 1078 740 hominis,
1122 687 1286 742 quam
1329 680 1480 728 recte
1525 674 1723 730 dicitur
1767 675 1912 730 idem
1943 675 2058 746 ipse

458 757 726 814 mediator
748 759 844 816 Dei
869 769 924 816 et
951 761 1232 818 hominum
1263 765 1426 820 homo
1451 764 1698 822 Christus
1725 764 1901 832 Jesus,
1931 783 2059 839 pro-

459 851 607 920 prius
634 859 691 907 et
719 867 881 908 verus
918 854 1086 912 Filius
1113 856 1210 912 Dei
1237 875 1250 910 :
1283 872 1384 914 nec
1413 859 1521 914 ulla
1570 861 1816 916 confusio
1844 869 2060 933 natura-

458 956 577 996 rum
609 958 675 997 ex
704 943 810 1000 hoc
837 945 1129 1016 inducitur,
1160 948 1255 1003 sed
1278 964 1526 1020 personae
1555 953 1732 1006 unitas
1758 953 2054 1007 intimatur.

459 1031 644 1102 Neque
671 1035 814 1089 enim
859 1036 1235 1095 confusionem
1265 1049 1580 1098 naturarum
1619 1043 1855 1100 Joannes
1899 1045 2061 1101 indu-

458 1123 616 1177 cebat
651 1126 929 1193 apostolus
968 1129 1153 1186 dicens
1185 1147 1198 1185 :
1231 1131 1438 1189 Scimus
1482 1137 1726 1206 quoniam
1762 1137 1809 1191 F
1812 1138 1933 1193 ilius
1963 1137 2059 1194 Dei

457 1217 611 1279 venit,
638 1225 689 1271 et
714 1217 860 1272 dedit
879 1221 1196 1278 intellectum
1223 1225 1263 1288 ',
1295 1236 1354 1279 ut
1377 1229 1602 1283 sciamus
1623 1230 1761 1303 quod
1787 1240 1864 1285 est
1890 1249 2057 1300 verus,

457 1315 508 1361 et
521 1324 704 1364 sumus
727 1321 749 1345 υ
771 1311 827 1364 iu
849 1327 966 1366 vero
989 1312 1128 1370 Filio
1145 1316 1260 1386 ejus
1277 1316 1404 1372 Iesu
1424 1318 1629 1374 Christo
1653 1320 1833 1392 (Joan.
1856 1338 1914 1391 v,
1934 1322 2058 1394 20);

459 1399 544 1454 vel
598 1401 794 1456 Paulus
839 1420 962 1458 cum
993 1405 1249 1462 diceret:
1300 1408 1364 1464 Si
1407 1409 1550 1465 Deus
1595 1429 1690 1482 pro
1735 1415 1918 1479 nobis,
1947 1417 2061 1486 quis

459 1498 643 1544 contra
665 1493 800 1546 nos?
825 1494 914 1564 qui
940 1495 1098 1548 etiam
1137 1494 1279 1552 Filio
1308 1501 1519 1570 praprio
1558 1517 1662 1557 non
1690 1505 1936 1575 pepercit,
1967 1505 2063 1560 sed

460 1596 556 1648 pro
595 1582 745 1637 nobis
784 1584 1020 1638 omnibus
1055 1587 1276 1642 tradidit
1303 1589 1449 1644 illum
1481 1590 1660 1662 (Rom.
1689 1608 1810 1660 vm,
1838 1594 1954 1665 3i).
2001 1595 2060 1652 Si

462 1679 642 1726 autem
667 1671 905 1730 Joannes
924 1675 1227 1745 Christum,
1263 1680 1314 1734 id
1344 1691 1428 1736 est
1465 1692 1708 1751 unctum,
1735 1701 1924 1740 verum
1966 1687 2062 1742 Dei

462 1760 653 1817 Filium
683 1764 832 1828 dicit,
862 1782 1022 1836 quem
1053 1777 1109 1824 et
1135 1771 1349 1826 venisse
1375 1779 1636 1841 testatur;
1663 1776 1851 1833 venire
1877 1785 2061 1832 autem

461 1863 519 1907 et
543 1856 688 1923 ungi,
712 1865 973 1925 quantum
993 1861 1064 1914 ad
1083 1869 1398 1918 naturarum
1423 1862 1804 1922 discretionem
1827 1878 2055 1940 spectat,

462 1947 784 2004 humanitati
801 1953 1165 2030 potiusxquam
1188 1955 1376 2011 deitati
1397 1959 1761 2027 conveniunt;
1783 1969 1840 2017 et
1858 1962 1902 2017 si
1925 1963 2067 2018 Pau-

462 2034 546 2093 lus
571 2054 738 2109 quem
781 2045 1059 2113 proprium
1098 2046 1196 2104 Dei
1224 2061 1385 2105 vocat
1423 2050 1648 2120 Filium,
1695 2054 1799 2124 ipsi
1845 2055 2062 2113 Patrem

463 2144 573 2184 non
598 2135 908 2204 pepercisse
951 2137 1149 2209 docet,
1181 2142 1279 2198 sed
1307 2158 1430 2199 eum
1471 2161 1571 2216 pro
1617 2147 1772 2204 nobis
1816 2150 2065 2207 omnibus

463 2225 750 2284 tradidisse
769 2269 784 2295 ,
830 2237 889 2284 et
917 2233 1098 2289 omnia
1129 2235 1177 2289 ei
1206 2236 1466 2305 donasse;
1497 2253 1620 2309 qua:
1645 2241 1911 2310 similiter,
1942 2259 2064 2300 cum

463 2316 533 2371 de
561 2319 769 2374 naturis
796 2321 974 2390 agitur
999 2323 1419 2395 distinguendis,
1469 2329 1656 2386 deitati
1697 2347 1806 2387 non
1837 2344 2068 2404 possunt

463 2409 718 2476 attribui;
749 2419 807 2466 et
848 2420 1040 2469 neuter
1081 2416 1275 2472 horum
1318 2419 1445 2474 talia
1491 2423 1792 2492 pmdicans
1830 2425 2068 2482 creditur

462 2499 772 2558 confudisse
813 2512 1065 2574 naturas,
1103 2509 1198 2564 sed
1229 2511 1492 2567 unitatem
1522 2514 1695 2584 magis
1733 2517 2068 2586 expressisse

463 2607 710 2663 personae
737 2611 750 2647 :
784 2598 1148 2666 respondeant
1177 2600 1499 2669 Nestoriani,
1530 2607 1806 2676 quomodo
1835 2623 1947 2664 non
1976 2623 2070 2664 ea-

463 2683 586 2738 dem
625 2687 925 2756 personalis
961 2691 1187 2749 unitatis
1229 2695 1392 2761 ratio,
1442 2698 1562 2753 sine
1601 2699 1710 2754 ulla
1751 2708 2066 2757 naturarum

463 2774 802 2845 confusione,
836 2777 908 2835 de
930 2782 1086 2838 nobis
1111 2783 1334 2853 ﬂagitat,
1361 2795 1421 2843 ut
1452 2803 1580 2845 vere
1599 2799 1655 2845 et
1679 2794 1898 2863 proprie
1921 2793 2070 2849 dica-

464 2881 588 2922 mus
619 2869 784 2924 filium
813 2871 1048 2929 hominis
1070 2875 1241 2931 Deum
1263 2877 1530 2950 Verbum,
1559 2888 1616 2936 et
1648 2881 1862 2938 beatam
1886 2884 2067 2956 Virgi-

465 2974 589 3016 nem
613 2976 741 3017 vere
768 2971 824 3016 et
849 2965 1069 3035 proprie
1095 2975 1323 3024 matrem
1354 2969 1468 3025 Dei.
1501 2969 1637 3027 Nam
1677 2981 1734 3028 et
1761 2974 1850 3030 ille
1877 2986 2068 3032 centu-

464 3053 569 3117 rio,
601 3053 693 3124 qui
716 3069 914 3125 corpus
933 3054 1145 3112 Domini
1170 3059 1356 3128 gloria:
1379 3061 1621 3119 crucifixi
1644 3067 1914 3135 servabat,
1945 3083 2066 3123 cum

465 3145 779 3214 exspirante
801 3146 983 3202 mundi
1007 3150 1029 3181 ⁸
1050 3149 1329 3218 Creatore,
1360 3153 1546 3209 mundi
1567 3155 1777 3212 videret
1796 3157 2065 3214 elementa

2160 586 2424 656 sequitur,
2472 599 2592 640 cum
2624 584 2854 640 dicin’ius
2893 601 3021 640 vere
3059 593 3115 639 et
3146 585 3363 656 proprie
3401 595 3631 641 matrem
3664 585 3763 641 Dei

2159 677 2403 743 Mariam,
2430 686 2490 732 ut
2509 662 2686 733 deitas
2706 677 2866 732 Verbi
2891 693 3152 733 conversa
3177 677 3423 733 videatur
3441 678 3494 732 in
3517 694 3764 745 carnem,

2159 776 2216 824 et
2236 778 2428 823 natura
2455 769 2661 836 divina,
2684 784 2804 838 quzc
2829 769 3057 840 simplex
3086 777 3188 834 est,
3213 770 3530 839 composita}
3557 779 3765 828 natura:

2159 861 2352 915 matris
2380 861 2852 916 consubstantialis
2891 861 3102 917 effecta.
3136 862 3389 931 Alioquin
3431 863 3478 918 si
3505 863 3761 934 blasphe-

2159 969 2305 1010 mum
2337 965 2392 1010 et
2415 955 2702 1011 absurdum
2733 963 2815 1011 est
2843 956 2988 1027 quod
3017 957 3174 1012 beata
3197 957 3362 1013 Maria
3395 975 3520 1015 vere
3546 968 3602 1016 et
3630 977 3761 1031 pro-

2163 1049 2278 1119 prie
2307 1048 2501 1103 dicitur
2540 1059 2716 1104 mater
2757 1049 2871 1116 Dei,
2900 1050 3016 1106 sine
3046 1049 3154 1105 ulla
3183 1050 3576 1122 disceptatione
3619 1055 3764 1110 blas-

2159 1141 2416 1211 phemum
2445 1147 2502 1195 et
2528 1140 2815 1196 absurdum
2855 1149 2958 1211 cst,
2987 1142 3131 1212 quod
3156 1142 3298 1198 Deus
3322 1143 3555 1200 Verbum
3585 1147 3602 1176 "
3633 1161 3773 1202 vere

2163 1241 2218 1286 et
2244 1231 2463 1302 proprie
2508 1231 2704 1287 dicitur
2752 1231 2891 1288 filius
2935 1233 3190 1288 hominis.
3235 1233 3293 1290 Si
3341 1243 3521 1290 autem
3561 1244 3616 1291 et
3657 1237 3766 1292 hoc

2162 1323 2534 1394 blasphemum
2565 1333 2621 1379 et
2647 1323 2936 1379 absurdum
2978 1324 3213 1391 videtur,
3259 1333 3318 1380 ut
3354 1325 3497 1382 Deus
3526 1325 3772 1382 Verbum

2162 1431 2293 1472 vere
2337 1423 2392 1471 et
2418 1415 2639 1486 proprie
2667 1415 2878 1471 dicatur
2905 1415 3045 1471 filius
3072 1415 3306 1471 hominis
3323 1455 3338 1484 ,
3368 1426 3777 1486 consequenter

2162 1503 2535 1574 blasphemum
2581 1503 2846 1560 videbitur
2884 1511 2942 1560 et
3010 1503 3300 1559 absurdum
3360 1511 3420 1560 ut
3444 1504 3605 1560 idem
3644 1506 3767 1577 ipse

2163 1593 2431 1650 mediator
2458 1593 2554 1648 Dei
2583 1604 2641 1648 et
2679 1594 2957 1650 hominum
2985 1594 3150 1651 homo
3187 1593 3432 1650 Christus
3459 1593 3613 1652 Iesus
3634 1612 3768 1652 vere

2164 1695 2220 1742 et
2247 1687 2466 1757 proprie
2489 1685 2703 1741 dicatur
2723 1685 2889 1742 Filius
2915 1685 3027 1741 Du-i.
3060 1686 3230 1742 Porro
3255 1686 3531 1758 Scriptura
3560 1688 3763 1755 divina,

2165 1794 2285 1849 quas
2324 1779 2456 1833 nihil
2501 1779 2875 1848 blasphemqu
2923 1779 3162 1848 loquitur
3196 1779 3280 1834 vel
3308 1779 3632 1845 absurdum,
3664 1797 3768 1851 pro

2096 1873 2135 1930 Β
2165 1871 2372 1925 unitate
2401 1884 2645 1938 personae
2670 1884 2857 1924 verum
2888 1878 2942 1924 et
2970 1869 3248 1940 proprium
3280 1869 3374 1924 Dei
3403 1869 3597 1925 Filium
3634 1869 3779 1924 dicit.

2166 1960 2518 2016 mediatorem
2557 1960 2650 2016 Dei
2679 1969 2735 2015 et
2764 1961 3062 2027 hominum,
3092 1961 3367 2016 hominem
3396 1959 3575 2016 Iesum
3603 1957 3768 2014 Chri-

2165 2058 2309 2107 stum
2355 2065 2369 2104 :
2421 2051 2512 2121 qui
2565 2050 2713 2106 dedit
2773 2052 3123 2120 semetipsum
3186 2051 3615 2122 redemptionem
3663 2066 3776 2121 pro

2166 2143 2436 2207 omnibus,
2468 2143 2521 2196 in
2551 2157 2660 2212 quo
2684 2157 2815 2198 vero
2843 2141 2935 2196 Dei
2964 2142 3102 2197 Filio
3123 2158 3327 2206 sumus,
3359 2151 3415 2197 et
3439 2141 3524 2197 cui
3545 2141 3769 2212 proprio

2165 2233 2305 2289 Filio
2333 2232 2498 2288 Pater
2519 2248 2627 2288 non
2655 2234 2917 2303 pepercit,
2947 2233 3040 2288 sed
3071 2249 3168 2304 pro
3197 2235 3353 2289 nobis
3377 2235 3627 2289 omnibus
3657 2243 3772 2287 tra-

2165 2327 2298 2384 didit
2317 2327 2486 2381 illum.
2511 2325 2679 2382 Recte
2701 2326 2865 2395 igitur
2883 2327 3044 2381 etiam
3067 2327 3224 2382 beata
3247 2325 3432 2390 Maria,
3455 2342 3556 2397 pro
3573 2326 3773 2381 eadem

2166 2419 2374 2476 unitate
2394 2433 2662 2495 personae,
2694 2433 2823 2474 vere
2846 2427 2902 2474 et
2926 2419 3146 2490 proprie
3175 2427 3349 2474 mater
3374 2419 3570 2474 dicitur
3599 2413 3777 2489 ipsius

2167 2512 2430 2582 unigeniti
2472 2513 2568 2567 Dei
2610 2511 2794 2567 Verbi.
2854 2509 3090 2580 Ideoque
3131 2511 3560 2581 sapientissimus
3603 2517 3771 2581 atque

2168 2603 2500 2659 clarissimus
2526 2601 2889 2659 Ecclesiarum
2919 2601 3116 2659 Christi
3158 2602 3415 2672 magister
3443 2601 3778 2670 Augustinus

2168 2694 2222 2750 in
2251 2709 2418 2765 opere
2445 2700 2746 2749 memorato
2775 2693 2920 2764 quod
2947 2693 3271 2762 conscripsit
3310 2693 3379 2747 de
3407 2691 3770 2747 Prasdestina-

2168 2784 2316 2840 tione
2336 2791 2392 2840 et
2409 2782 2812 2854 perseverantia
2833 2789 3143 2838 sanctorum
3169 2781 3320 2852 (Cap.
3352 2780 3439 2853 l5)
3459 2799 3472 2834 :
3500 2801 3517 2833 ‹
3538 2781 3770 2846 Clamat,

2167 2874 2364 2944 inquit,
2385 2873 2590 2930 Doctor
2608 2873 2847 2942 gentium
2871 2873 2925 2927 in
2946 2872 3124 2942 capite
3143 2870 3505 2942 Epistolarum
3529 2886 3778 2932 suarum.

2167 2964 2371 3020 Paulus
2398 2981 2576 3019 servus
2603 2964 2728 3020 Iesu
2750 2963 2947 3019 Christi
2974 2972 3182 3018 vocatus
3211 2963 3494 3034 apostolus,
3525 2978 3774 3034 segrege-

2170 3065 2250 3111 tus
2271 3056 2327 3110 in
2350 3053 2692 3128 Evangelium
2723 3053 2843 3121 Dei,
2872 3054 3012 3128 quod
3051 3062 3172 3107 ante
3201 3053 3507 3124 promiserat
3533 3068 3627 3122 per
3653 3067 3776 3133 pro.

2168 3148 2352 3220 phetas
2371 3163 2490 3203 suos
2510 3149 2567 3202 in
2585 3147 2872 3218 Scripturis
2893 3148 3089 3202 sanctis
3110 3147 3174 3200 de
3191 3145 3335 3200 Filio
3355 3162 3470 3233 suo,
3495 3146 3580 3216 qui
3601 3146 3777 3216 [uetus

467 3235 693 3299 turbari,
738 3236 932 3291 Filium
963 3238 1058 3294 Dei
1085 3255 1210 3296 eum
1239 3257 1429 3298 verum
1458 3244 1480 3276 ³
1509 3259 1634 3301 esse
1675 3249 1962 3317 cognovit;
1993 3252 2066 3306 ait

2173 3251 2251 3296 est
2276 3241 2323 3296 ei
2351 3258 2417 3295 ea:
2444 3240 2642 3310 semine
2677 3238 2851 3295 David
2897 3237 3180 3294 secundum
3219 3254 3459 3298 carnem:
3501 3253 3590 3308 qui
3636 3253 3776 3308 prat-

466 3325 609 3379 euim
638 3345 651 3378 :
697 3327 828 3382 Vere
857 3327 1029 3385 Filius
1059 3329 1160 3386 Dei
1197 3341 1314 3388 erat
1359 3335 1458 3390 iste
1486 3335 1702 3404 (Matth.
1736 3355 1912 3408 xxvii,
1953 3340 2071 3413 54).

468 3419 634 3489 Cujus
670 3421 821 3476 verbi
872 3422 1029 3477 fidem
1059 3423 1250 3480 beatus
1297 3424 1426 3482 facit
1472 3426 1738 3494 Hilarius,
1788 3431 1862 3485 ita
1890 3431 2075 3488 dicens

471 3509 610 3580 (Lib.
644 3526 702 3566 ιιι
741 3511 806 3566 de
835 3511 1113 3584 Trinitate)
1143 3531 1158 3567 :
1193 3533 1216 3567 (
1243 3515 1347 3583 Qui
1388 3519 1534 3574 cruci
1579 3519 1895 3588 aflixerant,
1944 3536 2075 3578 vere

471 3599 565 3654 Dei
595 3599 788 3655 Filium
815 3602 1144 3659 confitentur
1171 3621 1186 3672 ;
1217 3605 1588 3676 praedicationi
1641 3611 1911 3666 consentit
1939 3611 2074 3668 effe-

469 3699 608 3746 ctus.
638 3690 898 3748 Dominus
921 3692 1134 3749 dixerat
1164 3713 1178 3748 :
1212 3695 1460 3768 Clariﬁca
1489 3697 1686 3754 Filium
1715 3709 1857 3754 tuum
1887 3700 2070 3772 (Joan.

469 3797 606 3847 xvu,
637 3781 710 3853 1).
744 3782 864 3838 Non
903 3784 1079 3840 solum
1108 3786 1328 3843 nomine
1353 3795 1688 3845 contestatus
1728 3798 1814 3847 est
1852 3790 2069 3860 Filium,

469 3873 565 3928 sed
603 3882 661 3928 et
685 3875 1022 3944 proprietate
1050 3892 1157 3946 qua
1199 3877 1395 3934 dicitur
1425 3889 1587 3937 tuum.
1619 3881 1773 3938 Multi
1799 3883 1944 3939 enim
1971 3899 2074 3941 nos

470 3965 562 4019 lilii
585 3965 699 4030 Dei,
724 3966 819 4021 sed
847 3983 956 4022 non
983 3967 1106 4023 talis
1128 3969 1216 4026 hic
1235 3969 1402 4027 Filius
1431 3980 1535 4028 est.
1567 3972 1665 4030 Hic
1688 3975 1832 4029 enim
1859 3985 1914 4031 et
1940 3991 2073 4048 pro-

471 4058 622 4127 prius
646 4066 699 4113 et
727 4074 889 4115 verus
917 4069 1001 4116 est
1028 4060 1214 4128 Filius,
1247 4063 1457 4133 origine
1486 4080 1594 4120 non
1618 4065 1917 4138 adoptione
1935 4111 1950 4137 ,
1978 4085 2074 4126 ve-

471 4148 630 4202 ritate
657 4164 766 4204 non
811 4151 1246 4222 nuncupatione,
1291 4154 1580 4210 nativitate
1619 4172 1728 4212 non
1771 4159 2070 4214 creatione.

473 4235 614 4307 Ergo
653 4249 777 4308 post
819 4241 1262 4300 clarificationem
1311 4245 1430 4314 ejus
1475 4247 1759 4304 veritatem
1805 4250 2073 4308 confessio

471 4337 652 4382 secuta
675 4339 775 4386 est.
801 4331 932 4386 Nam
957 4349 1142 4388 verum
1165 4334 1260 4390 Dei
1276 4333 1468 4392 Filium
1489 4340 1736 4394 centurio
1757 4340 2070 4407 conﬁtetur,

472 4433 543 4473 ne
567 4421 690 4486 quis
717 4425 1053 4478 credentium
1082 4426 1382 4494 ambigeret
1407 4429 1553 4499 quod
1582 4445 1720 4486 unus
1741 4445 2073 4502 persequen—

475 4511 605 4564 tium
638 4528 744 4567 non
775 4525 1042 4584 negasset.
1078 4535 1097 4568 ι
1132 4518 1188 4574 Si
1219 4520 1400 4589 igitur,
1449 4521 1652 4579 Hilario
1677 4539 1920 4595 quoque,
1967 4526 2072 4581 do«

2175 3333 2465 3388 destinatus
2485 3341 2562 3388 est
2593 3331 2764 3387 Filius
2784 3331 2884 3388 Dei
2905 3332 2962 3386 in
2982 3333 3188 3396 virtute,
3213 3331 3496 3387 secundm:
3521 3331 3778 3402 Spiritum

2174 3427 2608 3498 sanctiﬁcationis
2625 3439 2690 3480 ea:
2707 3424 3082 3481 resurrectione
3101 3434 3420 3480 mortuorum
3438 3423 3612 3494 (Rom.
3638 3439 3676 3487 1-,
3697 3425 3775 3494 Ι).

2175 3515 2595 3573 Praedcstinatus
2617 3525 2702 3572 est
2726 3530 2859 3586 ergo
2887 3515 3062 3580 Jesus,
3101 3523 3162 3570 ut
3189 3517 3278 3586 qui
3309 3516 3518 3573 futurus
3546 3525 3666 3571 erat
3691 3534 3777 3573 sc-

2175 3607 2409 3664 cundum
2439 3622 2660 3663 carnem
2702 3605 2844 3662 ﬁlius
2885 3606 3074 3675 David,
3105 3614 3248 3662 esset
3273 3614 3454 3662 tamen
3500 3607 3554 3662 in
3579 3609 3780 3664 virtute

2174 3698 2344 3755 Filius
2384 3699 2478 3754 Dei
2521 3698 2817 3754 secundum
2841 3697 3102 3768 Spiritum
3147 3697 3620 3766 sanctificationis,
3652 3701 3779 3770 quia

2177 3798 2336 3846 natus
2360 3799 2444 3846 est
2469 3790 2536 3846 de
2563 3789 2767 3861 Spiritu
2788 3797 2978 3845 sancto
3006 3803 3075 3845 ex
3101 3789 3308 3858 virgine
3335 3789 3525 3844 Maria.
3556 3788 3676 3860 Ipsa
3696 3797 3779 3846 est

2176 3882 2266 3938 illa
2293 3880 2633 3937 ineffabiliter
2657 3879 2798 3936 facta
2837 3880 3072 3936 hominis
3101 3894 3132 3934 a
3160 3879 3274 3935 Deo
3297 3879 3476 3935 Verbo
3504 3881 3781 3950 susceptio

2175 3977 2497 4045 singularis,
2527 3982 2588 4030 ut
2626 3973 2795 4030 Filius
2831 3973 2928 4029 Dei
2969 3981 3025 4029 et
3053 3972 3192 4027 ﬁlius
3218 3973 3450 4028 hominis
3487 3972 3681 4037 simul,
3725 3981 3782 4028 et

2178 4068 2318 4123 filius
2346 4067 2580 4124 hominis
2603 4074 2828 4138 propter
2855 4074 3162 4136 susceptum
3193 4063 3490 4131 hominem,
3531 4072 3588 4119 et
3613 4063 3782 4119 Filius

2177 4160 2274 4216 Dei
2300 4168 2524 4232 propter
2546 4159 2929 4230 suscipientem
2950 4157 3285 4226 unigenitum
3318 4156 3484 4210 Deum
3513 4156 3784 4210 veraciter

2177 4261 2235 4308 et
2256 4252 2475 4322 proprie
2500 4250 2796 4319 diceretur,
2825 4264 2895 4305 ne
2924 4265 3034 4304 non
3058 4247 3292 4302 Trinitas
3319 4247 3415 4303 sed
3445 4249 3784 4316 quaternitas

2176 4344 2509 4400 crederetur.
2543 4361 2561 4394 ι
2587 4339 2754 4410 Igitur
2795 4341 2897 4396 iste
2923 4341 3008 4396 vir
3035 4343 3227 4396 doctus
3253 4347 3312 4395 et
3337 4347 3645 4408 susceptum
3675 4339 3780 4392 ho-

2177 4435 2377 4490 minem
2401 4433 2672 4489 veraciter
2699 4433 2721 4465 ⁸
2751 4440 2806 4488 et
2829 4432 3053 4503 proprie
3077 4431 3262 4487 docuit
3285 4429 3392 4485 dici
3421 4429 3614 4484 Filium
3641 4427 3737 4484 Dei
3764 4447 3779 4495 ;

2176 4530 2233 4578 et
2259 4521 2642 4592 suscipientem
2683 4521 2852 4577 Deum
2895 4530 3118 4591 propter
3154 4527 3462 4590 susceptum
3501 4519 3780 4574 hominem

473 4603 714 4695 ctissime
742 4605 977 4660 antistite
1002 4616 1058 4661 et
1079 4607 1371 4666 fortissimo
1401 4613 1712 4670 confessore
1730 4657 1746 4683 ,
1774 4615 2069 4672 secundum
2097 4633 2152 4695 Β
2180 4615 2449 4670 veraciter
2486 4621 2545 4668 et
2582 4613 2802 4683 proprie
2828 4612 2933 4668 dici
2965 4611 3129 4666 tilium
3174 4611 3428 4666 hominis.
3457 4609 3513 4664 Si
3544 4624 3656 4679 quo
3679 4610 3782 4664 mi-

473 4691 772 4748 doctrinam
818 4698 1173 4766 apostolicam
1211 4708 1474 4768 testante,
1523 4707 1775 4776 proprius
1818 4714 1875 4762 et
1911 4722 2071 4763 verus

472 4791 556 4836 est
579 4782 744 4839 Filius
773 4785 866 4841 Dei
889 4788 976 4856 qui
1003 4790 1291 4847 crucifixus
1318 4802 1420 4857 est,
1450 4810 1558 4852 non
1587 4803 1670 4852 est
1693 4797 1910 4854 dubium
1938 4800 2070 4867 quin

471 4880 633 4934 etiam
665 4881 808 4938 Dens
834 4899 962 4938 vere
995 4895 1050 4940 et
1091 4888 1310 4957 proprie
1339 4888 1502 4944 Pater
1545 4889 1615 4944 sit
1643 4891 1883 4945 crucifixi
1929 4891 2070 4946 Filii.

473 4970 601 5036 Quae
626 4987 747 5026 cum
779 4974 850 5028 ita
877 4975 1019 5034 sint.
1049 4979 1501 5047 quemadmodum
1545 4979 1678 5033 nihil
1708 4995 1776 5034 ex
1806 4981 1912 5036 hoc
1955 4996 2072 5037 me.

473 5064 733 5119 tuendum
761 5076 876 5133 est,
927 5084 995 5124 ne
1023 5085 1146 5124 cum
1192 5071 1390 5126 dicitur
1418 5071 1560 5126 Deus
1587 5088 1716 5128 vere
1758 5081 1812 5128 et
1857 5075 2074 5145 proprie

473 5155 635 5210 Pater
663 5157 781 5212 Filii
809 5160 1072 5225 crucifixi,
1096 5163 1248 5230 sequi
1277 5162 1525 5217 videatur
1545 5163 1688 5232 quod
1710 5163 1799 5218 illa
1822 5165 2070 5220 humani-

473 5254 556 5299 tas
598 5263 628 5301 a
662 5248 838 5304 Verbo
875 5250 967 5306 Dei
1011 5264 1261 5322 suscepta
1307 5263 1364 5307 et
1408 5251 1664 5309 crucifixa
1712 5254 1764 5308 in
1810 5255 2066 5311 deitatem

473 5354 734 5395 conversa
765 5341 868 5408 sit,
913 5353 969 5399 et
997 5352 1186 5399 natura
1211 5344 1464 5410 humana,
1488 5359 1604 5415 qute
1632 5346 1930 5417 composita
1961 5353 2064 5414 est,

549 5573 574 5600 ⁸
610 5565 772 5620 Forte
797 5566 979 5622 simus.

549 5762 565 5792 ’
598 5758 730 5814 Cod.
764 5761 986 5820 νει-οη..
1017 5763 1163 5817 nobis
1191 5765 1526 5823 intellectum.

548 5831 570 5903 ξ
603 5828 749 5903 idem
782 5833 926 5897 cod.,
962 5836 1138 5888 eodem
1169 5837 1366 5903 muudi,
1397 5845 1507 5893 etc.

552 5901 572 5935 ⁸
599 5899 745 5960 idem
777 5904 924 5970 cod.,
954 5921 1083 5958 γει-ε.

2175 4719 2297 4770 nus,
2329 4718 2551 4760 necesse
2580 4719 2687 4758 non
2709 4711 2827 4758 erat
2854 4701 3034 4759 dicere
3054 4701 3198 4774 quod
3219 4701 3438 4771 adjecit,
3462 4701 3713 4756 veraciter
3732 4710 3784 4756 et

2177 4797 2416 4867 proprie,
2459 4795 2565 4849 nisi
2595 4793 2663 4848 ad
2691 4794 2852 4863 hujus
2879 4793 3056 4862 magni
3085 4792 3324 4865 mysterii
3354 4791 3782 4848 commendatio-

2178 4899 2325 4952 nem,
2349 4899 2448 4953 per
2474 4883 2620 4953 quod
2649 4892 2705 4937 et
2732 4883 2876 4938 Deus
2905 4883 3046 4937 filius
3073 4882 3306 4938 hominis
3335 4890 3393 4936 ct
3419 4882 3584 4936 homo
3611 4880 3783 4936 Filius

2179 4975 2273 5031 Dei
2303 4975 2476 5030 factus
2514 4983 2615 5031 est.
2649 4975 2782 5030 Nam
2823 4975 3088 5030 veraciter
3127 4983 3185 5030 et
3219 4975 3437 5045 proprie
3463 4973 3568 5028 dici
3597 4974 3780 5029 homi-

2177 5083 2302 5123 nem
2329 5067 2496 5122 ﬁlium
2523 5067 2783 5135 hominis,
2827 5076 2882 5122 et
2919 5065 3088 5121 Deum
3118 5067 3310 5121 Filium
3341 5067 3437 5121 Dei
3464 5066 3585 5137 quis
3608 5068 3784 5137 possit

2175 5161 2492 5230 ambigere?
2522 5159 2666 5214 Idem
2705 5158 2888 5227 itaque
2913 5167 2970 5212 et
3008 5158 3150 5214 Deus
3174 5156 3409 5212 Verbum
3429 5196 3444 5223 ,
3497 5155 3591 5226 qui
3614 5156 3781 5211 etiam

2175 5253 2442 5308 mediator
2463 5252 2558 5307 Dei
2595 5261 2650 5307 et
2676 5252 2976 5315 hominum,
3011 5252 3175 5305 homo
3203 5249 3450 5306 Christus
3486 5247 3662 5314 Jesus,
3694 5264 3783 5304 se.

2175 5344 2411 5401 cundum
2434 5343 2593 5416 hujus
2621 5343 2722 5398 viri
2751 5343 2922 5400 sancti
2954 5341 3282 5410 doctrinam,
3305 5349 3414 5396 tam
3435 5340 3704 5396 veraciter
3726 5347 3785 5395 et

2253 5765 2272 5796 ⁵
2302 5763 2442 5818 Idem
2473 5764 2619 5829 cod.,
2650 5763 2788 5833 quod
2813 5765 2970 5818 etiam
2993 5763 3251 5833 reciproce
3285 5759 3440 5825 Πρω,
3468 5767 3575 5816 etc.

2251 5836 2274 5867 ⁵
2303 5834 2447 5907 Idem
2471 5835 2616 5898 cod.,
2641 5830 2900 5888 hominem
2931 5830 3138 5907 propter
3162 5833 3520 5902 suscipientem
3545 5830 3780 5902 unigeni-

2176 5914 2287 5963 tum
2313 5905 2476 5961 Deum
2507 5907 2774 5972 veraciter,
2807 5913 2911 5960 etc.
