4114 6482
298 354 404 413 548

1004 386 1021 414 Ι

1272 353 1408 409 PRO
1436 350 1856 410 DEFENSIONE
1884 349 2100 409 τιιιωι
2141 350 2456 408 CAPITUL.
2497 351 2624 409 UB.
2668 350 2707 408 Ι.

3495 354 3599 410 ΜΒ

280 470 512 545 proprie
536 468 736 526 dicitur
760 468 901 524 lilius
930 467 1182 535 hominis,
1211 482 1372 536 quam
1402 467 1670 523 veraciter
1689 474 1742 523 et
1772 482 1900 537 pro-
1929 476 1975 533 Α
2004 476 2059 521 et
2087 466 2252 521 Maria
2283 467 2502 537 Virgine
2531 470 2549 500 ⁸
2574 469 2717 526 Deus
2738 469 2904 527 homo
2942 468 3098 527 Iesus
3140 468 3386 526 Christus
3436 470 3604 527 Filius

298 565 412 643 prie
434 559 603 618 Filius
633 562 747 617 Dei.
777 560 834 617 Si
860 569 1042 617 autem
1070 560 1337 617 veraciter
1358 569 1415 615 et
1452 562 1673 631 proprie
1708 560 1906 617 dicitur

298 657 440 716 ﬁlius
468 656 707 711 hominis
734 654 901 723 Deus,
938 668 1164 734 necesse
1191 660 1275 709 est
1306 661 1363 707 ut
1390 654 1669 723 reciproca
1694 653 1906 708 dicatur

296 755 354 802 et
378 747 538 801 beata
566 746 738 801 Maria
768 745 1036 801 veraciter
1075 752 1131 800 et
1168 744 1391 816 proprie
1419 752 1593 801 mater
1622 744 1738 799 Dei.
1769 743 1905 799 Cum

298 852 431 892 vero
463 838 568 893 hoc
598 837 793 906 adjecit
827 837 1033 903 dicens,
1074 854 1092 887 ι
1125 851 1193 890 ne
1221 852 1331 891 non
1362 834 1613 898 Trinitas,
1647 835 1741 890 St‘d
1769 849 1906 904 qua-

290 930 532 984 ‘ternitas
556 928 891 991 crederetur,
922 948 941 979 ι
978 930 1153 995 coegit
1183 928 1405 983 omnino
1450 935 1507 981 ut
1544 928 1761 982 beatam
1791 926 1906 982 Ma-

302 1019 440 1073 riam
466 1019 735 1073 veraciter
758 1026 815 1073 et
844 1018 1062 1089 proprie
1089 1011 1443 1073 matrem’Dei
1482 1032 1603 1073 esse
1643 1018 1904 1084 dicamus,

302 1124 373 1163 nc
398 1124 506 1161 non
534 1108 875 1175 Trinitatem,
900 1107 997 1163 sed
1026 1109 1444 1176 quaternitatem
1474 1108 1696 1163 credere
1721 1108 1907 1163 videa-

301 1215 444 1255 mur.
476 1197 544 1251 Et
567 1198 689 1252 ideo
715 1198 979 1267 religiosa:
1004 1214 1070 1253 ac
1094 1200 1417 1253 necessarim
1444 1200 1593 1254 vocis
1631 1198 1791 1268 hujus
1814 1212 1909 1253 ne-

301 1292 452 1360 gatio
483 1306 590 1345 non
615 1291 751 1348 levis
775 1300 1014 1361 putetur,
1046 1308 1209 1363 quam
1235 1300 1383 1347 tanta
1413 1293 1747 1362 blasphemia
1774 1308 1909 1347 conc

300 1382 564 1450 sequitur.
614 1381 758 1436 Sane
790 1383 1092 1436 mirandum
1136 1399 1243 1437 non
1273 1392 1354 1438 est
1393 1384 1537 1452 quod
1579 1384 1909 1453 Augustinus

301 1473 575 1526 veraciter
614 1478 671 1526 et
713 1473 929 1542 proprie
974 1473 1079 1528 dici
1125 1474 1439 1542 pronuntiat
1482 1472 1647 1527 lilium
1678 1475 1910 1530 hominis

302 1561 496 1626 Deum,
541 1578 663 1617 cum
712 1563 765 1617 in
810 1564 1045 1631 quodam
1094 1579 1346 1619 sermone
1375 1565 1441 1619 de
1481 1564 1776 1635 Epiphania
1809 1565 1910 1638 (De

305 1662 536 1722 tempore
560 1669 714 1706 scrm.
739 1652 855 1721 35),
886 1654 1038 1721 cujus
1065 1655 1384 1723 principium
1412 1664 1496 1709 est
1520 1674 1531 1708 :
1570 1674 1589 1707 ι
1619 1655 1799 1725 Nuper
1821 1670 1911 1711 ce-

304 1743 634 1797 lebravimus
665 1742 809 1797 diem
830 1759 938 1812 quo
964 1759 1031 1799 ex
1058 1743 1257 1799 Judmis
1303 1744 1563 1801 Dominus
1603 1754 1762 1802 natus
1803 1754 1905 1813 est,

2010 559 2123 623 Dei,
2150 573 2213 613 ac
2234 559 2310 614 sic
2340 560 2390 614 in
2422 561 2739 616 alterutrum
2769 577 2933 615 unum
2966 560 3024 615 lit
3050 571 3106 615 et
3118 561 3351 617 Verbum
3372 570 3427 616 et
3451 576 3602 629 caro,

2009 660 2069 706 ut
2097 661 2350 707 manente
2384 653 2438 707 in
2465 669 2562 707 sua
2618 653 2951 723 perfectione
3006 655 3323 708 naturaliter
3374 662 3607 723 utraque

2007 742 2328 809 substantia,
2360 743 2476 796 sine
2502 743 2585 799 sui
2609 744 2923 813 praejudicio
2952 752 3007 797 et
3055 744 3373 817 humanitati
3420 744 3605 798 divina

2008 834 2430 898 communicent,
2465 842 2520 889 et
2554 834 2818 889 divinitati
2851 835 3082 888 humana
3107 835 3467 903 participent;
3502 850 3605 890 nec

2008 924 2146 978 alter
2174 924 2333 990 Deus,
2366 926 2502 980 alter
2530 927 2714 993 homo,
2765 926 2859 980 sed
2889 926 3027 979 idem
3073 925 3189 994 ipse
3230 925 3370 979 Deus
3416 924 3506 993 qui
3550 931 3607 976 et

2009 1016 2193 1080 homo,
2223 1025 2278 1070 et
2306 1017 2540 1072 vicissim
2564 1018 2727 1073 homo
2774 1018 2866 1086 qui
2905 1025 2961 1072 et
3010 1018 3145 1071 Deus
3178 1016 3334 1071 Jesus
3358 1015 3607 1071 Christus

2008 1104 2177 1159 Filius
2199 1105 2294 1160 Dei
2324 1115 2664 1176 nuncupetur
2683 1115 2739 1161 et
2762 1123 2889 1162 vere
2911 1108 3001 1163 sit.
3042 1127 3060 1159 ι
3108 1108 3241 1162 Cum
3298 1108 3481 1177 itaque
3508 1122 3608 1161 ne-

2010 1196 2200 1251 fandus
2226 1211 2395 1262 error,
2424 1198 2517 1266 qui
2542 1213 2809 1253 evacuans
2840 1207 3011 1254 totum
3038 1199 3225 1252 salutis
3255 1207 3451 1253 nostrae
3485 1214 3604 1268 my-

2009 1287 2233 1342 sterium
2260 1297 2450 1343 cautus
2474 1288 2573 1343 sibi
2601 1288 2811 1344 videtur
2836 1304 2900 1344 ac
2946 1290 3195 1358 diligens,
3253 1289 3306 1342 in
3362 1287 3605 1341 Ecclesia

2011 1383 2325 1437 Latinorum
2359 1384 2504 1453 prius
2531 1399 2818 1453 apparens,
2868 1399 2975 1438 non
3023 1384 3161 1439 sicut
3202 1382 3343 1453 apud
3389 1382 3607 1435 Gnecos

2012 1474 2450 1528 contentionibus
2472 1484 2780 1543 augeretur,
2806 1475 2901 1529 sed
2928 1474 3223 1541 satagendo
3267 1474 3287 1504 ⁵
3306 1486 3494 1540 magna
3551 1478 3608 1527 et

2010 1568 2240 1623 sollicita
2263 1566 2483 1623 Patrum
2514 1569 2739 1638 pietate,
2797 1546 2923 1623 mox
2978 1576 3036 1622 ut
3081 1567 3449 1636 deprehensus
3498 1573 3604 1630 est,

2010 1660 2175 1714 etiam
2198 1675 2227 1714 a
2259 1676 2357 1715 suo
2386 1660 2839 1738 condemnaretur
2862 1670 3083 1715 auctore
3115 1678 3127 1712 :
3154 1675 3261 1714 non
3287 1660 3444 1713 aliter
3461 1658 3609 1715 vism

2013 1757 2097 1804 est
2134 1750 2338 1806 eisdem
2370 1753 2573 1810 sanctis
2620 1750 2874 1827 Patribus
2926 1752 3243 1816 abolendus,
3291 1752 3394 1806 nisi
3442 1759 3503 1805 ut
3542 1750 3610 1806 de

302 1833 469 1889 hodie
497 1834 836 1889 celebramus
855 1850 964 1904 quo
993 1850 1024 1888 a
1051 1836 1302 1903 gentibus
1331 1835 1588 1892 adoratus
1613 1844 1716 1900 est,
1750 1855 1770 1889 ι
1830 1837 1906 1893 ita
1941 1848 1981 1905 Β
2011 1841 2233 1913 Virgine
2292 1842 2458 1897 Maria
2512 1844 2730 1913 proprie
2778 1843 2949 1898 Deum
3004 1859 3125 1898 esse
3175 1852 3358 1897 natum
3404 1843 3609 1911 scripto

304 1924 560 1993 loquatur
592 1944 605 1979 :
659 1945 678 1977 ς
711 1925 895 1995 Magos
922 1941 1055 1981 sane
1094 1926 1165 1981 ad
1212 1927 1387 1997 ipsum
1425 1929 1645 1998 proprie
1690 1928 1900 1994 locum,

307 2020 398 2074 ubi
437 2019 582 2074 Deus
614 2018 847 2074 Verbum
896 2018 1076 2075 infans
1117 2029 1256 2086 erat,
1336 2021 1493 2075 stella
1557 2020 1825 2090 perduxit.
1880 2039 1899 2073 ο

307 2110 464 2177 Quod
493 2113 508 2142 ¹
533 2125 664 2179 ergo
696 2118 723 2147 ι
753 2110 989 2165 Verbum
1020 2111 1189 2166 Deum
1219 2111 1352 2167 dicit
1378 2112 1654 2177 infantem,
1679 2127 1908 2181 quomo-

305 2203 378 2257 do
408 2217 517 2257 non
538 2201 807 2257 veraciter
825 2209 881 2256 et
909 2202 1129 2273 proprie
1179 2201 1383 2258 diceret
1413 2203 1694 2274 pratdicari
1739 2202 1908 2257 lilium

305 2293 543 2350 hominis
566 2293 779 2348 Deum?
830 2294 962 2347 Nam
990 2292 1033 2349 si
1063 2292 1239 2349 infans
1286 2294 1377 2349 ille
1404 2294 1670 2349 veraciter
1697 2303 1753 2349 et
1778 2309 1909 2365 pro-

307 2390 424 2460 prie
478 2388 677 2442 dicitur
706 2384 846 2442 [ilius
894 2387 1148 2453 hominis,
1205 2387 1321 2458 ipse
1368 2394 1549 2443 autem
1598 2387 1775 2442 infans
1826 2395 1912 2442 est

308 2479 452 2535 Deus
486 2478 740 2543 Verbum,
770 2477 1036 2532 veraciter
1063 2488 1119 2533 et
1147 2478 1367 2548 proprie
1392 2477 1590 2532 dicitur
1617 2477 1758 2533 lilius
1806 2477 1908 2532 ho-

306 2571 470 2626 minis
499 2570 644 2624 Deus
670 2569 926 2624 Verbum.
955 2568 1160 2626 Rursus
1190 2570 1243 2623 in
1272 2570 1381 2624 alio
1401 2568 1642 2637 ejusdem
1671 2568 1776 2623 diei
1791 2583 1909 2623 scr-

306 2678 472 2719 mone
499 2662 601 2732 (De
630 2670 855 2730 tempore
880 2677 1037 2714 rem.
1069 2660 1187 2728 30),
1212 2658 1368 2728 cujus
1410 2666 1493 2715 est
1543 2658 1866 2729 principium
1892 2676 1907 2713 :

310 2776 334 2811 ε
373 2757 453 2812 Ad
482 2765 694 2827 partum
737 2754 970 2822 Virginis
1017 2753 1352 2807 adorandum
1383 2750 1525 2821 magi
1578 2752 1648 2805 ab
1692 2748 1913 2806 Oriente

307 2856 595 2916 venerunt,
631 2867 650 2900 ι
682 2850 761 2906 sic
782 2851 861 2904 ait
894 2864 907 2898 :
947 2863 966 2899 ι
998 2844 1115 2899 iam
1143 2860 1271 2899 vero
1322 2842 1466 2914 quod
1517 2842 1715 2898 eadem.
1755 2842 1910 2898 stella

306 2953 430 3008 qua:
484 2951 670 3007 magos
698 2939 955 3009 perduxit
982 2936 1049 2991 ad
1081 2937 1284 3003 locum,
1310 2934 1403 2989 ubi
1423 2942 1545 2989 erat
1568 2949 1693 2990 cum
1736 2941 1912 2989 matre

318 3029 535 3100 Virgine
560 3028 703 3086 Deus
733 3028 943 3094 infans,
960 3036 1067 3083 etc.
1106 3046 1125 3079 ι
1152 3026 1204 3081 ls
1230 3039 1361 3095 ergo
1384 3039 1583 3093 negare
1610 3033 1791 3095 potest
1816 3039 1913 3081 ve-

306 3124 510 3183 raciter
537 3131 595 3179 et
615 3123 835 3193 proprie
855 3121 959 3177 dici
991 3121 1157 3174 lilium
1184 3118 1418 3174 hominis
1439 3117 1633 3183 Deum,
1676 3116 1770 3186 qui
1811 3116 1911 3172 hu-

307 3214 397 3285 jus
420 3213 800 3283 sapientissimi
826 3212 922 3267 viri
945 3211 1205 3266 doctrinae
1235 3221 1564 3305 repugnans,
1614 3216 1708 3269 aut
1736 3208 1904 3264 Deum
1936 3241 1981 3305 Ο

310 3316 475 3377 negat
496 3306 779 3375 infantem,
807 3314 901 3361 aut
930 3320 1058 3360 vere
1080 3312 1136 3359 et
1157 3304 1374 3375 proprie
1419 3300 1586 3357 lilium
1635 3317 1757 3359 esse
1808 3302 1908 3359 ho-

308 3400 471 3455 minis
494 3409 653 3468 negat
679 3399 961 3454 infantem.
986 3397 1121 3464 Quia
1151 3411 1281 3466 ergo
1304 3395 1437 3450 illud
1460 3396 1651 3465 pietas,
1683 3395 1789 3450 hoc
1807 3410 1908 3450 au-

310 3501 422 3548 tem
449 3494 756 3547 humanitas
798 3505 994 3560 negare
1023 3506 1131 3546 non
1161 3490 1393 3560 patitur,
1418 3504 1548 3545 vere
1592 3498 1651 3544 et
1690 3489 1910 3559 proprie

309 3598 433 3640 esse
458 3584 625 3637 lilium
650 3582 884 3638 hominis
913 3582 1083 3636 Deum
1118 3581 1250 3639 sine
1297 3580 1637 3635 dubitatione
1683 3579 1911 3635 creden-

308 3677 440 3731 dum
466 3684 567 3731 est.
594 3675 710 3731 lloc
734 3686 913 3729 autem
938 3676 1254 3739 constituto,
1284 3688 1394 3728 non
1422 3683 1504 3728 est
1533 3672 1752 3727 dubium
1778 3673 1909 3743 quin

309 3770 473 3827 etiam
504 3770 591 3824 illa
622 3769 785 3838 Virgo
808 3768 1045 3825 vicissim
1086 3782 1218 3822 vero
1256 3776 1317 3822 et
1359 3766 1576 3837 proprie
1621 3774 1797 3820 mater
1816 3763 1911 3821 Dei

308 3878 432 3917 esse
460 3863 692 3917 dicatur.
716 3861 847 3917 Item
870 3877 992 3917 cum
1022 3860 1240 3931 quidam
1292 3860 1551 3931 Leporius
1578 3860 1859 3932 presbyter
1881 3859 1909 3899 ³

308 3950 455 4024 apud
482 3952 685 4008 Gallias
706 3955 749 4017 ’,
778 3951 1106 4022 depravatus
1129 3968 1160 4007 a
1190 3966 1317 4007 vera
1359 3960 1413 4007 et
1469 3953 1692 4021 antiqua
1717 3952 1909 4008 Eccle-

305 4043 405 4098 sia:
436 4041 558 4106 fide,
582 4044 773 4098 eadem
798 4043 998 4099 docere
1020 4050 1372 4114 przesumeret
1398 4058 1520 4114 qua:
1569 4052 1757 4114 postea
1806 4043 1912 4100 Ne-

307 4136 513 4192 storius
533 4137 735 4201 docuit,
769 4145 950 4205 atque,
981 4136 1105 4192 inde
1146 4151 1244 4205 pro
1274 4137 1368 4191 tali
1418 4152 1607 4192 errore
1634 4138 1908 4207 depulsus,

307 4226 367 4281 in
392 4225 566 4282 Africa
594 4227 873 4283 docendus
900 4229 1127 4294 veniret,
1161 4228 1271 4283 illic
1300 4229 1614 4292 instructus,
1646 4236 1706 4282 ut
1751 4228 1913 4283 docet

306 4321 603 4390 Apostolus
630 4319 775 4391 (Gal.
808 4338 878 4387 vr,
931 4323 1011 4392 l),
1059 4322 1111 4376 in
1168 4321 1360 4391 spiritu
1406 4322 1833 4377 mansuetudinis
1878 4338 1908 4378 a

305 4411 642 4481 spiritalibus
668 4410 917 4468 Patribus
947 4413 1167 4468 Aurelio
1192 4410 1621 4481 Carthaginiensi
1663 4421 1721 4468 et
1772 4428 1910 4484 prm-

305 4502 461 4558 dieto
488 4502 810 4573 Augustino,
834 4511 999 4573 atque
1042 4504 1163 4559 aliis
1190 4502 1454 4558 Africanis
1477 4502 1765 4573 episcopis,
1790 4519 1910 4574 pra-

306 4592 587 4663 vissimam
610 4594 904 4649 novitatem
929 4594 1014 4648 sui
1037 4594 1306 4664 dogmatis
1350 4593 1635 4649 abdicavit.
1685 4592 1912 4664 Scripsit

306 4694 494 4740 autem
524 4686 761 4740 libellum
783 4686 1167 4743 satisfactionis
1210 4688 1353 4742 idem
1410 4688 1677 4760 Leporius
1702 4689 1766 4743 ad
1794 4688 1916 4744 Gal-

308 4774 395 4829 los
422 4775 728 4847 episcopos,
781 4791 943 4846 quem
999 4779 1285 4834 memorati
1335 4780 1671 4836 venerabiles
1719 4777 1910 4836 Patres

309 4865 564 4922 Aurelius
589 4875 751 4938 atque
774 4869 1101 4937 Augustinus
1122 4877 1177 4924 et
1203 4872 1384 4926 ceteri
1413 4872 1491 4928 sic
1521 4874 1908 4943 probaverunt,

308 4964 376 5011 ut
400 4959 468 5011 ad
488 4959 786 5014 laeiendam
814 4960 1055 5015 veritatis
1097 4959 1277 5027 ﬁdem,
1313 4962 1476 5017 etiam
1532 4980 1658 5019 suas
1697 4966 1747 5020 ei
1794 4967 1910 5021 sub

308 5048 636 5118 scriptiones
664 5050 980 5119 adjicerent.
1013 5050 1072 5105 ln
1103 5066 1211 5121 quo
1243 5052 1425 5108 libello
1457 5064 1578 5125 post
1632 5057 1860 5111 multum
1889 5057 1910 5089 ³

307 5139 393 5195 sic
420 5138 554 5196 dicit
604 5158 617 5195 :
669 5160 688 5193 ι
722 5140 971 5198 Nascitur
991 5156 1121 5213 ergo
1143 5144 1363 5213 proprie
1391 5144 1457 5200 de
1483 5146 1686 5217 Spiritu
1716 5156 1909 5204 sancto

386 5371 412 5399 ⁸
442 5360 607 5418 Forte
634 5362 733 5429 Qui
761 5383 903 5429 ergo.

386 5431 411 5470 δ
442 5433 654 5509 beporii
684 5431 931 5509 libellum
983 5435 1383 5509 satisfactionis,
1414 5438 1569 5507 cujus
1597 5450 1803 5509 partem
1833 5458 1901 5498 ex

303 5504 572 5561 Cassiano
595 5506 837 5562 dedimus
865 5517 1010 5564 tomo
1040 5506 1446 5565 [Conciliorum
1481 5504 1702 5581 Calliae,
1761 5513 1903 5571 inte-

387 5713 409 5748 ¹
437 5711 571 5767 Cod.
607 5712 831 5780 Verum,
863 5712 984 5777 Qui.

388 5786 407 5816 ²
430 5784 575 5838 Idem
598 5784 742 5849 cod.,
778 5784 1024 5840 Gallium.

388 5852 575 5912 ‘ldetn
597 5856 742 5921 cod.,
774 5856 953 5910 multa.

1944 4634 1994 4695 D

2008 1916 2361 1989 conﬁteretur
2387 1922 2556 2004 ipsius
2571 1944 2765 1990 auctor
2787 1936 3009 1990 erroris.
3028 1935 3116 1988 Ait
3135 1936 3299 1999 enim,
3327 1934 3465 1989 sicut
3492 1947 3610 1987 me-

2008 2025 2335 2081 moravimus
2363 2041 2376 2078 :
2409 2044 2427 2077 ‹
2450 2024 2701 2081 Nascitur
2720 2038 2850 2093 ergo
2873 2027 3091 2096 proprie
3104 2026 3170 2079 de
3191 2025 3393 2093 Spiritu
3422 2032 3610 2078 sancto

2008 2123 2067 2169 et
2086 2114 2254 2170 Maria
2277 2131 2493 2187 semper
2520 2116 2742 2184 Virgine
2772 2116 2933 2172 Deus.
2974 2136 2993 2168 ι
3027 2115 3205 2187 Atque
3248 2117 3322 2170 ita
3372 2116 3511 2170 Deus
3541 2117 3608 2170 ab

2010 2219 2078 2259 eo
2099 2205 2297 2260 dicitur
2316 2207 2534 2276 proprie
2563 2215 2724 2262 natus
2753 2223 2822 2262 ex
2852 2207 3091 2277 Virgine,
3126 2216 3187 2263 ut
3237 2209 3401 2263 etiam
3444 2209 3610 2263 homo

2009 2293 2166 2349 Jesus
2192 2295 2439 2350 Christus
2454 2296 2688 2351 vicissim
2709 2296 2803 2352 Dei
2834 2297 3003 2352 Filius
3031 2300 3329 2367 nuncupari
3383 2307 3439 2353 et
3482 2314 3609 2354 vere

2011 2402 2133 2443 esse
2159 2386 2390 2442 dicatur.
2428 2386 2580 2443 Unde
2607 2397 2663 2443 et
2689 2388 2815 2443 illud
2847 2389 3079 2459 adjecit:
3122 2410 3140 2441 ι
3175 2392 3252 2446 Ac
3268 2391 3347 2447 sic
3395 2392 3448 2445 in
3473 2391 3610 2445 alte-

2011 2489 2220 2534 rutrum
2249 2494 2415 2534 unum
2438 2480 2497 2534 lit
2517 2488 2573 2535 et
2596 2480 2834 2535 Verbum
2863 2466 3093 2537 et‘caro.
3132 2500 3151 2534 ι
3206 2482 3317 2537 Nec
3359 2496 3456 2553 per
3507 2483 3612 2537 hoc

2011 2571 2323 2627 discretioni
2353 2572 2633 2656 utriusque
2662 2582 2868 2628 natura}
2904 2574 3273 2644 przejudieium
3297 2576 3493 2642 intulit,
3518 2578 3609 2646 qui

2012 2662 2293 2719 confessus
2316 2674 2400 2720 est
2419 2666 2562 2736 quod
2589 2675 2845 2721 manente
2868 2667 2922 2720 in
2946 2682 3043 2722 sua
3096 2667 3431 2737 perfectione
3456 2680 3611 2724 natu-

2011 2753 2197 2808 raliter
2217 2762 2447 2824 utraque
2474 2756 2797 2824 substantia,
2827 2758 2944 2813 sine
2985 2758 3067 2812 sui
3100 2758 3410 2827 praejudicio
3435 2768 3491 2814 et
3520 2761 3613 2815 hu-

2012 2845 2257 2899 manitati
2288 2845 2467 2900 divina
2490 2848 2909 2915 communicent,
2951 2858 3006 2902 et
3055 2849 3321 2903 divinitati
3376 2851 3610 2907 humana

2011 2935 2340 3016 participem
2371 2954 2383 2990 ι
2412 2953 2520 2991 non
2556 2938 2787 2992 alterum
2818 2938 3006 2993 dicens
3035 2937 3222 3005 Demn,
3260 2940 3487 2996 alterum
3513 2944 3613 2999 ho-

2010 3027 2248 3097 minem;
2278 3030 2373 3085 sed
2402 3032 2651 3087 eumdem
2680 3032 2854 3103 ipsum
2887 3033 3077 3104 Deum,
3128 3051 3288 3105 quem
3331 3046 3388 3091 et
3435 3037 3611 3092 homi-

2011 3133 2158 3185 nem,
2188 3126 2244 3176 et
2264 3120 2497 3176 vicissim
2529 3122 2824 3190 hominem,
2858 3140 3020 3197 quem
3052 3126 3220 3182 Deum
3243 3126 3424 3182 .lcsum
3453 3128 3609 3183 Chri-

2010 3215 2154 3263 stum
2197 3208 2297 3266 Dei
2347 3211 2540 3267 Filium
2593 3217 2893 3286 nuncupari
2936 3224 2992 3271 et
3019 3231 3147 3273 vere
3168 3233 3286 3274 esse
3335 3220 3613 3277 confes-us

2010 3308 2115 3358 est.
2146 3301 2204 3356 Si
2228 3312 2409 3359 autem
2436 3305 2579 3361 Deus
2606 3322 2741 3363 vere
2766 3317 2849 3364 est
2872 3310 3060 3381 homo,
3102 3328 3204 3368 nec
3238 3314 3458 3370 aliunde
3486 3331 3615 3372 vere

2008 3391 2175 3447 homo
2202 3394 2305 3449 nisi
2336 3398 2608 3452 nascendo
2630 3399 2698 3453 de
2721 3398 2959 3468 Virgine,
2984 3418 3080 3457 cur
3103 3419 3210 3457 non
3233 3404 3442 3460 dicatur
3472 3405 3614 3461 Deus

2011 3497 2140 3538 vere
2166 3493 2326 3540 natus
2352 3501 2419 3541 ex
2449 3488 2692 3557 virgine?
2722 3489 2788 3543 Et
2816 3493 2861 3545 si
2890 3491 3032 3547 Deus
3080 3495 3299 3564 proprie
3335 3496 3511 3551 factus
3531 3505 3615 3552 est

2010 3574 2197 3644 homo,
2219 3592 2319 3633 nec
2341 3579 2555 3635 aliunde
2580 3584 2798 3651 proprie
2810 3585 2980 3640 factus
3023 3595 3107 3640 est
3136 3587 3320 3654 homo,
3372 3590 3471 3644 nisi
3525 3608 3614 3644 na-

2011 3668 2210 3722 scendo
2238 3668 2306 3723 de
2335 3669 2573 3739 Virgine,
2592 3687 2690 3725 cur
2718 3689 2825 3728 non
2852 3675 3063 3730 dicatur
3090 3678 3251 3731 etiam
3279 3682 3496 3748 proprie
3517 3698 3614 3736 na-

2013 3764 2101 3811 tus
2129 3773 2197 3812 ex
2219 3758 2476 3828 Virgine?
2506 3760 2808 3817 Absurdum
2834 3765 2992 3819 nimis
3014 3774 3095 3821 est
3127 3776 3183 3821 ut
3213 3768 3372 3835 Deus,
3398 3772 3487 3839 qui
3513 3789 3613 3826 na-

2013 3847 2216 3904 scendo
2236 3849 2305 3904 de
2335 3852 2542 3918 virgine
2566 3867 2691 3908 vere
2719 3862 2773 3909 et
2808 3856 3027 3926 proprie
3072 3857 3243 3913 factus
3288 3869 3372 3915 est
3425 3862 3611 3929 homo,

2014 3954 2123 3995 non
2155 3956 2284 3997 vero
2312 3951 2367 3997 et
2395 3945 2614 4014 proprie
2664 3944 2735 4000 de
2784 3947 2873 4000 illa
2928 3956 3087 4004 natus
3115 3962 3237 4009 esse
3264 3950 3477 4007 dicatur
3508 3971 3520 4007 :
3556 3962 3614 4010 ut

2015 4047 2142 4087 vera
2174 4034 2245 4088 sit
2273 4049 2361 4091 res
2387 4050 2546 4105 quam
2570 4036 2747 4093 ell‘ecit
2773 4038 2861 4092 lla
2889 4042 3167 4105 nativitas,
3191 4050 3247 4095 et
3274 4043 3387 4113 ipsa
3410 4045 3485 4098 rei
3500 4043 3615 4112 ejus

2015 4123 2259 4179 eﬂ’ectrix
2288 4142 2398 4181 non
2427 4128 2497 4181 sit
2523 4142 2652 4182 vera
2682 4130 2953 4184 nativitas.
2992 4126 3185 4186 Verun‘i
3218 4149 3319 4188 nec
3349 4135 3476 4189 illud
3507 4137 3614 4188 mi-

2015 4231 2119 4270 nus
2147 4216 2437 4272 absurdum
2463 4227 2564 4283 est,
2592 4228 2649 4272 ut
2671 4220 2761 4289 qui
2793 4236 2901 4275 non
2931 4220 3221 4277 oll‘enditur
3241 4227 3502 4295 propheta
3531 4228 3614 4282 di—

2014 4315 2173 4362 cente
2206 4325 2219 4360 :
2249 4305 2427 4361 Mater
2452 4308 2582 4363 Sion
2613 4311 2758 4378 dicit,
2815 4313 2990 4381 homo,
3022 4324 3073 4367 et
3117 4315 3270 4369 homo
3320 4319 3489 4387 [actus
3539 4328 3617 4372 est

2014 4401 2070 4455 in
2092 4417 2176 4470 ea,
2200 4402 2617 4474 etipsefuudavit
2644 4420 2762 4457 eam
2784 4404 3083 4462 Altissimus
3100 4407 3272 4478 (Ρειι.
3292 4425 3509 4478 uxxvt,
3534 4410 3615 4483 5),

2016 4501 2073 4549 et
2101 4502 2383 4550 mansuete
2397 4504 2452 4549 et
2477 4493 2705 4550 ﬁdeliter
2723 4497 2944 4567 accipit,
2974 4498 3120 4568 quod
3154 4499 3270 4569 ipse
3292 4500 3618 4569 Altissimus,

2021 4588 2115 4657 qui
2140 4587 2270 4643 Sion
2294 4588 2556 4654 fundavit,
2584 4590 2748 4644 homo
2771 4590 2946 4646 factus
2973 4600 3056 4648 est
3088 4592 3139 4647 in
3178 4608 3274 4662 ea;
3305 4605 3360 4649 et
3388 4597 3479 4665 qui
3510 4612 3618 4651 non

2016 4681 2308 4737 oll‘enditur
2330 4682 2660 4751 evangelista
2683 4683 2895 4739 dicente
2940 4703 2953 4739 :
2988 4685 3213 4741 Verbum
3261 4703 3383 4742 caro
3423 4690 3618 4758 factum

2015 4775 2296 4845 est(Joan.
2327 4774 2487 4846 1,14)
2542 4792 2555 4829 :
2615 4776 2660 4831 si
2711 4776 2900 4832 audiat
2937 4794 2999 4833 ca
3046 4793 3166 4848 quae
3220 4788 3345 4834 sunt
3384 4780 3618 4835 hominis

2014 4868 2293 4924 Altissimo
2328 4870 2490 4924 tribui
2521 4870 2613 4939 qui
2644 4870 2820 4925 factus
2842 4881 2926 4926 est
2953 4873 3136 4938 homo,
3164 4880 3218 4926 et
3255 4888 3318 4927 ca
3347 4888 3466 4944 qum
3492 4881 3617 4931 sunt

2013 4961 2193 5015 carnis
2226 4959 2404 5016 Verbo
2435 4960 2595 5015 tribui
2616 4960 2763 5031 quod
2791 4958 2991 5016 factum
3020 4970 3102 5016 est
3122 4976 3272 5030 caro,
3303 4962 3618 5019 scandalum

2016 5054 2269 5125 patiatur,
2314 5063 2571 5124 tanquam
2604 5069 2710 5107 non
2740 5054 2939 5108 horum
2967 5070 3184 5108 causam
3212 5062 3337 5109 ante
3367 5055 3617 5112 credide-

2013 5147 2103 5211 rit,
2127 5147 2342 5219 quando
2374 5147 2703 5204 Altissimum
2728 5144 2931 5201 factum
2968 5147 3241 5202 hominem
3272 5156 3329 5200 et
3380 5146 3619 5205 Verbum

2007 5387 2161 5441 grum
2192 5383 2380 5442 postea
2418 5376 2559 5430 nacti
2578 5390 2765 5429 sumus
2793 5390 2916 5432 eum
2943 5374 3146 5429 Aurelii
3175 5374 3456 5441 Augustini
3484 5374 3620 5429 alio-

2008 5459 2237 5515 rumque
2263 5446 2744 5517 subscriptionibus
2773 5461 3017 5517 quarum,
3058 5446 3147 5501 hic
3190 5445 3413 5501 mentio.
3465 5447 3620 5504 lluuc

2009 5528 2139 5585 ergo
2196 5516 2395 5585 publici
2439 5516 2575 5584 juris
2623 5516 2945 5587 propediem
2996 5516 3237 5573 futurum
3278 5532 3584 5589 speramus.

2079 5724 2273 5799 fidem
2306 5726 2455 5799 cod.,
2485 5742 2685 5796 semper
2707 5728 2929 5799 virgine.

2083 5798 2103 5827 ⁵
2134 5795 2281 5852 idem
2310 5797 2457 5863 cod.,
2495 5795 2780 5869 satageme.
