4114 6496
478 359 579 416 5H

480 655 640 709 minis
663 653 975 720 Altissimo;
1006 660 1063 708 et
1086 652 1207 721 plus
1232 658 1317 705 est
1343 649 1546 714 dicere,
1577 644 1814 701 Verbum
1846 657 1974 698 caro
2006 640 2084 697 fa-

480 753 626 800 ctum
657 753 760 810 est,
786 758 948 813 quam
975 742 1212 797 tribucre
1233 756 1350 810 quae
1379 739 1558 795 carnis
1587 743 1714 791 sunt
1741 732 1854 790 Deo
1880 733 2082 790 Verbo.

481 833 614 888 Cum
647 834 826 902 itaque
854 832 1089 903 Spiritus
1131 832 1250 900 Dei,
1280 830 1347 884 ad
1394 823 1878 884 commendandam
1931 824 2088 890 nobis

481 925 534 978 in
565 925 669 980 hoc
700 924 958 995 mysterio
989 922 1374 977 adunationetn
1397 920 1590 974 divinae
1605 919 1963 986 humanaeque
1993 929 2090 968 na-

482 1025 636 1082 tunc,
660 1016 766 1072 hoc
791 1016 936 1086 quod
977 1024 1062 1071 est
1117 1015 1349 1085 amplius
1397 1013 1579 1068 dicere
1621 1011 2005 1080 congruentius
2034 1014 2091 1062 et

483 1108 668 1162 utilius
693 1106 974 1176 judicavit,
1000 1107 1126 1176 quia
1157 1105 1464 1160 Altissimus
1491 1104 1657 1158 homo
1679 1100 1850 1155 factus
1879 1107 1979 1165 est,
2013 1105 2089 1167 et,

483 1196 720 1252 Verbum
751 1213 877 1252 caro
908 1197 1107 1251 factum
1132 1204 1215 1250 est
1241 1213 1253 1248 :
1287 1210 1384 1250 cur
1406 1193 1690 1262 quisquam
1753 1197 1960 1245 metuat
1990 1189 2092 1244 hac

483 1289 814 1343 auctoritate
832 1286 1107 1355 fundatus,
1140 1287 1257 1341 sine
1281 1283 1592 1354 pracjudicio
1627 1280 1903 1350 utriusque
1929 1285 2090 1342 natu-

486 1398 588 1444 rae,
625 1396 685 1434 ea
719 1395 839 1448 quae
867 1387 991 1433 sunt
1013 1377 1362 1432 humanitatis
1384 1374 1679 1439 Altissimo,
1713 1381 1769 1426 et
1813 1386 1930 1440 qua:
1969 1376 2095 1424 sunt

486 1474 667 1530 carnis
697 1473 874 1528 Verbo
905 1473 1159 1536 tribuere,
1194 1477 1418 1540 promer
1461 1473 1857 1522 sacramentum
1893 1479 1958 1518 ac
1979 1462 2093 1517 dis—

487 1568 861 1639 pensationem
895 1564 1280 1621 incarnationis
1302 1563 1445 1617 sum?
1471 1560 1546 1616 De
1562 1575 1668 1630 quo
1689 1559 1798 1614 Deo
1822 1557 2000 1612 Verbo
2017 1557 2096 1612 lo-

491 1674 667 1729 quens
695 1660 838 1715 idem
867 1657 1106 1718 Joannes
1144 1656 1198 1709 in
1229 1653 1469 1724 Epistula
1500 1667 1616 1715 sua,
1649 1652 1699 1705 ei
1751 1663 1872 1720 quae
1918 1647 2098 1702 carnis

487 1760 613 1808 sunt
631 1751 892 1822 deputare
917 1751 931 1780 ί
959 1765 1067 1803 non
1097 1747 1324 1812 dubitat,
1350 1751 1410 1798 ut
1435 1751 1561 1814 pote
1589 1756 1748 1810 quem
1782 1754 1946 1796 carne
1967 1740 1986 1769 ²
2016 1737 2096 1791 fa-

488 1853 635 1898 ctum
666 1844 720 1898 in
746 1859 845 1898 suo
874 1839 1171 1908 Evangelio
1202 1835 1529 1908 praedicavit.
1560 1832 1693 1886 Nam
1721 1831 1861 1886 sicut
1888 1829 1962 1884 ibi
1982 1842 2097 1883 ser-

487 1952 703 1992 monem
734 1936 858 1990 inde
883 1949 1126 2008 exorsus
1151 1938 1234 1984 est
1274 1930 1456 1984 dicens
1513 1943 1526 1979 :
1579 1924 1642 1979 In
1689 1923 1944 1996 principio
1983 1928 2097 1974 erat

503 2028 821 2095 Verbum,et
857 2024 1081 2080 Verbum
1110 2030 1223 2076 erat
1268 2019 1407 2092 apud
1455 2017 1646 2087 Deum,
1697 2025 1747 2069 et
1804 2014 1940 2068 Deus
1986 2021 2100 2067 erat

499 2124 724 2178 Verbum
747 2122 926 2194 (Joan.
946 2136 983 2184 ι,
1010 2119 1085 2188 1).
1112 2116 1177 2170 Et
1200 2114 1338 2170 inl'ra
1359 2131 1370 2166 :
1395 2111 1619 2166 Verbum
1645 2126 1768 2164 caro
1791 2110 1982 2179 factum
1999 2115 2095 2172 est,

491 2227 543 2270 et
564 2216 818 2268 habitavit
847 2215 900 2266 in
931 2211 1078 2264 nobis
1099 2225 1114 2262 :
1139 2209 1212 2261 ita
1233 2214 1290 2260 et
1320 2205 1372 2258 in
1396 2203 1638 2273 Epistula
1669 2216 1763 2255 sua
1796 2198 1919 2253 inde
1945 2199 2098 2252 simi-

493 2305 618 2360 liter
639 2305 804 2372 cmpit
838 2321 848 2352 :
873 2299 1022 2365 Quod
1052 2307 1164 2352 erat
1185 2296 1248 2350 ab
1277 2297 1448 2362 initio,
1468 2294 1604 2363 quod
1625 2293 1934 2355 audivimus,
1961 2289 2099 2362 quod

493 2397 710 2451 vidimus
740 2395 900 2450 oculis
934 2391 1146 2455 nostris,
1179 2388 1315 2460 quod
1342 2386 1681 2457 inspeximus,
1711 2392 1760 2439 et
1789 2399 1974 2438 manus
2005 2399 2100 2436 no-

491 2500 616 2544 stra?
642 2491 1086 2541 contrectaveruut
1111 2481 1173 2535 de
1229 2463 1396 2533 Verbo
1448 2478 1582 2542 vitw,
1608 2487 1656 2530 et
1684 2477 1784 2530 vita
1813 2473 1986 2546 palam
2016 2476 2100 2544 fa—

491 2589 577 2636 cta
605 2587 700 2642 est,
732 2586 782 2632 et
812 2576 1028 2631 vidimus
1056 2583 1107 2627 et
1151 2580 1422 2638 testamur,
1449 2578 1496 2622 et
1528 2568 1827 2622 nuutiamus
1857 2564 1997 2620 vobis
2026 2566 2100 2619 vi~

493 2681 600 2726 tam
629 2678 898 2729 teteruam,
929 2681 1043 2735 qua:
1081 2672 1193 2718 erat
1218 2661 1355 2732 apud
1378 2660 1613 2725 Patrem,
1658 2666 1706 2711 et
1733 2657 1910 2728 palam
1960 2658 2103 2728 facta

492 2772 572 2817 est
594 2760 742 2816 nobis
774 2758 826 2831 (1
878 2755 1124 2826 Joan.|).
1185 2752 1530 2807 Anuuntians
1586 2751 1770 2819 itaque
1813 2747 1970 2802 nobis
2033 2747 2102 2804 de

494 2852 674 2908 Verbo
699 2852 839 2918 vitm,
868 2849 1012 2919 quod
1041 2853 1161 2901 erat
1183 2845 1250 2898 ab
1281 2844 1456 2907 initio,
1492 2857 1593 2896 nec
1621 2842 1674 2895 in
1703 2840 1790 2894 his
1835 2854 1954 2919 quae
1981 2855 2100 2895 me—

494 2943 825 3000 moravimus
852 2951 1116 3011 suscepta:
1145 2942 1210 2996 ab
1239 2956 1305 2996 eo
1327 2940 1506 2994 carnis
1526 2952 1724 2992 nomen
1748 2937 2099 3005 interserens,

495 3034 563 3088 dc
591 3034 709 3102 ipso
735 3032 915 3088 Verbo
937 3032 1086 3098 dicit,
1122 3031 1267 3101 quod
1298 3029 1470 3085 oculis
1499 3029 1610 3084 suis
1637 3029 1785 3082 illum
1849 3026 2103 3098 inspexe—

495 3125 585 3188 rit,
615 3133 670 3178 et
696 3124 944 3177 manibus
971 3122 1412 3188 contrectaverit,
1443 3137 1550 3176 non
1573 3120 1824 3175 dubitans
1844 3134 1964 3188 qua:
1977 3127 2104 3174 sunt

1596 351 1893 408 FACUNDI
1937 346 2151 405 EPISC.
2194 347 2701 407 HERMIANI'NSIS

481 488 697 532 Carnem
715 472 943 529 credidit
966 471 1184 527 factum.
1213 467 1339 524 Plus
1367 473 1450 524 est
1493 473 1678 520 autem
1708 463 1892 520 dicere
1914 463 2081 519 Altis-
2113 469 2160 526 Α

480 564 673 620 simum
693 563 967 618 hominem
1003 560 1223 627 factum,
1252 573 1414 628 quam
1437 556 1676 612 tribuere
1701 569 1820 624 quae
1836 553 2082 608 suntbo—
2114 579 2125 591 -

3688 349 3794 406 548

2815 460 3043 519 CAPUT
3086 463 3145 518 V.

2190 578 2340 646 Quod
2367 575 2561 632 Christi
2609 574 2730 629 dua!
2770 576 2870 630 sint
2916 583 3140 640 natum,
3183 591 3285 630 non
3337 591 3442 630 una
3491 579 3797 647 composita.

2259 658 2440 704 contra
2491 647 2850 718 Eutychianos
2896 659 2946 701 et
2996 647 3503 718 Semicutgchianos.
3547 646 3623 700 De
3649 647 3800 701 Juba

2261 737 2420 789 papa,
2472 728 2519 773 et
2572 716 2634 770 de
2680 716 2880 791 Cyritto
2924 716 3303 786 Alexandrino,
3342 734 3566 790 quorum
3603 720 3799 791 scripta

2260 792 2512 862 objiciunt
2553 790 2859 844 adversarii.

2260 920 2388 976 Haec
2407 919 2667 977 adversus
2696 918 3141 977 Nestorianorum
3172 920 3452 992 perﬁdiam
3469 921 3667 978 dixisse
3689 921 3805 978 sut-

2191 1011 2354 1078 ticiat,
2378 1027 2499 1082 quae
2525 1027 2648 1080 nos,
2679 1013 2820 1068 sicut
2841 1013 3094 1079 arbitror,
3121 1028 3152 1068 a
3191 1013 3474 1069 calumniis
3497 1013 3798 1086 Eutychia-

2193 1119 2388 1160 norum
2412 1104 2545 1160 satis
2567 1119 2837 1174 superque
2858 1104 3182 1171 defendunt;
3227 1105 3319 1174 qui
3364 1122 3487 1160 cum
3543 1105 3803 1160 refellun-

2194 1206 2282 1250 tur
2311 1210 2342 1248 a
2372 1194 2658 1251 catholicis
2682 1234 2698 1261 ,
2751 1195 3197 1251 Nestorianorum
3221 1197 3302 1252 eis
3325 1196 3528 1252 crimen
3553 1196 3801 1266 al'ligunt.

2193 1283 2262 1338 Et
2291 1284 2415 1340 ideo
2437 1285 2547 1354 jam
2577 1285 2705 1340 illud
2730 1285 2946 1340 tertium
2977 1286 3246 1355 praedictis
3296 1285 3645 1359 Eutychianis
3672 1302 3804 1342 con-

2195 1377 2419 1430 trarium
2441 1383 2644 1431 rectum
2665 1391 2785 1431 esse
2809 1385 3189 1442 monstremus,
3213 1376 3360 1454 quod
3383 1376 3670 1433 Dominum
3703 1394 3803 1433 no-

2193 1475 2366 1524 strum
2392 1467 2573 1522 Jesum
2597 1466 2869 1524 Christum
2899 1468 3220 1524 conﬁtemur
3250 1470 3302 1524 in
3332 1469 3541 1525 duabus
3571 1472 3804 1543 naturis,

2196 1560 2251 1615 id
2277 1560 2440 1616 estin
2463 1559 2747 1616 divinitate
2793 1569 2956 1631 atque
2986 1561 3040 1615 in
3093 1560 3430 1616 humanitate
3478 1561 3802 1632 perfectum.

2199 1650 2318 1719 Quo
2343 1650 2788 1707 Nestorianorum
2815 1666 3035 1721 quoque
3079 1652 3381 1708 calumnias
3421 1660 3732 1709 evertemus
3761 1655 3803 1720 ⁸,

2198 1745 2290 1814 qui
2319 1760 2418 1801 nos
2447 1753 2639 1814 putant
2663 1744 2731 1799 ad
2751 1745 3125 1800 confusionem
3152 1745 3378 1801 duarum
3406 1744 3606 1800 Christi
3640 1759 3804 1802 natu-

2127 1851 2175 1910 B
2199 1852 2382 1892 rarum
2405 1837 2585 1892 dicere
2609 1837 2758 1907 quod
2809 1854 2944 1894 unus
2971 1853 3048 1892 ex.
3070 1837 3332 1893 Trinitate
3353 1839 3424 1893 sit
3444 1839 3702 1893 Dominus
3723 1839 3805 1894 Je-

2200 1926 2582 1994 susChristus,
2613 1936 2668 1982 et
2692 1943 2820 1984 vere
2859 1937 2916 1983 et
2967 1930 3187 1999 proprie
3231 1937 3406 1984 mater
3458 1930 3554 1985 Dei
3608 1928 3802 1986 Maria.

2201 2017 2478 2074 Christum
2506 2019 2668 2088 igitur
2695 2019 2887 2074 Filium
2919 2019 3038 2086 Dei,
3090 2019 3543 2088 quemadmodum
3597 2023 3803 2078 dictum

2200 2123 2304 2179 est,
2339 2115 2391 2169 in
2413 2114 2620 2170 duabus
2641 2113 2998 2184 praedicamus
3025 2128 3148 2168 esse
3176 2115 3403 2169 naturis.
3433 2114 3541 2171 Nec
3578 2117 3682 2170 dici
3706 2133 3805 2187 pa-

2201 2207 2368 2262 timur
2397 2223 2557 2262 unam
2588 2206 2704 2276 ejus
2732 2222 2802 2262 ex
2825 2206 3106 2261 divinitate
3132 2214 3189 2261 et
3217 2207 3550 2264 humanitate
3579 2225 3804 2281 compo-

2201 2300 2358 2356 sitam
2381 2315 2504 2356 esse
2527 2307 2800 2364 naturam,
2831 2315 2901 2356 ne
2931 2299 3098 2368 Patri,
3127 2300 3280 2369 cujus
3328 2303 3554 2372 simplex
3609 2315 3803 2359 natura

2201 2400 2306 2461 est,
2333 2392 2808 2449 consubstantialis
2825 2408 2933 2447 non
2959 2393 3060 2458 sit;
3086 2400 3143 2447 et
3169 2393 3310 2448 sicut
3329 2395 3548 2449 alterius
3575 2405 3659 2450 est
3679 2411 3804 2466 per-

2201 2500 2368 2552 sonae,
2399 2499 2560 2555 quam
2591 2483 2778 2548 Pater,
2813 2485 2885 2538 ita
2908 2485 3073 2538 etiam
3105 2485 3348 2546 alterius.
3371 2486 3422 2539 id
3453 2487 3802 2556 estdiversm,

2201 2577 2413 2633 dicatur
2443 2591 2562 2632 esse
2592 2584 2816 2631 naturae.
2848 2575 3046 2631 Verum
3097 2591 3274 2645 neque
3317 2577 3473 2632 nobis
3523 2579 3627 2633 erit
3669 2596 3805 2635 con-

2201 2670 2591 2736 substantialis,
2623 2669 2725 2724 nisi
2752 2669 2871 2738 ejus
2912 2669 3032 2725 duae
3080 2679 3284 2724 naturae
3308 2671 3414 2725 sint
3447 2689 3459 2723 :
3495 2680 3552 2726 ut
3595 2673 3804 2729 scilicet

2204 2764 2375 2819 altera
2403 2764 2473 2818 sit
2501 2763 2554 2817 in
2585 2777 2692 2832 qua
2715 2763 3188 2819 consubstantialis
3216 2773 3300 2819 est
3320 2763 3486 2828 Patri.
3518 2766 3685 2821 altera
3709 2783 3803 2823 ve-

2204 2872 2266 2911 ro
2296 2855 2349 2910 in
2371 2870 2477 2925 qua
2502 2855 2976 2910 consubstantialis
3003 2865 3085 2910 est
3129 2855 3306 2910 nobis.
3339 2856 3407 2910 At
3434 2855 3556 2912 huic
3580 2857 3803 2912 eviden-

2203 2949 2426 3005 tissima:
2445 2947 2644 3002 rationi
2673 2949 2832 3002 bruta
2856 2946 3313 3017 Eutychiauorum
3335 2949 3611 3003 contentio
3634 2949 3803 3003 refra-

2202 3050 2382 3110 gatur,
2411 3038 2687 3095 afﬁrmans
2714 3037 2809 3092 Dei
2859 3038 3017 3093 Verbi
3047 3041 3308 3092 unitatem
3347 3040 3802 3094 incommutabili-

2205 3133 2605 3203 tersimplicem
2661 3146 2783 3186 cum
2841 3139 3088 3200 suscepta
3147 3131 3484 3185 humanitate
3527 3133 3578 3186 in
3638 3149 3802 3187 unam

496 3216 673 3271 carnis
698 3217 980 3270 incarnato
1010 3214 1189 3283 Verbo
1220 3216 1473 3269 tribuere.
1503 3212 1641 3280 Quid
1667 3226 1798 3281 ergo
1820 3213 2095 3269 Nestorias

2203 3224 2458 3293 componi
2481 3223 2724 3294 potuisse
2749 3231 3015 3276 naturam.
3063 3221 3301 3288 Quorum
3346 3221 3804 3292 Eutychiauorum

496 3307 572 3372 ui,
605 3305 759 3376 quasi
789 3305 1060 3360 cautiores
1085 3313 1139 3363 et
1159 3306 1528 3375 diligentiores
1559 3305 1676 3375 ipso
1720 3301 1931 3359 Joanne
1959 3320 2096 3374 apo-

497 3399 659 3462 stolo,
685 3399 794 3453 imo
821 3399 940 3468 ipso
963 3399 1073 3455 Deo
1102 3398 1303 3464 Verbo,
1333 3399 1425 3468 qui
1469 3398 1548 3453 sic
1586 3398 1654 3453 de
1692 3413 1751 3454 se
1804 3397 1860 3454 in
1887 3396 2100 3454 Joanne

498 3490 818 3559 loquebatur
862 3490 1134 3560 apostolo,
1157 3490 1425 3558 refugiunt
1451 3505 1571 3560 qua:
1593 3496 1717 3544 sunt
1749 3487 2099 3544 humanitatis

498 3581 609 3638 Deo
634 3584 890 3645 tribuere,
919 3592 974 3639 et
1001 3584 1215 3650 beatam
1243 3582 1466 3638 Mariam
1496 3582 1679 3638 dicere
1717 3596 1846 3636 vere
1871 3587 1928 3636 et
1949 3596 2102 3650 .pro-

497 3676 611 3746 prie
639 3685 866 3730 matrem
889 3675 1019 3743 Dei;
1051 3691 1214 3744 quam
1240 3691 1349 3730 non
1390 3673 1660 3743 refugiunt
1681 3674 1863 3729 dicere
1891 3687 2019 3729 vere
2044 3680 2102 3729 et

496 3769 714 3839 proprie
741 3769 974 3823 hominis
1005 3777 1254 3834 matrem,
1281 3768 1382 3822 nisi
1410 3767 1536 3838 quia
1565 3782 1676 3821 non
1701 3765 1951 3820 eumdem
1978 3780 2101 3821 cre-

495 3864 686 3918 dentes
714 3877 834 3917 esse
854 3861 1045 3927 Deum,
1077 3876 1236 3930 quem
1261 3861 1558 3926 hominem,
1590 3859 1727 3913 duos
1752 3857 1909 3912 nubis
1938 3855 2096 3922 ﬁlios,

496 3953 624 4009 licet
652 3969 760 4008 non
786 3953 981 4020 verbis,
1025 3954 1184 4006 rebus
1242 3960 1423 4005 tamen
1479 3950 1500 3980 ⁸
1560 3943 1750 4035 volunt
1804 3947 2099 4003 inducere?

496 4044 606 4099 Nos
634 4055 816 4100 autem
871 4045 1104 4099 scientes
1157 4043 1474 4115 Aposmlum
1532 4041 1780 4096 dixisse:
1839 4039 2100 4110 Optabam

496 4139 635 4190 enim
660 4153 753 4209 ego
781 4138 893 4205 ipse
913 4137 1193 4190 anathema
1241 4151 1352 4188 esse
1381 4151 1414 4187 a
1467 4132 1674 4188 Christo
1714 4150 1808 4202 pro
1849 4133 2098 4205 fratribus

499 4229 648 4294 meis,
676 4229 761 4296 qui
787 4235 906 4280 sunt
936 4227 1144 4296 cognati
1174 4225 1272 4278 mei
1293 4225 1574 4278 secundum
1604 4239 1834 4287 carnem,
1867 4225 1952 4295 qui
1981 4233 2099 4278 sunt

499 4315 778 4381 Israelitaz,
809 4334 1018 4384 quorum
1037 4316 1245 4386 adoptio
1267 4324 1342 4368 est
1371 4315 1618 4384 ﬁliorum,
1649 4324 1699 4366 et
1723 4315 1911 4385 gloria,
1961 4324 2010 4369 et
2034 4325 2102 4368 te-

500 4415 777 4472 stamenta,
801 4416 847 4460 et
871 4408 1151 4478 legislatio,
1173 4415 1219 4460 et
1253 4409 1441 4471 auara,
1472 4414 1520 4459 et
1550 4407 1806 4476 promissa
1838 4421 1856 4458 :
1882 4421 2100 4475 quorum

501 4508 697 4569 patres,
728 4508 775 4551 et
803 4515 865 4552 ea:
899 4497 1081 4569 quibus
1139 4497 1370 4550 Christus
1411 4495 1692 4549 secundant
1735 4511 1967 4559 carnem,
2011 4496 2100 4566 qui

2202 3316 2320 3396 duae
2335 3324 2460 3371 sunt
2483 3323 2666 3385 partes
2696 3331 2707 3368 :
2739 3329 2866 3377 una,
2897 3329 3016 3384 qua:
3046 3328 3143 3383 per
3167 3322 3342 3368 totum
3363 3315 3608 3384 sequitur
3638 3315 3802 3388 Euty-

2201 3409 2318 3464 chis
2337 3407 2595 3478 principis
2623 3407 2708 3462 sui
2737 3406 3064 3460 sententiam
3089 3423 3104 3472 ;
3128 3406 3230 3460 alia
3259 3421 3412 3472 vero,
3437 3421 3554 3476 qua:
3579 3407 3633 3460 in
3683 3408 3804 3476 qui-

2200 3496 2425 3551 husdam
2449 3497 2516 3550 ab
2538 3510 2604 3550 eo
2633 3495 2978 3560 dissentiens,
3009 3509 3109 3564 per
3137 3495 3448 3564 superbiam
3488 3505 3671 3551 tamen
3721 3497 3803 3550 de.

2201 3588 2450 3656 dignatur
2478 3587 2544 3642 ad
2566 3586 2860 3643 Ecclesiam
2884 3586 3194 3656 paenitendo
3227 3586 3463 3653 reverti,
3496 3596 3554 3641 ut
3577 3587 3647 3642 de
3668 3587 3804 3657 ipsis

2201 3679 2405 3735 dictum
2431 3678 2678 3734 videatur
2733 3678 2786 3732 in
2809 3678 3028 3748 psalmis
3061 3695 3074 3731 :
3105 3676 3325 3732 Discissi
3355 3687 3495 3744 sunt,
3526 3693 3618 3732 nec
3659 3694 3803 3733 com-

2199 3771 2375 3840 puncti
2402 3777 2523 3825 sunt
2553 3769 2726 3842 (Psal.
2756 3785 2940 3836 xxxrv,
2971 3768 3082 3839 16).
3113 3769 3248 3824 Nam
3279 3770 3404 3838 quia
3456 3771 3800 3826 contentiosa

2201 3861 2444 3915 vanitate
2467 3871 2927 3930 prmsumpserunt
2954 3859 3112 3927 longe
3138 3859 3372 3927 diversa,
3405 3859 3457 3912 id
3510 3869 3594 3914 est
3647 3875 3802 3916 crea-

2203 3950 2392 4005 tricem
2422 3959 2671 4005 naturam
2723 3957 3068 4019 creatamque
3093 3947 3442 4024 confundere,
3473 3948 3652 4004 traditi
3675 3943 3801 4019 tig-

2201 4042 2398 4097 mentis
2427 4049 2484 4096 et
2521 4041 2800 4097 erroribus
2848 4039 3029 4095 cordis
3053 4039 3154 4105 sui,
3210 4041 3456 4109 quamvis
3500 4024 3569 4096 ex
3604 4041 3803 4096 eodem

2201 4147 2428 4190 omnese
2475 4131 2626 4186 fonte
2672 4138 2974 4198 manantes,
3027 4129 3172 4199 juste
3235 4131 3540 4200 meritoque
3593 4131 3804 4186 discissi

2200 4234 2348 4284 sunt.
2381 4224 2490 4280 Sed
2513 4224 2589 4280 illi
2611 4224 2702 4293 qui
2725 4224 2868 4288 licet,
2891 4231 2951 4278 ut
2979 4223 3232 4292 diximus,
3267 4223 3580 4278 recedentes
3609 4224 3663 4279 in
3690 4225 3806 4293 qui-

2201 4317 2427 4373 busdam
2475 4316 2544 4370 ab
2575 4315 2743 4384 ipsius
2790 4313 3051 4386 Eutychis
3106 4314 3343 4383 auctoris
3389 4322 3444 4370 et
3487 4316 3680 4384 capitis
3721 4315 3804 4374 sui

2202 4409 2489 4474 sententia,
2519 4407 2672 4476 sequi
2699 4414 2878 4461 tamen
2928 4405 3294 4477 dedignantur
3319 4405 3573 4462 Ecclesiae
3624 4407 3806 4462 catho-

2204 4501 2319 4568 lica:
2347 4501 2670 4563 doctrinam,
2693 4497 2847 4567 cujus
2878 4505 3044 4567 caput
3087 4506 3172 4554 est
3219 4496 3466 4554 Christus
3517 4497 3570 4552 in
3595 4497 3806 4552 duabus

501 4600 578 4646 est
600 4608 752 4659 super
774 4592 952 4645 omnia
981 4589 1118 4643 Deus
1148 4589 1440 4642 benedictus
1491 4589 1544 4641 in
1596 4588 1789 4641 sazcuta
1817 4585 1991 4656 (Rom.
2022 4603 2096 4648 ιι,
2135 4617 2180 4672 ο
2208 4592 2433 4657 naturis,
2466 4589 2520 4644 id
2549 4599 2634 4645 est
2656 4590 2709 4644 in
2739 4589 3022 4644 divinitate
3067 4597 3231 4660 atque
3281 4589 3636 4653 humanitate,
3688 4605 3806 4659 per.

505 4687 594 4756 5);
645 4701 752 4739 non
816 4683 1045 4738 alterum
1093 4681 1362 4737 Christum
1418 4690 1693 4752 putamus,
1769 4688 1826 4735 et
1875 4680 2103 4736 alterum

504 4794 672 4849 super
691 4777 870 4833 omnia
893 4777 1089 4841 Deum;
1134 4775 1228 4829 sed
1256 4774 1506 4829 eumdem
1562 4772 1834 4827 Christum
1887 4770 2110 4826 creden-i‘

505 4885 588 4932 tes
617 4889 778 4946 super
797 4873 978 4930 omnia
1019 4873 1206 4938 Deum,
1236 4870 1353 4940 ejus
1381 4877 1610 4924 matrem
1639 4867 1851 4922 beatam
1881 4865 2104 4920 Mariam

505 4952 779 5037 Virginem
808 4979 935 5020 vere
955 4971 1010 5017 et
1025 4963 1240 5034 proprie
1266 4961 1491 5016 dicimus
1515 4967 1745 5014 matrem
1772 4957 1890 5013 Dei.

577 5134 599 5160 υ
637 5123 735 5178 Alii
763 5124 894 5178 alias
924 5123 1080 5188 hujus
1110 5120 1341 5175 nominis
1357 5134 1546 5174 causas
1570 5116 1900 5188 tratlunt.,_ut
1923 5113 2092 5188 Leon-

510 5197 617 5249 tius
641 5194 717 5248 De
747 5196 908 5250 sectis
935 5184 1055 5262 ca'p.
1089 5192 1142 5257 5,
1177 5191 1293 5245 Atlo
1323 5188 1640 5262 Viennensis
1676 5187 1738 5262 in
1795 5184 2090 5249 Chronico,

506 5265 842 5335 Nicephorus
871 5266 962 5319 lib.
989 5256 1136 5338 xvut,
1164 5277 1282 5330 cap.
1310 5258 1398 5326 45,
1445 5268 1500 5314 et
1527 5259 1634 5312 alii.
1668 5256 1934 5338 Caeterum
1961 5271 2094 5336 cun-

505 5338 939 5405 statAccphalos
987 5335 1231 5408 tandem,
1265 5343 1599 5408 quaecunque
1640 5335 1708 5382 sit
1751 5335 1925 5408 origo,
1974 5335 2098 5408 uni-

507 5421 662 5461 verse
688 5399 988 5476 appellatus
1017 5399 1425 5472 monuphyisitas
1454 5415 1662 5476 omnes,
1695 5399 1784 5468 qui
1803 5399 2029 5476 “urticam
2046 5399 2100 5449 in

506 5467 1000 5531 Christo-naturam
1027 5467 1352 5547 statuebant,
1383 5481 1438 5525 et
1475 5471 1739 5547 synodum
1784 5467 2100 5547 Chalcedo-

510 5563 727 5617 nensem
758 5547 1158 5617 oppugnabant,
1185 5545 1307 5599 licet
1338 5545 1480 5617 inter
1505 5539 1564 5596 se
1601 5541 1698 5617 alii
1749 5539 1868 5617 aliis
1897 5539 2102 5617 errori-

510 5615 608 5671 bus
629 5610 1017 5688 discrégiarént.
1051 5617 1197 5671 Scite
1233 5624 1413 5669 autem
1454 5613 1768 5688 Anastasius
1808 5610 2101 5688 Antioche-

513 5703 634 5754 nus,
663 5694 778 5764 Περὶ
803 5681 892 5749 ’ἰῆς
917 5695 1138 5763 Χριστοῦ
1163 5689 1464 5757 οἰκονομίας,
1516 5683 1587 5738 ad
1639 5683 1826 5737 decem
1885 5681 2099 5735 illorum

584 5824 600 5855 ¹
629 5824 762 5879 Cod.
790 5824 1018 5892 Verum,
1039 5843 1099 5878 ea
1123 5841 1235 5894 qua:
1252 5825 1422 5878 carnis
1453 5831 1590 5891 sunt,
1617 5823 1660 5876 ei
1681 5819 1949 5891 deputare.

581 5899 601 5926 "
631 5895 774 5953 Idem
804 5898 949 5961 Co.l.,
991 5911 1216 5951 carnem.

2206 4684 2402 4747 fectus.
2434 4691 2700 4762 tanquam
2733 4684 2852 4737 sine
2897 4682 3076 4751 capite
3132 4691 3494 4750 remanentes,
3544 4681 3806 4751 Acephali

2208 4783 2469 4831 vocantur
2491 4784 2517 4813 ι
2537 4789 2568 4830 a
2604 4774 2828 4844 Graecis,
2857 4789 2995 4842 quos
3019 4773 3408 4842 signiﬁcantius
3437 4789 3537 4828 nos
3559 4773 3777 4827 Semieu
3792 4801 3817 4814 -

2209 4866 2493 4936 tychianos
2525 4880 2812 4935 possumus
2866 4862 3161 4934 appellare.
3207 4862 3271 4916 Hi
3327 4877 3457 4932 ergo
3508 4863 3806 4916 scissorum

2209 4954 2667 5028 Eutychiauorum
2691 4955 3022 5012 schismatici
3041 4955 3227 5010 dicunt
3245 4956 3520 5024 quoniam,
3545 4956 3592 5010 si
3613 4963 3670 5011 et
3699 4967 3806 5012 una

2197 5117 2516 5186 coryphmos
2550 5116 2831 5193 alludens,
2875 5116 3206 5193 δεκακὲρατον
3238 5116 3566 5193 ὀρχήσῖροεν,
3615 5112 3807 5193 decem

2197 5185 2459 5242 cornuum
2487 5188 2824 5242 orchestram
2876 5185 3227 5256 nuncupavit.
3265 5185 3666 5249 "uesanam,
3727 5187 3808 5240 in-

2199 5259 2345 5333 quit,
2368 5262 2398 5318 ἡ
2419 5257 2542 5332 ἁγία
2573 5261 2834 5322 ἐκκλησίκ,
2866 5265 2949 5314 καὶ
2977 5260 3236 5333 Εὺτμχέα,
3268 5261 3370 5333 uoti
3396 5257 3687 5333 Atquopov,
3717 5261 3805 5312 καὶ

2199 5329 2482 5392 Θεοδόσιον,
2514 5335 2597 5384 καὶ
2627 5335 2831 5405 Πέτρον,
2860 5335 2942 5385 καὶ
2967 5331 3224 5405 Τιμόξίεον,
3251 5399 3270 5405 _
3287 5331 3374 5382 καὶ
3401 5329 3678 5405 ἰουλιαξ-ῥν,
3720 5333 3810 5382 καὶ

2203 5405 2431 5476 Γαῖσςνὸν,
2457 5404 2544 5454 καὶ
2573 5397 2968 5476 Βαρσὰγούφιον,
2995 5397 3076 5455 καὶ
3094 5399 3452 5476 Ἰάκωϐον,μαί
3474 5403 3557 5453 τὸν
3579 5397 3808 5473 ἔξαρχον

2204 5480 2293 5547 ςτῆς
2316 5471 2867 5547 δίκακερὰτούΔταῦτηξ
2920 5473 3247 5547 ὀρχήστρας,
3290 5471 3523 5547 Σεϐῆρον,
3553 5473 3636 5523 καὶ
3672 5471 3811 5547 ’τορς

2203 5543 2412 5603 λοιποὺς
2436 5541 2812 5619 Δικῖρεοηάρχας
2866 5541 3160 5614 rods-"piata
3189 5546 3338 5614 φύσιν
3393 5541 3686 5616 ἆίοειανικῶς
3757 5541 3813 5594 ἐν

2204 5624 2409 5688 Χριστῷ
2431 5613 2859 5688 δοσίματὶζιιντας.

2279 5817 2297 5846 ³
2327 5815 2468 5869 Idem
2491 5814 2636 5880 c0d.,
2663 5815 2809 5868 rebus
2837 5822 3007 5867 tamen
3030 5814 3176 5886 ipsis.

2285 5889 2304 5920 ‘
2333 5887 2497 5945 Idem.
2533 5888 2674 5950 c0d.,
2709 5887 2970 5940 evitemus.
