4114 6542
305 396 413 451 549

1234 393 1372 449 PRO
1410 390 1828 449 DEFENSIONE
1866 388 2083 445 TRIUM
2124 388 2440 446 CAPITUL.
2478 391 2602 447 LIB.
2663 391 2705 445 I.

3504 382 3607 440 550

307 510 629 583 praedicetur
655 508 775 563 Filii
810 509 903 564 Dei
936 516 1147 573 natura,
1180 516 1359 578 potest
1378 506 1551 576 accipi
1579 507 1771 561 eadem
1800 519 1905 559 una
1937 510 1984 567 Α
2014 507 2095 562 nis
2117 508 2417 576 passiones.
2452 526 2471 558 σ
2500 506 2664 573 Quasi
2690 504 2829 559 Deus
2852 501 3092 575 loquitur
3111 516 3232 572 qua:
3255 508 3387 557 sunt
3408 502 3609 569 divina,

308 611 500 657 natura
531 600 827 655 secundum
860 598 1064 671 aliquid
1091 608 1296 654 natura:
1324 598 1498 654 Patris
1523 614 1647 654 esse
1680 595 1916 653 consub-

309 693 594 758 stantialis,
630 700 685 747 et
713 692 843 747 item
877 692 1173 748 secundum
1204 690 1405 761 aliquid
1436 698 1635 745 nostra:
1663 707 1675 741 :
1706 690 1811 743 hoc
1835 697 1918 743 est

310 792 492 840 autem
525 781 724 851 dicere,
758 799 859 839 nec
884 782 1058 839 Patris
1077 798 1197 838 eam
1254 791 1462 836 natum
1483 779 1915 836 consubstantia-

311 874 418 930 lem
448 890 587 940 esse,
610 890 711 929 nec
742 883 964 928 nostrae.
993 874 1237 942 Namque
1292 888 1416 927 eum
1465 871 1668 939 aliquid
1717 868 1918 924 habere

312 964 636 1025 diciturhaee
649 980 753 1018 una
770 963 1197 1017 FiliiDeinatura
1223 966 1366 1030 quod
1390 961 1565 1015 Patris
1589 968 1777 1014 natura
1808 974 1918 1013 non

315 1056 535 1123 habeat,
568 1064 623 1109 et
648 1070 835 1110 rursus
874 1053 1076 1136 aliquid
1130 1052 1273 1121 quod
1322 1060 1508 1105 nostra
1554 1066 1659 1104 non
1700 1050 1949 1114 habeat,

316 1160 427 1201 non
457 1146 601 1200 aliud
624 1156 708 1201 est
732 1162 894 1215 quam
920 1160 1040 1200 eam
1065 1160 1266 1215 negare
1298 1142 1818 1199 consubstantialem
1865 1148 1922 1195 et

318 1247 526 1292 naturze
552 1238 696 1292 Patri
726 1246 779 1291 et
810 1246 1024 1292 nostrae.
1054 1236 1123 1291 Ut
1151 1237 1292 1291 enim
1351 1251 1450 1289 nos
1485 1242 1637 1288 recte
1678 1233 1923 1287 dicamus

319 1326 512 1383 Filium
541 1338 595 1383 et
625 1329 768 1382 Patri
801 1343 919 1382 esse
948 1326 1462 1382 consubstantialem
1493 1332 1547 1379 et
1595 1324 1772 1383 nobis,
1804 1338 1926 1391 pro-

322 1432 513 1493 pterea
539 1423 721 1490 utique
750 1420 875 1491 quia
900 1421 1028 1476 licet
1051 1434 1213 1475 unam
1244 1419 1505 1493 dicamus
1536 1430 1655 1471 esse
1687 1416 1704 1445 ¹
1753 1428 1927 1483 perso-

324 1492 470 1578 nam,
491 1528 598 1566 non
628 1519 807 1565 tamen
833 1509 1126 1565 difﬁtemur
1152 1492 1298 1579 quod
1336 1508 1391 1562 in
1440 1505 1673 1577 quadam
1714 1513 1927 1557 natura-

323 1620 444 1658 rum
473 1603 730 1658 dualitate
758 1602 1036 1665 subsistat,
1062 1610 1123 1656 ut
1149 1600 1447 1656 secundum
1501 1612 1663 1653 unam
1693 1596 1927 1652 consub-

325 1696 595 1749 stantialis
625 1694 770 1749 Patri
796 1695 1027 1761 dicatur,
1059 1702 1116 1749 et
1163 1692 1459 1749 secundum
1491 1691 1717 1746 alteram
1749 1689 1922 1743 nobis.

334 1787 503 1843 Unam
534 1804 687 1854 vero,
710 1802 871 1856 quam
895 1788 995 1857 ipsi
1016 1787 1202 1843 dicunt
1248 1785 1447 1840 Christi
1492 1799 1612 1839 esse
1654 1788 1926 1845 naturam,

2015 601 2140 669 quia
2158 600 2390 656 Verbum
2413 609 2523 665 est;
2552 598 2706 670 quasi
2726 597 2891 653 homo
2913 598 3042 653 dicit
3064 612 3183 668 qum
3205 604 3331 650 sunt
3354 597 3614 664 humana,

2016 692 2143 760 quia
2178 692 2232 747 in
2281 707 2399 747 mea
2430 692 2730 747 substantia
2778 691 3119 759 loquebatur,
3163 698 3269 744 etc.
3326 708 3343 741 ι
3380 689 3618 742 Audiunt

2017 784 2133 839 haec
2178 784 2445 839 Ambrosii
2494 784 2660 838 verba
2708 782 2934 837 recitata
2985 782 3038 835 in
3090 779 3360 850 Ephesina
3406 779 3618 850 synndo

2020 877 2259 945 (Actione
2284 875 2340 946 I)
2377 892 2390 928 :
2424 881 2761 944 cognoscunt
2801 889 2869 928 ex
2912 871 2995 925 his
3036 870 3457 926 condemnatum
3500 885 3619 924 esse

2019 968 2350 1032 Nestorium,
2403 968 2596 1035 quibus
2622 966 2819 1020 dicitur
2845 981 2859 1017 :
2888 962 3180 1018 Servemus
3216 960 3615 1016 distinctionem

2020 1060 2318 1115 divinitatis
2346 1065 2402 1113 et
2428 1057 2626 1121 carnis,
2680 1064 2736 1111 et
2778 1055 2921 1124 quod
2963 1056 3091 1109 licet
3130 1071 3289 1118 unus,
3341 1062 3518 1106 tamen
3567 1052 3617 1105 in

2023 1158 2256 1219 utroque
2278 1150 2514 1218 loquitur
2537 1149 2631 1203 Dei
2655 1147 2840 1212 Filius,
2870 1148 2975 1201 hoc
2996 1156 3080 1202 est
3104 1147 3154 1200 in
3181 1155 3406 1213 utraque
3431 1155 3620 1202 natura

2023 1242 2319 1297 divinitatis
2350 1253 2406 1297 et
2430 1242 2608 1297 carnis
2657 1259 2669 1293 :
2714 1242 2859 1295 unde
2896 1249 3112 1295 secutus
3141 1239 3368 1307 adjecit,
3415 1238 3537 1308 quia
3570 1238 3622 1294 in

2024 1337 2215 1393 eodem
2247 1344 2473 1404 utraque
2502 1346 2692 1388 natura
2724 1341 2827 1388 est.
2860 1332 2927 1386 Et
2950 1349 3056 1387 non
3081 1333 3407 1386 erubescunt
3433 1339 3622 1399 aperte

2025 1427 2242 1483 mentiri
2296 1426 2438 1496 quod
2491 1424 2731 1493 ejusdem
2785 1422 2976 1494 synodi
3032 1429 3231 1476 statuta
3288 1420 3617 1481 custodiant,

2025 1526 2287 1588 negantes
2307 1516 2578 1573 Christum
2603 1516 2655 1569 in
2686 1515 2893 1569 duabus
2922 1529 3041 1569 esse
3070 1512 3293 1577 naturis,
3328 1521 3383 1567 et
3410 1510 3620 1566 conﬁn-

2028 1618 2217 1679 gentes
2251 1608 2396 1680 quod
2439 1624 2547 1663 una
2571 1607 2751 1677 potius
2779 1614 2972 1660 natura
3004 1606 3144 1659 facta
3173 1604 3245 1659 sit
3283 1618 3351 1658 ex
3392 1602 3624 1657 duabus.

2028 1702 2229 1758 Verum
2258 1702 2541 1755 advertant
2568 1698 2697 1769 quid
2725 1698 2890 1753 etiam
2921 1713 2987 1752 ex
3027 1695 3183 1752 dictis
3210 1694 3357 1773 beati
3383 1692 3626 1762 Gregorii

2031 1791 2351 1848 Nazianzeni
2382 1789 2650 1860 prolatum
2683 1790 2753 1843 ibi
2803 1788 2963 1842 fuerit
3008 1794 3195 1842 contra
3240 1786 3405 1856 ipsius
3434 1782 3626 1853 dogma

327 1886 531 1945 negant
558 1879 777 1934 Omnino
806 1880 860 1933 in
885 1878 1144 1932 dualitale
1174 1877 1351 1947 aliqua
1374 1876 1670 1939 conlinel‘i;
1722 1888 1792 1927 ne
1839 1887 1927 1926 ι’θ-
1961 1888 2005 1946 Β
2030 1883 2263 1939 Nestorii
2288 1881 2481 1953 (Epist.
2506 1879 2529 1931 I
2559 1879 2629 1932 ad
2655 1876 2982 1947 Cledom‘um)
3012 1895 3025 1930 :
3058 1895 3077 1928 ‹
3104 1876 3160 1929 Si
3190 1876 3311 1945 quis
3339 1874 3628 1929 introducit

330 1970 513 2038 quisiti
540 1970 691 2039 cujus
717 1971 796 2024 rei
826 1971 899 2024 sit
930 1970 1019 2024 illa
1067 1969 1319 2033 dualitas,
1375 1969 1501 2037 quia
1550 1982 1658 2023 non
1704 1971 1932 2036 possunt

329 2063 438 2131 jam
460 2062 641 2117 dicere
667 2071 1002 2125 naturarum,
1035 2075 1392 2131 personarum
1443 2060 1623 2114 dicere
1651 2064 1935 2127 cogantur,

332 2153 475 2223 quod
505 2153 784 2207 nobiscum
815 2161 1003 2208 contra
1033 2152 1343 2207 Nestorium
1400 2159 1616 2218 negant.
1672 2148 1741 2203 Et
1784 2147 1932 2217 quia,

332 2261 455 2300 eum
498 2253 703 2299 natura:
742 2253 934 2299 natura
960 2242 1257 2306 confertur,
1292 2258 1401 2297 non
1430 2249 1613 2312 potest
1637 2242 1657 2272 '
1708 2239 1783 2295 ibi
1808 2254 1935 2308 pro-

332 2337 569 2391 nuntiari
593 2337 1149 2401 consubstantialitas,
1183 2335 1284 2390 nisi
1316 2342 1429 2391 tota
1451 2334 1550 2389 toti
1569 2341 1835 2403 aequetur,
1881 2343 1940 2389 ut

333 2424 665 2481 deﬁnitionis
694 2426 838 2480 nulla
884 2425 1168 2481 diversitas
1225 2423 1554 2490 intercedat,
1604 2438 1712 2477 non
1757 2432 1937 2477 autem

333 2526 514 2588 potest
537 2534 639 2571 una
660 2532 779 2573 esse
808 2516 1051 2572 deﬁnitio
1075 2525 1283 2571 natum
1329 2530 1399 2571 ex
1420 2515 1702 2570 divinitate
1751 2523 1808 2569 et
1850 2515 1940 2570 hu-

335 2610 598 2663 manitate
623 2609 960 2679 compositm,
989 2609 1031 2664 si
1062 2608 1128 2663 de
1152 2607 1289 2663 Filio
1314 2608 1394 2663 sic
1419 2607 1696 2673 credatur,
1727 2616 1783 2662 et
1810 2608 1941 2663 sim-

334 2700 490 2770 plicis
536 2708 740 2755 natura:
796 2698 971 2754 Patris
1020 2716 1140 2770 qua:
1206 2707 1412 2755 tantum
1465 2699 1646 2753 divina
1696 2708 1798 2765 est,
1849 2708 1941 2753 aut

337 2800 533 2844 nostrze
555 2806 673 2861 qua:
702 2800 908 2847 tantum
932 2792 1167 2863 humana
1197 2801 1313 2857 est,
1363 2808 1473 2848 non
1520 2806 1650 2861 ergo
1698 2793 1804 2848 erit
1855 2792 1945 2846 Fi-

335 2880 438 2936 lius
468 2890 523 2936 et
554 2881 700 2937 Patri
736 2883 1214 2938 consubstantialis
1242 2890 1295 2938 et
1325 2884 1502 2940 nobis.
1530 2884 1551 2915 ⁸
1570 2884 1687 2938 Etsi
1716 2885 1781 2938 de
1811 2883 1947 2939 Filio

338 2974 418 3029 sic
440 2975 709 3039 credatur,
740 2973 874 3028 duas
899 2972 1147 3028 conﬁteri
1175 2973 1376 3029 debent
1405 2975 1566 3028 unius
1598 2973 1715 3027 Filii
1739 2974 1835 3028 Dei
1859 2989 1947 3026 na-

340 3073 508 3131 turas,
534 3066 677 3134 quod
723 3066 1022 3120 innumeris
1079 3065 1405 3121 testimoniis
1456 3066 1801 3135 antiquorum
1850 3063 1948 3119 Pa-

341 3168 483 3212 trum
516 3160 567 3213 in
594 3159 910 3214 defensione
934 3159 955 3190 ‘
985 3173 1195 3227 magna:
1241 3158 1434 3230 synodi
1464 3158 1942 3226 Chalcedonensis,

2035 1976 2173 2032 duos
2202 1975 2360 2041 ﬁlios,
2389 1988 2555 2026 unum
2578 1970 2794 2039 quidem
2821 1984 2888 2025 ex
2915 1967 3030 2023 Deo
3060 1968 3238 2035 Patre,
3271 1968 3499 2020 alterunt
3531 1981 3627 2019 au-

2038 2081 2142 2121 tem
2173 2082 2240 2121 ex
2270 2072 2463 2129 matre,
2514 2070 2571 2118 et
2600 2077 2708 2117 non
2735 2075 2902 2115 unum
2931 2070 2987 2114 et
3025 2059 3275 2113 eumdem
3294 2101 3310 2125 ,
3342 2059 3631 2127 adoptione

2034 2154 2370 2210 fraudabitur
2385 2167 2505 2222 quae
2532 2150 2797 2222 promissa
2825 2156 2910 2205 est
2936 2156 3086 2205 recte
3114 2148 3480 2204 credentibus.
3524 2146 3600 2201 Na
3620 2178 3634 2188 -

2039 2254 2170 2299 tura:
2199 2244 2401 2298 etenim
2430 2242 2569 2307 dum,
2612 2240 2753 2295 Deus
2782 2249 2837 2295 et
2864 2241 3050 2305 homo,
3095 2237 3550 2309 quemadmodum
3581 2248 3634 2293 et

2005 2365 2009 2371 -
2040 2336 2216 2389 anima
2261 2341 2316 2389 et
2345 2349 2563 2404 corpus,
2614 2349 2724 2388 non
2754 2341 2935 2387 autem
2966 2332 3058 2386 ﬁlii
3091 2332 3199 2387 duo
3232 2350 3246 2399 ;
3277 2349 3453 2403 neque
3491 2334 3636 2389 enim

2039 2426 2128 2480 hic
2145 2425 2251 2479 duo
2272 2423 2538 2489 homines,
2565 2422 2694 2478 licet
2712 2422 2789 2479 sic
2809 2421 3006 2478 Paulus
3030 2421 3117 2494 (II
3139 2422 3257 2477 Cor.
3285 2438 3357 2488 IV,
3372 2422 3460 2494 16)
3493 2424 3637 2494 quod

2041 2515 2266 2570 interius
2293 2521 2377 2569 est
2403 2514 2638 2569 hominis
2667 2522 2723 2568 et
2752 2515 2773 2546 ⁷
2803 2515 3041 2568 exterius
3074 2514 3442 2584 appellaverit.
3488 2514 3553 2567 Et
3580 2523 3638 2569 ut

2040 2608 2279 2662 breviter
2313 2606 2546 2672 dicatur,
2591 2605 2736 2660 aliud
2782 2605 3000 2674 quidem
3046 2614 3102 2660 et
3139 2605 3283 2660 aliud
3334 2621 3402 2661 ex
3445 2607 3640 2675 quibus

2042 2700 2279 2754 salvator
2315 2706 2429 2765 est;
2460 2705 2516 2752 et
2542 2698 2671 2753 licet
2701 2713 2807 2751 non
2838 2697 2894 2752 id
2931 2698 3002 2753 sit
3030 2698 3298 2752 invisibile
3327 2698 3470 2767 quod
3509 2700 3640 2754 visi-

2044 2790 2172 2857 bile,
2234 2797 2289 2844 et
2332 2797 2578 2859 tempore
2626 2804 2815 2844 carens
2865 2789 3007 2858 quod
3054 2790 3154 2845 sub
3203 2798 3475 2859 tempore;
3533 2807 3641 2848 non

2048 2891 2228 2938 tamen
2278 2882 2415 2937 alius
2461 2890 2519 2936 et
2568 2882 2749 2937 alius:
2783 2883 2942 2936 absit.
2997 2881 3170 2937 Ambo
3220 2885 3417 2938 etenim
3477 2902 3642 2939 unum

2047 2981 2559 3045 temperamentum,
2588 2975 2700 3030 Deo
2721 2975 2939 3044 quidem
2968 2966 3269 3040 incarnato,
3303 2978 3524 3033 homine
3546 2995 3646 3033 au-

2049 3075 2158 3123 tem
2188 3065 2460 3132 deiﬁcato,
2507 3066 2593 3122 vel
2621 3066 2895 3135 quomodo
2924 3067 3045 3136 quis
3076 3070 3356 3123 nominare
3385 3070 3642 3139 poluerit.

2050 3158 2181 3213 Dico
2210 3165 2392 3213 autem
2421 3156 2562 3211 aiiud
2589 3165 2646 3212 et
2674 3156 2839 3211 aliud.
2893 3157 3064 3213 Aliter
3093 3168 3275 3213 autem
3303 3161 3357 3213 in
3388 3159 3648 3216 Trinitate

343 3258 397 3305 et
418 3250 761 3305 convictione
789 3252 809 3282 ⁸
837 3249 1187 3321 Ευιγεὶιίθηω
1232 3249 1669 3319 vecordiae,_cum
1700 3251 1946 3321 plurimis
1975 3265 2020 3327 ρ
2050 3261 2152 3307 est.
2181 3249 2260 3305 Ibi
2287 3248 2487 3305 etenim
2516 3249 2654 3303 alius
2681 3256 2736 3304 et
2774 3249 2911 3304 alius
2939 3258 3024 3305 est
3054 3258 3113 3304 ut
3144 3266 3251 3305 non
3277 3251 3650 3307 subsistentias

344 3349 457 3395 tum
492 3343 659 3397 etiam
692 3359 787 3398 vos
817 3343 1107 3413 probastis.
1148 3342 1230 3397 Ex
1279 3342 1476 3411 quibus
1532 3352 1588 3397 et
1628 3358 1729 3397 nos
1774 3342 1949 3397 adhuc

344 3434 524 3502 aliqua
554 3435 897 3503 proferimus,
959 3434 1061 3488 etsi
1090 3449 1199 3488 non
1242 3433 1407 3487 multa
1435 3448 1680 3498 numero,
1713 3434 1952 3503 pondere

345 3534 526 3582 tamen
552 3528 735 3595 gravia
762 3535 818 3582 ut
849 3535 976 3598 pote
1002 3542 1123 3597 qua:
1151 3527 1341 3599 synodi
1388 3525 1670 3597 Ephesium.
1720 3527 1828 3583 sint
1854 3543 1951 3582 au-

346 3619 602 3673 ctoritate
628 3617 858 3674 ﬁrmata.
891 3620 969 3673 Ibi
1000 3620 1143 3673 enim
1172 3619 1384 3689 prolata
1436 3626 1564 3673 sunt
1612 3627 1801 3674 contra
1840 3619 1948 3675 Ne-

347 3710 597 3775 storium,
630 3717 687 3764 et
709 3725 775 3765 ex
804 3709 890 3766 his
918 3710 989 3765 ibi
1013 3712 1293 3766 convictus
1321 3717 1485 3779 atque
1513 3710 1800 3768 damnatus
1845 3719 1949 3767 est.

351 3800 485 3867 Quia
510 3803 669 3870 igitur
690 3809 917 3871 utraque
948 3818 1073 3872 pars
1098 3800 1552 3874 Eutychianorum
1576 3803 1742 3872 ipsius
1762 3803 1952 3875 synodi

350 3892 726 3946 auctoritatem
757 3893 909 3963 sequi
937 3908 997 3949 se
1023 3892 1172 3958 dicit,
1205 3891 1453 3948 sufﬁcere
1484 3894 1837 3949 confutationi
1859 3911 1955 3951 eo-

350 3996 470 4037 rum
500 3983 773 4049 existimo,
797 3984 843 4037 si
873 3983 992 4039 aliis
1013 3984 1226 4039 omissis
1248 3984 1353 4039 hoc
1371 3984 1545 4039 solum
1569 3984 1789 4051 clareat,
1812 3984 1957 4054 quod

352 4076 469 4145 ipsa
498 4090 715 4145 quoque
780 4076 913 4131 duas
960 4075 1255 4131 ﬁrmaverit
1299 4075 1496 4131 Christi
1547 4064 1671 4131 esse
1717 4085 1957 4142 naturas,

353 4184 477 4222 cum
505 4169 726 4238 protulit
749 4168 1005 4224 adversus
1044 4168 1348 4225 Nestorium
1403 4184 1471 4223 ex
1534 4168 1793 4229 secundo,
1824 4167 1962 4221 libro

352 4256 501 4312 beati
530 4259 800 4313 Ambrosii
830 4258 897 4313 ad
922 4259 1236 4313 Gratianum
1268 4259 1647 4328 imperatorem
1698 4257 1851 4330 (Cap.
1883 4256 1961 4328 4),

355 4348 537 4402 dicens
571 4347 591 4377 ⁸
624 4365 637 4400 :
677 4367 694 4399 ι
732 4347 938 4404 Sileant
965 4350 1126 4419 igitur
1156 4350 1341 4404 inanes
1366 4350 1433 4404 de
1456 4349 1797 4405 sermonibus
1820 4364 1967 4418 qum-

356 4437 587 4494 stiones:
610 4439 735 4508 quia
764 4453 988 4508 regnum
1017 4440 1132 4505 Dei,
1158 4441 1298 4495 sicut
1326 4440 1586 4509 scriptum
1615 4448 1717 4508 est,
1775 4456 1881 4496 non
1913 4441 1967 4496 in

358 4533 709 4601 persuasione
730 4533 883 4588 verbi
912 4540 1014 4600 est,
1037 4532 1130 4587 sed
1165 4533 1217 4586 in
1246 4532 1558 4588 ostensione
1580 4533 1815 4589 virtutis.
1842 4532 1969 4587 Ser-

358 4637 547 4677 vemus
574 4623 977 4678 distinctionem
1006 4622 1304 4676 divinitatis
1352 4630 1409 4676 et
1444 4622 1621 4677 carnis
1665 4639 1677 4674 :
1730 4637 1872 4676 unus
1914 4623 1967 4676 in

360 4723 590 4784 utraque
610 4716 848 4785 loquitur
871 4716 963 4771 Dei
977 4715 1166 4781 Filius,
1184 4715 1310 4784 quia
1328 4713 1380 4768 in
1405 4713 1600 4771 eodem
1628 4723 1853 4783 utraque
1868 4730 1966 4769 na-

362 4814 483 4859 tura
508 4804 696 4859 est.Et
717 4806 761 4861 si
786 4806 926 4861 idem
953 4806 1215 4874 loquitur,
1247 4820 1355 4860 non
1388 4820 1495 4860 uno
1524 4820 1738 4874 semper
1785 4806 1964 4875 loqui-

364 4907 452 4953 tur
462 4898 647 4954 modo.
672 4920 690 4951 ι
710 4898 935 4954 Intende
949 4899 1004 4954 in
1022 4914 1089 4954 eo
1112 4914 1255 4954 nunc
1267 4899 1493 4969 gloriam
1509 4899 1625 4964 Dei,
1649 4914 1790 4954 nunc
1801 4897 1971 4953 homi-

441 5099 464 5124 ά
507 5086 802 5155 Epistolam
826 5084 893 5140 ad
915 5086 1247 5157 Dionysium,
1276 5100 1437 5157 quam
1459 5084 1792 5157 Julio_pa_p:e_
1804 5083 1972 5138 ascri-

366 5154 567 5213 hebant
603 5157 882 5225 Acephali,
915 5154 1267 5211 Julii'revera
1296 5154 1464 5210 fuisse
1496 5154 1725 5225 credidit
1755 5154 1974 5225 Genna-

367 5229 488 5280 dius
516 5230 567 5281 in
597 5224 961 5295 Scriptoribus
991 5225 1369 5281 ecclesiasticis
1408 5241 1530 5293 cap.
1559 5224 1613 5295 2,
1641 5224 1973 5295 subdititiam

369 5298 664 5353 Facundus
694 5293 999 5367 suspicatur
1030 5297 1300 5367 hocilocn,
1334 5304 1388 5350 et
1408 5296 1558 5367 apud
1589 5294 1842 5367 Phgtium
1872 5293 1977 5367 Eu-

369 5369 546 5436 logius
568 5364 958 5422 Alexandrinus
975 5377 1114 5420 orat.
1142 5366 1205 5427 ὃς
1232 5365 1485 5419 Leontius
1504 5381 1635 5419 vero
1662 5364 1975 5436 Byzantius,

370 5441 467 5509 qui
508 5447 564 5493 et
609 5439 854 5508 epistolae
906 5439 1068 5492 verba
1116 5437 1311 5491 recitat
1360 5437 1555 5506 quibus
1612 5435 1980 5489 abutebantur

448 5596 468 5630 ⁸
500 5596 615 5650 Cod
650 5595 871 5656 Veron.,
903 5594 1014 5664 ejus
1041 5611 1183 5656 esse,

449 5671 471 5701 ¹
498 5668 640 5722 Idem
662 5668 809 5732 cod.,
825 5666 918 5720 toti
931 5667 1102 5736 utique
1116 5674 1225 5736 tota
1242 5664 1523 5733 confertur,
1541 5679 1644 5716 non
1661 5671 1826 5733 potest
1834 5704 1847 5727 ,
1863 5672 1969 5717 etc.

453 5740 474 5772 ³
495 5738 638 5793 Idem
663 5738 784 5792 cod.
804 5780 817 5801 ,
850 5745 897 5790 et
929 5734 1093 5789 nobis.
1122 5735 1227 5789 Sed
1245 5736 1364 5803 quia
1386 5743 1434 5786 et
1465 5750 1639 5786 ven...
1674 5744 1728 5786 ut
1776 5745 1824 5788 et
1872 5736 1974 5801 ipsi

380 5827 578 5879 quoque
601 5827 703 5862 non
727 5810 1002 5878 deneqant,
1020 5806 1167 5879 quod
1194 5816 1257 5879 et
1276 5805 1421 5857 l’alri
1448 5805 1514 5879 sit
1548 5804 1968 5879 co_r_i_s_zil)slaiilia-

386 5833 578 5879 'noque
601 5833 703 5862 nou
727 5833 1002 5878 uenequm,
1034 5833 1166 5870 quau
1194 5833 1242 5858 ιιι
1276 5833 1291 5856 ι
1322 5833 1419 5857 ut”
1448 5833 1510 5856 au
1548 5833 1968 5857 tunam/nutunu-

386 5833 446 5939 ίὶε
479 5881 713 5938 etnobis,
742 5880 870 5932 duas
901 5878 1136 5946 conﬁteri
1176 5875 1355 5930 debent
1403 5876 1553 5929 unius
1592 5874 1717 5929 Filii
1752 5875 1846 5930 Dei
1873 5892 1972 5929 na-

386 5965 530 6009 turus
543 5972 559 6018 ;
585 5951 722 6023 quod
744 5951 1047 6017 innumeris,
1080 5956 1184 6003 ctc.

2053 3343 2474 3409 confundamus;
2508 3357 2616 3397 non
2643 3341 2785 3396 aliud
2815 3351 2867 3397 et
2900 3343 3071 3412 aliud,
3128 3360 3292 3399 unum
3321 3347 3519 3400 etenim
3553 3348 3652 3401 tria

2053 3440 2110 3489 ct
2163 3432 2305 3488 idem
2349 3432 2649 3488 divinitate.
2690 3452 2707 3485 ι
2768 3431 2902 3487 Cum
2959 3434 3121 3503 igitur
3174 3444 3229 3491 et
3282 3436 3370 3492 hic
3399 3437 3650 3504 audiant,

2052 3528 2180 3598 quia
2207 3534 2414 3584 natura:
2440 3526 2561 3583 dua:
2589 3534 2715 3581 sunt
2743 3525 2886 3580 Deus
2916 3534 2971 3581 et
2998 3527 3183 3592 homo,
3229 3544 3329 3583 nec
3354 3537 3415 3583 ut
3441 3529 3529 3583 isti
3561 3546 3656 3583 vo-

2053 3619 2172 3673 lunt
2218 3632 2326 3673 una
2372 3616 2588 3672 dicatur
2632 3631 2698 3672 ex
2755 3626 2986 3686 utraque
3033 3620 3365 3688 composita;
3425 3635 3657 3690 cumque

2057 3711 2216 3767 simul
2261 3710 2583 3775 advertant,
2632 3708 2760 3779 quia
2808 3709 2947 3764 sicut
2985 3710 3038 3764 in
3088 3709 3354 3767 'I‘rinitate
3391 3711 3530 3768 alius
3577 3722 3660 3769 est

2060 3802 2239 3869 Pater,
2290 3809 2347 3858 et
2375 3801 2512 3856 alius
2541 3806 2625 3855 est
2653 3799 2850 3865 Filius,
2907 3806 2961 3853 et
2990 3800 3125 3855 alius
3158 3800 3389 3871 Spiritus
3418 3792 3661 3868 sanctus,

2061 3903 2118 3951 et
2158 3896 2274 3950 haec
2311 3894 2416 3949 tria
2464 3892 2685 3948 nomina
2732 3904 2842 3947 non
2888 3891 3046 3946 unius
3090 3907 3367 3963 personae,
3414 3897 3662 3961 quamvis

2061 3987 2220 4041 unius
2266 3995 2470 4041 natura:
2508 3984 2635 4050 sint,
2668 3983 2743 4037 ita
2788 3983 2949 4038 etiam
2975 3987 3029 4038 in
3058 3982 3274 4039 Christo
3320 4001 3427 4039 non
3459 3999 3562 4038 una
3594 3985 3662 4041 sit

2061 4085 2273 4144 natura,
2297 4076 2543 4145 quamvis
2563 4090 2668 4129 una
2692 4084 2922 4145 perSona
2949 4075 3017 4130 sit
3042 4092 3055 4129 :
3080 4074 3353 4145 quomodo
3374 4073 3662 4146 Eutychia-

2062 4171 2139 4232 ni,
2189 4169 2235 4224 si
2257 4167 2520 4236 Gregorio
2543 4166 2771 4222 credunt
2804 4168 2890 4221 vel
2916 4168 3095 4238 potius
3117 4166 3403 4237 Ephesinm
3430 4169 3664 4239 synodo,

2066 4276 2173 4315 non
2202 4260 2387 4315 vident
2428 4259 2573 4330 quod
2617 4261 2856 4330 ejusdem
2888 4257 3280 4329 profanationis
3323 4258 3416 4326 sit,
3471 4258 3517 4313 si
3558 4275 3666 4314 una

2064 4350 2273 4406 dicatur
2299 4350 2497 4405 Christi
2527 4366 2647 4407 esse
2677 4359 2891 4416 natura,
2942 4348 3095 4418 cujus
3135 4349 3528 4419 profanationis
3586 4359 3669 4406 est

2070 4441 2116 4496 si
2147 4457 2251 4496 una
2282 4441 2492 4496 dicatur
2540 4440 2715 4496 Patris
2745 4448 2801 4496 et
2839 4439 2960 4495 Filii
2989 4448 3043 4495 et
3071 4439 3302 4511 Spiritus
3333 4442 3505 4495 sancti
3551 4455 3670 4496 esse

2071 4532 2350 4601 persona?
2403 4529 2703 4602 Utrumque
2731 4531 2906 4586 simile
2952 4545 3074 4586 esse
3103 4530 3360 4600 prmdicta
3409 4532 3667 4603 synodus,

2000 4653 2049 4712 Ι)
2075 4628 2216 4675 teste
2236 4619 2521 4689 Gregorio,
2551 4621 2962 4677 demonstravit.
2996 4620 3134 4687 Quid
3178 4629 3356 4675 autem
3388 4620 3508 4677 illos
3536 4638 3668 4677 con-

2076 4726 2156 4772 tra
2187 4718 2303 4773 haec
2332 4718 2731 4773 evidentissima
2762 4716 2984 4771 Patrum
3014 4716 3321 4771 testimonia
3348 4715 3538 4783 juvare
3568 4729 3670 4785 po-

2074 4809 2236 4874 terit,
2281 4809 2427 4878 quod
2456 4809 2511 4863 in
2541 4810 2894 4864 assertionem
2944 4808 3218 4863 vanissimi
3248 4806 3329 4861 sui
3359 4807 3559 4862 erroris
3588 4807 3670 4860 di-

2076 4907 2237 4965 cunt,
2296 4898 2495 4955 Julium
2550 4899 2857 4955 Romanum
2904 4900 3218 4968 episcopum
3270 4907 3293 4933 ιι
3340 4896 3526 4951 nescio
3578 4896 3671 4951 ubi

2080 5081 2419 5154 Eutychiapi,
2452 5098 2557 5137 non
2597 5079 2742 5154 Julii,
2788 5078 2881 5154 s‘ed
2924 5076 3248 5154 Apollinaris
3275 5076 3529 5154 lueretiei
3555 5091 3673 5131 eam

2082 5146 2437 5209 fuisse‘docet
2461 5168 2579 5220 cap.
2633 5152 2666 5205 8
2694 5152 2760 5204 de
2799 5146 2996 5204 Sectis.
3050 5148 3203 5215 Quod
3236 5150 3407 5217 ipsum
3444 5146 3676 5220 afﬁrmat

2083 5224 2401 5296 Anastasius
2430 5222 2481 5277 in
2510 5215 2714 5296 Eclqge
2735 5225 2995 5296 xeno-my,
3027 5228 3080 5272 et
3110 5231 3232 5296 ante
3258 5215 3678 5296 utrumquejiy-

2084 5295 2262 5365 patius
2306 5296 2593 5365 episcopus
2621 5287 2921 5365 Eph'ésinus
2952 5290 3002 5365 in
3044 5289 3494 5365 co‘llationehcum
3537 5287 3676 5342 Ace-

2086 5357 2266 5435 phalis
2311 5357 2993 5432 Iiabita'Constantinopoli
3027 5376 3040 5412 :
3078 5357 3222 5413 Beati
3262 5358 3392 5413 Julii
3422 5360 3680 5435 famosam

3530 5429 3679 5483 illam

2161 5590 2180 5620 ’⁸
2204 5588 2348 5644 Idem
2370 5588 2518 5655 cod.,
2549 5588 2920 5657 defensionem.

2158 5661 2179 5692 ⁸
2223 5661 2368 5713 Idem
2391 5658 2539 5725 cod.,
2564 5660 2955 5713 convictionem.

2162 5734 2181 5763 ⁵
2205 5732 2348 5786 Idem
2381 5728 2527 5793 cod.,
2560 5729 2799 5781 dicentis.

2157 5803 2176 5833 ⁷
2217 5801 2361 5855 Idem
2393 5799 2540 5871 cod.,
2570 5799 2669 5868 ﬁlii
2711 5807 2880 5851 autent
2927 5816 3029 5853 non
3078 5805 3200 5867 duo,
3252 5817 3414 5871 neque
3458 5799 3555 5857 dii,
3588 5813 3680 5871 ne:

2085 5891 2179 5943 quc
2228 5871 2385 5943 enini
2420 5869 2520 5934 hic,
2571 5867 2675 5925 etc.
2728 5880 2994 5926 consonat
3021 5880 3199 5927 textus
3221 5867 3428 5941 gmccus
3460 5887 3474 5925 :
3505 5871 3606 5924 υὲοὶ
3632 5867 3687 5926 di

2162 5943 2277 6007 δύᾳ,
2303 5940 2419 5997 οὐδὲ
2445 5944 2566 5997 θεοί.
