4114 6498
439 352 540 408 551

1552 339 1846 398 FACUNDI
1887 336 2096 396 EI‘ISC.
2131 334 2644 393 HERMIANENSIS

3653 334 3758 392 5ῗὶ2

437 462 780 538 rescripsisse
807 460 825 494 ¹
853 459 996 531 quod
1029 473 1130 514 una
1160 456 1234 512 sit
1278 454 1476 512 Christi
1525 452 1761 508 natura?
1809 465 1935 505 eum
1984 448 2038 503 in
2067 451 2116 510 Α
2143 447 2270 518 quia
2297 446 2466 517 ipsius
2494 445 2781 516 Ephesinac
2807 444 3000 518 synodi
3031 443 3234 514 primus
3261 443 3361 499 fuit
3392 444 3534 501 idem
3563 446 3758 502 beatus

441 557 632 619 eadem
671 560 857 610 sancta
903 548 1114 622 synodo
1161 547 1460 619 Ephesina,
1509 544 1615 599 hoc
1661 543 1838 600 solum
1879 539 2044 611 ipsius

441 649 584 704 beati
614 645 737 701 Julii
768 652 956 700 contra
978 641 1289 697 Nestorium
1317 639 1604 695 recitatum
1635 634 1800 691 fuerit
1830 650 1900 689 ex
1924 632 2046 705 epi-

443 736 581 792 stola
605 734 669 788 ad
692 730 1043 788 Prosdoeium
1061 731 1100 795 ‘,
1138 730 1190 784 in
1220 744 1325 798 qua
1348 728 1423 782 ait
1453 727 1690 797 (Actione
1715 724 1770 795 l)
1799 741 1811 778 :
1850 743 1868 776 ι
1899 721 2048 777 Prm-

443 828 652 881 dicatur
680 839 811 879 vero
840 823 906 878 ad
933 822 1372 893 supplementum
1404 819 1530 875 fidei
1561 828 1620 874 et
1644 819 1957 874 incarnatus
1982 829 2051 870 ex

445 916 612 970 Maria
634 915 854 983 Virgine
892 913 1059 969 Filius
1081 915 1122 978 ',
1152 921 1208 967 et
1230 911 1482 975 habitans
1499 909 1554 964 in
1577 907 1910 972 hominibus,
1942 919 2052 958 non

448 1011 500 1064 in
528 1009 747 1064 homine
777 1013 1032 1077 operatus
1061 1047 1076 1072 ,
1108 1005 1215 1059 hoc
1243 1003 1387 1059 enim
1419 1003 1470 1056 in
1495 998 1773 1072 prophetis
1801 997 1979 1052 fuerat
2001 1001 2056 1050 et

447 1099 705 1172 apostolis
743 1116 754 1151 :
787 1095 1057 1168 perfectus
1085 1096 1228 1150 Deus
1257 1095 1310 1148 in
1339 1107 1525 1159 carne,
1571 1099 1628 1146 et
1656 1090 1821 1145 homo
1849 1084 2056 1159 perfec-

446 1204 532 1248 tus
564 1194 617 1246 in
645 1192 868 1261 spiritu;
917 1205 1027 1244 non
1055 1189 1163 1243 duo
1196 1188 1285 1241 lilii
1312 1227 1328 1252 ,
1377 1201 1517 1240 unus
1557 1183 1775 1255 quidem
1807 1179 2059 1252 proprius

447 1284 615 1339 li‘ilius
637 1297 922 1336 assumens
944 1280 1238 1343 hominem,
1263 1278 1401 1331 alter
1420 1291 1551 1330 vero
1575 1273 1822 1329 mortalis
1845 1285 2063 1342 suscep—

449 1383 535 1428 tus
565 1389 594 1427 a
624 1371 767 1435 Deo;
801 1370 896 1424 sed
929 1385 1065 1424 unus
1096 1368 1402 1436 unigenitus
1430 1367 1482 1420 in
1524 1366 1686 1428 cmlo,
1740 1362 2054 1432 unigenitus

450 1466 591 1519 Deus
623 1465 675 1518 in
709 1473 871 1518 terra.
911 1482 930 1514 ι
965 1461 1083 1516 Νοιι
1115 1461 1278 1525 aliu..l,
1323 1468 1520 1529 pmter
1546 1457 1688 1512 hanc
1718 1455 1784 1509 ad
1818 1453 2058 1509 Prosdo-

452 1557 593 1612 cium
621 1555 932 1627 epistolam,
981 1571 1050 1610 ex
1078 1553 1234 1609 dictis
1277 1553 1423 1610 beati
1467 1551 1592 1606 Julii
1623 1551 1678 1604 in
1724 1550 1816 1603 illa
1855 1546 2064 1620 synodo

454 1651 726 1721 prolatum
759 1657 860 1714 est,
892 1648 937 1705 si
969 1663 1073 1717 qua
1107 1647 1330 1702 forsitan
1375 1645 1479 1700 alia
1520 1643 1752 1714 scripsit,
1789 1657 1962 1712 neque
1990 1656 2061 1696 ex

454 1744 558 1798 hac
589 1741 817 1812 epistola
869 1741 1070 1810 aliquid
1120 1739 1369 1808 amplius.
1420 1735 1532 1791 Cur
1582 1736 1744 1804 igitur
1786 1749 1896 1788 non
1934 1731 2066 1786 illud

2147 537 2404 610 Cyrillus,
2431 538 2526 607 qui
2557 553 2666 592 non
2693 545 2896 592 temere
2911 535 3216 592 credendus
3244 544 3326 590 est
3353 535 3458 591 sibi
3484 538 3762 594 exstitisse

2149 629 2475 686 contrarius.
2507 627 2664 696 Quod
2693 629 2739 684 si
2770 629 2933 682 etiam
2962 626 3172 695 fuisset,
3205 644 3314 684 non
3347 629 3398 683 in
3432 643 3500 685 eo
3527 644 3765 700 sequen-

2150 719 2254 776 dus
2278 727 2418 787 erat,
2471 719 2617 790 quod
2657 719 2908 791 privatim
2951 720 3196 789 singulis,
3247 728 3308 775 ut
3344 721 3394 776 ei
3436 723 3607 777 visum
3653 733 3761 793 est,

2151 813 2374 879 dixisse,
2400 813 2494 868 sed
2520 805 2698 882 potius
2713 811 2857 884 quod
2879 827 3003 869 cum
3027 819 3262 868 tractatu
3278 827 3344 866 ac
3365 813 3761 869 deliberatione

2154 904 2348 976 synodi
2398 903 3089 960 docuisse‘communiter
3136 905 3475 973 probaretur.
3533 903 3664 958 Nam
3707 915 3766 959 ct

2156 1010 2278 1052 cum
2301 1002 2521 1052 sanctus
2541 993 2776 1051 Joannes
2797 995 3166 1052 Antiochenus
3185 1003 3244 1051 et
3265 997 3447 1052 caeteri
3467 995 3764 1052 orientales

2157 1094 2325 1156 atque
2343 1087 2573 1142 aliarum
2591 1087 2992 1157 provinciarum
3015 1087 3273 1157 episcopi,
3298 1087 3610 1157 przcdictum
3636 1088 3762 1143 bea-

2160 1187 2274 1233 tum
2294 1178 2553 1251 Cyrillum
2579 1188 2854 1250 putarent,
2879 1181 3019 1236 sicut
3045 1197 3188 1236 nunc
3209 1179 3528 1252 Eutychiani
3551 1190 3763 1250 putant,

2161 1272 2320 1327 unius
2357 1271 2631 1326 Christum
2668 1272 2966 1341 praedicare
3014 1279 3240 1337 natum,
3290 1281 3346 1327 et
3375 1273 3446 1328 ob
3491 1273 3596 1326 hoc
3639 1287 3766 1328 eum

2161 1363 2291 1419 licet
2315 1364 2582 1434 probabili
2610 1365 2728 1420 zelo
2760 1364 2917 1432 ﬁdei,
2964 1374 3145 1420 tamen
3175 1367 3422 1437 improbe
3457 1366 3768 1436 judicarent

2164 1455 2480 1511 htereticum
2505 1473 2518 1509 :
2545 1457 2891 1526 omnipotens
2913 1458 3074 1524 Deus,
3109 1458 3262 1528 cujus
3284 1457 3498 1528 sapiens
3519 1466 3575 1512 et
3596 1458 3769 1512 mira-

2164 1550 2288 1606 bilis
2338 1549 2555 1606 bonitas
2600 1551 2850 1607 humanm
2881 1552 3199 1623 ignorantiae
3241 1553 3443 1606 malum
3489 1560 3673 1623 potest
3714 1551 3769 1609 in

2166 1657 2326 1697 usum
2346 1641 2606 1698 doctrinae
2624 1651 2965 1714 convertere,
2992 1645 3156 1700 talem
3174 1644 3322 1701 dedit
3339 1645 3544 1700 exitum
3565 1659 3768 1713 causa,

2168 1740 2229 1787 ut
2257 1732 2348 1787 illa
2400 1733 2746 1789 orientalium
2796 1735 3134 1805 aliarumque
3180 1736 3580 1806 provinciarum
3632 1736 3770 1791 anti-

457 1836 658 1906 potius,
707 1832 852 1904 quod
883 1833 952 1886 de
981 1846 1087 1885 una
1113 1829 1315 1885 Christi
1343 1836 1535 1884 natura
1564 1826 1652 1881 isti
1675 1822 2064 1880 circumferunt
2096 1839 2143 1900 Β
2169 1825 2358 1882 stitum
2403 1825 2539 1881 falsa
2586 1827 2655 1882 de
2698 1828 2858 1884 beato
2897 1827 3100 1900 Cyrillo
3148 1828 3387 1898 suspicio
3436 1827 3570 1883 nihil
3618 1827 3774 1884 nobis

457 1937 717 1995 tanquam
758 1924 826 1978 ab
857 1922 1176 1994 ipso'beato
1205 1919 1348 1975 Julio
1376 1919 1670 1988 scriptum,
1719 1915 1806 1970 vel
1834 1927 2065 1985 quaeque

457 2018 678 2085 similia,
723 2031 844 2085 qua:
885 2014 1167 2084 scripsisse
1214 2017 1499 2066 autumant
1545 2009 1681 2064 alios
1723 2004 2066 2062 venerabiles

461 2108 678 2172 Patres,
728 2107 784 2161 in
828 2104 1036 2176 synodo
1077 2103 1307 2158 recitata
1335 2110 1464 2158 sunt
1500 2107 1691 2156 contra
1719 2097 2067 2154 Nestorium?

464 2201 598 2253 Nam
643 2199 756 2269 ipsa
787 2197 958 2265 magis
1001 2194 1117 2265 ejus
1144 2193 1386 2262 dogmati
1414 2190 1690 2248 contraria
1729 2188 2065 2244 viderentur.

463 2292 601 2360 Quid
631 2292 772 2348 enim
795 2292 908 2359 jam
950 2287 1335 2344 controversia:
1364 2284 1736 2368 remansisset,
1781 2278 1928 2350 quod
1961 2293 2094 2333 una.

465 2394 611 2440 esset
641 2385 780 2440 illius
806 2383 904 2439 Dei
932 2381 1168 2437 hominis
1191 2379 1567 2447 subsistentia,
1599 2379 1716 2433 sive
1737 2390 1996 2447 persona,
2023 2373 2070 2432 si

463 2475 826 2546 probarentur
853 2471 1046 2527 Patres
1075 2470 1223 2540 quod
1252 2470 1416 2526 etiam
1459 2485 1624 2525 unam
1653 2466 2072 2538 praedicaverint

463 2567 581 2638 ejus
602 2581 722 2622 esse
742 2564 1029 2619 naturam?
1055 2563 1221 2631 Igitur
1243 2569 1300 2616 ut
1319 2562 1499 2617 omnis
1518 2559 1798 2615 auferatur
1818 2556 2069 2628 quaestio,

464 2661 509 2715 si
537 2676 647 2714 non
677 2665 863 2730 postea
888 2656 1118 2727 epistola
1144 2655 1235 2709 illa
1257 2653 1508 2710 confecta
1529 2662 1634 2717 est,
1664 2662 1760 2707 aut
1778 2651 1922 2706 beati
1943 2647 2073 2704 Julii

463 2767 584 2806 eam
614 2767 721 2806 non
750 2765 894 2816 esse,
941 2749 1080 2804 sicut
1111 2747 1280 2816 magis
1308 2746 1636 2802 credendum
1660 2752 1783 2812 est,
1829 2741 2072 2815 synodus

468 2841 759 2903 indicavit;
808 2847 903 2893 aut
945 2839 1112 2892 etiam
1142 2845 1200 2890 et
1224 2837 1270 2890 si
1301 2836 1417 2905 ejus
1463 2849 1589 2891 esse
1630 2833 1881 2901 credidit,
1928 2833 2075 2902 quod

419 2943 438 2950 "
466 2946 569 3002 ego
615 2945 724 2984 non
755 2927 898 2994 dico,
949 2935 1008 2980 ut
1037 2925 1198 2979 aliam
1228 2925 1399 2993 magis
1441 2939 1606 2993 quam
1633 2923 1803 2994 ipsam
1831 2922 2104 2993 ejusdem'

467 3025 641 3080 sancti
685 3021 812 3078 Julii
849 3029 1041 3077 contra
1073 3019 1382 3074 Nestorium
1423 3017 1715 3090 proferret,
1767 3032 1880 3074 non
1908 3032 1978 3073 ex
2006 3031 2075 3074 eo

471 3115 617 3188 quod
645 3116 857 3170 incaute
885 3113 1092 3168 dictum
1149 3122 1235 3168 est
1271 3111 1602 3166 contrarium
1646 3125 1890 3166 errorem
1931 3107 2077 3178 judi-

477 3205 624 3260 cavit
649 3219 769 3260 esse
790 3203 1132 3258 vincendum.
1163 3201 1277 3258 lloc
1299 3210 1481 3257 autem
1504 3209 1560 3257 et
1579 3201 1839 3256 adversus
1859 3207 2076 3266 caetera,

473 3312 595 3366 qua:
623 3313 690 3351 ex
719 3296 940 3351 nomine
961 3295 1190 3350 aliorum
1215 3295 1561 3364 antiquorum
1582 3293 1864 3364 Ephesium
1885 3291 2081 3364 synodi

476 3390 722 3453 Patrum,
771 3389 856 3444 vel
886 3386 1039 3456 falsa,
1069 3389 1158 3443 vel
1189 3388 1329 3443 male
1360 3387 1636 3442 intellecta
1661 3386 1948 3454 ventilant,
1982 3401 2083 3441 nos

474 3480 806 3550 resgiondere
847 3487 1224 3548 cognoscant:
1270 3480 1529 3549 quoniam
1575 3479 1622 3534 si
1669 3493 1799 3534 vera
1847 3479 2080 3542 fuerant,

478 3580 574 3626 aut
601 3571 742 3626 sicut
771 3570 874 3642 ipsi
905 3570 1096 3626 volunt
1122 3571 1492 3639 intelligenda,
1524 3570 1605 3626 eis
1633 3571 1886 3640 protinus
1909 3569 2086 3639 Ephe-

475 3665 595 3720 sina
625 3665 864 3738 synodus
887 3665 1198 3721 Nestorium
1218 3665 1501 3722 refutaret.
1535 3665 1677 3720 Nihil
1699 3665 1861 3734 igitur
1882 3666 2084 3720 habent

476 3756 624 3826 quod
676 3758 744 3812 de
774 3772 968 3827 magno
998 3756 1430 3813 Chalcedonensi
1476 3759 1712 3814 concilio
1759 3757 2084 3828 Eutychiani

475 3847 562 3902 vel
590 3846 1056 3920 Samicutychiani
1086 3858 1404 3920 querantur,
1438 3849 1696 3918 quoniam
1726 3846 2000 3904 Christum
2027 3848 2085 3904 in

477 3938 683 3993 duabus
713 3955 835 3994 esse
865 3940 1092 4005 naturis,
1123 3940 1424 3996 secundum
1445 3941 1643 4010 prioris
1673 3939 1962 4010 Ephesium
1991 3955 2084 4012 sy-

478 4029 628 4094 nodi,
671 4045 834 4099 quam
887 4029 1166 4086 nobiscum
1207 4030 1526 4100 suscipiunt,
1574 4037 1780 4085 statuta
1828 4029 2081 4085 firmavit.

478 4122 587 4177 Sed
618 4138 719 4177 nec
749 4139 817 4177 ex
846 4123 1008 4179 dictis
1031 4123 1177 4178 beati
1206 4123 1414 4196 Cyrilli,
1468 4139 1589 4193 qua:
1619 4123 1746 4191 alia,
1795 4125 1937 4179 sicut
1965 4138 2086 4178 cre-

479 4216 712 4271 dendum
744 4226 845 4283 est,
891 4218 1193 4273 intentione
1223 4219 1436 4288 prolata
1467 4217 1626 4272 simul
1658 4218 1679 4248 ³
1709 4217 1850 4272 male
1881 4217 2084 4272 intelli-

479 4317 632 4376 gunt,
664 4317 852 4362 contra
884 4309 1079 4364 horum
1103 4309 1430 4365 evidentiam
1461 4309 1656 4364 merito
1683 4318 1913 4379 possunt
1941 4309 2083 4377 obji—

481 4413 606 4451 ccre
636 4416 651 4451 z
682 4399 938 4468 quoniam
972 4401 1058 4454 vel
1085 4401 1129 4454 si
1160 4401 1226 4455 ab
1251 4401 1334 4455 his
1366 4402 1690 4457 testimoniis
1721 4402 1942 4456 Patrum
1965 4415 2085 4469 qum

483 4487 537 4543 in
559 4486 824 4558 Ephesina
839 4493 1048 4562 synodo
1072 4491 1280 4548 firmata
1301 4502 1427 4548 sunt
1448 4495 1728 4550 dissonare
1771 4493 2084 4561 creduntur,

484 4592 594 4633 non
626 4589 851 4648 possunt
873 4581 1115 4650 praeferri
1140 4582 1257 4638 sive
1282 4581 1517 4639 conferri
1544 4583 1781 4640 decretis
1804 4583 2085 4656 synodali-

486 4666 610 4736 bus,
641 4683 761 4740 qua:
786 4669 1032 4742 suscepit
1049 4671 1367 4728 universalis
1391 4671 1650 4730 Ecclesia.
1701 4673 1819 4730 lluc
1856 4674 2086 4743 accedit,

485 4824 635 4900 illam
653 4825 926 4900 epistolam
949 4827 1221 4900 manifeste
1233 4827 1551 4900 Apollinaris
1567 4827 1887 4900 ostendimus
1903 4827 2082 4900 fuisse,

484 4899 680 4968 scripta
711 4898 779 4950 ad
806 4897 1134 4967 Dionysium.
1165 4897 1306 4965 Quin
1333 4907 1390 4952 et
1420 4899 1646 4953 alteram
1669 4899 1797 4952 item
1828 4897 2085 4956 ad'l’ros-

487 4968 788 5034 decimum,
837 4984 932 5023 seu
965 4969 1187 5040 Decium
1218 4970 1539 5040 epistolam,
1577 4969 1729 5040 cujus
1771 4969 2084 5040 testimonio

486 5054 583 5111 usa
615 5047 699 5111 est
722 5037 1274 5111 synodus-Ephesius,
1297 5055 1404 5111 nec
1431 5040 1601 5111 ipsam
1629 5038 1753 5111 Julii
1783 5037 1950 5095 fuisse
1969 5042 2086 5111 vult

488 5108 766 5175 Leontius,
813 5111 907 5165 sed
956 5108 1254 5180 Timothei;
1279 5109 1526 5179 discipuli
1579 5109 1920 5180 Apollinaris.
1975 5109 2084 5167 Sed
2168 5118 2182 5135 ³

489 5180 627 5235 hanc
667 5183 786 5236 sine
834 5181 1203 5236 controversia
1225 5178 1367 5235 Julio
1409 5178 1500 5234 alii
1532 5178 1747 5250 quoque
1776 5190 2031 5238 asserunt
2065 5199 2080 5235 :

489 5260 649 5321 atque
676 5252 814 5306 inter
843 5261 1068 5307 cmtez'os
1092 5252 1428 5321 Ephrmniius
1457 5252 1762 5320 patriarcha
1792 5253 2086 5309 Antioche-

492 5337 590 5374 nus
636 5323 727 5377 lib.
778 5339 835 5379 ιιι
877 5323 945 5378 de
991 5321 1171 5378 Sacris
1212 5323 1442 5391 Legibus
1481 5323 1624 5392 apud
1665 5321 1940 5391 letium,
1996 5324 2085 5379 ubi

490 5393 710 5447 alterius
739 5409 808 5449 ex
833 5394 1021 5449 eadem
1052 5395 1278 5464 cpistola
1311 5395 1595 5449 sententia:
1625 5404 1835 5464 partem
1863 5396 2084 5454 delibat.

567 5531 583 5608 f
625 5534 761 5608 Cod.
791 5533 1018 5608 Veron.,
1046 5538 1336 5608 scripsisse.

566 5607 585 5678 ξ
625 5604 772 5678 idem
802 5607 949 5672 cod.,
975 5608 1068 5662 l/ei
1088 5604 1251 5678 ﬁlius.

567 5675 589 5706 "
626 5675 772 5730 Idem
802 5679 950 5744 cod.,
976 5675 1236 5735 similiter.

2168 1915 2501 1987 relinqueret
2529 1917 2935 1988 suspicandum.
2983 1919 3119 1975 Cum
3143 1923 3288 1976 enim
3318 1928 3506 1991 postea
3533 1920 3775 1977 redinte-

2169 2007 2387 2076 granda:
2415 2007 2566 2077 pacis
2595 2007 2965 2064 Ecclesiarum
2993 2024 3122 2064 cura
3151 2010 3486 2076 succederet,
3518 1997 3775 2080 quoniam

2169 2100 2240 2154 de
2282 2100 2385 2156 hac
2422 2101 2732 2170 suspicione
2757 2115 2868 2156 non
2913 2101 3034 2156 leve
3059 2101 3233 2157 fuerat
3261 2101 3500 2157 schisma
3529 2116 3774 2157 commo-

2171 2199 2322 2260 tum,
2371 2194 2662 2248 memorati
2699 2178 3000 2250 Orientales
3030 2209 3130 2265 per
3155 2194 3519 2250 venerabilem
3548 2192 3777 2248 Paulum

2171 2285 2502 2344 Emesenum
2530 2288 2851 2358 episcopum
2879 2288 2948 2343 ab
2975 2289 3167 2344 eodem
3193 2288 3356 2343 beato
3383 2288 3582 2360 Cyrillo
3611 2302 3780 2358 expe-

2172 2381 2428 2445 tiverunt,
2481 2388 2542 2434 ut
2583 2380 2629 2436 si
2673 2381 2839 2436 vellet
2888 2396 3052 2436 omne
3090 2381 3400 2437 scandalum
3449 2395 3781 2449 omnemque

2174 2470 2530 2527 offensionem
2559 2471 2627 2526 de
2650 2472 2830 2528 medio
2855 2473 3164 2528 submoveri
3183 2515 3200 2541 ,
3225 2487 3388 2527 unum
3418 2471 3586 2527 Deum
3617 2479 3782 2541 atque

2174 2562 2450 2618 hominem
2491 2563 2768 2619 Christum
2806 2564 2859 2620 in
2889 2563 3095 2620 duabus
3134 2566 3342 2621 naturis
3380 2565 3782 2620 evidentissime

2174 2651 2458 2709 fateretur.
2512 2653 2670 2721 Quod
2709 2663 2766 2712 et
2817 2655 2908 2711 ille
2957 2664 3237 2726 gratanter
3291 2657 3572 2728 amplexus
3617 2665 3784 2727 atque

2176 2745 2458 2802 confessus
2500 2754 2612 2812 est,
2659 2747 2862 2817 quippe
2908 2747 3000 2816 qui
3031 2747 3132 2802 sibi
3163 2748 3412 2803 conscius
3439 2754 3557 2802 erat
3586 2763 3694 2802 non
3725 2760 3784 2801 se

2179 2836 2338 2892 aliter
2357 2845 2413 2892 et
2434 2844 2594 2891 antea
2617 2837 2929 2892 credidisse.
2963 2837 3139 2908 Atque
3161 2839 3233 2892 ita
3253 2837 3397 2893 Deus
3413 2837 3783 2908 omnipotens,

2181 2943 2290 2984 non
2335 2928 2512 2985 solum
2555 2926 2911 2984 Orientalium
2959 2938 3018 2985 et
3055 2929 3284 2986 aliorum
3329 2931 3570 3000 Patrum,
3621 2938 3785 2999 atque

2181 3023 2350 3094 ipsius
2368 3023 2514 3079 beati
2537 3023 2721 3096 Cyrilli
2742 3033 2947 3080 rectam
2973 3022 3130 3080 fidem
3165 3025 3504 3081 manifestam
3533 3025 3786 3080 omnibus

2182 3113 2331 3179 fecit,
2372 3115 2499 3185 quia
2529 3130 2631 3171 nec
2661 3116 2736 3170 illi
2763 3116 3055 3187 quidquam
3084 3117 3464 3187 expetiverunt
3489 3117 3788 3187 indignum,

2109 3227 2154 3289 ρ
2185 3219 2287 3260 nec
2315 3206 2404 3261 ille
2434 3205 2582 3276 quod
2611 3208 2908 3277 expetitum
2935 3216 3019 3263 est
3046 3208 3370 3278 denegavit,
3402 3224 3589 3265 verum
3622 3210 3788 3264 etiam

2190 3310 2380 3351 contra
2410 3295 2619 3351 futuros
2643 3296 3009 3368 Eutychianos
3039 3300 3210 3354 multo
3238 3300 3631 3371 promptiorem
3656 3301 3790 3355 mul-

2185 3395 2350 3455 toque
2374 3385 2764 3442 evidentiorem
2786 3388 3023 3443 reddidit
3049 3388 3314 3446 doctrinm
3337 3391 3620 3447 catholicae
3649 3392 3792 3448 veri-

2189 3485 2376 3533 tatem.
2394 3478 2626 3533 Tantum
2639 3495 2770 3534 vero
2784 3490 2973 3536 contra
2988 3483 3128 3538 hunc
3139 3498 3380 3538 errorem
3409 3499 3518 3554 quo
3547 3483 3794 3540 Christus

2185 3566 2384 3622 dicitur
2407 3569 2565 3624 unius
2580 3584 2699 3625 esse
2727 3573 3284 3637 naturm,eorumdcm
3310 3573 3526 3628 Patrum
3555 3576 3794 3630 orienta-

2187 3659 2317 3714 lium
2347 3661 2656 3718 so-llicitudo
2687 3679 2751 3719 ac
2779 3664 3055 3733 diligentia
3085 3666 3356 3735 vigilavit,
3389 3677 3447 3722 ut
3475 3669 3529 3722 in
3563 3669 3794 3739 epistola

2185 3766 2348 3821 quam
2379 3755 2430 3809 ei
2460 3756 2742 3822 miserunt,
2776 3756 2944 3827 ipsius
2965 3766 3127 3813 rectm
3149 3758 3508 3818 confessionis
3533 3779 3694 3832 quam
3726 3763 3794 3818 ab

2187 3845 2279 3899 illo
2307 3848 2698 3915 exspectabant
2727 3849 2747 3880 ⁵
2794 3849 2960 3903 verba
3017 3848 3456 3918 conscriberent,
3490 3861 3546 3908 ct
3573 3854 3796 3924 praefato

2191 3937 2358 3994 Paulo
2380 3941 2832 4022 commendarent
2857 3943 3132 4014 episcopo,
3168 3952 3226 3998 ut
3248 3960 3313 4000 ca
3344 3946 3535 4001 beatus
3561 3947 3797 4018 Cyrillns

2189 4032 2243 4087 in
2266 4048 2420 4087 suam
2443 4034 2772 4090 transferens
2795 4037 3081 4106 epistolam
3106 4038 3184 4092 eis
3207 4039 3551 4102 rescriberet,
3579 4055 3645 4093 ne
3667 4041 3799 4109 quid

2190 4131 2502 4179 remaneret
2527 4125 2861 4194 ambiguum,
2911 4128 3052 4182 unde
3085 4127 3409 4197 quandoque
3440 4146 3621 4183 rursus
3651 4146 3800 4199 qum-

2189 4213 2298 4269 stio
2326 4225 2665 4270 nasceretur.
2716 4215 2870 4282 Quod
2897 4218 3061 4272 etiam
3093 4217 3200 4285 ille,
3235 4219 3377 4273 sicut
3401 4221 3510 4290 jam
3541 4219 3796 4284 tiiXillllls,

2190 4317 2381 4380 optato
2405 4310 2722 4380 suscipiens,
2747 4326 2917 4380 seque
2936 4327 3042 4366 non
3066 4312 3224 4366 aliter
3244 4321 3299 4368 et
3320 4323 3476 4367 antea
3502 4314 3800 4368 credidisse

2191 4407 2446 4465 testatus,
2469 4403 2549 4456 sic
2571 4402 2745 4458 eidem
2769 4410 2957 4460 saneto
2973 4402 3172 4457 Joanni
3197 4405 3536 4459 Antiocheno
3561 4401 3802 4476 rescrip-

2191 4491 2263 4545 sit
2293 4509 2308 4546 :
2344 4512 2367 4545 r
2409 4493 2682 4560 Quoniam
2708 4509 2840 4549 vero
2883 4494 3157 4564 superflua
3188 4504 3244 4550 et
3271 4495 3581 4565 importuna
3611 4495 3803 4551 Eccle-

2119 4617 2168 4676 D
2193 4583 2395 4639 siarum
2418 4585 2613 4641 divisio
2637 4584 2775 4640 facta
2799 4593 2902 4654 est,
2934 4601 3076 4640 nunc
3098 4586 3333 4641 maxime
3358 4586 3695 4640 satisfactum
3721 4596 3804 4641 est

2197 4676 2375 4743 nobis,
2406 4677 2630 4733 domino
2676 4693 2800 4734 meo
2839 4677 3280 4733 reverentissimo
3309 4677 3330 4709 ⁸
3360 4676 3528 4733 Paulo
3557 4677 3804 4732 chartam

2193 4846 2356 4908 quam
2386 4834 2651 4905 integram
2680 4834 2886 4905 profert
2911 4836 3229 4892 Anastasius
3257 4835 3400 4892 idem
3426 4838 3712 4908 presbyter
3742 4837 3798 4899 in

2193 4903 2394 4982 Ecloge
2423 4903 2522 4961 τῶι]
2555 4903 2804 4982 Lanarum
2825 4912 2944 4981 περὶ
2966 4917 3066 4982 si;
3097 4911 3232 4982 Θεζας
3264 4903 3522 4982 θεολοιίίας
3666 4913 3802 4982 οἰκο-

2190 4980 2392 5050 χρμίας,
2425 4991 2548 5050 cap.
2580 4976 2672 5046 58,
2708 4979 2807 5032 nisi
2836 4976 2983 5047 quod
3012 4979 3269 5034 Acacium
3300 4976 3460 5035 vocat
3481 4995 3579 5050 pro
3608 4979 3799 5033 Docin.

2190 5044 2295 5125 δίο,
2305 5049 2450 5125 enim
2490 5044 2664 5125 habet
2688 5053 2720 5101 ε’
2737 5044 2931 5125 [aulico
2955 5051 3234 5107 ἐπισκόπου
3266 5054 3454 5125 Ῥώμης
3479 5044 3530 5104 ἐκ
3554 5058 3647 5125 τῇς
3667 5054 3799 5125 ,πρὸς

2189 5117 2402 5196 Anteiam):
2424 5122 2711 5196 ἐπιιξτολῆς·
2740 5127 2845 5196 πᾷς
2867 5119 2921 5182 ὃς
2940 5125 3026 5177 τὸν
3048 5125 3103 5177 ἐκ
3123 5126 3320 5196 Μαρίας
3341 5117 3456 5178 uitia
3476 5127 3546 5195 μὴ
3569 5117 3798 5196 ὁμολόγΞί

2190 5191 2312 5268 gadio
2335 5191 2478 5268 λόγωι
2510 5192 2752 5265 ἔνσαρκον
2788 5193 3051 5266 ducat-atomi
3077 5202 3148 5264 τῷ
3177 5189 3336 5266 [ἱατρί
3359 5195 3408 5257 ἐξ
3437 5189 3612 5268 ἀρχῆἐ
3653 5189 3796 5263 ὅντία,

2192 5259 2416 5340 ᾅτρξποῦ
2453 5262 2508 5340 δέ
2552 5266 2599 5317 ἐν
2627 5259 2690 5340 ἑῇ
2730 5259 3010 5338 σαρκώσευ
3042 5259 3130 5320 καί
3150 5259 3320 5323 ἅπαθῆ
3348 5267 3400 5319 ἐν
3428 5259 3549 5326 ι’(ξῖξ⁷
3563 5259 3794 5320 tradam»;

2195 5335 2416 5406 ἀνάθεμα
2441 5335 2470 5389 ἕ
2475 5357 2605 5389 στω.

2274 5538 2298 5570 ⁸
2336 5540 2480 5595 idem
2521 5541 2667 5606 cod.,
2700 5546 2962 5598 statuisse.

2275 5612 2296 5642 ⁵
2333 5610 2480 5681 idem
2508 5612 2656 5679 cod.,
2688 5614 3014 5681 expetebant.

2273 5682 2293 5713 ⁶
2332 5680 2474 5737 Idem
2502 5683 2646 5745 cod.,
2681 5684 2979 5742 reverenda.

566 5813 589 5836 ‘
625 5811 1095 5890 lu_hune_lo_cum_
1119 5815 1690 5890 videsisdlazoehium
1730 5815 1914 5890 Spicil.
1965 5813 2103 5873 Bibl.
2146 5824 2278 5873 tom.
2313 5817 2352 5882 l,
2403 5832 2525 5890 pag.
2576 5816 2665 5888 54,
2698 5827 2814 5875 not.
2866 5818 2954 5886 10,
3009 5828 3065 5875 et
3109 5816 3298 5875 confer
3335 5814 3674 5874 Coutantium
3710 5814 3769 5870 in

495 5885 740 5958 Append.
773 5886 836 5942 ad
859 5885 1026 5956 Epist.
1063 5887 1292 5944 Ratiran.
1326 5885 1564 5958 Pontilﬁ,
1594 5901 1716 5958 pag.
1750 5888 1837 5942 75.
1863 5894 1978 5942 not.
