4114 6488
310 280 413 338 553

1197 285 1331 342 PRO
1371 285 1786 343 DEFEVSIQNE
1826 287 2039 344 TRlUM
2078 284 2391 345 CAPITUL.
2437 285 2559 344 LIB.
2605 292 2640 344 Ι.

3493 295 3603 352 55.5

310 400 617 469 proferente
646 398 934 453 habentem
971 399 1497 470 i‘rrcprehensibilcm
1531 401 1656 456 ﬁdei
1686 401 1896 456 confes—
1927 408 1974 464 Α
2004 403 2134 456 falsa
2154 404 2235 458 vel
2255 406 2393 459 male
2416 407 2788 474 interpretata,
2819 415 3004 460 centra
3021 403 3387 462 deﬁnitionem
3405 410 3597 480 synodi

310 493 537 555 sionem,
579 499 634 546 ct
664 491 806 546 hanc
829 489 1134 546 afﬁrmante
1162 485 1192 544 a
1226 501 1400 546 vestra
1431 494 1714 548 sanctitate
1742 509 1896 548 com-

310 584 558 656 positam,
590 591 646 637 et
674 583 742 637 ab
772 582 855 636 his
897 582 988 651 qui
1030 580 1139 638 illic
1165 591 1292 637 sunt
1317 584 1737 652 religiosissimis
1783 585 1900 653 epi-

308 675 504 744 scopis.
561 673 738 729 liabet
763 681 948 728 autem
995 673 1068 728 ita
1098 674 1448 744 conscriptio,
1491 689 1612 744 qua:
1638 683 1694 729 et
1735 675 1790 728 in
1819 675 1902 730 his

312 767 490 819 verbis
529 749 729 818 inserta
760 771 843 820 est
871 764 997 819 huic
1040 764 1304 833 epistolaz.
1362 784 1381 817 ι
1430 763 1497 818 Ει
1525 773 1649 834 post
1677 765 1852 834 aliqua
1887 783 1898 816 :

313 875 331 904 ι
355 854 690 910 Contitemur
704 853 864 922 igitur
875 853 1159 908 Dominum
1178 862 1420 909 nostrum
1437 854 1904 912 JesumChristum

311 944 503 998 Filium
530 943 624 998 Dei
649 943 1002 1011 unigenitum,
1033 943 1200 996 Deum
1232 943 1530 1013 perfectum
1552 954 1608 1000 et
1629 945 1902 1000 hominem

312 1032 612 1104 perfectum
643 1049 709 1086 ex
741 1033 918 1086 anima
943 1032 1191 1087 rationali
1212 1040 1267 1086 et
1287 1047 1535 1103 corpore,
1561 1042 1687 1089 ante
1709 1034 1902 1090 satcula

314 1125 524 1194 quidem
555 1124 622 1178 de
651 1123 811 1177 Patre
833 1130 1018 1177 natum
1059 1122 1355 1177 secundum
1381 1123 1669 1190 deitatem;
1701 1126 1753 1179 in
1779 1124 1907 1177 ulti-

312 1218 412 1270 .nis
423 1232 552 1274 vero
563 1216 748 1270 diebus
760 1214 1006 1269 eumdem
1019 1221 1242 1284 propter
1255 1229 1353 1270 nos
1368 1222 1424 1269 et
1436 1223 1656 1284 propter
1667 1223 1903 1269 nostram

313 1309 569 1372 salutem,
597 1307 675 1371 de,
706 1306 872 1360 Maria
913 1307 1121 1376 virgine
1162 1307 1455 1361 secundum
1479 1306 1903 1371 humanitatem;

314 1396 822 1454 consubstantialem
847 1394 996 1448 Patri
1027 1395 1274 1448 eumdem
1302 1395 1598 1450 secundum
1625 1395 1902 1460 deitatem,

312 1498 365 1542 et
411 1485 926 1543 consubstantialem
957 1484 1114 1538 nobis
1151 1485 1444 1539 secundum
1493 1484 1904 1538 humanitatem.

315 1581 548 1633 Duarum
580 1576 723 1632 enim
748 1585 1058 1630 naturarum
1089 1575 1346 1630 adunatio
1377 1578 1393 1607 ί
1427 1575 1568 1630 facta
1597 1584 1681 1631 est
1706 1594 1719 1628 :
1745 1591 1908 1644 prop-

313 1681 397 1726 ter
423 1668 568 1739 quod
593 1683 754 1722 unutn
778 1667 1074 1734 Christum,
1111 1683 1274 1721 unum
1301 1666 1510 1732 Filium,
1547 1684 1711 1722 unum
1741 1668 1908 1722 Deum

2003 492 2478 557 Chalcedonensis,
2523 498 2684 551 etiam
2715 514 2778 552 es
2812 498 2956 553 beati
2983 497 3168 568 Cyrilli
3215 501 3438 556 nomine
3465 517 3597 572 pro-

2003 583 2264 651 ferantur,
2313 588 2396 640 his
2436 589 2630 657 quibus
2671 598 2752 643 est
2792 591 2845 642 in
2890 590 3178 660 Ephesina.
3203 592 3436 663 synodo,
3479 593 3601 663 ipso

2003 674 2234 743 primum
2264 677 2612 745 decernente,
2642 678 2919 734 Nestorius
2946 681 3299 750 improbatus,
3325 691 3382 738 et
3403 683 3600 754 quibus

2002 773 2194 833 postea
2223 767 2364 835 apud
2407 771 2825 824 consacerdotes
2865 787 2992 826 suos
3035 773 3150 842 ipse
3194 783 3451 842 purgatus
3493 787 3598 836 est.

2006 857 2246 924 prazferri
2269 857 2351 910 vel
2383 857 2616 913 conferri
2640 875 2748 914 non
2778 870 3050 930 poterunt.
3083 862 3199 917 lloc
3224 878 3440 933 quoque
3463 879 3600 920 con-

2006 946 2319 1002 siderationi
2347 948 2565 1004 lectoris
2585 950 2827 1014 accedat,
2853 951 2999 1020 quod
3016 952 3127 1020 jam
3149 951 3468 1008 Nestoriana
3492 955 3597 1008 ba:-

1979 1059 1982 1062 ⁴
2005 1045 2126 1091 reSe
2140 1038 2440 1093 universam
2455 1039 2748 1095 Ecclesiam
2761 1043 3178 1108 scandalizante,
3195 1053 3252 1098 et
3266 1043 3599 1115 Eutychiana

2009 1129 2236 1183 necdum
2267 1141 2476 1194 exorta,
2526 1129 2758 1202 Cyrillus
2789 1133 2888 1188 ista
2917 1134 3234 1203 protulerit;
3277 1143 3334 1190 et
3362 1150 3469 1189 non
3500 1136 3602 1192 mi.-

2009 1221 2216 1273 rabitur
2242 1221 2286 1274 si
2310 1221 2486 1277 minus
2515 1232 2704 1277 contra
2735 1223 3193 1295 Eutychianorum
3220 1242 3382 1297 quam
3412 1237 3600 1283 contra

2007 1308 2451 1364 Nestor-ianormn
2493 1313 2729 1381 vigilavit
2771 1329 3032 1370 errorem.
3086 1315 3284 1371 Verum
3331 1332 3430 1381 nec
3473 1317 3601 1372 illud

2010 1399 2242 1454 arbitror
2269 1401 2644 1467 omittendum,
2678 1404 2732 1457 in
2758 1420 2865 1474 quo
2894 1405 3197 1482 ct'amplius
3226 1407 3602 1476 praedi-dorum

2010 1493 2353 1548 orientalium
2388 1493 2604 1548 Patrum
2636 1512 2734 1566 pro
2763 1498 3042 1553 catholica:
3074 1488 3602 1553 ﬁdeiconservanda

2012 1581 2318 1652 integritate
2366 1584 2602 1650 libertas,
2654 1594 2708 1640 et
2755 1586 2920 1656 ipsius
2971 1589 3114 1642 beati
3161 1588 3344 1661 Cyrilli
3390 1589 3446 1643 in
3497 1589 3601 1644 hoc

2015 1665 2186 1744 ipsum
2225 1675 2566 1731 manifestata
2611 1676 2879 1733 confessio
2926 1688 3026 1735 est.
3079 1680 3210 1735 Nam
3252 1697 3374 1736 cum
3425 1683 3600 1735 minus

313 1761 652 1817 conﬁtemur.
694 1759 1001 1814 Secundum
1032 1758 1173 1812 hanc
1216 1756 1508 1812 inconfusa:
1537 1758 1760 1813 unitatis
1788 1774 1910 1814 sen-
1942 1769 1988 1826 Β
2017 1763 2228 1818 utilitati
2255 1764 2511 1820 Ecclesia:
2545 1766 2794 1822 sufﬁcere
2818 1768 3108 1836 videretur,
3139 1777 3198 1823 ut
3213 1769 3343 1823 solis
3365 1769 3600 1839 epistolis

315 1853 558 1917 tentiam,
582 1849 906 1908 conﬁtemur
919 1857 1162 1905 sanctam
1178 1849 1453 1918 Virginem
1470 1848 1567 1904 Dei
1588 1850 1905 1918 genitricem

315 1945 560 2014 Mariam,
606 1955 828 2017 propter
873 1944 1017 2014 quod
1069 1945 1209 2001 Deus
1237 1944 1473 2000 Verbum
1514 1945 1823 1999 incarnatus
1852 1955 1908 2000 e't

315 2041 478 2095 homo
530 2040 704 2094 factus
734 2079 748 2105 ,
798 2053 864 2093 ex
929 2039 1044 2108 ipsa
1092 2037 1450 2107 conceptione
1495 2038 1755 2091 adunavit
1805 2038 1906 2091 sibi

316 2133 458 2203 quod
487 2147 554 2188 ex
582 2147 646 2186 ea
675 2140 946 2201 sumptum
978 2140 1061 2186 est
1085 2132 1365 2200 templum.
1401 2129 1753 2198 Evangelicas
1775 2146 1905 2186 vero

314 2232 370 2278 et
395 2219 716 2292 apostolicas
745 2221 809 2276 de
839 2221 1070 2275 Domino
1100 2236 1264 2275 voces
1303 2221 1504 2276 scimus
1554 2223 1697 2277 viros
1741 2223 1906 2278 divini

315 2315 465 2371 verbi
517 2315 895 2384 pnedieatorcs
923 2313 1058 2367 alias
1098 2312 1317 2381 quidem
1347 2313 1736 2382 conjungentes
1782 2325 1904 2370 tan-

314 2420 474 2476 quam
497 2405 566 2459 de
588 2420 692 2460 una
717 2419 970 2474 persona,
1002 2403 1135 2457 alias
1156 2417 1286 2456 vero
1314 2401 1619 2458 dividentes
1649 2413 1903 2474 tanquam

312 2499 382 2554 de
402 2498 610 2554 duabus
633 2497 866 2562 naturis;
899 2502 952 2551 et
978 2495 1112 2550 alias
1133 2495 1350 2565 quidem
1383 2497 1771 2552 convenientes
1793 2498 1904 2552 Deo

312 2589 609 2646 secundum
631 2588 886 2643 deitatem
912 2586 1132 2653 Christi,
1165 2587 1297 2642 alias
1319 2601 1446 2642 vero
1470 2587 1700 2644 humiles
1713 2603 1905 2643 secun-

312 2682 437 2739 dum
467 2681 853 2736 humanitatem
881 2680 999 2749 ejus
1028 2678 1323 2734 tradentes.
1375 2678 1470 2733 His
1499 2681 1695 2734 vestris
1737 2681 1904 2736 sacris

313 2775 535 2832 vocibus
577 2773 934 2840 intendentes,
963 2781 1019 2828 et
1042 2774 1119 2834 sic
1139 2774 1302 2828 etiam
1327 2775 1690 2844 nosmetipsos
1715 2790 1905 2844 sapere

311 2869 651 2939 reperientes
681 2868 842 2939 (unus
869 2866 1013 2922 enim
1059 2865 1341 2929 Dominus,
1399 2882 1504 2920 una
1537 2867 1688 2932 fides,
1739 2882 1904 2921 unum

311 2960 619 3031 baptisma),
652 2959 1068 3029 gloriﬁcavimus
1089 2958 1335 3012 omnimn
1357 2958 1698 3012 Salvatoretn
1729 2956 1905 3011 Domi-

312 3069 461 3121 num,
493 3053 719 3108 invicem
745 3052 898 3107 nobis
920 3066 984 3106 ac
1002 3051 1156 3107 vobis
1178 3049 1580 3119 congaudentes
1608 3067 1620 3100 :
1646 3048 1902 3118 quoniam

309 3147 604 3217 Scripturis
632 3147 882 3201 divinitus
927 3145 1221 3215 inspiratis,
1273 3153 1326 3198 et
1365 3143 1638 3198 traditioni
1685 3152 1901 3199 sancto-

2012 1869 2132 1922 quze
2154 1855 2219 1909 ad
2244 1871 2535 1925 paucorum
2564 1868 2788 1927 possent
2810 1860 3093 1928 pervenire
3122 1861 3390 1925 notitiam,
3421 1861 3474 1915 in
3503 1860 3600 1914 hac

2011 1945 2113 2001 ﬁde
2125 1946 2521 2002 confessionem
2537 1957 2724 2003 mutuo
2740 1951 2841 2005 sibi
2855 1952 3318 2007 communicarent
3332 1953 3491 2007 iidem
3509 1952 3600 2006 Do-

1962 2102 1966 2105 .
2010 2037 2141 2091 mini
2165 2038 2499 2106 sacerdotes;
2533 2049 2863 2096 memoratus
2887 2043 3206 2097 venerabilis
3231 2028 3426 2098 Paulus
3447 2042 3600 2098 Eme-

2008 2145 2171 2184 senus
2201 2131 2488 2201 episcopus
2530 2133 2640 2187 illic
2688 2133 2742 2187 in
2791 2134 3151 2189 Alexandrina
3191 2134 3437 2202 ecclesia,
3487 2135 3601 2204 ipso

2011 2229 2278 2287 przesentc
2308 2221 2470 2276 beato
2499 2222 2720 2292 Cyrillo,
2754 2223 2823 2277 dc
2852 2224 3226 2278 incarnatione
3253 2224 3462 2277 Domini
3490 2224 3600 2277 dis-

2007 2313 2219 2380 putavit
2249 2330 2261 2362 ε
2297 2313 2351 2366 in
2381 2329 2488 2383 quo
2518 2329 2769 2368 sermone
2802 2313 3022 2384 (Concil.
3058 2314 3252 2385 Ep/tes.
3286 2334 3338 2385 p.
3393 2331 3469 2380 ιιι,
3504 2321 3599 2370 Ito-

2008 2403 2116 2455 mit.
2167 2401 2235 2472 2)
2269 2405 2411 2458 inter
2437 2405 2540 2458 alia
2578 2404 2751 2459 dicit:
2802 2425 2820 2456 ‹
2873 2405 3009 2472 Quid
3053 2413 3163 2471 est,
3231 2405 3448 2460 Verbum
3478 2423 3600 2461 caro

2008 2496 2202 2562 factum
2226 2505 2320 2558 est,
2351 2503 2401 2548 et
2424 2496 2668 2550 habitavit
2693 2499 2747 2550 in
2777 2497 2922 2550 nobis
2954 2496 3134 2567 (Joan.
3167 2513 3202 2562 ι,
3230 2495 3340 2566 14),
3373 2497 3476 2552 hoc
3499 2507 3598 2560 est,

2008 2585 2060 2639 in
2091 2595 2272 2640 nostra
2303 2588 2530 2640 natura?
2558 2586 2692 2642 Vide
2720 2586 2984 2642 Joannem
3008 2587 3144 2642 duas
3167 2595 3386 2641 naturas
3411 2587 3599 2656 prtedi-
3657 2625 3660 2628 η

2005 2687 2217 2734 cantem
2239 2687 2294 2733 et
2321 2695 2484 2734 unum
2505 2678 2730 2742 Filium;
2763 2680 2905 2734 aliud
2931 2680 3358 2742 tabernaculum,
3383 2688 3439 2733 et
3459 2677 3599 2732 aliud

2007 2771 2150 2839 quod
2181 2772 2234 2824 in
2267 2771 2649 2838 tabernaculo;
2699 2771 2840 2826 aliud
2868 2771 3148 2840 templum,
3199 2779 3254 2826 et
3281 2769 3424 2824 aliud
3454 2768 3599 2838 quod

2007 2861 2270 2914 inhabitat
2301 2861 2710 2916 Deus.Attende
2739 2861 2881 2930 quod
2911 2861 3126 2916 dicitur.
3157 2861 3273 2916 Non
3305 2860 3438 2914 dixit
3469 2859 3598 2913 alias

2007 2959 2060 3003 et
2104 2951 2258 3015 alius,
2309 2960 2562 3020 tanquam
2611 2952 2681 3007 de
2725 2952 2932 3007 duabus
2974 2952 3220 3022 personis
3262 2961 3354 3005 aut
3392 2950 3598 3005 duobus

2007 3040 2251 3102 Christis,
2282 3049 2376 3095 aut
2421 3041 2490 3096 de
2533 3041 2741 3096 duobus
2770 3041 2920 3107 filiis;
2979 3041 3070 3096 sed
3123 3040 3267 3093 aliud
3324 3047 3380 3094 et
3433 3039 3597 3104 aliud,

2016 3138 2266 3200 tanquam
2315 3132 2382 3187 de
2425 3132 2632 3187 duabus
2691 3133 2913 3186 naturis.
2967 3131 3191 3197 Quando
3259 3145 3388 3201 ergo
3434 3130 3598 3185 dixit.

310 3211 681 3293 rum-patrum
710 3211 1027 3292 nostrorum—
1069 3237 1480 3291 ροηνρηίρηιοιη
1511 3237 1710 3291 habent
1740 3234 1900 3292 ﬁdem
1932 3211 1976 3271 C
2007 3223 2254 3276 habitarit
2279 3223 2332 3276 in
2361 3221 2529 3285 nobis,
2559 3231 2613 3277 et
2644 3223 2950 3293 prmdicavit
2988 3223 3122 3277 duas
3170 3231 3420 3286 naturas;
3477 3229 3601 3275 tunc

307 3345 427 3398 qua:
473 3329 614 3400 apud
653 3344 752 3383 nos
801 3337 857 3383 et
903 3343 1022 3397 qua:
1069 3328 1211 3397 apud
1253 3344 1350 3382 vos
1395 3337 1520 3387 sunt
1563 3327 1838 3384 Ecclesiae.
1877 3349 1895 3382 ι

309 3419 539 3476 Proinde
561 3437 681 3476 cum
705 3421 936 3492 Cyrillus
958 3421 1010 3474 in
1038 3421 1140 3475 hac
1163 3419 1526 3488 confessione,
1554 3437 1651 3491 per
1675 3417 1840 3491 'quam
1870 3439 1899 3476 a

308 3529 370 3567 se
419 3514 652 3568 removit
697 3514 924 3580 indigna!
970 3513 1290 3582 suspicionis
1337 3513 1628 3578 invidiam,
1677 3523 1733 3568 ct
1777 3530 1898 3568 cum

308 3604 664 3659 Orientalibus
693 3605 1025 3675 aliarumque
1054 3605 1454 3674 provinciarum
1479 3605 1732 3661 Ecclesiis
1760 3609 1896 3661 adn-

306 3703 463 3748 natus
489 3703 588 3756 est,
622 3694 699 3749 sic
724 3694 946 3748 duarum
980 3703 1293 3748 naturarum
1324 3689 1622 3749 unitioncm
1647 3700 1668 3728 '
1702 3696 1897 3751 factam

304 3786 452 3839 dicat
480 3785 532 3838 in
563 3783 796 3849 Christo,
827 3785 950 3853 quia
980 3785 1166 3854 utique
1195 3786 1352 3840 unius
1397 3801 1644 3855 personae
1673 3795 1729 3842 et
1773 3789 1899 3843 sub-

305 3880 518 3932 stantize
546 3887 671 3932 sunt
699 3877 897 3932 eaedem
946 3877 1064 3932 dua:
1108 3885 1335 3944 naturae,
1387 3887 1443 3932 ut
1474 3880 1814 3947 evangelicas
1845 3889 1900 3934 et

306 3969 632 4038 apostolieas
661 3968 727 4022 de
756 3969 986 4024 Domino
1034 3984 1197 4023 voces
1239 3969 1374 4022 alias
1419 3968 1634 4036 quidem
1668 3969 1887 4037 conjun-

305 4062 506 4130 gendas
539 4060 768 4114 fateatur
796 4069 1050 4127 tanquam
1081 4059 1148 4112 de
1179 4074 1281 4112 una
1315 4074 1563 4126 persona,
1609 4059 1740 4113 alias
1769 4077 1898 4113 vero

304 4153 619 4209 dividendas
665 4157 918 4220 tanquam
967 4151 1034 4205 de
1075 4151 1290 4206 duabus
1338 4151 1544 4204 naturis
1579 4169 1590 4202 :
1623 4153 1898 4220 quomodo

304 4244 626 4316 Eutychiani
652 4244 739 4298 vel
768 4242 1025 4312 Accphali
1068 4257 1132 4296 ex
1161 4241 1400 4311 ejusdem
1442 4242 1586 4296 beati
1613 4241 1796 4312 Cyrilli
1821 4243 1902 4297 di-

300 4338 427 4402 ctis,
461 4353 566 4392 non
596 4335 732 4390 (luas
760 4334 958 4388 Christi
988 4342 1230 4398 naturas,
1281 4332 1376 4387 sed
1407 4348 1568 4386 unam
1600 4349 1668 4387 ex
1695 4332 1899 4388 duabus

303 4427 661 4497 compositam
694 4426 939 4480 nituntur
960 4425 1238 4480 astruere?
1268 4422 1400 4476 Nam
1428 4424 1470 4477 si
1502 4423 1823 4490 evangelica:
1845 4433 1897 4478 et

302 4515 618 4586 apostolica:
638 4515 704 4568 de
732 4513 961 4568 Domino
987 4529 1168 4576 voces,
1201 4512 1403 4600 non’de
1434 4515 1540 4566 una
1571 4513 1890 4582 composita,

2006 3312 2204 3378 intulit,
2259 3322 2308 3366 et
2344 3315 2563 3366 vidimus
2599 3313 2820 3384 gloriam
2847 3315 2976 3384 ejus,
3019 3313 3243 3384 gloriam
3293 3314 3440 3381 quasi
3475 3311 3602 3367 Uni-

2005 3405 2180 3474 geniti.
2215 3403 2330 3457 Non
2360 3405 2495 3458 dixit
2522 3405 2748 3459 duorum
2785 3405 3016 3460 ﬁliorum
3038 3445 3054 3469 ,
3087 3406 3180 3460 sed
3226 3406 3382 3474 quasi
3411 3402 3602 3474 Unige-

2005 3495 2120 3548 niti.
2161 3514 2179 3545 ι
2215 3492 2344 3549 Post
2373 3495 2516 3548 hunc
2543 3511 2672 3549 vero
2701 3497 2986 3550 memorati
3018 3496 3340 3550 venerabilis
3366 3496 3601 3565 episcopi

2005 3586 2155 3641 Pauli
2173 3601 2503 3652 sermonem,
2524 3595 2740 3641 sanctus
2760 3587 2990 3658 Cyrillus
3011 3589 3303 3658 alloquitur
3324 3589 3601 3658 populmn,

2002 3678 2224 3732 dicens:
2267 3695 2284 3727 ι
2317 3676 2511 3731 Beatus
2549 3678 2808 3746 proriteta
2843 3678 3004 3732 Isaias
3033 3680 3328 3747 praedicans
3369 3679 3602 3733 suavilo-

2001 3767 2125 3836 quia
2178 3768 2478 3822 futurorum
2534 3767 2587 3821 in
2642 3765 2862 3822 Christo
2916 3770 3338 3836 magistrorum,
3406 3769 3536 3824 dicit
3586 3789 3598 3822 :

2003 3861 2226 3916 Haurite
2251 3879 2412 3933 aquas
2431 3879 2548 3915 cum
2584 3861 2765 3915 (mitia
2794 3862 2858 3915 de
2882 3860 3110 3932 fontibus
3140 3862 3432 3916 Saluatoris
3462 3860 3598 3932 (Isu.

2002 3971 2094 4020 xn,
2127 3954 2204 4024 5).
2237 3951 2381 4009 Ecce
2409 3955 2570 4024 igitur
2591 3954 2865 4010 hausimus
2890 3969 3082 4023 aquam
3114 3955 3179 4009 de
3206 3964 3394 4010 sancto
3424 3956 3598 4019 f'ontc;

2001 4047 2122 4100 dico
2152 4054 2333 4099 autem
2364 4046 2430 4100 de
2461 4047 2715 4113 magistro
2741 4047 3087 4116 prmdicante,
3118 4048 3208 4117 qui
3237 4047 3410 4101 sancti
3441 4047 3600 4116 Spiri.

2001 4147 2085 4191 tus
2113 4137 2285 4206 epulis
2312 4138 2624 4200 illustratus,
2671 4137 2923 4191 disseruit
2951 4139 3105 4192 nobis
3135 4152 3384 4206 magnum
3423 4148 3478 4191 et
3514 4154 3600 4193 sa-

2000 4242 2150 4280 crum
2179 4226 2474 4281 Salvatoris
2514 4229 2843 4297 mysterium,
2879 4243 2972 4296 per
2999 4226 3144 4297 quod
3183 4228 3370 4281 salvati
3418 4244 3601 4284 sumus

2000 4316 2285 4373 credentes
2323 4319 2376 4371 in
2413 4333 2554 4384 cum,
2585 4326 2691 4372 etc.
2731 4338 2748 4369 ι
2780 4319 2914 4372 Cum
2946 4319 3108 4386 igitur
3129 4318 3182 4372 in
3211 4318 3416 4373 duabus
3447 4332 3598 4374 natu-

1999 4410 2074 4464 ris
2097 4405 2369 4463 Christum
2419 4424 2527 4463 non
2571 4409 2687 4463 sola
2717 4408 2953 4479 synodus
2997 4405 3261 4478 Ephesina
3309 4411 3602 4479 pmdican-

1999 4502 2125 4555 dum
2153 4502 2174 4532 ³
2205 4517 2324 4557 esse
2354 4503 2666 4571 perhibent,
2701 4518 2885 4557 verum
2924 4503 3087 4558 etiam
3139 4503 3326 4558 beatus
3373 4502 3604 4576 Cyrillus

299 4608 400 4665 sed
425 4619 678 4676 tanquam
703 4607 769 4661 de
792 4607 997 4661 duabus
1018 4607 1225 4659 naturis
1247 4591 1558 4674 loquuntur,
1591 4605 1707 4659 sine
1729 4606 1889 4660 dubio

2002 4593 2052 4646 in
2082 4609 2176 4648 sua
2209 4610 2303 4663 per
2331 4609 2490 4662 quam
2533 4595 2894 4648 Orientalibus
2921 4596 3340 4650 communicavit
3375 4598 3605 4665 epistola

299 4699 574 4755 Christum
605 4699 657 4753 in
701 4698 906 4752 duabus
936 4698 1139 4752 naturis
1166 4713 1284 4752 esse
1316 4705 1602 4751 testantur.
1657 4695 1889 4751 Proinde

297 4805 547 4860 quamam
574 4789 715 4844 dicta
756 4791 895 4844 beati
927 4789 1111 4860 Cyrilli
1141 4790 1258 4844 sine
1295 4788 1401 4842 ulla
1446 4788 1787 4858 expositione
1826 4804 1892 4842 ac

296 4883 683 4951 dijudicatione
709 4881 979 4952 sequenda
1004 4890 1147 4945 sunt,
1196 4882 1280 4936 vel
1311 4883 1355 4937 si
1383 4881 1518 4950 ejus,
1551 4889 1613 4935 ut
1637 4863 1887 4942 disimus,

296 4973 402 5028 alia
445 4973 609 5029 veluti
660 4972 727 5028 ab
772 4973 856 5026 his
889 4971 1222 5026 dissonantia
1263 4971 1581 5026 videantur?
1628 4987 1764 5026 eane
1791 4976 1890 5041 pro

295 5064 492 5132 quibus
528 5065 612 5118 vel
639 5080 737 5133 pro
763 5079 992 5132 quorum
1041 5063 1303 5117 similibus
1331 5063 1601 5116 sinistram
1626 5064 1891 5132 suspicio-

296 5170 423 5208 nem
451 5154 704 5218 incurrit;
738 5170 804 5208 an
837 5155 926 5208 illa
973 5169 1040 5207 ex
1084 5153 1278 5221 quibus
1323 5153 1390 5207 ab
1432 5153 1544 5221 ipsa
1589 5153 1892 5223 suspicione

294 5256 556 5316 purgatus
587 5250 703 5302 est?
732 5248 824 5302 illa
855 5248 1101 5318 profecto
1123 5247 1240 5302 sine
1272 5247 1724 5317 interpretatione
1753 5263 1888 5317 qna-

295 5338 448 5400 lihct,
481 5339 621 5394 sicut
649 5341 932 5410 perspicue
957 5340 1146 5403 claret,
1181 5338 1548 5392 indubitanter
1577 5339 1887 5409 accipienda

292 5437 440 5493 sunt,
473 5446 591 5499 qua:
618 5423 834 5484 omnem
867 5431 1228 5499 suspicionem
1255 5428 1625 5485 dubitantibus
1653 5430 1888 5485 abstule—

293 5528 442 5573 runt.
493 5519 560 5574 Et
603 5521 724 5576 ideo
769 5535 1103 5590 qumcunque
1146 5529 1202 5573 ct
1245 5527 1661 5589 quantacunque
1705 5518 1771 5572 ab
1809 5517 1886 5573 eis

368 5655 391 5688 ι
426 5653 560 5711 Cod.
593 5656 818 5721 Veron.,
849 5659 1102 5712 adunatio.

372 5729 390 5756 ⁵
432 5725 574 5781 idem
605 5729 751 5792 cod.,
784 5729 1168 5784 adnnationem.

364 5796 386 5828 ³
427 5796 571 5875 ldctn
598 5798 745 5864 cod.,
779 5799 1144 5870 conﬁtendum.

591 5894 866 5954 PATltUL.
917 5892 1160 5953 LXVII.

2001 4700 2189 4739 omnes
2218 4683 2503 4756 IEgyptios
2528 4687 2839 4740 sacerdotes
2867 4689 3110 4742 eamdem
3145 4687 3373 4742 fateatur
3401 4688 3607 4741 habere

1994 4775 2316 4838 doctrinam,
2343 4779 2546 4843 dicens,
2595 4779 2884 4848 Scripturis
2929 4780 3182 4834 divinitus
3225 4781 3496 4849 inspiratis
3552 4791 3605 4834 ct

1997 4870 2267 4936 traditioni
2302 4880 2612 4926 sanctorum
2661 4881 2990 4937 nostrorum,
3043 4876 3451 4928 convenientem
3499 4875 3598 4928 ha-

1994 4963 2126 5016 bent
2156 4962 2312 5018 ﬁdem
2344 4979 2463 5033 qute
2491 4963 2632 5032 apud
2664 4979 2761 5017 nos
2791 4972 2915 5017 sunt
2945 4971 2999 5018 et
3034 4979 3152 5032 qua:
3181 4965 3321 5032 apud
3351 4981 3450 5021 vos
3478 4976 3603 5020 sunt

1997 5053 2289 5109 Ecclesite:
2325 5055 2544 5124 insuper
2579 5057 2740 5109 etiam
2773 5054 2994 5108 Paulum
3026 5055 3347 5109 Emesennnt
3385 5059 3600 5125 episco-

1996 5163 2122 5217 pum
2153 5163 2334 5203 coram
2366 5164 2426 5203 se
2447 5157 2502 5203 et
2525 5149 2574 5203 in
2605 5164 2701 5202 sua
2729 5147 2958 5203 ecclesia
2986 5148 3346 5218 disputantem
3375 5149 3441 5202 de
3470 5150 3602 5202 dop-

1996 5241 2096 5295 bus
2125 5239 2322 5297 Christi
2377 5244 2600 5308 naturis,
2645 5251 2804 5312 atque
2833 5241 2883 5295 id
2915 5242 3085 5310 ipsum
3131 5239 3451 5309 repetitione
3478 5258 3601 5319 crc-

1997 5334 2229 5388 berrima
2257 5335 2601 5388 commendet
2632 5336 2650 5364 ⁵
2681 5346 2736 5388 et
2782 5333 2986 5401 magnis
3017 5331 3239 5385 extollat
3292 5335 3598 5400 prmconik,

1993 5425 2194 5494 populo
2232 5425 2392 5478 etiam
2439 5426 2528 5493 qui
2577 5424 2960 5479 sermocinanti
3008 5424 3195 5478 aderat
3240 5423 3597 5493 acclamante,

1992 5519 2130 5572 sicut
2154 5516 2366 5584 legitur,
2392 5527 2554 5586 atque
2577 5516 2810 5580 dicente,
2853 5540 2868 5568 ι
2899 5517 3045 5572 Bene
3073 5517 3250 5572 dixisti
3273 5517 3314 5582 ⁵,
3346 5515 3594 5586 episcojie

2079 5655 2100 5686 ⁸
2130 5655 2270 5709 lxlem
2302 5655 2419 5711 cod.
2440 5695 2453 5716 ,
2486 5657 2940 5711 cornmendmttcm.

2080 5728 2100 5757 ε
2133 5726 2274 5780 Ideni
2304 5726 2450 5792 cod.,
2482 5729 2680 5780 venisti.

3061 5881 3130 5936 18
