4114 6484
511 244 620 307 555

511 476 614 520 nec
631 461 687 516 in
714 458 801 515 his
819 456 1068 512 omnibus
1082 451 1282 521 aliquid
1307 449 1591 504 audiamus
1613 445 1680 499 de
1700 458 1805 499 una
1833 457 1954 514 quae
1972 457 2120 498 com-

510 529 688 622 posita
716 547 935 613 dicitur,
961 541 1165 598 Christi
1191 548 1426 594 natura:
1464 534 1744 607 quomodo
1773 547 1920 588 nunc
1947 530 2117 603 Euty-

509 639 709 704 chiani,
736 650 964 708 quorum
992 647 1120 702 pars
1147 645 1341 701 magna
1368 637 1455 686 est
1494 625 1852 692 Alexandriaz,
1887 640 2000 681 non
2034 639 2120 680 se-

508 732 744 788 cundum
771 729 912 783 hanc
935 723 1299 782 orthodoxam
1326 730 1385 778 et
1430 721 1710 790 antiquam
1745 717 1894 772 orbis
1934 715 2117 772 erudi-

509 824 714 878 tionem
741 817 991 887 credunt,
1019 814 1353 873 Nestoriana:
1380 829 1502 870 eam
1538 811 1732 868 haeresi
1775 810 2114 881 deputantes,

508 928 672 984 quam
714 912 800 969 sui
839 910 1081 967 dilexere
1111 907 1380 977 majores?
1409 905 1668 961 Desinant
1711 904 1873 973 igitur
1911 903 1979 957 ab
2016 902 2119 957 hac

510 1001 785 1060 horrenda
811 999 1060 1066 stultitia,
1087 1012 1195 1068 qua
1219 997 1462 1053 dicentes
1489 994 1761 1050 Christum
1791 993 1949 1047 unius
1964 1005 2114 1046 com-

512 1091 702 1162 positae
727 1105 849 1148 esse
876 1098 1104 1156 natum,
1135 1088 1385 1143 Deum-se
1411 1084 1784 1154 blasphemare
1810 1097 1918 1138 non
1961 1081 2119 1136 intel-

511 1184 700 1253 ligunt,
723 1181 876 1252 cujus
898 1191 1146 1236 naturam
1177 1177 1404 1235 credunt
1439 1189 1601 1245 posse
1635 1177 1648 1204 ¹
1693 1173 1963 1243 componi.
2007 1172 2118 1226 Nec

510 1275 728 1331 beatum
755 1271 1014 1344 Cyrillum
1042 1270 1223 1330 dicant
1260 1267 1362 1322 sibi
1384 1264 1655 1321 contraria
1681 1263 1952 1331 docuisse,
1981 1277 2117 1331 quo-

512 1365 657 1420 niam
697 1378 796 1435 per
829 1364 936 1418 hoc
982 1360 1154 1417 errori
1201 1356 1424 1429 quidem
1470 1371 1570 1411 suo
1622 1355 1766 1416 nihil
1792 1353 2118 1409 defensionis

512 1455 762 1522 afferunt,
807 1455 884 1512 illi
926 1464 1105 1510 tamen
1147 1444 1448 1507 maximum
1507 1448 1967 1519 pmvaricationis
2013 1448 2118 1502 cri-

512 1563 635 1604 men
661 1547 981 1618 impingunt.

1130 1677 1360 1736 CAPUT
1400 1679 1487 1734 Vl.

515 1774 668 1841 Quod
709 1771 1029 1844 Eutychiani
1076 1788 1232 1826 unam
1282 1770 1477 1844 Christi
1505 1770 1843 1844 compositam
1872 1779 2111 1822 naturam

579 1841 868 1899 astruentes
905 1843 1254 1899 Nestorianos
1297 1843 1577 1912 adjuvent;
1605 1851 1651 1894 et
1674 1841 1811 1912 quod
1844 1854 2112 1909 perperam

581 1925 798 1970 utantur
823 1914 1058 1982 exemplo
1093 1917 1337 1968 humanae
1362 1911 1565 1967 natura:
1594 1927 1657 1966 ea:
1685 1911 1861 1964 anima
1907 1921 1952 1964 et
1999 1926 2113 1964 cor-

577 2002 712 2055 pore
731 1986 1049 2054 composita.

564 2098 691 2156 'Sed
714 2106 771 2154 et
793 2097 908 2168 jam
935 2096 1167 2167 probare
1186 2095 1446 2152 debemus
1469 2093 1743 2164 quomodo
1765 2095 1924 2149 iidem
1951 2082 2148 2165 Euty-'

491 2188 687 2247 «chiani
705 2187 794 2244 vel
805 2185 1292 2258 Semieutychiani,
1323 2185 1415 2254 qui
1443 2193 1632 2241 contra
1652 2183 2109 2250 Chalcedonense,

510 2283 619 2337 imo
656 2278 995 2336 vero-etiam
1031 2285 1223 2333 contra
1265 2275 1592 2347 Ephesinum
1627 2275 1938 2340 concilium,
1981 2275 2114 2330 duas

490 2373 625 2430 Filii
648 2372 744 2428 Dei
771 2378 970 2442 negant
989 2385 1110 2427 esse
1137 2377 1375 2435 naturas,
1417 2371 1726 2426 econtrario
1769 2360 2114 2425 NcStoiianos

507 2478 607 2534 per
633 2463 738 2518 hoc
765 2461 1040 2531 adiuvent,
1072 2474 1305 2531 quorum
1346 2447 1568 2515 falsitati
1594 2474 1652 2514 se
1687 2467 1878 2529 putant
1916 2460 2112 2512 verita-

509 2555 576 2611 tis
619 2553 907 2622 negatione
949 2551 1224 2608 resistere.
1259 2549 1581 2606 Asserentes
1626 2550 1770 2604 enim
1820 2550 1964 2618 quod
2007 2565 2110 2604 una

505 2645 575 2702 sit
599 2643 720 2700 Filii
756 2644 853 2699 Dei
891 2651 1106 2712 natura,
1150 2642 1253 2713 ipsi
1299 2643 1481 2714 potius
1529 2642 1754 2698 alterius
1800 2642 2112 2698 substantia:

507 2735 780 2792 hominem
817 2733 1089 2790 Christum
1129 2732 1315 2789 Jesum
1362 2741 1515 2788 extra
1552 2732 1646 2786 Dei
1695 2731 1884 2785 Filium
1930 2731 2113 2785 dicere

506 2828 933 2884 convincuntur:
965 2827 1111 2896 quod
1151 2825 1310 2881 nobis
1348 2823 1486 2880 falso
1537 2824 1818 2893 imputant,
1850 2823 1940 2891 qui
1975 2823 2109 2878 duas

504 2918 664 2973 unius
687 2915 914 2973 dicimus
941 2915 1036 2990 lilii
1056 2928 1179 2970 esse
1217 2921 1459 2969 naturas.
1489 2911 1625 2966 Nam
1670 2912 1714 2966 si
1745 2920 2012 2980 quaeratur
2040 2913 2108 2967 ab

505 3010 582 3066 eis
603 3017 792 3065 utrum
818 3006 1014 3062 Filium
1042 3006 1166 3072 Dei,
1202 3019 1366 3076 quem
1405 3004 1564 3060 unius
1591 3004 1776 3059 dicunt
1801 3018 1919 3059 esse
1947 3014 2106 3057 nutu-

1593 229 1890 291 FACUNDI
1927 230 2140 288 EPISC.
2185 227 2694 308 HERMIANENSIS

377 320 412 348 1.
510 368 836 437 orthodoxe,
865 365 1012 422 orbis
1031 361 1307 420 eruditur:
1338 357 1428 428 qui
1456 357 1537 412 sic
1569 353 1762 422 credit,
1791 351 2116 422 diligitur“
2153 353 2198 410 Α
2230 348 2314 404 vel
2343 348 2665 405 testimoniis
2693 345 2912 403 Patrum
2935 349 3247 420 probarent,
3276 350 3362 407 vel
3391 366 3487 408 sua
3517 351 3836 412 deﬁnitione

3725 237 3833 296 556

2223 449 2598 507 decernerent.
2631 447 2701 501 At
2741 461 2864 503 cum
2909 447 3213 504 Nestorium
3242 464 3352 504 non
3373 449 3550 505 solum
3592 452 3728 507 duas
3776 454 3833 507 in

2223 539 2316 595 illo
2343 538 2602 610 mysterio
2631 545 2876 607 naturas,
2895 553 3083 593 verum
3113 540 3276 595 etiam
3301 540 3436 596 duas
3455 542 3833 599 subsistentias

2221 630 2623 700 praedicantem,
2654 643 2765 684 non
2790 638 3012 701 propter
3034 637 3344 701 utrumque,
3369 632 3465 688 sed
3488 642 3708 704 propter
3727 636 3837 692 hoc

2221 720 2398 777 solum
2424 719 2669 792 synodus
2721 721 2989 792 Ephesina
3019 722 3322 791 redarguit,
3352 725 3497 792 quod
3535 741 3699 781 unum
3744 728 3837 782 Fi—

2224 810 2358 864 lium
2379 811 2432 866 in
2453 812 2586 866 duas
2613 811 2989 868 subsistentias
3017 812 3302 878 divideret,
3326 815 3410 870 vel
3444 816 3489 870 si
3520 817 3608 870 illa
3635 829 3834 872 contra

2221 914 2343 955 eum
2365 899 2584 956 Patrum
2602 901 2907 957 testimonia
2929 917 3037 956 non
3060 903 3344 972 proferret,
3368 905 3562 972 quibus
3582 905 3834 961 Christus

2221 992 2273 1045 in
2300 991 2509 1050 duabus
2536 1008 2658 1049 esse
2686 994 2894 1048 naturis
2921 995 3252 1058 ostenditur,
3292 995 3591 1052 afﬁrmasse
3633 1002 3835 1054 merito

2214 1082 2550 1152 judicaretur
2578 1084 2711 1139 duas
2735 1086 2890 1140 unius
2913 1084 3030 1139 Filii
3052 1085 3145 1140 Dei
3168 1101 3288 1141 esse
3314 1095 3554 1150 naturas,
3585 1090 3729 1156 quod
3775 1090 3833 1144 in

2220 1173 2494 1241 Nestorio,
2545 1185 2768 1247 propter
2794 1175 2938 1230 aliud
2969 1176 3292 1244 improbato,
3327 1193 3434 1231 non
3475 1180 3677 1247 pariter
3723 1181 3830 1234 im-

2217 1265 2484 1333 probavit.
2521 1263 2674 1320 Unde
2701 1265 2787 1320 vel
2827 1266 2930 1327 hac
2970 1268 3293 1322 auctoritate
3336 1277 3553 1324 ostensa
3601 1272 3826 1338 coerciti

2221 1355 2565 1428 Eutychiani,
2588 1356 2703 1426 jam
2750 1358 3000 1412 desinant
3026 1367 3213 1414 contra
3244 1375 3429 1414 sanam
3474 1370 3532 1415 et
3570 1377 3825 1417 necessa-

2218 1450 2355 1504 riam
2400 1449 2799 1507 confessionem
2845 1451 3101 1508 Ecclesiac
3153 1454 3429 1523 disputare
3470 1474 3483 1509 :
3543 1473 3661 1524 qua:
3716 1475 3823 1515 non

2220 1548 2432 1596 tantum
2459 1541 2757 1596 secundum
2785 1539 3258 1606 Chalcedonensis,
3301 1545 3398 1601 sed
3427 1548 3588 1601 etiam
3625 1565 3821 1602 semin-

2221 1631 2349 1687 dum
2380 1631 2664 1703 Ephesium
2691 1619 2883 1704 synodi
2933 1633 3198 1702 instituta,
3233 1633 3510 1692 Christum
3536 1641 3587 1692 in
3615 1641 3820 1696 duabus

2143 1743 2194 1803 Β
2220 1724 2476 1799 praedicat
2498 1739 2620 1783 esse
2647 1727 2875 1782 naturis.
2923 1726 3040 1783 Non
3069 1728 3233 1795 enim,
3279 1729 3365 1784 vel
3392 1729 3438 1784 si
3461 1729 3544 1784 eis
3574 1741 3823 1784 οοιιδιςιειε

2217 1818 2429 1888 possit,
2487 1818 2845 1874 humanorum
2907 1831 3348 1889 argumentorum
3423 1819 3822 1874 ratiocinationi

2213 1910 2436 1966 credere
2463 1925 2524 1967 se
2565 1911 2890 1976 debuerunt,
2920 1919 2980 1965 ut
3012 1925 3173 1965 unam
3202 1911 3399 1966 Christi
3429 1911 3820 1966 contenderent.

2214 2018 2335 2059 esse
2363 2011 2614 2058 naturam
2639 2020 2653 2068 ;
2684 2002 2781 2057 sed
2811 2001 3028 2056 Patrum
3059 2002 3239 2071 potius
3267 2001 3576 2055 auctoritati
3607 2016 3664 2054 se
3691 2002 3820 2054 sub-

2209 2094 2398 2162 jicere,
2429 2096 2484 2150 in
2509 2095 2707 2163 quibus
2748 2094 2968 2162 spiritus
2998 2093 3090 2148 Dei
3117 2094 3328 2149 locutus
3355 2104 3458 2148 cst.
3486 2093 3682 2148 Verum
3713 2093 3820 2146 hoc

2221 2189 2508 2258 prudentia
2538 2203 2726 2243 eorum
2771 2204 2878 2243 non
2911 2188 3162 2257 patietur,
3195 2186 3264 2240 de
3297 2202 3400 2255 qua
3425 2185 3556 2240 dicit
3584 2188 3821 2253 Aposto-

2214 2282 2294 2336 lus
2319 2300 2330 2335 :
2365 2282 2624 2346 Quoniam
2652 2283 2930 2355 prudentia
2949 2285 3123 2337 carnis
3139 2299 3278 2337 mors
3300 2292 3398 2350 est,
3425 2283 3698 2353 prudentia
3731 2301 3820 2336 au-

2214 2384 2313 2428 tem
2342 2377 2576 2444 spiritus,
2607 2377 2712 2430 vita
2756 2385 2806 2429 et
2851 2393 2990 2445 pax;
3035 2377 3282 2447 quoniam
3320 2375 3592 2445 prudentia
3642 2376 3818 2427 carnis

2211 2465 2424 2518 inimica
2445 2475 2523 2518 est
2547 2467 2603 2519 in
2625 2465 2793 2519 Deum
2817 2482 2836 2520 :
2857 2465 2958 2536 legi
2986 2467 3123 2519 enim
3150 2464 3248 2520 Dei
3271 2482 3374 2520 non
3403 2465 3693 2535 subjicitur,
3722 2482 3813 2517 nec

2211 2556 2348 2610 enim
2377 2567 2550 2627 potest
2581 2556 2756 2627 (Rom.
2791 2573 2902 2622 Vill,
2933 2557 3010 2627 6),
3042 2566 3100 2611 ut
3128 2557 3180 2612 in
3207 2573 3451 2628 persona:
3479 2557 3694 2624 quidem
3741 2574 3804 2610 Vo.

2212 2647 2577 2702 subsistentia:
2620 2649 2848 2711 unitate,
2912 2648 3289 2702 auctoritatem
3346 2647 3626 2701 nobiscum
3677 2645 3818 2700 divi-

2215 2753 2336 2792 nam
2393 2738 3018 2809 sequanturyquoniam
3051 2741 3210 2804 tanti
3260 2739 3503 2794 miraculi
3545 2749 3814 2794 secretum

2215 2829 2449 2884 humana
2492 2829 2635 2884 ratio
2665 2828 2916 2897 indagare
2965 2845 3070 2884 non
3126 2829 3290 2884 valet.
3349 2827 3404 2882 In
3454 2830 3557 2885 hoc
3613 2839 3818 2893 autem,

2210 2920 2354 2989 quod
2385 2928 2640 2990 putantes
2666 2935 2831 2974 unam
2861 2935 2928 2974 ex
2953 2920 3159 2974 duabus
3178 2920 3375 2975 factam
3397 2935 3516 2976 esse
3545 2929 3817 2986 naturam,

2209 3029 2240 3066 a
2269 3012 2636 3074 iundatissima
2655 3012 2884 3067 Patrum
2923 3014 3244 3068 auctoritate
3280 3013 3582 3081 discedunt,
3631 3014 3818 3068 videa-

497 3114 599 3165 τω,
627 3099 1143 3166 consubstantialem
1166 3096 1313 3152 Patri
1334 3096 1623 3161 fateantur,
1657 3110 1853 3164 negare
1880 3111 1985 3150 non
2015 3112 2111 3165 po-

2215 3122 2335 3161 mus
2361 3106 2426 3173 si,
2459 3104 2911 3175 quemadmodum
2941 3103 3136 3169 iilunt,
3160 3105 3244 3159 vel
3272 3103 3565 3160 secundum
3589 3106 3811 3174 sapien-

501 3199 708 3246 terunt.
740 3190 944 3246 Deinde
966 3191 1013 3247 si
1041 3191 1146 3246 hoc
1172 3190 1242 3245 ab
1269 3189 1348 3245 eis
1377 3197 1666 3258 quaeratur,
1699 3196 1876 3242 utrtun
1907 3188 2110 3258 simpli-

506 3284 583 3340 cis
603 3288 814 3336 natura:
841 3283 912 3336 sit
939 3280 1130 3344 Pater,
1162 3281 1267 3336 hoc
1303 3295 1522 3350 quoque
1565 3279 1813 3335 similiter
1865 3280 2110 3334 fatebun-

506 3382 612 3430 tur.
640 3373 811 3443 lgitur
833 3372 1030 3428 Filium
1051 3371 1170 3442 Dei,
1199 3388 1364 3443 quem
1393 3372 1551 3428 unius
1580 3372 1765 3427 dicunt
1796 3387 1914 3426 esse
1953 3382 2110 3425 natu-

504 3479 579 3518 ra:
609 3463 861 3532 Patrique
879 3463 1420 3529 consubstantialem,
1450 3463 1612 3517 etiam
1634 3462 1909 3532 simplicis,
1943 3463 1993 3516 id
2025 3470 2111 3517 est

504 3553 698 3610 divina:
727 3560 933 3610 tantum
963 3553 1144 3610 dicere
1171 3553 1596 3624 compellentur;
1629 3567 1695 3606 ac
1723 3567 1820 3620 per
1842 3553 1945 3608 hoc
1974 3551 2108 3611 alte-

504 3647 622 3702 rius
635 3646 739 3704 erit
757 3647 1072 3702 substantiae
1092 3649 1113 3678 ²
1133 3646 1300 3702 homo
1321 3645 1568 3702 Christus
1581 3645 1758 3710 Jesus,
1783 3647 1869 3701 cui
1888 3661 2107 3714 separa-

504 3738 601 3792 tim
627 3736 919 3808 deputetur
952 3736 1189 3792 humana
1227 3744 1438 3792 natura.
1484 3736 1662 3804 Atque
1701 3735 1774 3790 ita
1822 3751 1944 3790 cum
1975 3735 2107 3788 duas

495 3831 658 3886 unius
677 3829 800 3886 Filii
824 3839 1022 3900 negant
1047 3843 1168 3886 esse
1188 3837 1428 3894 naturas,
1452 3828 1676 3883 alteram
1707 3827 2108 3882 snbsistentiam

501 3918 619 3976 Filii
641 3919 757 3986 Dei,
779 3927 835 3975 et
855 3921 1082 3974 alteram
1105 3918 1365 3986 assumpti
1386 3917 1620 3971 hominis
1639 3923 1933 3983 arguentnr
1956 3915 2108 3970 indu-

502 4027 646 4070 cere.
677 4010 844 4083 Cujus
865 4011 1158 4083 probabilis
1183 4010 1410 4064 rationis
1436 4017 1623 4064 sancta
1647 4008 1916 4078 Ephesina
1947 4022 2107 4079 syno-

501 4104 605 4162 dus
631 4121 740 4162 non
770 4105 956 4175 ignara
991 4118 1116 4160 cum
1151 4101 1459 4159 Nestorium
1511 4100 1916 4164 condemnaret,
1963 4101 2108 4169 quod

502 4194 598 4250 Dei
623 4193 819 4250 Filium
859 4210 967 4250 non
997 4194 1175 4250 solum
1217 4194 1270 4248 in
1297 4192 1506 4248 duabus
1542 4190 1767 4257 naturis,
1799 4191 1944 4259 quod
1983 4207 2108 4246 δεῖ)-
2138 4259 2142 4263 _

503 4297 649 4343 ctum
677 4297 790 4351 est,
823 4287 918 4344 sed
964 4288 1128 4342 etiam
1177 4287 1231 4341 in
1275 4286 1484 4340 duabus
1529 4283 1909 4347 subsistentiis,
1963 4283 2108 4351 quod

503 4381 787 4449 profanum
817 4389 921 4448 est,
953 4379 1282 4450 praedicabat
1313 4396 1326 4431 :
1361 4393 1468 4433 non
1495 4377 1642 4446 quod
1685 4376 1818 4431 duas
1848 4375 2109 4431 fateretur

507 4471 626 4525 Filii
657 4471 752 4526 Dei
781 4479 1022 4539 naturas,
1071 4470 1168 4526 sed
1197 4470 1342 4540 quod
1369 4470 1503 4524 duas
1539 4469 1914 4525 subsistentias
1950 4484 2104 4522 men-
2136 4490 2184 4549 ι)

504 4562 713 4626 tiretur,
749 4575 874 4615 eum
901 4561 1216 4629 redarguit:
1249 4575 1352 4614 nec
1392 4559 1714 4615 testimoniis
1754 4561 2101 4628 antiquorum

501 4651 718 4706 Patrum
743 4650 939 4720 quibus
957 4665 1081 4705 eum
1108 4650 1177 4706 de
1203 4651 1356 4721 pravi
1391 4650 1658 4719 dogmatis
1694 4651 1935 4706 novitate
1972 4666 2101 4706 con-

501 4741 685 4807 vincit,
717 4755 878 4797 unam
905 4739 1028 4798 Filii
1058 4741 1152 4797 Dei
1180 4749 1428 4797 naturam
1473 4756 1592 4797 esse
1622 4743 1961 4806 monstravit,
2005 4743 2102 4798 sed

500 4851 664 4890 unam
694 4835 874 4906 potius
901 4850 1023 4892 esse
1068 4849 1376 4906 personam.
1406 4834 1475 4888 Et
1515 4836 1699 4904 utique
1745 4835 1814 4889 ad
1861 4836 2100 4905 compri-

500 4925 754 4982 mendum
783 4933 839 4981 et
863 4925 1079 4996 penitus
1099 4924 1548 4994 exstinguendum
1573 4939 1814 4978 errorem
1843 4923 2098 4989 Nestorii,

497 5019 590 5089 qui
621 5017 759 5075 duos
785 5018 943 5075 nobis
972 5019 1112 5076 lilios
1152 5019 1405 5074 inducere
1449 5017 1768 5080 conabatur,
1817 5015 1947 5070 nihil
1996 5017 2102 5070 uti-

498 5111 624 5174 lius,
674 5110 814 5166 sicut
845 5109 958 5178 jam
1003 5108 1254 5173 diximus,
1304 5107 1546 5175 nihilque
1583 5105 1813 5159 validius
1845 5115 2009 5172 esset,
2060 5107 2105 5162 si

503 5202 705 5258 veritas
725 5201 948 5266 sineret,
979 5214 1142 5269 quam
1164 5207 1222 5255 ut
1243 5213 1404 5253 unam
1426 5213 1548 5253 esse
1569 5196 1688 5251 Filii
1714 5198 1808 5252 Dei
1837 5209 2102 5266 naturam,

575 5366 602 5394 ι
639 5354 818 5424 Nugas
843 5356 1003 5410 etiam
1026 5362 1081 5410 et
1109 5353 1463 5424 deliramenta
1484 5353 1663 5407 verbis
1700 5351 1981 5424 Epiphanii
2017 5371 2104 5409 vo-

502 5434 590 5481 cat
614 5422 970 5497 Hieronymus
1011 5425 1168 5497 epist.
1210 5422 1302 5497 60,
1331 5430 1386 5478 et
1429 5424 1628 5497 passim
1655 5423 1949 5497 explodunt
2000 5424 2103 5479 Pa-

505 5506 616 5552 tres
646 5505 760 5552 tum
781 5494 952 5552 Graeci
983 5503 1096 5550 tum
1126 5495 1307 5550 Latini
1341 5511 1352 5546 :
1388 5504 1446 5548 ut
1481 5495 1764 5564 Antipater
1789 5494 2106 5550 Bostrorum

588 5673 604 5694 ι
642 5658 778 5714 Cod.
807 5659 1035 5727 Veram,
1064 5659 1314 5727 potuisse.

578 5732 600 5762 '
638 5728 788 5787 ldem
815 5730 961 5798 cod.,
995 5715 1346 5783 subsistentia.

2217 3198 2348 3249 tiam
2397 3195 2580 3250 mundi
2629 3202 2882 3249 constare
2923 3193 3027 3248 illis
3056 3209 3151 3249 sua
3195 3195 3334 3249 ratio
3384 3203 3580 3263 potest.
3627 3194 3818 3251 Dicunt

2215 3283 2394 3352 igitur,
2421 3286 2559 3340 sicut
2606 3301 2674 3340 ex
2717 3285 2923 3341 duabus
2952 3285 3180 3352 naturis,
3226 3285 3279 3338 id
3309 3293 3394 3339 est
3419 3299 3495 3338 ex
3526 3283 3702 3337 anima
3761 3293 3818 3336 et

2213 3391 2394 3441 carne,
2423 3391 2528 3430 una
2548 3375 2846 3445 composita
2873 3383 2958 3431 est
2984 3375 3217 3434 humana
3246 3383 3460 3440 natura,
3492 3373 3572 3427 sic
3595 3389 3665 3429 ex
3696 3372 3810 3426 dci-

2216 3474 2327 3519 tate
2347 3475 2401 3519 et
2429 3466 2762 3520 humanitate
2787 3480 2890 3519 una
2920 3465 3220 3534 composita
3242 3473 3324 3520 est
3350 3463 3548 3517 Christi
3576 3473 3766 3516 natura
3801 3481 3813 3514 :

2213 3563 2268 3606 ct
2296 3554 2417 3609 idco
2437 3570 2506 3608 ex
2536 3555 2742 3609 duabus
2772 3553 3013 3622 quidem,
3037 3554 3132 3608 sed
3160 3570 3266 3608 non
3298 3555 3350 3606 in
3380 3553 3585 3608 duabus
3608 3556 3821 3608 naturis

2211 3644 2484 3700 Christum
2512 3645 2858 3706 omﬁitcmur.
2903 3645 3160 3713 Equidem
3215 3644 3361 3698 nulla
3407 3659 3568 3698 causa
3601 3653 3685 3698 est
3723 3659 3820 3698 cur

2215 3735 2378 3789 etiam
2411 3726 2776 3806 unusquisque
2799 3736 2960 3790 homo
2991 3735 3042 3788 in
3073 3736 3280 3792 duabus
3309 3744 3535 3805 negetur
3560 3751 3681 3790 esse
3721 3753 3817 3788 na-

2212 3829 2367 3891 turis,
2422 3827 2473 3880 in
2525 3841 2689 3882 carne
2732 3827 2941 3882 scilicet
2995 3836 3156 3896 atque
3198 3829 3394 3882 anima.
3451 3827 3583 3896 Quae
3631 3837 3815 3884 tamen

2209 3919 2333 3986 quia
2365 3927 2420 3972 et
2444 3933 2548 3972 una
2576 3933 2646 3973 ex
2673 3917 2881 3973 duabus
2909 3917 3229 3988 composita,
3262 3928 3409 3975 recte
3455 3919 3687 3974 hominis
3721 3937 3817 3974 na-

2213 4016 2384 4059 turam
2435 4007 2538 4060 dici
2587 4007 2948 4062 certissimum
2986 4016 3112 4061 est:
3162 4010 3339 4078 potuit
3385 4010 3530 4063 enim
3585 4010 3817 4065 hominis

2211 4097 2386 4150 anima
2418 4099 2470 4151 in
2501 4113 2662 4151 unam
2693 4107 2940 4152 naturam
2966 4112 3088 4153 cum
3117 4084 3216 4154 sua
3241 4113 3402 4153 carne
3429 4102 3704 4168 componi.
3740 4101 3817 4154 De

2210 4185 2410 4240 Christi
2442 4202 2569 4242 vero
2597 4187 2878 4243 divinitate
2905 4188 3385 4243 inconvertibiliter
3413 4188 3642 4258 simplici
3662 4231 3676 4254 ,
3704 4206 3815 4245 non

2209 4280 2327 4334 sine
2357 4280 2560 4348 ingenti
2590 4279 2927 4349 blasphemia
2956 4279 3173 4346 dicitur,
3195 4281 3341 4348 quod
3376 4281 3428 4333 in
3459 4297 3616 4333 unam
3660 4290 3815 4335 natu-

2210 4387 2325 4426 ram
2380 4387 2502 4426 cum
2555 4381 2804 4441 suscepta
2857 4371 3190 4427 humanitate
3246 4373 3498 4442 componi
3554 4375 3814 4443 potuerit.

2211 4462 2412 4520 Deinde
2458 4463 2829 4533 considerent,
2881 4463 3029 4532 quod
3084 4464 3197 4519 sive
3245 4464 3442 4528 anima,
3499 4464 3613 4519 sive
3660 4482 3814 4532 caro,

2210 4555 2551 4609 adunationis
2575 4570 2686 4609 sua:
2714 4569 2875 4610 causa
2905 4554 3256 4619 exstiterunt,
3287 4565 3343 4610 et
3386 4571 3494 4610 non
3525 4556 3669 4611 hunc
3716 4558 3814 4610 ha-

2209 4645 2339 4699 bent
2366 4653 2572 4699 naturac
2600 4643 2786 4712 tinem,
2833 4644 3176 4714 singulariter
3223 4660 3288 4699 ac
3327 4646 3626 4714 separatim
3678 4663 3813 4703 con-

2209 4739 2431 4802 sistere;
2464 4737 2560 4793 sed
2607 4737 2672 4792 ad
2703 4737 2785 4795 sui
2815 4737 3250 4805 conjunctionem
3279 4738 3536 4807 tendunt,
3573 4747 3629 4794 et
3677 4740 3813 4794 invi-

2209 4844 2325 4884 cem
2355 4830 2458 4885 sibi
2480 4829 2679 4884 debent
2705 4829 3105 4898 quodammodo
3135 4835 3194 4884 ut
3221 4830 3475 4886 existant.
3506 4830 3666 4900 Nam,
3708 4835 3809 4889 sic-

2207 4931 2265 4978 ut
2303 4937 2432 4978 care
2486 4922 2677 4976 animae
2715 4922 2857 4976 facta
2907 4931 3009 4985 est,
3060 4923 3132 4976 ita
3182 4930 3236 4976 et
3286 4923 3465 4977 anima
3495 4925 3719 4988 carni’;
3763 4937 3809 4979 ct

2207 5017 2321 5084 ipse
2351 5015 2611 5070 naturalis
2631 5030 2815 5070 earum
2845 5014 3129 5069 intentioni
3159 5023 3241 5070 est
3273 5015 3413 5070 linis.
3438 5017 3636 5084 pariter
3666 5032 3809 5072 esse.

2209 5109 2323 5164 Non
2351 5111 2491 5164 cnim
2515 5109 2840 5164 credendum
2869 5117 2953 5163 est
2969 5107 3216 5177 Origenis
3242 5107 3613 5163 deliramentis
3644 5120 3690 5174 ο,
3721 5113 3810 5178 qui

2211 5203 2511 5271 suspicatur
2558 5203 2912 5256 luunanarum
2943 5201 3240 5254 animarum
3282 5201 3610 5257 substantias
3655 5203 3812 5272 longe

2215 5357 2504 5428 epiSCOpus
2532 5359 2933 5430 Dissertaﬁtionis
2959 5359 3009 5412 in
3034 5359 3319 5428 Origenem
3350 5375 3470 5430 cap.
3504 5361 3558 5414 7.

2281 5436 2580 5489 Ὀ-ποιήσας
2615 5434 2701 5485 τὸν
2750 5429 3008 5506 ἄνθρωπον
3039 5432 3131 5485 ἀπ’
3155 5434 3329 5504 ἀρχῆς
3372 5429 3529 5499 ἄρσεν
3566 5433 3654 5506 καὶ
3690 5431 3810 5486 Gelu

3577 5502 3808 5556 ἐποίησεν

2288 5663 2304 5693 ³
2342 5662 2486 5718 Idem
2515 5665 2660 5730 cod.,
2695 5673 2744 5719 et
2766 5667 2942 5719 anima
2971 5662 3110 5730 facta
3131 5674 3209 5720 est
3231 5666 3399 5720 carni.

3408 6434 3430 6438 _
3504 6431 3558 6438 «-
3610 6428 3638 6434 q
3697 6426 3722 6430 τ
3772 6423 3810 6430 *—
3856 6423 3876 6428 -
3930 6423 3964 6432 π
