4114 6540
367 463 470 524 557

359 690 544 732 verum
598 681 760 736 etiam
810 699 1098 756 peccasse,
1153 702 1209 748 et
1263 699 1411 765 prius
1459 701 1675 770 quidem
1726 717 1954 771 mentes,

359 774 546 836 postea
575 785 704 826 vero
734 774 943 831 animas
961 777 1147 848 factas,
1172 799 1295 838 cum
1323 802 1422 856 pro
1452 801 1795 858 peccatorum
1827 814 1957 853 suo-

354 872 472 911 rum
501 851 709 916 meritis
736 861 790 918 in
812 881 1041 938 corpora
1071 873 1414 930 truderentur
1439 898 1451 931 :
1477 896 1597 936 cum
1631 885 1775 940 dicat
1812 887 1960 957 Apo-

352 949 523 1004 stolus
549 967 564 1004 :
599 949 834 1010 Rebecca
847 974 912 1015 ea:
940 975 1046 1015 uno
1069 965 1340 1020 concubitu
1364 970 1557 1026 habens
1586 973 1741 1028 Isaac
1758 949 1954 1046 patrem

352 1049 584 1094 nostrum
617 1041 796 1113 (Rom;
831 1063 906 1110 Ix,
953 1049 1065 1123 10),
1097 1061 1204 1108 etc.
1233 1055 1360 1110 Cum
1392 1062 1532 1114 enim
1565 1041 1797 1119 nonduin
1843 1071 1956 1122 nati

349 1129 586 1198 fuissent,
619 1144 710 1188 aut
733 1137 929 1210 aliquid
953 1143 1178 1213 egissent
1219 1145 1409 1202 bonum
1451 1169 1514 1204 ac
1556 1156 1750 1210 malum
1778 1160 1971 1211 secum?

348 1219 471 1274 dum
492 1223 825 1294 electionem,
873 1239 930 1283 ut
965 1235 1286 1303 prepositum
1320 1238 1415 1293 Dei
1444 1255 1692 1305 maneret,
1734 1264 1838 1301 non
1885 1266 1951 1302 ea:

349 1311 606 1382 operibus,
654 1317 746 1370 sed
795 1335 860 1373 ea:
899 1333 1113 1378 uocante
1141 1326 1336 1382 dictum
1388 1341 1464 1383 est
1505 1333 1574 1399 ei,
1620 1337 1742 1406 quia
1781 1339 1953 1408 major

346 1409 528 1461 serviet
554 1410 766 1466 minori.
802 1412 966 1470 Paulo
996 1417 1179 1486 itaque
1219 1423 1410 1477 melius
1436 1437 1492 1478 et
1539 1425 1745 1483 fidelius
1771 1433 1949 1486 credi-

348 1511 467 1552 mus
491 1499 726 1565 docenti,
771 1506 897 1574 quia
927 1523 1048 1562 eum
1096 1508 1263 1566 Jacob
1291 1520 1342 1566 et
1386 1513 1530 1570 Esau
1563 1520 1785 1574 necdum
1837 1525 1949 1578 nati

345 1587 591 1658 fuissent,
614 1595 744 1648 nihil
771 1610 994 1666 egerunt
1019 1602 1216 1656 bonum
1239 1615 1333 1659 aut
1355 1607 1584 1671 malum,
1602 1625 1700 1665 nec
1728 1628 1794 1666 ex
1817 1630 1948 1683 ope-

345 1678 526 1746 ribus,
556 1681 653 1736 Sl'd
702 1699 768 1738 ex
815 1690 1060 1744 vocantis
1105 1694 1276 1760 gratia
1329 1705 1454 1750 sunt
1497 1697 1730 1763 discreti,
1782 1718 1943 1772 quam

343 1770 559 1840 Origeni
584 1778 870 1834 somnianti
919 1783 1084 1852 quod,
1119 1793 1176 1838 ut
1215 1798 1586 1858 nascerentur,
1611 1795 1935 1863 supplicium

341 1859 516 1918 fuerat
543 1868 724 1923 nescio
771 1870 923 1938 cujus
963 1874 1112 1928 mali.
1146 1873 1279 1930 Nam
1320 1887 1376 1933 et
1399 1895 1522 1934 eum
1553 1892 1727 1938 morte
1773 1900 1802 1938 a
1833 1888 1944 1942 suis

341 1957 653 2024 corporibus
679 1959 872 2014 animae
900 1972 1244 2033 separantur,
1277 1967 1344 2020 ad
1381 1969 1462 2023 sui
1503 1977 1682 2026 tamen
1713 1974 1941 2044 conjun-

339 2043 575 2100 ctionem
604 2047 851 2104 similiter
891 2053 1142 2118 tendunt,
1175 2064 1232 2111 et
1266 2066 1552 2128 propterea
1581 2077 1742 2117 unam
1779 2074 1937 2120 natu-

339 2149 451 2188 ram
498 2136 787 2194 humanam
819 2141 1076 2199 efﬁciunt.
1111 2145 1266 2213 Quod
1295 2149 1363 2204 de
1403 2151 1561 2206 Verbi
1611 2153 1703 2208 Dei
1746 2165 1936 2212 natura

338 2224 489 2281 nefas
507 2237 590 2282 est
615 2230 856 2295 credere,
899 2235 1155 2304 quoniam
1189 2239 1480 2309 aliquando
1508 2258 1616 2298 non
1646 2247 1759 2300 sola
1805 2249 1935 2302 sub-

337 2318 549 2382 stiterit,
580 2321 674 2375 sed
702 2323 947 2380 humanae
973 2335 1182 2384 natura:
1203 2331 1460 2388 adunatio
1506 2350 1668 2390 causa
1697 2338 1746 2391 ei
1773 2339 1788 2370 ¹
1818 2339 1934 2394 fue-

335 2406 406 2459 rit
433 2409 716 2475 existendi,
745 2421 804 2466 ut
825 2413 940 2483 ipsa
968 2417 1070 2472 sibi
1097 2418 1328 2474 adunata
1351 2422 1656 2490 quiesceret
1676 2429 1935 2484 naturalis

335 2495 449 2564 ejus
488 2499 733 2556 intentio.
771 2503 965 2561 Verum
1011 2523 1186 2578 neque
1214 2509 1281 2566 de
1324 2511 1557 2568 humana
1588 2523 1778 2572 natura
1827 2519 1933 2577 dici

333 2596 532 2657 potest,
561 2593 704 2660 quod
732 2610 838 2648 non
871 2599 1042 2666 possit
1071 2601 1188 2655 sine
1216 2601 1313 2656 Dei
1333 2602 1495 2658 Verbi
1518 2605 1570 2658 in
1595 2622 1754 2662 unam
1777 2619 1935 2665 natu-

333 2693 448 2733 ram
477 2684 874 2752 compositione
902 2689 1197 2746 subsistere
1228 2709 1242 2746 :
1275 2709 1436 2764 quam
1466 2696 1709 2754 videmus
1750 2703 1933 2769 specie

331 2784 426 2825 sua
450 2781 786 2842 contentam,
818 2794 926 2834 non
964 2782 1019 2835 in
1048 2782 1248 2852 aliquid
1280 2785 1514 2852 tendere,
1552 2791 1636 2844 cui
1667 2791 1744 2846 sic
1772 2802 1930 2847 natu-

331 2860 882 2934 raliteradhzerescat,
915 2880 974 2924 ut
1002 2888 1164 2928 unam
1221 2891 1345 2931 cum
1394 2877 1489 2934 illo
1533 2889 1779 2937 naturam
1817 2883 1931 2938 effi-

330 2949 453 3006 ciat.
485 2951 626 3009 Nihil
661 2956 824 3026 igitur
860 2959 1178 3034 Eutychiani
1231 2967 1478 3024 humanm
1521 2981 1727 3028 naturae
1773 2976 1928 3044 adju-

329 3051 522 3097 vantur
548 3047 816 3118 exemplo,
846 3060 905 3106 ut
932 3069 1095 3108 unam
1124 3067 1368 3113 asscrant
1393 3058 1590 3118 Christi
1620 3079 1742 3120 esse
1771 3077 1924 3122 natu.

327 3142 460 3196 ram,
490 3133 577 3187 vel
605 3134 669 3199 si,
703 3148 912 3195 remota
943 3141 1169 3200 Patrum
1202 3151 1545 3220 auctoritate,
1600 3157 1929 3212 concedatur

327 3217 408 3272 eis
433 3222 728 3280 secundum
759 3234 1256 3298 argumentationes
1283 3239 1542 3296 humanas
1571 3243 1638 3299 de
1678 3245 1925 3302 incarna-

327 3309 491 3367 tionis
535 3313 727 3372 divinze
775 3324 1032 3392 mysterio
1083 3327 1375 3398 disputare,
1425 3333 1569 3403 quod
1615 3351 1923 3393 mensuram
1954 3375 1997 3403 ρ

326 3397 574 3458 humanae
597 3407 823 3464 rationis
848 3414 1078 3469 excedit.
1106 3397 1186 3471 Ad
1215 3397 1461 3488 personae
1488 3439 1618 3480 vero
1636 3429 1916 3496 unitatem,

324 3493 662 3560 praecedente
688 3504 1009 3560 auctoritate
1037 3506 1234 3577 divina,
1267 3515 1673 3573 eonvenientius
1701 3520 1806 3575 hoc
1833 3538 1918 3575 re-

324 3578 495 3638 fertur
516 3591 839 3660 exemplum,
865 3595 932 3649 ad
954 3611 1114 3665 quam
1135 3609 1190 3655 et
1218 3617 1248 3656 a
1277 3606 1477 3661 sanctis
1503 3606 1750 3664 Patribus
1778 3613 1918 3666 rela-

323 3683 437 3729 tum
485 3691 605 3734 esse
631 3688 1024 3751 cognoscimus.
1083 3689 1310 3762 Propter
1351 3698 1494 3765 quod
1525 3700 1686 3754 etiam
1727 3703 1918 3758 beatus

325 3768 409 3823 vir
432 3770 788 3845 Augustinus,
835 3780 886 3834 in
923 3783 1197 3840 catholicae
1224 3787 1481 3844 doctrinae
1505 3792 1813 3848 sinceritate
1853 3812 1916 3851 ac

322 3921 552 4006 ἐποίησιν
576 3930 764 3990 αὐτους
791 3948 805 3963 ⁶
855 3936 914 3988 οὐ
950 3944 1162 4012 ’πρῶτον
1211 3939 1327 4012 nbat;
1347 3943 1485 4012 __xarr‘
1513 3945 1686 4006 αὐτὸν,
1738 3950 1820 3999 καὶ
1870 3949 1919 4012 ἐξ

321 3991 586 4074 ᾁμαρτιῶν
606 4001 917 4074 ἀνθρῲπους.
949 3991 1016 4058 Εἰ
1045 3991 1166 4074 post
1191 3991 1323 4064 alias
1347 3991 1462 4065 Dei’
1489 3991 1918 4069 b'éiiédi’cdiiiieiﬁ

322 4068 582 4147 tractans,
613 4068 718 4150 qua
743 4072 1020 4150 hominum
1041 4068 1212 4144 genus
1237 4091 1594 4148 propagatum
1621 4092 1732 4148 est,
1760 4068 1855 4138 0de

567 4129 576 4132 -
630 4129 647 4138 -
1043 4129 1205 4144 v—~~~~
1238 4129 1593 4148 r-"r"0"'—"'
1624 4129 1732 4148 νυν,
1762 4129 1844 4138 *νη
1871 4129 1918 4150 ἰδ

265 4172 272 4173 κ
319 4129 581 4213 ἑξαρτιῶν
627 4145 710 4194 καὶ
759 4146 1109 4207 ἀποπτὼσεως
1164 4149 1452 4211 πληθυνοέν,
1525 4156 1592 4213 ὡς
1647 4159 1677 4212 ἡ
1731 4162 1920 4211 ’το-[των

278 4217 286 4224 ·
321 4199 552 4262 ἒιδᾶσκει
590 4217 781 4286 γραφή⁶
815 4216 920 4268 ἀλλ’
954 4218 1010 4271 ἐκ
1057 4226 1148 4276 τῆς
1195 4227 1285 4274 τοῦ
1314 4229 1440 4275 Θεοῦ
1473 4224 1724 4296 εὔλογίας,
1777 4231 1842 4284 ὡς
1895 4230 1918 4280 ὁ

392 4363 406 4391 ¹
448 4362 581 4418 Cod.
615 4364 838 4434 Veron.,
868 4369 983 4425 sibi.

532 4521 854 4535 ——_—..

1296 489 1429 546 PRO
1468 494 1888 554 DEFENSIONE
1929 501 2145 560 TRIUM
2179 501 2493 568 CAPITUL.
2539 515 2662 573 LID.
2708 520 2768 574 ll.
3566 537 3670 594 5298

360 596 487 641 ante
540 602 703 652 quam
743 592 796 647 in
826 597 1142 666 corporibus
1171 615 1370 669 essent,
1424 625 1528 663 non
1570 613 1740 667 solum
1781 616 1960 680 fuisse,
1998 629 2040 680 Α

2075 627 2349 692 prudentia
2388 631 2712 704 diffamatus,
2754 639 2804 692 in
2855 641 2991 698 libro
3039 647 3105 701 de
3164 648 3286 720 fide,
3337 660 3391 708 et
3435 670 3551 725 spe,
3614 672 3670 715 ct

2065 715 2347 788 charitate,
2377 723 2465 788 qui
2514 739 2652 793 pene
2700 729 2766 782 ah
2817 734 3066 790 ottinibus
3113 741 3308 807 quibus
3357 753 3515 802 notus
3563 761 3666 818 est,

2068 806 2408 864 I'Tnchiridirm
2456 816 2785 883 appellatur,
2837 821 2908 876 ita
2967 825 3034 879 de
3060 806 3276 886 Christo
3324 832 3536 893 locutus
3583 806 3668 892 esi

2062 893 2216 966 (Cap.
2247 899 2336 967 36)
2370 919 2381 952 :
2423 921 2440 951 ι
2477 903 2680 978 Nempe
2711 923 2777 963 ex
2829 927 2936 980 quo
2969 930 3088 970 esse
3133 919 3296 975 homo
3323 927 3506 994 cmpit,
3555 945 3661 985 non

2060 989 2203 1042 aliud
2235 993 2399 1060 cmpit
2428 1009 2548 1050 esse
2577 998 2738 1054 homo
2769 1019 2928 1073 quam
2962 1007 3054 1062 Dei
3087 1009 3271 1080 Filius,
3305 1024 3362 1070 et
3539 1023 3659 1074 uni-

2058 1095 2173 1141 cus,
2209 1092 2430 1151 propter
2464 1086 2629 1141 Deum
2653 1089 2906 1159 Verbum,
2935 1101 3080 1166 quod
3113 1101 3200 1154 ilio
3233 1118 3485 1176 suscepto
3531 1125 3660 1164 caru

2058 1167 2254 1224 factum
2286 1182 2388 1237 est,
2420 1175 2603 1244 utique
2633 1178 2771 1235 Deus
2803 1201 2815 1234 :
2863 1195 2919 1238 ut
2967 1167 3416 1256 quemadmodum
3445 1207 3528 1253 est
3556 1215 3660 1255 nm

2058 1274 2286 1326 persona
2317 1264 2543 1332 quilibet
2572 1267 2756 1336 homo,
2791 1257 2981 1328 anima
3027 1279 3230 1336 scilicet
3278 1288 3558 1343 rationalis
3605 1300 3657 1343 et

2055 1363 2204 1415 caro,
2229 1352 2302 1406 ita
2326 1354 2397 1409 sit
2421 1371 2522 1410 una
2547 1373 2775 1426 persona
2799 1365 3061 1429 Christus,
3088 1369 3181 1424 Ve:
3198 1373 3320 1427 hum
3344 1382 3399 1430 et
3423 1377 3603 1432 homo.
3633 1401 3649 1433 ι

2051 1438 2162 1496 Nec
2191 1443 2288 1508 ait,
2320 1445 2392 1499 ita
2420 1447 2491 1501 sit
2519 1449 2716 1507 Christi
2750 1471 2853 1509 una
2885 1469 3071 1514 natura
3105 1462 3338 1519 Verbum
3369 1477 3423 1523 et
3469 1470 3652 1526 homo.

2051 1528 2155 1583 Sed
2181 1531 2291 1599 jam
2322 1535 2558 1594 breviter
2586 1557 2705 1610 qua:
2733 1556 2849 1600 acta
2878 1557 3006 1602 sunt
3033 1553 3365 1622 colligamus.
3393 1559 3654 1629 Apparuit

2049 1619 2328 1688 imprimis,
2360 1630 2505 1694 quod
2550 1635 2842 1690 secundum
2872 1653 3079 1708 magna:
3120 1619 3309 1715 synodi
3350 1619 3652 1708 Chalcede-

2047 1713 2228 1766 nensis
2255 1718 2580 1774 sententiam
2610 1723 2890 1782 confessus
2916 1743 2994 1794 es,
3029 1713 3340 1803 imperator,
3375 1741 3430 1791 et
3484 1755 3654 1795 unum

2045 1817 2165 1857 esse
2205 1803 2273 1860 de
2325 1806 2587 1867 Trinitate
2642 1817 2957 1876 cruciﬁxum
3009 1837 3108 1893 pro
3157 1828 3313 1883 nobis
3361 1822 3648 1888 Dominum

2045 1891 2338 1963 Christum,
2371 1907 2426 1954 et
2452 1917 2578 1958 vere
2615 1914 2670 1959 et
2691 1910 2909 1978 proprie
2937 1891 3164 1970 matrem
3193 1915 3289 1973 Dei
3321 1918 3564 1991 Mariam,
3594 1937 3651 1980 et

1973 2008 2017 2066 Β
2044 1986 2296 2042 eumdem
2322 1988 2609 2047 Dominum
2639 2006 2882 2054 nostrum
2913 1998 3094 2058 Jesum
3125 2004 3398 2063 Christum
3429 2007 3482 2066 in
3513 2013 3636 2068 dua-

2041 2072 2142 2130 bus
2170 2091 2290 2134 esse
2311 2084 2536 2137 naturis.
2568 2084 2831 2155 Apparuit
2865 2093 3047 2159 etiam,
3091 2096 3146 2150 in
3178 2098 3542 2160 declaratione
3582 2123 3645 2162 ac

2041 2164 2354 2225 defensione
2383 2171 2550 2241 ipsius
2575 2174 2697 2232 ﬁdei
2743 2189 2961 2248 nostrm,
2995 2197 3348 2244 memoratam
3379 2195 3642 2262 synodum

2039 2252 2157 2310 haec
2186 2257 2320 2327 ipsa,
2347 2276 2446 2330 pro
2467 2262 2768 2321 divinarum
2799 2267 3195 2342 Scripturarum
3226 2252 3548 2339 auctoritate
3589 2299 3646 2342 et

2040 2344 2257 2404 Patrum
2295 2353 2635 2421 testimoniis,
2683 2356 2935 2417 deﬁnisse
2979 2366 3095 2420 sive
3126 2367 3385 2426 firmasse.
3419 2371 3518 2428 Ubi
3567 2379 3640 2432 si-

2037 2439 2148 2492 mul
2184 2447 2240 2494 et
2267 2441 2343 2496 illi
2378 2443 2510 2500 licet
2549 2449 2640 2517 qui
2670 2453 3132 2511 communicantes
3161 2455 3432 2525 Ecclesia),
3462 2474 3516 2518 et
3545 2483 3638 2519 an-

2036 2531 2344 2588 ctoritatem
2374 2545 2696 2594 venerantes
2720 2541 2884 2611 ipsius
2913 2553 3113 2600 sancta:
3139 2551 3352 2618 synodi,
3382 2559 3634 2622 tanquam

2034 2618 2271 2687 dogmati
2301 2621 2637 2695 Eutychiano
2666 2632 2942 2698 contrarii,
2977 2641 3154 2690 tamen
3184 2652 3280 2706 per
3326 2618 3632 2698 contentio-

2035 2727 2158 2766 nem
2187 2715 2336 2770 verbi
2377 2716 2721 2786 superfluam,
2756 2732 2957 2791 negant
2983 2725 3179 2781 debere
3207 2728 3310 2782 dici
3360 2746 3522 2784 unum
3563 2749 3627 2788 ex

2034 2802 2297 2860 Trinitate
2341 2807 2677 2874 cruciﬁxum,
2718 2820 2775 2867 et
2813 2827 2944 2868 vere
2989 2818 3208 2886 preprie
3255 2830 3482 2874 matrem
3535 2823 3629 2880 Der

2031 2894 2278 2967 Mariam,
2327 2898 2528 2956 inventi
2583 2912 2708 2958 sunt
2763 2905 3019 2962 adversus
3074 2911 3318 2966 eamdem
3366 2916 3629 2984 synodum

2030 2983 2228 3052 facere,
2259 2997 2315 3042 et
2339 2987 2706 3062 Eutychianos
2730 2999 3036 3053 econtrario
3060 3000 3170 3054 suis
3197 3005 3628 3061 contentionibus

2030 3077 2304 3145 adjuvare.
2365 3083 2629 3153 Apparuit
2691 3087 2876 3151 etiam,
2920 3088 3066 3158 ipsos
3105 3089 3486 3162 Eutychianos,
3538 3100 3628 3164 qui

2029 3175 2282 3237 tanquam
2311 3180 2499 3226 contra
2530 3173 2724 3243 dogma
2751 3175 3003 3244 Nestorii,
3031 3179 3164 3234 duas
3196 3183 3352 3237 unius
3378 3184 3496 3238 Filii
3537 3188 3622 3240 Dei

2031 3269 2377 3330 negantessc
2404 3273 2638 3330 naturas,
2665 3265 2997 3324 Nestorianis
3017 3285 3114 3340 per
3142 3274 3247 3328 hoc
3274 3274 3626 3333 indubitatam

2028 3350 2158 3403 dare
2181 3349 2478 3420 victoriam,
2504 3366 2559 3410 et
2583 3359 2844 3429 synodum
2861 3361 3186 3432 Ephesinam
3207 3368 3623 3436 reprehendere,

2027 3455 2190 3508 quam
2233 3453 2520 3514 acceptare
2549 3451 2863 3520 seﬁugunt.
2905 3453 2996 3510 Sic
3031 3465 3273 3512 meretur
3313 3463 3537 3527 cacari,
3571 3473 3624 3521 ut

2027 3529 2125 3582 sibi
2185 3533 2412 3598 primum
2460 3540 2809 3609 contradicat,
2860 3543 3018 3600 obvia
3063 3549 3277 3602 veritati
3325 3555 3622 3619 contentio,

2024 3633 2144 3686 qua:
2168 3636 2268 3676 nec
2297 3627 2518 3680 rationis
2538 3638 2622 3682 est
2640 3645 2833 3700 capax,
2863 3648 2961 3689 nec
2975 3645 3227 3692 contenta
3257 3653 3376 3693 ese
3408 3644 3620 3697 Patrum

2025 3713 2342 3768 auctoritate
2357 3715 2623 3784 dignatur.

2024 3956 2285 4040 προῗήῖηξ
2311 3952 2580 4040 ἐδήλφςζξνο
2606 3961 2684 4040 Εἰ·
2703 3963 2804 4035 γὰρ
2845 3965 2916 4040 ’ἐκ-
2937 3969 3305 4040 παραϐάσεως,
3338 3976 3422 4029 καὶ
3452 3978 3502 4030 ἐκ
3527 3989 3613 4039 τῆς

2711 4023 2724 4033 υ
2773 4023 2783 4035 ι
3169 4023 3172 4024 ⁷
3263 4023 3305 4036 ’ν
3340 4023 3422 4029 ""'
3454 4023 3501 4030 "‘
3533 4023 3610 4039 ’⁵11

2024 4023 2112 4074 me
2139 4023 2290 4078 καλοῦ
2313 4026 2614 4119 ἀποῲχύξεως
2634 4033 2692 4119 ’ςό
2712 4039 2811 4086 τῶν
2833 4023 3108 4119 ἀνθρὼᾐων
3135 4041 3437 4099 πληθύνεται
3453 4052 3613 4119 γένος,

2025 4095 2105 4119 --⁵7η
2133 4096 2255 4119 -,‘\_4
2284 4101 2313 4119 ’μ
2394 4098 2438 4119 3⁸.
2492 4103 2499 4114 ι
2807 4105 2878 4119 -ςιε
3078 4108 3100 4119 ει
3195 4115 3202 4119 .
3313 4117 3324 4119 -

2023 4095 2106 4145 οὐκ
2130 4096 2357 4167 εὐλογία,
2387 4098 2732 4178 ἀλλάματάρα
2757 4095 2942 4185 paulo;
2985 4103 3048 4187 ἆχ
3072 4108 3274 4172 δικαίως
3313 4095 3531 4187 λεχθείη,
3557 4131 3613 4174 et

2022 4173 2233 4224 cetera,
2265 4181 2383 4232 qum
2412 4169 2629 4236 copiose
2653 4169 2767 4226 toto
2795 4175 2973 4242 capite
2998 4169 3354 4237 disseruntur.

2061 4533 3246 4558 *Ἣ

3254 4549 3274 4560 ο
3288 4547 3590 4574 MM--

1399 4652 1658 4734 LIBE
1677 4653 1753 4733 R
1827 4654 2488 4738 SECUNDUS.

1719 4791 2049 4803 M___.

819 4860 1048 4916 CAPUT
1087 4862 1374 4920 PRIMUM.

307 4975 460 5043 Quod
485 4975 868 5029 damnationem
900 4977 1051 5029 trium
1083 4975 1443 5060 Capitufornm
1467 4983 1748 5060 adversarii
1777 5000 1898 5067 con-

391 5047 486 5067 43023
537 5046 966 5067 l‘l-_l__l-__--_‘:-
1025 5063 1272 5067 __,Aa___,_
1312 5066 1330 5067 η
1398 5058 1409 5067 Α
1525 5063 1532 5067 .
1784 5065 1790 5067 .

378 5047 486 5099 rilii
535 5046 968 5099 ChalceJonensis
1014 5048 1431 5118 conscripserint,
1485 5063 1533 5103 et
1575 5052 1901 5110 imperatoris

380 5118 527 5170 titulo
556 5118 915 5186 prwltolart'ut.

373 5227 635 5294 Quoniam
684 5228 1045 5296 integritatem
1103 5227 1243 5294 ﬁdei,
1289 5245 1409 5298 quin
1449 5233 1598 5298 mihi,
1652 5236 1905 5304 religiose

298 5319 572 5389 princeps,
601 5331 722 5372 cum
749 5326 837 5373 tua
881 5318 1084 5387 pietate
1109 5322 1408 5376 communis
1449 5331 1550 5388 est,
1585 5333 1638 5378 et
1669 5325 1906 5380 declara-

299 5420 411 5465 tam
443 5407 774 5464 sufficienter
801 5410 1036 5464 arbitror
1065 5419 1121 5466 et
1169 5410 1479 5480 defensam;
1512 5415 1749 5484 nihilque
1784 5420 1903 5473 reli-

295 5510 444 5557 ctum
475 5507 557 5555 est
578 5499 861 5554 calumniis
886 5500 1283 5566 haereticorum,
1313 5502 1367 5556 in
1392 5517 1499 5571 quo
1525 5507 1610 5560 vel
1641 5521 1738 5562 nos
1762 5509 1902 5564 male

293 5591 500 5645 sentire
526 5589 593 5645 de
641 5590 900 5660 mysterio
944 5591 1138 5646 divinae
1188 5593 1572 5652 incarnationis
1620 5597 1897 5665 infament,

294 5680 384 5733 vel
415 5693 664 5749 magnam
690 5680 956 5751 synodum
985 5681 1502 5750 Chalcedonensem,
1527 5687 1678 5756 cujus
1705 5689 1896 5744 decre-

294 5774 365 5825 tis
394 5773 638 5827 camdem
667 5782 906 5830 nostram
936 5774 1094 5830 ﬁdem
1121 5791 1422 5832 consonare
1450 5781 1894 5838 monstravimus:

291 5863 476 5916 securi
501 5862 612 5930 jam
643 5865 916 5932 pergimus
937 5866 1176 5920 occultas
1208 5882 1394 5922 eorum
1428 5866 1639 5923 fraudes
1669 5881 1729 5932 et
1750 5888 1901 5928 exse-

295 5954 498 6008 cranda
529 5957 807 6012 mendacia
832 5958 1109 6024 ventilare,
1135 5959 1328 6026 quibus
1357 5975 1454 6031 per
1483 5977 1607 6016 suos
1638 5964 1896 6018 satellites

2055 4797 2206 4804 ._____

1929 4881 1981 4941 ι)
2007 4886 2167 4944 atque
2192 4876 2425 4932 fautores
2456 4880 2758 4948 praedictam
2789 4900 3072 4954 synouum,
3118 4903 3218 4944 sun
3256 4893 3478 4948 obtentu
3507 4899 3599 4951 de—

2003 4966 2279 5033 fensionis,
2311 4986 2618 5039 expugnare
2643 4975 2811 5028 moliti
2844 4986 2986 5031 sunt.
3012 4977 3238 5034 Confido
3278 4984 3421 5037 enim
3453 4990 3594 5055 quod

2003 5072 2110 5110 non
2126 5058 2298 5112 solum
2321 5068 2421 5112 lure
2433 5063 2728 5128 serenitati,
2753 5065 2845 5119 sed
2861 5068 3003 5122 omni
3020 5069 3132 5123 inec
3147 5069 3341 5140 legenti
3359 5079 3448 5140 qui:
3473 5079 3594 5131 talis

1996 5165 2110 5207 ,non
2124 5160 2206 5205 est
2225 5153 2435 5221 qualem
2450 5163 2790 5210 notatsermo
2804 5161 3147 5228 propheticus
3168 5163 3380 5222 dicens:
3405 5165 3592 5223 Noluit

2003 5243 2287 5313 intelligere
2299 5254 2352 5297 ut
2368 5245 2494 5299 bene
2504 5247 2864 5315 ageret(Psaf.
2882 5267 3041 5316 xxxv,
3058 5251 3136 5322 4),
3153 5253 3271 5309 lucc
3293 5257 3488 5314 clarius
3507 5277 3592 5330 ap-

2005 5331 2217 5400 parebit
2245 5333 2386 5400 quod
2423 5336 2473 5387 in
2501 5339 2906 5392 evacuationem
2933 5343 3198 5410 prtedicta:
3226 5345 3418 5416 synodi
3450 5349 3587 5408 farta

2005 5433 2128 5476 sunt
2151 5439 2269 5492 quae
2294 5427 2345 5479 in
2372 5426 2487 5494 ejus
2514 5430 2887 5497 purgationem
2917 5434 3114 5502 scripta
3146 5451 3268 5493 esse
3294 5437 3591 5506 jactentur.

2009 5510 2180 5566 Unum
2210 5513 2382 5568 solum
2412 5517 2642 5582 petimus
2669 5517 2738 5574 de
2763 5527 2852 5575 tua
2880 5521 3190 5594 clementia,
3215 5526 3367 5597 cujus
3391 5544 3594 5598 cogno-

2004 5602 2148 5656 mine
2163 5601 2455 5670 decoraris,
2476 5615 2533 5658 ut
2552 5607 2676 5675 quia
2697 5609 2749 5661 in
2767 5607 3021 5665 Ecclesiae
3035 5615 3402 5684 praejudicium
3426 5621 3592 5676 multa

2003 5706 2098 5760 per
2119 5693 2520 5762 subreptionem
2551 5698 2922 5755 hmreticorum
2945 5715 3000 5758 et
3023 5715 3140 5760 acta
3165 5717 3218 5761 et
3242 5711 3439 5779 scripta
3469 5723 3592 5768 sunt

2001 5797 2120 5847 qum
2149 5783 2294 5837 zelus
2322 5784 2411 5838 Dei
2437 5802 2532 5840 nos
2563 5787 2786 5858 impellit
2809 5806 3054 5860 arguere,
3081 5806 3263 5852 nostra
3291 5807 3344 5853 te
3367 5815 3590 5870 respon-

2000 5873 2079 5922 sio
2105 5872 2232 5925 nihil
2257 5873 2508 5929 offendat.
2535 5876 2766 5946 Egcrunt
2787 5883 2927 5936 enim
2951 5886 3143 5940 callide
3165 5904 3262 5957 per
3282 5906 3406 5945 suos
3430 5907 3581 5944 com-

2001 5968 2197 6032 plices,
2239 5967 2377 6020 sicut
2407 5970 2616 6035 solent,
2650 5972 2938 6030 adversarii
2972 5981 3208 6034 veritatis
3232 6022 3245 6045 ,
3290 5991 3345 6035 ut
3375 5995 3439 6034 ea
3474 5981 3585 6049 ipsa
