  <div class='ocr_page' id='page_1' title='image "/cluster/home/n/w/nwhite01/storage/ocr_20150623/67/umn.31951002477360y/293.png"; bbox 0 0 4114 6492; ppageno 0'>
   <div class='ocr_carea' id='block_1_1' title="bbox 483 393 590 453">
    <p class='ocr_par' dir='ltr' id='par_1_1' title="bbox 483 393 590 453">
     <span class='ocr_line' id='line_1_1' title="bbox 483 393 590 453; baseline 0 0"><span class='ocrx_word' id='word_1_1' title='bbox 483 393 590 453; x_wconf 76' lang='grc'><strong>559</strong></span> 
     </span>
    </p>
   </div>
   <div class='ocr_carea' id='block_1_2' title="bbox 1551 391 2659 454">
    <p class='ocr_par' dir='ltr' id='par_1_2' title="bbox 1551 391 2659 454">
     <span class='ocr_line' id='line_1_2' title="bbox 1551 391 2659 454; baseline 0.002 -4"><span class='ocrx_word' id='word_1_2' title='bbox 1551 391 1860 452; x_wconf 63' lang='grc' dir='ltr'><strong>ΡΑΟΕΝΟΓ</strong></span> <span class='ocrx_word' id='word_1_3' title='bbox 1884 397 2096 454; x_wconf 75' lang='lat' dir='ltr'><strong>EPISC.</strong></span> <span class='ocrx_word' id='word_1_4' title='bbox 2149 392 2659 453; x_wconf 75' lang='lat' dir='ltr'><strong>HERMIANENSIS</strong></span> 
     </span>
    </p>
   </div>
   <div class='ocr_carea' id='block_1_3' title="bbox 3672 399 3782 454">
    <p class='ocr_par' dir='ltr' id='par_1_3' title="bbox 3672 399 3782 454">
     <span class='ocr_line' id='line_1_3' title="bbox 3672 399 3782 454; baseline -0.036 1"><span class='ocrx_word' id='word_1_5' title='bbox 3672 399 3782 454; x_wconf 80' lang='lat'><strong>560</strong></span> 
     </span>
    </p>
   </div>
   <div class='ocr_carea' id='block_1_4' title="bbox 476 511 3786 585">
    <p class='ocr_par' dir='ltr' id='par_1_4' title="bbox 476 511 3786 585">
     <span class='ocr_line' id='line_1_4' title="bbox 476 511 3786 585; baseline 0.001 -17"><span class='ocrx_word' id='word_1_6' title='bbox 476 527 600 584; x_wconf 74' lang='lat' dir='ltr'><strong>qua:</strong></span> <span class='ocrx_word' id='word_1_7' title='bbox 627 512 788 568; x_wconf 85' lang='lat' dir='ltr'><strong>scribi</strong></span> <span class='ocrx_word' id='word_1_8' title='bbox 813 511 1088 579; x_wconf 88' lang='lat' dir='ltr'><strong>fecerunt,</strong></span> <span class='ocrx_word' id='word_1_9' title='bbox 1126 513 1288 568; x_wconf 87' lang='lat' dir='ltr'><strong>etiam</strong></span> <span class='ocrx_word' id='word_1_10' title='bbox 1326 512 1488 569; x_wconf 85' lang='lat' dir='ltr'><strong>titulo</strong></span> <span class='ocrx_word' id='word_1_11' title='bbox 1520 512 1754 567; x_wconf 83' lang='lat' dir='ltr'><strong>nominis</strong></span> <span class='ocrx_word' id='word_1_12' title='bbox 1781 513 1856 567; x_wconf 90' lang='lat' dir='ltr'><strong>tui</strong></span> <span class='ocrx_word' id='word_1_13' title='bbox 1886 522 1912 550; x_wconf 73' lang='grc' dir='ltr'>ι</span> <span class='ocrx_word' id='word_1_14' title='bbox 1944 529 2079 582; x_wconf 76' lang='lat' dir='ltr'><strong>prte-</strong></span> <span class='ocrx_word' id='word_1_15' title='bbox 2111 521 2156 579; x_wconf 81' lang='grc' dir='ltr'>Α</span> <span class='ocrx_word' id='word_1_16' title='bbox 2186 515 2347 569; x_wconf 87' lang='lat' dir='ltr'><strong>etiam</strong></span> <span class='ocrx_word' id='word_1_17' title='bbox 2373 513 2498 568; x_wconf 93' lang='lat' dir='ltr'><strong>dum</strong></span> <span class='ocrx_word' id='word_1_18' title='bbox 2530 517 2770 578; x_wconf 90' lang='lat' dir='ltr'><strong>viveret,</strong></span> <span class='ocrx_word' id='word_1_19' title='bbox 2805 530 2834 569; x_wconf 88' lang='lat' dir='ltr'><strong>a</strong></span> <span class='ocrx_word' id='word_1_20' title='bbox 2866 517 3066 570; x_wconf 91' lang='lat' dir='ltr'><strong>sanctis</strong></span> <span class='ocrx_word' id='word_1_21' title='bbox 3112 514 3360 570; x_wconf 82' lang='lat' dir='ltr'><strong>Patribus</strong></span> <span class='ocrx_word' id='word_1_22' title='bbox 3405 515 3494 585; x_wconf 85' lang='lat' dir='ltr'><strong>qui</strong></span> <span class='ocrx_word' id='word_1_23' title='bbox 3547 531 3668 571; x_wconf 85' lang='lat' dir='ltr'><strong>cum</strong></span> <span class='ocrx_word' id='word_1_24' title='bbox 3714 531 3786 571; x_wconf 78' lang='lat' dir='ltr'><strong>eo</strong></span> 
     </span>
    </p>
   </div>
   <div class='ocr_carea' id='block_1_5' title="bbox 481 604 2082 674">
    <p class='ocr_par' dir='ltr' id='par_1_5' title="bbox 481 604 2082 674">
     <span class='ocr_line' id='line_1_5' title="bbox 481 604 2082 674; baseline -0.001 -14"><span class='ocrx_word' id='word_1_25' title='bbox 481 613 796 660; x_wconf 85' lang='lat' dir='ltr'><strong>notarentur</strong></span> <span class='ocrx_word' id='word_1_26' title='bbox 822 622 834 657; x_wconf 95' lang='lat'>:</span> <span class='ocrx_word' id='word_1_27' title='bbox 862 604 1238 661; x_wconf 81' lang='lat' dir='ltr'><strong>existimantes</strong></span> <span class='ocrx_word' id='word_1_28' title='bbox 1267 604 1412 673; x_wconf 89' lang='lat' dir='ltr'><strong>quod</strong></span> <span class='ocrx_word' id='word_1_29' title='bbox 1445 605 1723 674; x_wconf 90' lang='lat' dir='ltr'><strong>proposito</strong></span> <span class='ocrx_word' id='word_1_30' title='bbox 1749 612 1956 658; x_wconf 91' lang='lat' dir='ltr'><strong>terrore</strong></span> <span class='ocrx_word' id='word_1_31' title='bbox 1979 614 2082 659; x_wconf 85' lang='lat' dir='ltr'><strong>tuae</strong></span> 
     </span>
    </p>
   </div>
   <div class='ocr_carea' id='block_1_6' title="bbox 481 695 2080 761">
    <p class='ocr_par' dir='ltr' id='par_1_6' title="bbox 481 695 2080 761">
     <span class='ocr_line' id='line_1_6' title="bbox 481 695 2080 761; baseline 0 -14"><span class='ocrx_word' id='word_1_32' title='bbox 481 710 756 761; x_wconf 62' lang='lat' dir='ltr'><strong>personae,</strong></span> <span class='ocrx_word' id='word_1_33' title='bbox 801 695 1316 751; x_wconf 86' lang='lat' dir='ltr'><strong>condemnationem</strong></span> <span class='ocrx_word' id='word_1_34' title='bbox 1361 695 1446 750; x_wconf 89' lang='lat' dir='ltr'><strong>vel</strong></span> <span class='ocrx_word' id='word_1_35' title='bbox 1485 695 1648 749; x_wconf 88' lang='lat' dir='ltr'><strong>etiam</strong></span> <span class='ocrx_word' id='word_1_36' title='bbox 1689 695 2080 751; x_wconf 87' lang='lat' dir='ltr'><strong>convictionem</strong></span> 
     </span>
    </p>
   </div>
   <div class='ocr_carea' id='block_1_7' title="bbox 476 783 2084 856">
    <p class='ocr_par' dir='ltr' id='par_1_7' title="bbox 476 783 2084 856">
     <span class='ocr_line' id='line_1_7' title="bbox 476 783 2084 856; baseline -0.001 -15"><span class='ocrx_word' id='word_1_37' title='bbox 476 802 587 844; x_wconf 75' lang='lat' dir='ltr'><strong>sua:</strong></span> <span class='ocrx_word' id='word_1_38' title='bbox 628 786 948 842; x_wconf 84' lang='lat' dir='ltr'><strong>temeritatis</strong></span> <span class='ocrx_word' id='word_1_39' title='bbox 983 794 1041 842; x_wconf 93' lang='lat' dir='ltr'><strong>et</strong></span> <span class='ocrx_word' id='word_1_40' title='bbox 1084 783 1336 842; x_wconf 80' lang='lat' dir='ltr'><strong>falsitatis</strong></span> <span class='ocrx_word' id='word_1_41' title='bbox 1373 785 1692 856; x_wconf 87' lang='lat' dir='ltr'><strong>effugerent.</strong></span> <span class='ocrx_word' id='word_1_42' title='bbox 1742 786 1941 842; x_wconf 76' lang='lat' dir='ltr'><strong>Verum</strong></span> <span class='ocrx_word' id='word_1_43' title='bbox 1985 795 2084 840; x_wconf 88' lang='lat' dir='ltr'><strong>nos</strong></span> 
     </span>
    </p>
   </div>
   <div class='ocr_carea' id='block_1_8' title="bbox 483 881 2083 953">
    <p class='ocr_par' dir='ltr' id='par_1_8' title="bbox 483 881 2083 953">
     <span class='ocr_line' id='line_1_8' title="bbox 483 881 2083 953; baseline -0.001 -17"><span class='ocrx_word' id='word_1_44' title='bbox 483 881 568 938; x_wconf 89' lang='lat' dir='ltr'><strong>illa</strong></span> <span class='ocrx_word' id='word_1_45' title='bbox 610 881 813 950; x_wconf 85' lang='lat' dir='ltr'><strong>scripta</strong></span> <span class='ocrx_word' id='word_1_46' title='bbox 855 882 1108 939; x_wconf 88' lang='lat' dir='ltr'><strong>nolumus</strong></span> <span class='ocrx_word' id='word_1_47' title='bbox 1152 891 1245 938; x_wconf 90' lang='lat' dir='ltr'><strong>tua</strong></span> <span class='ocrx_word' id='word_1_48' title='bbox 1279 883 1416 948; x_wconf 90' lang='lat' dir='ltr'><strong>dici,</strong></span> <span class='ocrx_word' id='word_1_49' title='bbox 1455 898 1574 953; x_wconf 76' lang='lat' dir='ltr'><strong>qua:</strong></span> <span class='ocrx_word' id='word_1_50' title='bbox 1624 885 1822 939; x_wconf 87' lang='lat' dir='ltr'><strong>scimus</strong></span> <span class='ocrx_word' id='word_1_51' title='bbox 1853 883 2083 950; x_wconf 73' lang='lat' dir='ltr'><strong>cognita:</strong></span> 
     </span>
    </p>
   </div>
   <div class='ocr_carea' id='block_1_9' title="bbox 479 972 2085 1044">
    <p class='ocr_par' dir='ltr' id='par_1_9' title="bbox 479 972 2085 1044">
     <span class='ocr_line' id='line_1_9' title="bbox 479 972 2085 1044; baseline 0.001 -16"><span class='ocrx_word' id='word_1_52' title='bbox 479 973 636 1030; x_wconf 91' lang='lat' dir='ltr'><strong>nobis</strong></span> <span class='ocrx_word' id='word_1_53' title='bbox 665 983 769 1028; x_wconf 59' lang='lat' dir='ltr'><strong>tua:</strong></span> <span class='ocrx_word' id='word_1_54' title='bbox 792 972 917 1029; x_wconf 81' lang='lat' dir='ltr'><strong>fidei</strong></span> <span class='ocrx_word' id='word_1_55' title='bbox 937 976 1231 1030; x_wconf 89' lang='lat' dir='ltr'><strong>contraria.</strong></span> <span class='ocrx_word' id='word_1_56' title='bbox 1265 974 1402 1030; x_wconf 86' lang='lat' dir='ltr'><strong>Nam</strong></span> <span class='ocrx_word' id='word_1_57' title='bbox 1429 976 1474 1030; x_wconf 90' lang='lat' dir='ltr'><strong>si</strong></span> <span class='ocrx_word' id='word_1_58' title='bbox 1503 976 1710 1044; x_wconf 85' lang='lat' dir='ltr'><strong>legibus</strong></span> <span class='ocrx_word' id='word_1_59' title='bbox 1731 976 1924 1030; x_wconf 80' lang='lat' dir='ltr'><strong>vestris</strong></span> <span class='ocrx_word' id='word_1_60' title='bbox 1948 977 2085 1030; x_wconf 83' lang='lat' dir='ltr'><strong>bene</strong></span> 
     </span>
    </p>
   </div>
   <div class='ocr_carea' id='block_1_10' title="bbox 485 1063 2086 1137">
    <p class='ocr_par' dir='ltr' id='par_1_10' title="bbox 485 1063 2086 1137">
     <span class='ocr_line' id='line_1_10' title="bbox 485 1063 2086 1137; baseline 0.003 -21"><span class='ocrx_word' id='word_1_61' title='bbox 485 1071 642 1133; x_wconf 89' lang='lat' dir='ltr'><strong>atque</strong></span> <span class='ocrx_word' id='word_1_62' title='bbox 672 1063 873 1119; x_wconf 85' lang='lat' dir='ltr'><strong>utiliter</strong></span> <span class='ocrx_word' id='word_1_63' title='bbox 893 1066 1202 1132; x_wconf 87' lang='lat' dir='ltr'><strong>censuistis,</strong></span> <span class='ocrx_word' id='word_1_64' title='bbox 1234 1075 1295 1121; x_wconf 85' lang='lat' dir='ltr'><strong>ut</strong></span> <span class='ocrx_word' id='word_1_65' title='bbox 1321 1082 1656 1137; x_wconf 84' lang='lat' dir='ltr'><strong>quaecunque</strong></span> <span class='ocrx_word' id='word_1_66' title='bbox 1682 1075 1861 1123; x_wconf 88' lang='lat' dir='ltr'><strong>vestra</strong></span> <span class='ocrx_word' id='word_1_67' title='bbox 1890 1069 2086 1123; x_wconf 91' lang='lat' dir='ltr'><strong>rescri-</strong></span> 
     </span>
    </p>
   </div>
   <div class='ocr_carea' id='block_1_11' title="bbox 483 1154 2086 1228">
    <p class='ocr_par' dir='ltr' id='par_1_11' title="bbox 483 1154 2086 1228">
     <span class='ocr_line' id='line_1_11' title="bbox 483 1154 2086 1228; baseline 0.004 -21"><span class='ocrx_word' id='word_1_68' title='bbox 483 1161 604 1222; x_wconf 89' lang='lat' dir='ltr'><strong>pta,</strong></span> <span class='ocrx_word' id='word_1_69' title='bbox 636 1161 827 1209; x_wconf 91' lang='lat' dir='ltr'><strong>contra</strong></span> <span class='ocrx_word' id='word_1_70' title='bbox 856 1154 1002 1224; x_wconf 91' lang='lat' dir='ltr'><strong>ipsas</strong></span> <span class='ocrx_word' id='word_1_71' title='bbox 1029 1169 1164 1224; x_wconf 88' lang='lat' dir='ltr'><strong>quas</strong></span> <span class='ocrx_word' id='word_1_72' title='bbox 1191 1156 1574 1226; x_wconf 82' lang='lat' dir='ltr'><strong>promulgastis</strong></span> <span class='ocrx_word' id='word_1_73' title='bbox 1601 1157 1777 1226; x_wconf 83' lang='lat' dir='ltr'><strong>leges,</strong></span> <span class='ocrx_word' id='word_1_74' title='bbox 1811 1159 1863 1212; x_wconf 94' lang='lat' dir='ltr'><strong>in</strong></span> <span class='ocrx_word' id='word_1_75' title='bbox 1893 1159 2086 1228; x_wconf 86' lang='lat' dir='ltr'><strong>quibus</strong></span> 
     </span>
    </p>
   </div>
   <div class='ocr_carea' id='block_1_12' title="bbox 479 1244 2087 1319">
    <p class='ocr_par' dir='ltr' id='par_1_12' title="bbox 479 1244 2087 1319">
     <span class='ocr_line' id='line_1_12' title="bbox 479 1244 2087 1319; baseline 0.002 -20"><span class='ocrx_word' id='word_1_76' title='bbox 479 1245 636 1301; x_wconf 83' lang='lat' dir='ltr'><strong>vobis</strong></span> <span class='ocrx_word' id='word_1_77' title='bbox 672 1244 994 1311; x_wconf 90' lang='lat' dir='ltr'><strong>deservitur,</strong></span> <span class='ocrx_word' id='word_1_78' title='bbox 1028 1254 1083 1302; x_wconf 90' lang='lat' dir='ltr'><strong>et</strong></span> <span class='ocrx_word' id='word_1_79' title='bbox 1110 1262 1248 1317; x_wconf 91' lang='lat' dir='ltr'><strong>quas</strong></span> <span class='ocrx_word' id='word_1_80' title='bbox 1281 1248 1438 1303; x_wconf 81' lang='lat' dir='ltr'><strong>vobis</strong></span> <span class='ocrx_word' id='word_1_81' title='bbox 1481 1247 1772 1316; x_wconf 79' lang='lat' dir='ltr'><strong>infringere</strong></span> <span class='ocrx_word' id='word_1_82' title='bbox 1813 1249 1960 1315; x_wconf 90' lang='lat' dir='ltr'><strong>licet,</strong></span> <span class='ocrx_word' id='word_1_83' title='bbox 1990 1252 2087 1319; x_wconf 76' lang='lat' dir='ltr'><strong>per</strong></span> 
     </span>
    </p>
   </div>
   <div class='ocr_carea' id='block_1_13' title="bbox 483 1337 2088 1406">
    <p class='ocr_par' dir='ltr' id='par_1_13' title="bbox 483 1337 2088 1406">
     <span class='ocr_line' id='line_1_13' title="bbox 483 1337 2088 1406; baseline 0.001 -13"><span class='ocrx_word' id='word_1_84' title='bbox 483 1337 890 1406; x_wconf 90' lang='lat' dir='ltr'><strong>subreptionem</strong></span> <span class='ocrx_word' id='word_1_85' title='bbox 919 1337 1124 1393; x_wconf 82' lang='lat' dir='ltr'><strong>fuerint</strong></span> <span class='ocrx_word' id='word_1_86' title='bbox 1152 1339 1352 1401; x_wconf 85' lang='lat' dir='ltr'><strong>elicita,</strong></span> <span class='ocrx_word' id='word_1_87' title='bbox 1379 1347 1691 1404; x_wconf 88' lang='lat' dir='ltr'><strong>vacuentur,</strong></span> <span class='ocrx_word' id='word_1_88' title='bbox 1719 1355 1818 1394; x_wconf 90' lang='lat' dir='ltr'><strong>nee</strong></span> <span class='ocrx_word' id='word_1_89' title='bbox 1837 1339 2088 1394; x_wconf 86' lang='lat' dir='ltr'><strong>dicantur</strong></span> 
     </span>
    </p>
   </div>
   <div class='ocr_carea' id='block_1_14' title="bbox 481 1426 2088 1498">
    <p class='ocr_par' dir='ltr' id='par_1_14' title="bbox 481 1426 2088 1498">
     <span class='ocr_line' id='line_1_14' title="bbox 481 1426 2088 1498; baseline 0.001 -16"><span class='ocrx_word' id='word_1_90' title='bbox 481 1444 510 1482; x_wconf 91' lang='lat' dir='ltr'><strong>a</strong></span> <span class='ocrx_word' id='word_1_91' title='bbox 536 1428 692 1483; x_wconf 85' lang='lat' dir='ltr'><strong>vobis</strong></span> <span class='ocrx_word' id='word_1_92' title='bbox 705 1426 863 1496; x_wconf 84' lang='lat' dir='ltr'><strong>data,</strong></span> <span class='ocrx_word' id='word_1_93' title='bbox 890 1442 1010 1498; x_wconf 70' lang='lat' dir='ltr'><strong>quae</strong></span> <span class='ocrx_word' id='word_1_94' title='bbox 1034 1429 1376 1496; x_wconf 77' lang='lat' dir='ltr'><strong>generalibus</strong></span> <span class='ocrx_word' id='word_1_95' title='bbox 1395 1429 1869 1485; x_wconf 84' lang='lat' dir='ltr'><strong>constitutionibus</strong></span> <span class='ocrx_word' id='word_1_96' title='bbox 1893 1429 2088 1485; x_wconf 85' lang='lat' dir='ltr'><strong>vestris</strong></span> 
     </span>
    </p>
   </div>
   <div class='ocr_carea' id='block_1_15' title="bbox 485 1518 2089 1590">
    <p class='ocr_par' dir='ltr' id='par_1_15' title="bbox 485 1518 2089 1590">
     <span class='ocr_line' id='line_1_15' title="bbox 485 1518 2089 1590; baseline -0.001 -16"><span class='ocrx_word' id='word_1_97' title='bbox 485 1519 836 1574; x_wconf 83' lang='lat' dir='ltr'><strong>inveniuntur</strong></span> <span class='ocrx_word' id='word_1_98' title='bbox 860 1518 1088 1574; x_wconf 89' lang='lat' dir='ltr'><strong>adversa</strong></span> <span class='ocrx_word' id='word_1_99' title='bbox 1119 1537 1132 1573; x_wconf 93' lang='lat'>:</span> <span class='ocrx_word' id='word_1_100' title='bbox 1165 1519 1440 1588; x_wconf 91' lang='lat' dir='ltr'><strong>quomodo</strong></span> <span class='ocrx_word' id='word_1_101' title='bbox 1470 1519 1560 1574; x_wconf 89' lang='lat' dir='ltr'><strong>illa</strong></span> <span class='ocrx_word' id='word_1_102' title='bbox 1589 1535 1709 1590; x_wconf 77' lang='lat' dir='ltr'><strong>qua:</strong></span> <span class='ocrx_word' id='word_1_103' title='bbox 1735 1519 2089 1575; x_wconf 87' lang='lat' dir='ltr'><strong>adversantur</strong></span> 
     </span>
    </p>
   </div>
   <div class='ocr_carea' id='block_1_16' title="bbox 483 1609 2086 1680">
    <p class='ocr_par' dir='ltr' id='par_1_16' title="bbox 483 1609 2086 1680">
     <span class='ocr_line' id='line_1_16' title="bbox 483 1609 2086 1680; baseline 0 -14"><span class='ocrx_word' id='word_1_104' title='bbox 483 1609 968 1666; x_wconf 85' lang='lat' dir='ltr'><strong>constitutionibus</strong></span> <span class='ocrx_word' id='word_1_105' title='bbox 992 1618 1209 1680; x_wconf 86' lang='lat' dir='ltr'><strong>patrum</strong></span> <span class='ocrx_word' id='word_1_106' title='bbox 1248 1619 1493 1676; x_wconf 89' lang='lat' dir='ltr'><strong>tuorum,</strong></span> <span class='ocrx_word' id='word_1_107' title='bbox 1523 1611 1720 1680; x_wconf 89' lang='lat' dir='ltr'><strong>quibus</strong></span> <span class='ocrx_word' id='word_1_108' title='bbox 1747 1620 1800 1666; x_wconf 92' lang='lat' dir='ltr'><strong>te</strong></span> <span class='ocrx_word' id='word_1_109' title='bbox 1829 1613 1970 1667; x_wconf 86' lang='lat' dir='ltr'><strong>sicut</strong></span> <span class='ocrx_word' id='word_1_110' title='bbox 1997 1626 2086 1666; x_wconf 91' lang='lat' dir='ltr'><strong>re-</strong></span> 
     </span>
    </p>
   </div>
   <div class='ocr_carea' id='block_1_17' title="bbox 488 1701 2090 1774">
    <p class='ocr_par' dir='ltr' id='par_1_17' title="bbox 488 1701 2090 1774">
     <span class='ocr_line' id='line_1_17' title="bbox 488 1701 2090 1774; baseline 0.002 -19"><span class='ocrx_word' id='word_1_111' title='bbox 488 1701 738 1771; x_wconf 76' lang='lat' dir='ltr'><strong>ligiosum</strong></span> <span class='ocrx_word' id='word_1_112' title='bbox 767 1716 992 1757; x_wconf 89' lang='lat' dir='ltr'><strong>necesse</strong></span> <span class='ocrx_word' id='word_1_113' title='bbox 1021 1710 1106 1756; x_wconf 78' lang='lat' dir='ltr'><strong>est</strong></span> <span class='ocrx_word' id='word_1_114' title='bbox 1143 1701 1454 1770; x_wconf 87' lang='lat' dir='ltr'><strong>deservire,</strong></span> <span class='ocrx_word' id='word_1_115' title='bbox 1494 1712 1550 1760; x_wconf 89' lang='lat' dir='ltr'><strong>et</strong></span> <span class='ocrx_word' id='word_1_116' title='bbox 1574 1720 1709 1774; x_wconf 89' lang='lat' dir='ltr'><strong>quas</strong></span> <span class='ocrx_word' id='word_1_117' title='bbox 1733 1719 1834 1760; x_wconf 91' lang='lat' dir='ltr'><strong>nec</strong></span> <span class='ocrx_word' id='word_1_118' title='bbox 1865 1705 1960 1759; x_wconf 90' lang='lat' dir='ltr'><strong>tibi</strong></span> <span class='ocrx_word' id='word_1_119' title='bbox 1987 1719 2090 1759; x_wconf 91' lang='lat' dir='ltr'><strong>nec</strong></span> 
     </span>
    </p>
   </div>
   <div class='ocr_carea' id='block_1_18' title="bbox 488 1794 2089 1851">
    <p class='ocr_par' dir='ltr' id='par_1_18' title="bbox 488 1794 2089 1851">
     <span class='ocr_line' id='line_1_18' title="bbox 488 1794 2089 1851; baseline 0 -1"><span class='ocrx_word' id='word_1_120' title='bbox 488 1794 740 1850; x_wconf 86' lang='lat' dir='ltr'><strong>omnibus</strong></span> <span class='ocrx_word' id='word_1_121' title='bbox 771 1794 1038 1851; x_wconf 89' lang='lat' dir='ltr'><strong>tecum&#39;in</strong></span> <span class='ocrx_word' id='word_1_122' title='bbox 1070 1809 1358 1850; x_wconf 89' lang='lat' dir='ltr'><strong>commune</strong></span> <span class='ocrx_word' id='word_1_123' title='bbox 1392 1796 1704 1850; x_wconf 91' lang='lat' dir='ltr'><strong>hominibus</strong></span> <span class='ocrx_word' id='word_1_124' title='bbox 1734 1796 1864 1851; x_wconf 91' lang='lat' dir='ltr'><strong>licet</strong></span> <span class='ocrx_word' id='word_1_125' title='bbox 1900 1796 2089 1850; x_wconf 84' lang='lat' dir='ltr'><strong>infrin—</strong></span> 
     </span>
    </p>
   </div>
   <div class='ocr_carea' id='block_1_19' title="bbox 489 1885 2088 1956">
    <p class='ocr_par' dir='ltr' id='par_1_19' title="bbox 489 1885 2088 1956">
     <span class='ocr_line' id='line_1_19' title="bbox 489 1885 2088 1956; baseline 0.001 -15"><span class='ocrx_word' id='word_1_126' title='bbox 489 1898 651 1955; x_wconf 76' lang='lat' dir='ltr'><strong>gere,</strong></span> <span class='ocrx_word' id='word_1_127' title='bbox 696 1901 804 1940; x_wconf 94' lang='lat' dir='ltr'><strong>non</strong></span> <span class='ocrx_word' id='word_1_128' title='bbox 842 1885 966 1956; x_wconf 87' lang='lat' dir='ltr'><strong>jure</strong></span> <span class='ocrx_word' id='word_1_129' title='bbox 1015 1887 1320 1956; x_wconf 89' lang='lat' dir='ltr'><strong>meritoque</strong></span> <span class='ocrx_word' id='word_1_130' title='bbox 1365 1894 1456 1941; x_wconf 90' lang='lat' dir='ltr'><strong>tua</strong></span> <span class='ocrx_word' id='word_1_131' title='bbox 1503 1903 1613 1942; x_wconf 92' lang='lat' dir='ltr'><strong>non</strong></span> <span class='ocrx_word' id='word_1_132' title='bbox 1654 1903 1771 1943; x_wconf 88' lang='lat' dir='ltr'><strong>esse</strong></span> <span class='ocrx_word' id='word_1_133' title='bbox 1817 1887 2088 1943; x_wconf 88' lang='lat' dir='ltr'><strong>dicimus?</strong></span> 
     </span>
    </p>
   </div>
   <div class='ocr_carea' id='block_1_20' title="bbox 490 1977 2090 2048">
    <p class='ocr_par' dir='ltr' id='par_1_20' title="bbox 490 1977 2090 2048">
     <span class='ocr_line' id='line_1_20' title="bbox 490 1977 2090 2048; baseline 0.001 -16"><span class='ocrx_word' id='word_1_134' title='bbox 490 1977 814 2034; x_wconf 88' lang='lat' dir='ltr'><strong>Obedientes</strong></span> <span class='ocrx_word' id='word_1_135' title='bbox 854 1978 1038 2047; x_wconf 87' lang='lat' dir='ltr'><strong>itaque</strong></span> <span class='ocrx_word' id='word_1_136' title='bbox 1068 1977 1230 2033; x_wconf 86' lang='lat' dir='ltr'><strong>Petro</strong></span> <span class='ocrx_word' id='word_1_137' title='bbox 1269 1977 1518 2048; x_wconf 86' lang='lat' dir='ltr'><strong>apostolo</strong></span> <span class='ocrx_word' id='word_1_138' title='bbox 1553 1979 1751 2034; x_wconf 91' lang='lat' dir='ltr'><strong>dicenti</strong></span> <span class='ocrx_word' id='word_1_139' title='bbox 1785 1998 1797 2033; x_wconf 94' lang='lat'>:</span> <span class='ocrx_word' id='word_1_140' title='bbox 1832 1979 1998 2035; x_wconf 87' lang='lat' dir='ltr'><strong>Deum</strong></span> <span class='ocrx_word' id='word_1_141' title='bbox 2025 1981 2090 2033; x_wconf 86' lang='lat' dir='ltr'><strong>ti-</strong></span> 
     </span>
    </p>
   </div>
   <div class='ocr_carea' id='block_1_21' title="bbox 491 2067 2093 2141">
    <p class='ocr_par' dir='ltr' id='par_1_21' title="bbox 491 2067 2093 2141">
     <span class='ocr_line' id='line_1_21' title="bbox 491 2067 2093 2141; baseline 0.004 -19"><span class='ocrx_word' id='word_1_142' title='bbox 491 2079 642 2134; x_wconf 87' lang='lat' dir='ltr'><strong>mete,</strong></span> <span class='ocrx_word' id='word_1_143' title='bbox 669 2085 840 2140; x_wconf 83' lang='lat' dir='ltr'><strong>regem</strong></span> <span class='ocrx_word' id='word_1_144' title='bbox 865 2079 1036 2123; x_wconf 85' lang='lat' dir='ltr'><strong>autem</strong></span> <span class='ocrx_word' id='word_1_145' title='bbox 1056 2069 1400 2139; x_wconf 77' lang='lat' dir='ltr'><strong>honori/irate</strong></span> <span class='ocrx_word' id='word_1_146' title='bbox 1428 2067 1483 2137; x_wconf 93' lang='grc' dir='ltr'><strong>(Ι</strong></span> <span class='ocrx_word' id='word_1_147' title='bbox 1505 2069 1652 2124; x_wconf 86' lang='lat' dir='ltr'><strong>Petr.</strong></span> <span class='ocrx_word' id='word_1_148' title='bbox 1678 2085 1735 2139; x_wconf 85' lang='lat' dir='ltr'><strong>ll,</strong></span> <span class='ocrx_word' id='word_1_149' title='bbox 1761 2071 1881 2140; x_wconf 84' lang='lat' dir='ltr'><strong>l7);</strong></span> <span class='ocrx_word' id='word_1_150' title='bbox 1913 2080 1968 2126; x_wconf 91' lang='lat' dir='ltr'><strong>et</strong></span> <span class='ocrx_word' id='word_1_151' title='bbox 1994 2087 2093 2141; x_wconf 88' lang='lat' dir='ltr'><strong>pro</strong></span> 
     </span>
    </p>
   </div>
   <div class='ocr_carea' id='block_1_22' title="bbox 492 2157 2094 2229">
    <p class='ocr_par' dir='ltr' id='par_1_22' title="bbox 492 2157 2094 2229">
     <span class='ocr_line' id='line_1_22' title="bbox 492 2157 2094 2229; baseline 0.003 -17"><span class='ocrx_word' id='word_1_152' title='bbox 492 2157 586 2214; x_wconf 88' lang='lat' dir='ltr'><strong>Dei</strong></span> <span class='ocrx_word' id='word_1_153' title='bbox 616 2160 838 2228; x_wconf 90' lang='lat' dir='ltr'><strong>timore,</strong></span> <span class='ocrx_word' id='word_1_154' title='bbox 869 2174 990 2229; x_wconf 77' lang='lat' dir='ltr'><strong>quze</strong></span> <span class='ocrx_word' id='word_1_155' title='bbox 1019 2160 1294 2214; x_wconf 89' lang='lat' dir='ltr'><strong>contraria</strong></span> <span class='ocrx_word' id='word_1_156' title='bbox 1321 2169 1447 2215; x_wconf 92' lang='lat' dir='ltr'><strong>sunt</strong></span> <span class='ocrx_word' id='word_1_157' title='bbox 1481 2160 1736 2216; x_wconf 70' lang='lat' dir='ltr'><strong>Ecclesia:</strong></span> <span class='ocrx_word' id='word_1_158' title='bbox 1775 2160 1974 2217; x_wconf 92' lang='lat' dir='ltr'><strong>Christi</strong></span> <span class='ocrx_word' id='word_1_159' title='bbox 2004 2177 2094 2217; x_wconf 87' lang='lat' dir='ltr'><strong>re-</strong></span> 
     </span>
    </p>
   </div>
   <div class='ocr_carea' id='block_1_23' title="bbox 493 2249 2092 2322">
    <p class='ocr_par' dir='ltr' id='par_1_23' title="bbox 493 2249 2092 2322">
     <span class='ocr_line' id='line_1_23' title="bbox 493 2249 2092 2322; baseline -0.001 -17"><span class='ocrx_word' id='word_1_160' title='bbox 493 2249 756 2316; x_wconf 87' lang='lat' dir='ltr'><strong>fellimus;</strong></span> <span class='ocrx_word' id='word_1_161' title='bbox 797 2257 852 2306; x_wconf 89' lang='lat' dir='ltr'><strong>et</strong></span> <span class='ocrx_word' id='word_1_162' title='bbox 879 2265 980 2320; x_wconf 90' lang='lat' dir='ltr'><strong>pro</strong></span> <span class='ocrx_word' id='word_1_163' title='bbox 1008 2251 1150 2319; x_wconf 83' lang='lat' dir='ltr'><strong>regis</strong></span> <span class='ocrx_word' id='word_1_164' title='bbox 1177 2250 1616 2314; x_wconf 89' lang='lat' dir='ltr'><strong>honorilicentia,</strong></span> <span class='ocrx_word' id='word_1_165' title='bbox 1649 2267 1768 2322; x_wconf 83' lang='lat' dir='ltr'><strong>quae</strong></span> <span class='ocrx_word' id='word_1_166' title='bbox 1798 2251 2092 2306; x_wconf 88' lang='lat' dir='ltr'><strong>refellenda</strong></span> 
     </span>
    </p>
   </div>
   <div class='ocr_carea' id='block_1_24' title="bbox 488 2340 2094 2412">
    <p class='ocr_par' dir='ltr' id='par_1_24' title="bbox 488 2340 2094 2412">
     <span class='ocr_line' id='line_1_24' title="bbox 488 2340 2094 2412; baseline 0 -14"><span class='ocrx_word' id='word_1_167' title='bbox 488 2350 640 2410; x_wconf 87' lang='lat' dir='ltr'><strong>sunt,</strong></span> <span class='ocrx_word' id='word_1_168' title='bbox 667 2349 759 2396; x_wconf 88' lang='lat' dir='ltr'><strong>tua</strong></span> <span class='ocrx_word' id='word_1_169' title='bbox 786 2356 892 2396; x_wconf 91' lang='lat' dir='ltr'><strong>nou</strong></span> <span class='ocrx_word' id='word_1_170' title='bbox 922 2341 1171 2396; x_wconf 91' lang='lat' dir='ltr'><strong>dicimus.</strong></span> <span class='ocrx_word' id='word_1_171' title='bbox 1196 2340 1318 2397; x_wconf 92' lang='lat' dir='ltr'><strong>Sint</strong></span> <span class='ocrx_word' id='word_1_172' title='bbox 1345 2342 1507 2410; x_wconf 83' lang='lat' dir='ltr'><strong>igitur</strong></span> <span class='ocrx_word' id='word_1_173' title='bbox 1527 2343 1746 2398; x_wconf 91' lang='lat' dir='ltr'><strong>illorum</strong></span> <span class='ocrx_word' id='word_1_174' title='bbox 1777 2344 1868 2412; x_wconf 92' lang='lat' dir='ltr'><strong>qui</strong></span> <span class='ocrx_word' id='word_1_175' title='bbox 1897 2343 2094 2398; x_wconf 78' lang='lat' dir='ltr'><strong>frustra</strong></span> 
     </span>
    </p>
   </div>
   <div class='ocr_carea' id='block_1_25' title="bbox 494 2431 2097 2504">
    <p class='ocr_par' dir='ltr' id='par_1_25' title="bbox 494 2431 2097 2504">
     <span class='ocr_line' id='line_1_25' title="bbox 494 2431 2097 2504; baseline 0.001 -16"><span class='ocrx_word' id='word_1_176' title='bbox 494 2440 817 2504; x_wconf 90' lang='lat' dir='ltr'><strong>putaverunt</strong></span> <span class='ocrx_word' id='word_1_177' title='bbox 844 2432 988 2503; x_wconf 89' lang='lat' dir='ltr'><strong>quod</strong></span> <span class='ocrx_word' id='word_1_178' title='bbox 1017 2431 1152 2489; x_wconf 86' lang='lat' dir='ltr'><strong>falso</strong></span> <span class='ocrx_word' id='word_1_179' title='bbox 1183 2435 1260 2489; x_wconf 93' lang='lat' dir='ltr'><strong>tui</strong></span> <span class='ocrx_word' id='word_1_180' title='bbox 1300 2435 1533 2491; x_wconf 87' lang='lat' dir='ltr'><strong>nominis</strong></span> <span class='ocrx_word' id='word_1_181' title='bbox 1571 2436 1726 2491; x_wconf 91' lang='lat' dir='ltr'><strong>titulo</strong></span> <span class='ocrx_word' id='word_1_182' title='bbox 1758 2436 2097 2491; x_wconf 90' lang='lat' dir='ltr'><strong>munirentur</strong></span> 
     </span>
    </p>
   </div>
   <div class='ocr_carea' id='block_1_26' title="bbox 494 2525 2095 2598">
    <p class='ocr_par' dir='ltr' id='par_1_26' title="bbox 494 2525 2095 2598">
     <span class='ocr_line' id='line_1_26' title="bbox 494 2525 2095 2598; baseline 0.002 -19"><span class='ocrx_word' id='word_1_183' title='bbox 494 2540 616 2596; x_wconf 68' lang='lat' dir='ltr'><strong>qua:</strong></span> <span class='ocrx_word' id='word_1_184' title='bbox 643 2525 857 2580; x_wconf 88' lang='lat' dir='ltr'><strong>ratione</strong></span> <span class='ocrx_word' id='word_1_185' title='bbox 885 2532 1033 2580; x_wconf 88' lang='lat' dir='ltr'><strong>stare</strong></span> <span class='ocrx_word' id='word_1_186' title='bbox 1061 2541 1167 2581; x_wconf 93' lang='lat' dir='ltr'><strong>non</strong></span> <span class='ocrx_word' id='word_1_187' title='bbox 1196 2536 1454 2596; x_wconf 91' lang='lat' dir='ltr'><strong>possunt;</strong></span> <span class='ocrx_word' id='word_1_188' title='bbox 1495 2536 1551 2583; x_wconf 93' lang='lat' dir='ltr'><strong>et</strong></span> <span class='ocrx_word' id='word_1_189' title='bbox 1576 2527 1678 2583; x_wconf 91' lang='lat' dir='ltr'><strong>illis</strong></span> <span class='ocrx_word' id='word_1_190' title='bbox 1708 2528 1888 2598; x_wconf 87' lang='lat' dir='ltr'><strong>potius</strong></span> <span class='ocrx_word' id='word_1_191' title='bbox 1920 2529 2095 2597; x_wconf 91' lang='lat' dir='ltr'><strong>impu-</strong></span> 
     </span>
    </p>
   </div>
   <div class='ocr_carea' id='block_1_27' title="bbox 493 2615 2094 2688">
    <p class='ocr_par' dir='ltr' id='par_1_27' title="bbox 493 2615 2094 2688">
     <span class='ocr_line' id='line_1_27' title="bbox 493 2615 2094 2688; baseline 0.002 -18"><span class='ocrx_word' id='word_1_192' title='bbox 493 2625 676 2673; x_wconf 89' lang='lat' dir='ltr'><strong>tentur</strong></span> <span class='ocrx_word' id='word_1_193' title='bbox 701 2631 927 2686; x_wconf 90' lang='lat' dir='ltr'><strong>quorum</strong></span> <span class='ocrx_word' id='word_1_194' title='bbox 957 2621 1014 2671; x_wconf 90' lang='lat' dir='ltr'><strong>et</strong></span> <span class='ocrx_word' id='word_1_195' title='bbox 1045 2615 1400 2672; x_wconf 75' lang='lat' dir='ltr'><strong>fraudulentis</strong></span> <span class='ocrx_word' id='word_1_196' title='bbox 1428 2619 1916 2688; x_wconf 82' lang='lat' dir='ltr'><strong>excogitatiouibus</strong></span> <span class='ocrx_word' id='word_1_197' title='bbox 1936 2618 2094 2673; x_wconf 86' lang='lat' dir='ltr'><strong>adin-</strong></span> 
     </span>
    </p>
   </div>
   <div class='ocr_carea' id='block_1_28' title="bbox 495 2704 2096 2773">
    <p class='ocr_par' dir='ltr' id='par_1_28' title="bbox 495 2704 2096 2773">
     <span class='ocr_line' id='line_1_28' title="bbox 495 2704 2096 2773; baseline 0.001 -15"><span class='ocrx_word' id='word_1_198' title='bbox 495 2714 677 2773; x_wconf 90' lang='lat' dir='ltr'><strong>venta,</strong></span> <span class='ocrx_word' id='word_1_199' title='bbox 710 2715 766 2760; x_wconf 91' lang='lat' dir='ltr'><strong>et</strong></span> <span class='ocrx_word' id='word_1_200' title='bbox 793 2704 1060 2760; x_wconf 88' lang='lat' dir='ltr'><strong>diuturnis</strong></span> <span class='ocrx_word' id='word_1_201' title='bbox 1098 2704 1593 2762; x_wconf 88' lang='lat' dir='ltr'><strong>elucubrationibus</strong></span> <span class='ocrx_word' id='word_1_202' title='bbox 1631 2716 1821 2762; x_wconf 89' lang='lat' dir='ltr'><strong>contra</strong></span> <span class='ocrx_word' id='word_1_203' title='bbox 1849 2715 2096 2761; x_wconf 89' lang='lat' dir='ltr'><strong>sanctam</strong></span> 
     </span>
    </p>
   </div>
   <div class='ocr_carea' id='block_1_29' title="bbox 495 2795 2092 2868">
    <p class='ocr_par' dir='ltr' id='par_1_29' title="bbox 495 2795 2092 2868">
     <span class='ocr_line' id='line_1_29' title="bbox 495 2795 2092 2868; baseline 0 -17"><span class='ocrx_word' id='word_1_204' title='bbox 495 2795 994 2852; x_wconf 86' lang='lat' dir='ltr'><strong>Chalcedonensem</strong></span> <span class='ocrx_word' id='word_1_205' title='bbox 1033 2796 1301 2868; x_wconf 87' lang='lat' dir='ltr'><strong>synodum</strong></span> <span class='ocrx_word' id='word_1_206' title='bbox 1334 2797 1580 2852; x_wconf 81' lang='lat' dir='ltr'><strong>novimus</strong></span> <span class='ocrx_word' id='word_1_207' title='bbox 1621 2812 1742 2853; x_wconf 91' lang='lat' dir='ltr'><strong>esse</strong></span> <span class='ocrx_word' id='word_1_208' title='bbox 1770 2798 2092 2868; x_wconf 91' lang='lat' dir='ltr'><strong>composita.</strong></span> 
     </span>
    </p>
   </div>
   <div class='ocr_carea' id='block_1_30' title="bbox 496 2887 2096 2958">
    <p class='ocr_par' dir='ltr' id='par_1_30' title="bbox 496 2887 2096 2958">
     <span class='ocr_line' id='line_1_30' title="bbox 496 2887 2096 2958; baseline -0.001 -15"><span class='ocrx_word' id='word_1_209' title='bbox 496 2888 626 2943; x_wconf 79' lang='lat' dir='ltr'><strong>Nam</strong></span> <span class='ocrx_word' id='word_1_210' title='bbox 673 2887 804 2957; x_wconf 90' lang='lat' dir='ltr'><strong>quid</strong></span> <span class='ocrx_word' id='word_1_211' title='bbox 849 2902 988 2958; x_wconf 83' lang='lat' dir='ltr'><strong>Opus</strong></span> <span class='ocrx_word' id='word_1_212' title='bbox 1035 2895 1190 2954; x_wconf 89' lang='lat' dir='ltr'><strong>erat,</strong></span> <span class='ocrx_word' id='word_1_213' title='bbox 1244 2887 1511 2953; x_wconf 88' lang='lat' dir='ltr'><strong>obsecro,</strong></span> <span class='ocrx_word' id='word_1_214' title='bbox 1562 2888 1799 2958; x_wconf 88' lang='lat' dir='ltr'><strong>quietem</strong></span> <span class='ocrx_word' id='word_1_215' title='bbox 1845 2887 2096 2943; x_wconf 74' lang='lat' dir='ltr'><strong>Ecclesia:</strong></span> 
     </span>
    </p>
   </div>
   <div class='ocr_carea' id='block_1_31' title="bbox 490 2979 2092 3052">
    <p class='ocr_par' dir='ltr' id='par_1_31' title="bbox 490 2979 2092 3052">
     <span class='ocr_line' id='line_1_31' title="bbox 490 2979 2092 3052; baseline -0.002 -16"><span class='ocrx_word' id='word_1_216' title='bbox 490 2994 946 3052; x_wconf 82' lang='lat' dir='ltr'><strong>supervacuarum</strong></span> <span class='ocrx_word' id='word_1_217' title='bbox 970 2979 1352 3050; x_wconf 71' lang='lat' dir='ltr'><strong>quazstionum,</strong></span> <span class='ocrx_word' id='word_1_218' title='bbox 1379 2988 1567 3036; x_wconf 91' lang='lat' dir='ltr'><strong>utnon</strong></span> <span class='ocrx_word' id='word_1_219' title='bbox 1590 2980 1763 3036; x_wconf 90' lang='lat' dir='ltr'><strong>dicam</strong></span> <span class='ocrx_word' id='word_1_220' title='bbox 1791 2981 2092 3043; x_wconf 76' lang='lat' dir='ltr'><strong>noxiarum,</strong></span> 
     </span>
    </p>
   </div>
   <div class='ocr_carea' id='block_1_32' title="bbox 490 3072 2096 3145">
    <p class='ocr_par' dir='ltr' id='par_1_32' title="bbox 490 3072 2096 3145">
     <span class='ocr_line' id='line_1_32' title="bbox 490 3072 2096 3145; baseline -0.001 -17"><span class='ocrx_word' id='word_1_221' title='bbox 490 3073 939 3129; x_wconf 89' lang='lat' dir='ltr'><strong>concursionibus</strong></span> <span class='ocrx_word' id='word_1_222' title='bbox 967 3072 1218 3143; x_wconf 86' lang='lat' dir='ltr'><strong>agitare?</strong></span> <span class='ocrx_word' id='word_1_223' title='bbox 1255 3072 1394 3139; x_wconf 84' lang='lat' dir='ltr'><strong>Quid</strong></span> <span class='ocrx_word' id='word_1_224' title='bbox 1422 3089 1558 3144; x_wconf 92' lang='lat' dir='ltr'><strong>opus</strong></span> <span class='ocrx_word' id='word_1_225' title='bbox 1589 3082 1708 3128; x_wconf 86' lang='lat' dir='ltr'><strong>erat</strong></span> <span class='ocrx_word' id='word_1_226' title='bbox 1737 3073 1979 3144; x_wconf 89' lang='lat' dir='ltr'><strong>ejusdem</strong></span> <span class='ocrx_word' id='word_1_227' title='bbox 2008 3090 2096 3145; x_wconf 86' lang='lat' dir='ltr'><strong>sy-</strong></span> 
     </span>
    </p>
   </div>
   <div class='ocr_carea' id='block_1_33' title="bbox 492 3166 2096 3236">
    <p class='ocr_par' dir='ltr' id='par_1_33' title="bbox 492 3166 2096 3236">
     <span class='ocr_line' id='line_1_33' title="bbox 492 3166 2096 3236; baseline 0.001 -16"><span class='ocrx_word' id='word_1_228' title='bbox 492 3166 623 3222; x_wconf 82' lang='lat' dir='ltr'><strong>nodi</strong></span> <span class='ocrx_word' id='word_1_229' title='bbox 652 3175 950 3222; x_wconf 88' lang='lat' dir='ltr'><strong>retractare</strong></span> <span class='ocrx_word' id='word_1_230' title='bbox 980 3167 1222 3233; x_wconf 87' lang='lat' dir='ltr'><strong>decreta,</strong></span> <span class='ocrx_word' id='word_1_231' title='bbox 1258 3183 1366 3222; x_wconf 91' lang='lat' dir='ltr'><strong>non</strong></span> <span class='ocrx_word' id='word_1_232' title='bbox 1401 3168 1576 3222; x_wconf 90' lang='lat' dir='ltr'><strong>solum</strong></span> <span class='ocrx_word' id='word_1_233' title='bbox 1607 3176 1791 3224; x_wconf 90' lang='lat' dir='ltr'><strong>contra</strong></span> <span class='ocrx_word' id='word_1_234' title='bbox 1823 3166 2096 3236; x_wconf 85' lang='lat' dir='ltr'><strong>reiigionis</strong></span> 
     </span>
    </p>
   </div>
   <div class='ocr_carea' id='block_1_34' title="bbox 497 3259 2094 3329">
    <p class='ocr_par' dir='ltr' id='par_1_34' title="bbox 497 3259 2094 3329">
     <span class='ocr_line' id='line_1_34' title="bbox 497 3259 2094 3329; baseline 0.001 -15"><span class='ocrx_word' id='word_1_235' title='bbox 497 3260 856 3329; x_wconf 80' lang='lat' dir='ltr'><strong>reverentiam</strong></span> <span class='ocrx_word' id='word_1_236' title='bbox 882 3301 896 3325; x_wconf 93' lang='lat'><strong>,</strong></span> <span class='ocrx_word' id='word_1_237' title='bbox 945 3259 1041 3315; x_wconf 89' lang='lat' dir='ltr'><strong>sed</strong></span> <span class='ocrx_word' id='word_1_238' title='bbox 1086 3259 1250 3314; x_wconf 89' lang='lat' dir='ltr'><strong>etiam</strong></span> <span class='ocrx_word' id='word_1_239' title='bbox 1293 3269 1484 3314; x_wconf 89' lang='lat' dir='ltr'><strong>contra</strong></span> <span class='ocrx_word' id='word_1_240' title='bbox 1533 3260 1700 3329; x_wconf 90' lang='lat' dir='ltr'><strong>ipsius</strong></span> <span class='ocrx_word' id='word_1_241' title='bbox 1747 3261 2094 3315; x_wconf 88' lang='lat' dir='ltr'><strong>humanitatis</strong></span> 
     </span>
    </p>
   </div>
   <div class='ocr_carea' id='block_1_35' title="bbox 498 3349 2095 3421">
    <p class='ocr_par' dir='ltr' id='par_1_35' title="bbox 498 3349 2095 3421">
     <span class='ocr_line' id='line_1_35' title="bbox 498 3349 2095 3421; baseline -0.001 -16"><span class='ocrx_word' id='word_1_242' title='bbox 498 3349 782 3420; x_wconf 89' lang='lat' dir='ltr'><strong>pudorem,</strong></span> <span class='ocrx_word' id='word_1_243' title='bbox 814 3365 934 3420; x_wconf 76' lang='lat' dir='ltr'><strong>qum</strong></span> <span class='ocrx_word' id='word_1_244' title='bbox 973 3365 1241 3406; x_wconf 91' lang='lat' dir='ltr'><strong>consensu</strong></span> <span class='ocrx_word' id='word_1_245' title='bbox 1274 3351 1442 3406; x_wconf 89' lang='lat' dir='ltr'><strong>totius</strong></span> <span class='ocrx_word' id='word_1_246' title='bbox 1472 3349 1726 3406; x_wconf 75' lang='lat' dir='ltr'><strong>Ecclesiae</strong></span> <span class='ocrx_word' id='word_1_247' title='bbox 1753 3366 1854 3421; x_wconf 91' lang='lat' dir='ltr'><strong>per</strong></span> <span class='ocrx_word' id='word_1_248' title='bbox 1879 3359 2095 3404; x_wconf 91' lang='lat' dir='ltr'><strong>centum</strong></span> 
     </span>
    </p>
   </div>
   <div class='ocr_carea' id='block_1_36' title="bbox 498 3438 2099 3509">
    <p class='ocr_par' dir='ltr' id='par_1_36' title="bbox 498 3438 2099 3509">
     <span class='ocr_line' id='line_1_36' title="bbox 498 3438 2099 3509; baseline 0.002 -16"><span class='ocrx_word' id='word_1_249' title='bbox 498 3438 667 3496; x_wconf 89' lang='lat' dir='ltr'><strong>ferme</strong></span> <span class='ocrx_word' id='word_1_250' title='bbox 693 3457 896 3508; x_wconf 91' lang='lat' dir='ltr'><strong>annos,</strong></span> <span class='ocrx_word' id='word_1_251' title='bbox 929 3450 980 3498; x_wconf 93' lang='lat' dir='ltr'><strong>te</strong></span> <span class='ocrx_word' id='word_1_252' title='bbox 1007 3441 1233 3498; x_wconf 89' lang='lat' dir='ltr'><strong>custode</strong></span> <span class='ocrx_word' id='word_1_253' title='bbox 1264 3443 1315 3509; x_wconf 79' lang='lat'><strong>&#39;,</strong></span> <span class='ocrx_word' id='word_1_254' title='bbox 1364 3443 1626 3498; x_wconf 87' lang='lat' dir='ltr'><strong>hactenus</strong></span> <span class='ocrx_word' id='word_1_255' title='bbox 1660 3443 1914 3498; x_wconf 88' lang='lat' dir='ltr'><strong>inviolata</strong></span> <span class='ocrx_word' id='word_1_256' title='bbox 1945 3460 2099 3498; x_wconf 88' lang='lat' dir='ltr'><strong>man-</strong></span> 
     </span>
    </p>
   </div>
   <div class='ocr_carea' id='block_1_37' title="bbox 498 3531 2096 3604">
    <p class='ocr_par' dir='ltr' id='par_1_37' title="bbox 498 3531 2096 3604">
     <span class='ocr_line' id='line_1_37' title="bbox 498 3531 2096 3604; baseline -0.002 -14"><span class='ocrx_word' id='word_1_257' title='bbox 498 3533 724 3590; x_wconf 90' lang='lat' dir='ltr'><strong>serunt?</strong></span> <span class='ocrx_word' id='word_1_258' title='bbox 771 3532 868 3588; x_wconf 83' lang='lat' dir='ltr'><strong>Vel</strong></span> <span class='ocrx_word' id='word_1_259' title='bbox 914 3533 1042 3602; x_wconf 89' lang='lat' dir='ltr'><strong>quid</strong></span> <span class='ocrx_word' id='word_1_260' title='bbox 1082 3547 1218 3602; x_wconf 89' lang='lat' dir='ltr'><strong>opus</strong></span> <span class='ocrx_word' id='word_1_261' title='bbox 1259 3542 1378 3588; x_wconf 89' lang='lat' dir='ltr'><strong>erat</strong></span> <span class='ocrx_word' id='word_1_262' title='bbox 1421 3532 1691 3589; x_wconf 90' lang='lat' dir='ltr'><strong>Theodori</strong></span> <span class='ocrx_word' id='word_1_263' title='bbox 1732 3531 2096 3604; x_wconf 86' lang='lat' dir='ltr'><strong>M0psuesteni</strong></span> 
     </span>
    </p>
   </div>
   <div class='ocr_carea' id='block_1_38' title="bbox 501 3623 2099 3696">
    <p class='ocr_par' dir='ltr' id='par_1_38' title="bbox 501 3623 2099 3696">
     <span class='ocr_line' id='line_1_38' title="bbox 501 3623 2099 3696; baseline -0.001 -15"><span class='ocrx_word' id='word_1_264' title='bbox 501 3625 760 3696; x_wconf 86' lang='lat' dir='ltr'><strong>episcopi,</strong></span> <span class='ocrx_word' id='word_1_265' title='bbox 795 3626 925 3680; x_wconf 91' lang='lat' dir='ltr'><strong>olim</strong></span> <span class='ocrx_word' id='word_1_266' title='bbox 955 3626 1008 3681; x_wconf 91' lang='lat' dir='ltr'><strong>in</strong></span> <span class='ocrx_word' id='word_1_267' title='bbox 1037 3624 1292 3682; x_wconf 76' lang='lat' dir='ltr'><strong>Ecclesiae</strong></span> <span class='ocrx_word' id='word_1_268' title='bbox 1324 3641 1458 3696; x_wconf 89' lang='lat' dir='ltr'><strong>pace</strong></span> <span class='ocrx_word' id='word_1_269' title='bbox 1478 3623 1735 3690; x_wconf 89' lang='lat' dir='ltr'><strong>defuncti,</strong></span> <span class='ocrx_word' id='word_1_270' title='bbox 1767 3627 2099 3681; x_wconf 90' lang='lat' dir='ltr'><strong>calumniose</strong></span> 
     </span>
    </p>
   </div>
   <div class='ocr_carea' id='block_1_39' title="bbox 499 3711 2097 3786">
    <p class='ocr_par' dir='ltr' id='par_1_39' title="bbox 499 3711 2097 3786">
     <span class='ocr_line' id='line_1_39' title="bbox 499 3711 2097 3786; baseline -0.002 -15"><span class='ocrx_word' id='word_1_271' title='bbox 499 3715 644 3771; x_wconf 89' lang='lat' dir='ltr'><strong>dicta</strong></span> <span class='ocrx_word' id='word_1_272' title='bbox 676 3714 946 3770; x_wconf 84' lang='lat' dir='ltr'><strong>discutere</strong></span> <span class='ocrx_word' id='word_1_273' title='bbox 965 3757 980 3782; x_wconf 95' lang='lat'><strong>,</strong></span> <span class='ocrx_word' id='word_1_274' title='bbox 1023 3724 1079 3770; x_wconf 91' lang='lat' dir='ltr'><strong>et</strong></span> <span class='ocrx_word' id='word_1_275' title='bbox 1105 3716 1183 3770; x_wconf 86' lang='lat' dir='ltr'><strong>sic</strong></span> <span class='ocrx_word' id='word_1_276' title='bbox 1213 3715 1302 3770; x_wconf 90' lang='lat' dir='ltr'><strong>ubi</strong></span> <span class='ocrx_word' id='word_1_277' title='bbox 1333 3715 1513 3786; x_wconf 88' lang='lat' dir='ltr'><strong>lapsus</strong></span> <span class='ocrx_word' id='word_1_278' title='bbox 1539 3711 1778 3786; x_wconf 82' lang='lat' dir='ltr'><strong>putatur,</strong></span> <span class='ocrx_word' id='word_1_279' title='bbox 1807 3715 1894 3769; x_wconf 88' lang='lat' dir='ltr'><strong>vel</strong></span> <span class='ocrx_word' id='word_1_280' title='bbox 1933 3715 2097 3769; x_wconf 86' lang='lat' dir='ltr'><strong>etiam</strong></span> 
     </span>
    </p>
   </div>
   <div class='ocr_carea' id='block_1_40' title="bbox 497 3807 2096 3877">
    <p class='ocr_par' dir='ltr' id='par_1_40' title="bbox 497 3807 2096 3877">
     <span class='ocr_line' id='line_1_40' title="bbox 497 3807 2096 3877; baseline -0.001 -16"><span class='ocrx_word' id='word_1_281' title='bbox 497 3807 664 3863; x_wconf 89' lang='lat' dir='ltr'><strong>verbo</strong></span> <span class='ocrx_word' id='word_1_282' title='bbox 711 3807 1062 3862; x_wconf 88' lang='lat' dir='ltr'><strong>humanitatis</strong></span> <span class='ocrx_word' id='word_1_283' title='bbox 1093 3807 1274 3877; x_wconf 90' lang='lat' dir='ltr'><strong>lapsus</strong></span> <span class='ocrx_word' id='word_1_284' title='bbox 1306 3817 1428 3873; x_wconf 91' lang='lat' dir='ltr'><strong>est,</strong></span> <span class='ocrx_word' id='word_1_285' title='bbox 1475 3815 1623 3862; x_wconf 87' lang='lat' dir='ltr'><strong>tanta</strong></span> <span class='ocrx_word' id='word_1_286' title='bbox 1671 3808 1935 3863; x_wconf 88' lang='lat' dir='ltr'><strong>adversus</strong></span> <span class='ocrx_word' id='word_1_287' title='bbox 1973 3822 2096 3861; x_wconf 90' lang='lat' dir='ltr'><strong>eum</strong></span> 
     </span>
    </p>
   </div>
   <div class='ocr_carea' id='block_1_41' title="bbox 497 3898 2095 3968">
    <p class='ocr_par' dir='ltr' id='par_1_41' title="bbox 497 3898 2095 3968">
     <span class='ocr_line' id='line_1_41' title="bbox 497 3898 2095 3968; baseline 0.002 -16"><span class='ocrx_word' id='word_1_288' title='bbox 497 3899 673 3954; x_wconf 88' lang='lat' dir='ltr'><strong>furere</strong></span> <span class='ocrx_word' id='word_1_289' title='bbox 696 3899 1049 3966; x_wconf 87' lang='lat' dir='ltr'><strong>contumelia,</strong></span> <span class='ocrx_word' id='word_1_290' title='bbox 1076 3907 1296 3966; x_wconf 87' lang='lat' dir='ltr'><strong>quanta,</strong></span> <span class='ocrx_word' id='word_1_291' title='bbox 1327 3898 1372 3954; x_wconf 91' lang='lat' dir='ltr'><strong>si</strong></span> <span class='ocrx_word' id='word_1_292' title='bbox 1401 3898 1577 3953; x_wconf 91' lang='lat' dir='ltr'><strong>adhuc</strong></span> <span class='ocrx_word' id='word_1_293' title='bbox 1600 3899 1653 3952; x_wconf 92' lang='lat' dir='ltr'><strong>in</strong></span> <span class='ocrx_word' id='word_1_294' title='bbox 1679 3915 1911 3968; x_wconf 87' lang='lat' dir='ltr'><strong>corpore</strong></span> <span class='ocrx_word' id='word_1_295' title='bbox 1933 3899 2095 3967; x_wconf 80' lang='lat' dir='ltr'><strong>dege-</strong></span> 
     </span>
    </p>
   </div>
   <div class='ocr_carea' id='block_1_42' title="bbox 496 3986 2100 4060">
    <p class='ocr_par' dir='ltr' id='par_1_42' title="bbox 496 3986 2100 4060">
     <span class='ocr_line' id='line_1_42' title="bbox 496 3986 2100 4060; baseline 0.001 -16"><span class='ocrx_word' id='word_1_296' title='bbox 496 3997 599 4054; x_wconf 87' lang='lat' dir='ltr'><strong>ret,</strong></span> <span class='ocrx_word' id='word_1_297' title='bbox 630 4004 755 4044; x_wconf 92' lang='lat' dir='ltr'><strong>eum</strong></span> <span class='ocrx_word' id='word_1_298' title='bbox 799 3986 940 4043; x_wconf 89' lang='lat' dir='ltr'><strong>afliei</strong></span> <span class='ocrx_word' id='word_1_299' title='bbox 966 4004 1076 4044; x_wconf 91' lang='lat' dir='ltr'><strong>non</strong></span> <span class='ocrx_word' id='word_1_300' title='bbox 1115 3988 1367 4057; x_wconf 80' lang='lat' dir='ltr'><strong>deceret,</strong></span> <span class='ocrx_word' id='word_1_301' title='bbox 1401 3989 1502 4043; x_wconf 89' lang='lat' dir='ltr'><strong>nisi</strong></span> <span class='ocrx_word' id='word_1_302' title='bbox 1545 3990 1909 4060; x_wconf 89' lang='lat' dir='ltr'><strong>reprehensus</strong></span> <span class='ocrx_word' id='word_1_303' title='bbox 1951 3992 2100 4060; x_wconf 89' lang='lat' dir='ltr'><strong>prius</strong></span> 
     </span>
    </p>
   </div>
   <div class='ocr_carea' id='block_1_43' title="bbox 497 4081 2099 4152">
    <p class='ocr_par' dir='ltr' id='par_1_43' title="bbox 497 4081 2099 4152">
     <span class='ocr_line' id='line_1_43' title="bbox 497 4081 2099 4152; baseline 0.001 -16"><span class='ocrx_word' id='word_1_304' title='bbox 497 4090 662 4152; x_wconf 86' lang='lat' dir='ltr'><strong>atque</strong></span> <span class='ocrx_word' id='word_1_305' title='bbox 690 4081 1004 4144; x_wconf 90' lang='lat' dir='ltr'><strong>convictus,</strong></span> <span class='ocrx_word' id='word_1_306' title='bbox 1039 4088 1163 4150; x_wconf 87' lang='lat' dir='ltr'><strong>post</strong></span> <span class='ocrx_word' id='word_1_307' title='bbox 1188 4095 1351 4135; x_wconf 91' lang='lat' dir='ltr'><strong>unam</strong></span> <span class='ocrx_word' id='word_1_308' title='bbox 1381 4089 1436 4135; x_wconf 92' lang='lat' dir='ltr'><strong>et</strong></span> <span class='ocrx_word' id='word_1_309' title='bbox 1473 4081 1763 4135; x_wconf 90' lang='lat' dir='ltr'><strong>secundam</strong></span> <span class='ocrx_word' id='word_1_310' title='bbox 1799 4082 2099 4152; x_wconf 86' lang='lat' dir='ltr'><strong>correptio-</strong></span> 
     </span>
    </p>
   </div>
   <div class='ocr_carea' id='block_1_44' title="bbox 497 4172 2097 4244">
    <p class='ocr_par' dir='ltr' id='par_1_44' title="bbox 497 4172 2097 4244">
     <span class='ocr_line' id='line_1_44' title="bbox 497 4172 2097 4244; baseline -0.001 -15"><span class='ocrx_word' id='word_1_311' title='bbox 497 4189 618 4230; x_wconf 92' lang='lat' dir='ltr'><strong>nem</strong></span> <span class='ocrx_word' id='word_1_312' title='bbox 644 4173 1000 4244; x_wconf 87' lang='lat' dir='ltr'><strong>pertinaciter</strong></span> <span class='ocrx_word' id='word_1_313' title='bbox 1025 4172 1241 4228; x_wconf 87' lang='lat' dir='ltr'><strong>veritati</strong></span> <span class='ocrx_word' id='word_1_314' title='bbox 1264 4172 1581 4228; x_wconf 88' lang='lat' dir='ltr'><strong>resisteret?</strong></span> <span class='ocrx_word' id='word_1_315' title='bbox 1618 4173 1722 4228; x_wconf 90' lang='lat' dir='ltr'><strong>Sed</strong></span> <span class='ocrx_word' id='word_1_316' title='bbox 1753 4175 1879 4243; x_wconf 91' lang='lat' dir='ltr'><strong>quia</strong></span> <span class='ocrx_word' id='word_1_317' title='bbox 1913 4175 2097 4229; x_wconf 85' lang='lat' dir='ltr'><strong>lauda-</strong></span> 
     </span>
    </p>
   </div>
   <div class='ocr_carea' id='block_1_45' title="bbox 497 4262 2096 4336">
    <p class='ocr_par' dir='ltr' id='par_1_45' title="bbox 497 4262 2096 4336">
     <span class='ocr_line' id='line_1_45' title="bbox 497 4262 2096 4336; baseline 0.001 -18"><span class='ocrx_word' id='word_1_318' title='bbox 497 4273 585 4319; x_wconf 91' lang='lat' dir='ltr'><strong>tur</strong></span> <span class='ocrx_word' id='word_1_319' title='bbox 606 4263 749 4319; x_wconf 90' lang='lat' dir='ltr'><strong>idem</strong></span> <span class='ocrx_word' id='word_1_320' title='bbox 771 4263 1090 4319; x_wconf 89' lang='lat' dir='ltr'><strong>Theodorus</strong></span> <span class='ocrx_word' id='word_1_321' title='bbox 1113 4262 1167 4318; x_wconf 88' lang='lat' dir='ltr'><strong>in</strong></span> <span class='ocrx_word' id='word_1_322' title='bbox 1188 4262 1419 4334; x_wconf 89' lang='lat' dir='ltr'><strong>epistola</strong></span> <span class='ocrx_word' id='word_1_323' title='bbox 1441 4264 1764 4319; x_wconf 90' lang='lat' dir='ltr'><strong>venerabilis</strong></span> <span class='ocrx_word' id='word_1_324' title='bbox 1787 4264 1910 4331; x_wconf 73' lang='lat' dir='ltr'><strong>lbze,</strong></span> <span class='ocrx_word' id='word_1_325' title='bbox 1935 4282 2096 4336; x_wconf 88' lang='lat' dir='ltr'><strong>quam</strong></span> 
     </span>
    </p>
   </div>
   <div class='ocr_carea' id='block_1_46' title="bbox 498 4353 2099 4426">
    <p class='ocr_par' dir='ltr' id='par_1_46' title="bbox 498 4353 2099 4426">
     <span class='ocr_line' id='line_1_46' title="bbox 498 4353 2099 4426; baseline 0.004 -20"><span class='ocrx_word' id='word_1_326' title='bbox 498 4362 797 4410; x_wconf 89' lang='lat' dir='ltr'><strong>nemorata</strong></span> <span class='ocrx_word' id='word_1_327' title='bbox 845 4353 1084 4425; x_wconf 85' lang='lat' dir='ltr'><strong>synodus</strong></span> <span class='ocrx_word' id='word_1_328' title='bbox 1129 4354 1502 4425; x_wconf 85' lang='lat' dir='ltr'><strong>pronuntiavit</strong></span> <span class='ocrx_word' id='word_1_329' title='bbox 1551 4355 1950 4423; x_wconf 82' lang='lat' dir='ltr'><strong>orthodoxam,</strong></span> <span class='ocrx_word' id='word_1_330' title='bbox 2001 4373 2099 4426; x_wconf 91' lang='lat' dir='ltr'><strong>per</strong></span> 
     </span>
    </p>
   </div>
   <div class='ocr_carea' id='block_1_47' title="bbox 498 4444 2096 4518">
    <p class='ocr_par' dir='ltr' id='par_1_47' title="bbox 498 4444 2096 4518">
     <span class='ocr_line' id='line_1_47' title="bbox 498 4444 2096 4518; baseline 0.003 -18"><span class='ocrx_word' id='word_1_331' title='bbox 498 4447 602 4501; x_wconf 91' lang='lat' dir='ltr'><strong>hoc</strong></span> <span class='ocrx_word' id='word_1_332' title='bbox 631 4444 1012 4500; x_wconf 87' lang='lat' dir='ltr'><strong>auctoritatem</strong></span> <span class='ocrx_word' id='word_1_333' title='bbox 1050 4445 1217 4515; x_wconf 77' lang='lat' dir='ltr'><strong>ipsius</strong></span> <span class='ocrx_word' id='word_1_334' title='bbox 1254 4445 1444 4518; x_wconf 82' lang='lat' dir='ltr'><strong>synodi</strong></span> <span class='ocrx_word' id='word_1_335' title='bbox 1489 4445 1802 4501; x_wconf 86' lang='lat' dir='ltr'><strong>solvendam</strong></span> <span class='ocrx_word' id='word_1_336' title='bbox 1855 4448 2096 4503; x_wconf 72' lang='lat' dir='ltr'><strong>hmretici</strong></span> 
     </span>
    </p>
   </div>
   <div class='ocr_carea' id='block_1_48' title="bbox 497 4534 2097 4608">
    <p class='ocr_par' dir='ltr' id='par_1_48' title="bbox 497 4534 2097 4608">
     <span class='ocr_line' id='line_1_48' title="bbox 497 4534 2097 4608; baseline 0.003 -17"><span class='ocrx_word' id='word_1_337' title='bbox 497 4534 864 4600; x_wconf 89' lang='lat' dir='ltr'><strong>crediderunt,</strong></span> <span class='ocrx_word' id='word_1_338' title='bbox 897 4535 941 4590; x_wconf 92' lang='lat' dir='ltr'><strong>si</strong></span> <span class='ocrx_word' id='word_1_339' title='bbox 980 4550 1124 4593; x_wconf 85' lang='lat' dir='ltr'><strong>nunc</strong></span> <span class='ocrx_word' id='word_1_340' title='bbox 1167 4551 1312 4606; x_wconf 90' lang='lat' dir='ltr'><strong>eum,</strong></span> <span class='ocrx_word' id='word_1_341' title='bbox 1343 4545 1468 4608; x_wconf 89' lang='lat' dir='ltr'><strong>post</strong></span> <span class='ocrx_word' id='word_1_342' title='bbox 1511 4546 1729 4593; x_wconf 87' lang='lat' dir='ltr'><strong>centum</strong></span> <span class='ocrx_word' id='word_1_343' title='bbox 1769 4546 1826 4593; x_wconf 92' lang='lat' dir='ltr'><strong>et</strong></span> <span class='ocrx_word' id='word_1_344' title='bbox 1867 4539 2097 4608; x_wconf 88' lang='lat' dir='ltr'><strong>amplius</strong></span> 
     </span>
    </p>
   </div>
   <div class='ocr_carea' id='block_1_49' title="bbox 497 4622 2096 4700">
    <p class='ocr_par' dir='ltr' id='par_1_49' title="bbox 497 4622 2096 4700">
     <span class='ocr_line' id='line_1_49' title="bbox 497 4622 2096 4700; baseline 0.003 -20"><span class='ocrx_word' id='word_1_345' title='bbox 497 4624 858 4682; x_wconf 77' lang='lat' dir='ltr'><strong>defunctionis</strong></span> <span class='ocrx_word' id='word_1_346' title='bbox 883 4624 1001 4695; x_wconf 86' lang='lat' dir='ltr'><strong>ejus</strong></span> <span class='ocrx_word' id='word_1_347' title='bbox 1027 4641 1199 4681; x_wconf 91' lang='lat' dir='ltr'><strong>annos</strong></span> <span class='ocrx_word' id='word_1_348' title='bbox 1217 4668 1233 4694; x_wconf 93' lang='lat'><strong>,</strong></span> <span class='ocrx_word' id='word_1_349' title='bbox 1275 4622 1423 4682; x_wconf 76' lang='lat' dir='ltr'><strong>velut</strong></span> <span class='ocrx_word' id='word_1_350' title='bbox 1448 4636 1728 4684; x_wconf 86' lang='lat' dir='ltr'><strong>auctorem</strong></span> <span class='ocrx_word' id='word_1_351' title='bbox 1755 4631 2096 4700; x_wconf 78' lang='lat' dir='ltr'><strong>magistrum-</strong></span> 
     </span>
    </p>
   </div>
   <div class='ocr_carea' id='block_1_50' title="bbox 498 4717 2098 4792">
    <p class='ocr_par' dir='ltr' id='par_1_50' title="bbox 498 4717 2098 4792">
     <span class='ocr_line' id='line_1_50' title="bbox 498 4717 2098 4792; baseline 0.004 -19"><span class='ocrx_word' id='word_1_352' title='bbox 498 4733 605 4790; x_wconf 87' lang='lat' dir='ltr'><strong>que</strong></span> <span class='ocrx_word' id='word_1_353' title='bbox 645 4717 879 4774; x_wconf 88' lang='lat' dir='ltr'><strong>Nestorii</strong></span> <span class='ocrx_word' id='word_1_354' title='bbox 921 4718 1286 4775; x_wconf 83' lang='lat' dir='ltr'><strong>condemnare</strong></span> <span class='ocrx_word' id='word_1_355' title='bbox 1323 4720 1584 4785; x_wconf 88' lang='lat' dir='ltr'><strong>facerent,</strong></span> <span class='ocrx_word' id='word_1_356' title='bbox 1616 4729 1672 4776; x_wconf 92' lang='lat' dir='ltr'><strong>et</strong></span> <span class='ocrx_word' id='word_1_357' title='bbox 1699 4735 2098 4792; x_wconf 90' lang='lat' dir='ltr'><strong>consequenter</strong></span> 
     </span>
    </p>
   </div>
   <div class='ocr_carea' id='block_1_51' title="bbox 497 4809 2088 4882">
    <p class='ocr_par' dir='ltr' id='par_1_51' title="bbox 497 4809 2088 4882">
     <span class='ocr_line' id='line_1_51' title="bbox 497 4809 2088 4882; baseline 0.003 -17"><span class='ocrx_word' id='word_1_358' title='bbox 497 4811 660 4865; x_wconf 87' lang='lat' dir='ltr'><strong>etiam</strong></span> <span class='ocrx_word' id='word_1_359' title='bbox 688 4810 859 4882; x_wconf 88' lang='lat' dir='ltr'><strong>ipsam</strong></span> <span class='ocrx_word' id='word_1_360' title='bbox 889 4809 1175 4880; x_wconf 85' lang='lat' dir='ltr'><strong>epistolam</strong></span> <span class='ocrx_word' id='word_1_361' title='bbox 1202 4851 1216 4877; x_wconf 95' lang='lat'><strong>,</strong></span> <span class='ocrx_word' id='word_1_362' title='bbox 1257 4811 1412 4881; x_wconf 84' lang='lat' dir='ltr'><strong>quasi</strong></span> <span class='ocrx_word' id='word_1_363' title='bbox 1452 4811 1691 4866; x_wconf 73' lang='lat' dir='ltr'><strong>hmretici</strong></span> <span class='ocrx_word' id='word_1_364' title='bbox 1720 4811 2088 4869; x_wconf 89' lang='lat' dir='ltr'><strong>laudatricem.</strong></span> 
     </span>
    </p>
   </div>
   <div class='ocr_carea' id='block_1_52' title="bbox 497 4901 2095 4973">
    <p class='ocr_par' dir='ltr' id='par_1_52' title="bbox 497 4901 2095 4973">
     <span class='ocr_line' id='line_1_52' title="bbox 497 4901 2095 4973; baseline 0.003 -17"><span class='ocrx_word' id='word_1_365' title='bbox 497 4902 634 4970; x_wconf 82' lang='lat' dir='ltr'><strong>Quid</strong></span> <span class='ocrx_word' id='word_1_366' title='bbox 663 4911 842 4957; x_wconf 89' lang='lat' dir='ltr'><strong>autem</strong></span> <span class='ocrx_word' id='word_1_367' title='bbox 885 4909 1068 4971; x_wconf 80' lang='lat' dir='ltr'><strong>agent,</strong></span> <span class='ocrx_word' id='word_1_368' title='bbox 1095 4901 1241 4972; x_wconf 90' lang='lat' dir='ltr'><strong>quod</strong></span> <span class='ocrx_word' id='word_1_369' title='bbox 1275 4918 1384 4957; x_wconf 91' lang='lat' dir='ltr'><strong>non</strong></span> <span class='ocrx_word' id='word_1_370' title='bbox 1416 4901 1591 4958; x_wconf 91' lang='lat' dir='ltr'><strong>solum</strong></span> <span class='ocrx_word' id='word_1_371' title='bbox 1622 4903 1675 4956; x_wconf 91' lang='lat' dir='ltr'><strong>in</strong></span> <span class='ocrx_word' id='word_1_372' title='bbox 1705 4902 1820 4973; x_wconf 90' lang='lat' dir='ltr'><strong>ipsa</strong></span> <span class='ocrx_word' id='word_1_373' title='bbox 1847 4904 2095 4960; x_wconf 89' lang='lat' dir='ltr'><strong>laudatur</strong></span> 
     </span>
    </p>
   </div>
   <div class='ocr_carea' id='block_1_53' title="bbox 497 4992 2091 5065">
    <p class='ocr_par' dir='ltr' id='par_1_53' title="bbox 497 4992 2091 5065">
     <span class='ocr_line' id='line_1_53' title="bbox 497 4992 2091 5065; baseline 0.002 -17"><span class='ocrx_word' id='word_1_374' title='bbox 497 4993 727 5065; x_wconf 59' lang='lat' dir='ltr'><strong>epistola</strong></span> <span class='ocrx_word' id='word_1_375' title='bbox 757 4992 1073 5050; x_wconf 90' lang='lat' dir='ltr'><strong>Theodorus</strong></span> <span class='ocrx_word' id='word_1_376' title='bbox 1103 4992 1514 5064; x_wconf 78' lang='lat' dir='ltr'><strong>Mopsuestenus</strong></span> <span class='ocrx_word' id='word_1_377' title='bbox 1553 4993 1860 5064; x_wconf 84' lang='lat' dir='ltr'><strong>episcopus,</strong></span> <span class='ocrx_word' id='word_1_378' title='bbox 1904 5011 2091 5051; x_wconf 86' lang='lat' dir='ltr'><strong>verum</strong></span> 
     </span>
    </p>
   </div>
   <div class='ocr_carea' id='block_1_54' title="bbox 571 5217 2091 5291">
    <p class='ocr_par' dir='ltr' id='par_1_54' title="bbox 571 5217 2091 5291">
     <span class='ocr_line' id='line_1_54' title="bbox 571 5217 2091 5291; baseline -0.004 -15"><span class='ocrx_word' id='word_1_379' title='bbox 571 5218 714 5291; x_wconf 50' lang='lat' dir='ltr'><strong>{De</strong></span> <span class='ocrx_word' id='word_1_380' title='bbox 740 5219 847 5275; x_wconf 92' lang='lat' dir='ltr'><strong>hoc</strong></span> <span class='ocrx_word' id='word_1_381' title='bbox 866 5236 1032 5291; x_wconf 90' lang='lat' dir='ltr'><strong>opere</strong></span> <span class='ocrx_word' id='word_1_382' title='bbox 1055 5221 1341 5277; x_wconf 71' lang='lat' dir='ltr'><strong>Iustiniani</strong></span> <span class='ocrx_word' id='word_1_383' title='bbox 1371 5223 1678 5290; x_wconf 88' lang='lat' dir='ltr'><strong>Liberatus,</strong></span> <span class='ocrx_word' id='word_1_384' title='bbox 1708 5235 1830 5290; x_wconf 89' lang='lat' dir='ltr'><strong>cap.</strong></span> <span class='ocrx_word' id='word_1_385' title='bbox 1863 5217 2053 5291; x_wconf 86' lang='lat' dir='ltr'><strong>ultimo</strong></span> <span class='ocrx_word' id='word_1_386' title='bbox 2078 5237 2091 5271; x_wconf 91' lang='lat'><strong>:</strong></span> 
     </span>
    </p>
   </div>
   <div class='ocr_carea' id='block_1_55' title="bbox 497 5287 2094 5372">
    <p class='ocr_par' dir='ltr' id='par_1_55' title="bbox 497 5287 2094 5372">
     <span class='ocr_line' id='line_1_55' title="bbox 497 5287 2094 5372; baseline -0.003 -29"><span class='ocrx_word' id='word_1_387' title='bbox 497 5287 726 5372; x_wconf 60' lang='lat' dir='ltr'><strong>Gulfida,</strong></span> <span class='ocrx_word' id='word_1_388' title='bbox 756 5287 956 5372; x_wconf 55' lang='lat' dir='ltr'><strong>inquit,</strong></span> <span class='ocrx_word' id='word_1_389' title='bbox 984 5293 1170 5372; x_wconf 70' lang='lat' dir='ltr'><strong>fraude</strong></span> <span class='ocrx_word' id='word_1_390' title='bbox 1197 5303 1510 5372; x_wconf 70' lang='lat' dir='ltr'><strong>rogaverunt</strong></span> <span class='ocrx_word' id='word_1_391' title='bbox 1538 5287 1806 5372; x_wconf 67' lang='lat' dir='ltr'><strong>A_cep_ltali,</strong></span> <span class='ocrx_word' id='word_1_392' title='bbox 1839 5298 1896 5342; x_wconf 90' lang='lat' dir='ltr'><strong>ut</strong></span> <span class='ocrx_word' id='word_1_393' title='bbox 1924 5289 2094 5341; x_wconf 84' lang='lat' dir='ltr'><strong>dicta-</strong></span> 
     </span>
    </p>
   </div>
   <div class='ocr_carea' id='block_1_56' title="bbox 497 5360 2092 5434">
    <p class='ocr_par' dir='ltr' id='par_1_56' title="bbox 497 5360 2092 5434">
     <span class='ocr_line' id='line_1_56' title="bbox 497 5360 2092 5434; baseline -0.001 -21"><span class='ocrx_word' id='word_1_394' title='bbox 497 5369 576 5434; x_wconf 72' lang='lat' dir='ltr'><strong>ret</strong></span> <span class='ocrx_word' id='word_1_395' title='bbox 602 5360 789 5434; x_wconf 75' lang='lat' dir='ltr'><strong>librum</strong></span> <span class='ocrx_word' id='word_1_396' title='bbox 825 5360 882 5434; x_wconf 78' lang='lat' dir='ltr'><strong>in</strong></span> <span class='ocrx_word' id='word_1_397' title='bbox 922 5360 1312 5418; x_wconf 65' lang='lat' dir='ltr'><strong>damnationem</strong></span> <span class='ocrx_word' id='word_1_398' title='bbox 1358 5367 1512 5418; x_wconf 88' lang='lat' dir='ltr'><strong>trium</strong></span> <span class='ocrx_word' id='word_1_399' title='bbox 1557 5360 1912 5434; x_wconf 71' lang='lat' dir='ltr'><strong>Capitulorum</strong></span> <span class='ocrx_word' id='word_1_400' title='bbox 1944 5375 1960 5412; x_wconf 90' lang='lat'><strong><em>:</em></strong></span> <span class='ocrx_word' id='word_1_401' title='bbox 1992 5375 2092 5429; x_wconf 87' lang='lat' dir='ltr'><strong>quo</strong></span> 
     </span>
    </p>
   </div>
   <div class='ocr_carea' id='block_1_57' title="bbox 497 5430 2088 5506">
    <p class='ocr_par' dir='ltr' id='par_1_57' title="bbox 497 5430 2088 5506">
     <span class='ocr_line' id='line_1_57' title="bbox 497 5430 2088 5506; baseline -0.003 -22"><span class='ocrx_word' id='word_1_402' title='bbox 497 5431 630 5506; x_wconf 71' lang='lat' dir='ltr'><strong>libro</strong></span> <span class='ocrx_word' id='word_1_403' title='bbox 658 5430 771 5506; x_wconf 75' lang='lat' dir='ltr'><strong>ejus</strong></span> <span class='ocrx_word' id='word_1_404' title='bbox 808 5432 968 5497; x_wconf 85' lang='lat' dir='ltr'><strong>edita,</strong></span> <span class='ocrx_word' id='word_1_405' title='bbox 995 5442 1044 5486; x_wconf 90' lang='lat' dir='ltr'><strong>et</strong></span> <span class='ocrx_word' id='word_1_406' title='bbox 1075 5435 1167 5506; x_wconf 83' lang='lat' dir='ltr'><strong>toti</strong></span> <span class='ocrx_word' id='word_1_407' title='bbox 1205 5435 1398 5506; x_wconf 84' lang='lat' dir='ltr'><strong>mundo</strong></span> <span class='ocrx_word' id='word_1_408' title='bbox 1428 5430 1727 5506; x_wconf 66' lang='lat' dir='ltr'><strong>manifesto,</strong></span> <span class='ocrx_word' id='word_1_409' title='bbox 1760 5432 1883 5506; x_wconf 68' lang='lat' dir='ltr'><strong>dum</strong></span> <span class='ocrx_word' id='word_1_410' title='bbox 1909 5445 2088 5506; x_wconf 50' lang='lat' dir='ltr'><strong>emerc-</strong></span> 
     </span>
    </p>
   </div>
   <div class='ocr_carea' id='block_1_58' title="bbox 499 5498 2093 5570">
    <p class='ocr_par' dir='ltr' id='par_1_58' title="bbox 499 5498 2093 5570">
     <span class='ocr_line' id='line_1_58' title="bbox 499 5498 2093 5570; baseline -0.003 -14"><span class='ocrx_word' id='word_1_411' title='bbox 499 5501 628 5556; x_wconf 73' lang='lat' dir='ltr'><strong>dure</strong></span> <span class='ocrx_word' id='word_1_412' title='bbox 653 5498 886 5570; x_wconf 70' lang='lat' dir='ltr'><strong>princeps</strong></span> <span class='ocrx_word' id='word_1_413' title='bbox 912 5505 1191 5569; x_wconf 69' lang='lat' dir='ltr'><strong>erubescit,</strong></span> <span class='ocrx_word' id='word_1_414' title='bbox 1222 5498 1587 5561; x_wconf 60' lang='lat' dir='ltr'><strong>irrevocabilis</strong></span> <span class='ocrx_word' id='word_1_415' title='bbox 1611 5519 1771 5558; x_wconf 77' lang='lat' dir='ltr'><strong>causa</strong></span> <span class='ocrx_word' id='word_1_416' title='bbox 1809 5502 1975 5570; x_wconf 74' lang='lat' dir='ltr'><strong>fieret.</strong></span> <span class='ocrx_word' id='word_1_417' title='bbox 2021 5498 2093 5552; x_wconf 79' lang='lat' dir='ltr'><strong>Et</strong></span> 
     </span>
    </p>
   </div>
   <div class='ocr_carea' id='block_1_59' title="bbox 497 5570 2095 5644">
    <p class='ocr_par' dir='ltr' id='par_1_59' title="bbox 497 5570 2095 5644">
     <span class='ocr_line' id='line_1_59' title="bbox 497 5570 2095 5644; baseline 0 -21"><span class='ocrx_word' id='word_1_418' title='bbox 497 5571 734 5644; x_wconf 68' lang='lat' dir='ltr'><strong>condidit</strong></span> <span class='ocrx_word' id='word_1_419' title='bbox 772 5570 960 5644; x_wconf 56' lang='lat' dir='ltr'><strong>librum</strong></span> <span class='ocrx_word' id='word_1_420' title='bbox 987 5591 1080 5644; x_wconf 86' lang='lat' dir='ltr'><strong>pro</strong></span> <span class='ocrx_word' id='word_1_421' title='bbox 1109 5575 1314 5630; x_wconf 77' lang='lat' dir='ltr'><strong>delictis</strong></span> <span class='ocrx_word' id='word_1_422' title='bbox 1343 5578 1536 5633; x_wconf 77' lang='lat' dir='ltr'><strong>nostris</strong></span> <span class='ocrx_word' id='word_1_423' title='bbox 1564 5575 1712 5631; x_wconf 77' lang='lat' dir='ltr'><strong>nobis</strong></span> <span class='ocrx_word' id='word_1_424' title='bbox 1742 5570 1972 5644; x_wconf 67' lang='lat' dir='ltr'><strong>omnibus</strong></span> <span class='ocrx_word' id='word_1_425' title='bbox 1998 5587 2095 5624; x_wconf 86' lang='lat' dir='ltr'><strong>no-</strong></span> 
     </span>
    </p>
   </div>
   <div class='ocr_carea' id='block_1_60' title="bbox 500 5642 2091 5717">
    <p class='ocr_par' dir='ltr' id='par_1_60' title="bbox 500 5642 2091 5717">
     <span class='ocr_line' id='line_1_60' title="bbox 500 5642 2091 5717; baseline -0.001 -23"><span class='ocrx_word' id='word_1_426' title='bbox 500 5642 777 5717; x_wconf 61' lang='lat' dir='ltr'><strong>tissigntgn.</strong></span> <span class='ocrx_word' id='word_1_427' title='bbox 808 5642 1048 5717; x_wconf 60' lang='lat' dir='ltr'><strong>Meminit</strong></span> <span class='ocrx_word' id='word_1_428' title='bbox 1071 5647 1234 5700; x_wconf 90' lang='lat' dir='ltr'><strong>etiam</strong></span> <span class='ocrx_word' id='word_1_429' title='bbox 1263 5644 1484 5717; x_wconf 80' lang='lat' dir='ltr'><strong>Vigilius</strong></span> <span class='ocrx_word' id='word_1_430' title='bbox 1513 5649 1566 5702; x_wconf 88' lang='lat' dir='ltr'><strong>in</strong></span> <span class='ocrx_word' id='word_1_431' title='bbox 1612 5645 1840 5716; x_wconf 82' lang='lat' dir='ltr'><strong>epistola</strong></span> <span class='ocrx_word' id='word_1_432' title='bbox 1869 5643 2091 5717; x_wconf 70' lang='lat' dir='ltr'><strong>dauma-</strong></span> 
     </span>
    </p>
   </div>
   <div class='ocr_carea' id='block_1_61' title="bbox 501 5710 2088 5780">
    <p class='ocr_par' dir='ltr' id='par_1_61' title="bbox 501 5710 2088 5780">
     <span class='ocr_line' id='line_1_61' title="bbox 501 5710 2088 5780; baseline 0.003 -16"><span class='ocrx_word' id='word_1_433' title='bbox 501 5711 664 5766; x_wconf 85' lang='lat' dir='ltr'><strong>tionis</strong></span> <span class='ocrx_word' id='word_1_434' title='bbox 686 5710 955 5768; x_wconf 84' lang='lat' dir='ltr'><strong>Thcodori</strong></span> <span class='ocrx_word' id='word_1_435' title='bbox 978 5710 1353 5772; x_wconf 59' lang='lat' dir='ltr'><strong>ansariensis:</strong></span> <span class='ocrx_word' id='word_1_436' title='bbox 1369 5717 1486 5774; x_wconf 80' lang='lat' dir='ltr'><strong>Non</strong></span> <span class='ocrx_word' id='word_1_437' title='bbox 1525 5710 1806 5774; x_wconf 80' lang='lat' dir='ltr'><strong>dubitabat</strong></span> <span class='ocrx_word' id='word_1_438' title='bbox 1827 5727 1953 5780; x_wconf 90' lang='lat' dir='ltr'><strong>ergo</strong></span> <span class='ocrx_word' id='word_1_439' title='bbox 1986 5710 2088 5764; x_wconf 85' lang='lat' dir='ltr'><strong>Fa-</strong></span> 
     </span>
    </p>
   </div>
   <div class='ocr_carea' id='block_1_62' title="bbox 576 5938 1532 6007">
    <p class='ocr_par' dir='ltr' id='par_1_62' title="bbox 576 5938 1532 6007">
     <span class='ocr_line' id='line_1_62' title="bbox 576 5938 1532 6007; baseline -0.005 -10"><span class='ocrx_word' id='word_1_440' title='bbox 576 5941 596 5975; x_wconf 75' lang='grc'><strong>⁸</strong></span> <span class='ocrx_word' id='word_1_441' title='bbox 622 5938 761 5998; x_wconf 85' lang='lat' dir='ltr'><strong>Cod.</strong></span> <span class='ocrx_word' id='word_1_442' title='bbox 791 5941 1014 6007; x_wconf 71' lang='lat' dir='ltr'><strong>Verum,</strong></span> <span class='ocrx_word' id='word_1_443' title='bbox 1047 5951 1205 5998; x_wconf 78' lang='lat' dir='ltr'><strong>etiam</strong></span> <span class='ocrx_word' id='word_1_444' title='bbox 1238 5951 1283 5996; x_wconf 82' lang='lat' dir='ltr'><strong>te</strong></span> <span class='ocrx_word' id='word_1_445' title='bbox 1308 5942 1532 5998; x_wconf 79' lang='lat' dir='ltr'><strong>custode.</strong></span> 
     </span>
    </p>
   </div>
   <div class='ocr_carea' id='block_1_63' title="bbox 2125 4676 2174 4735">
    <p class='ocr_par' dir='ltr' id='par_1_63' title="bbox 2125 4676 2174 4735">
     <span class='ocr_line' id='line_1_63' title="bbox 2125 4676 2174 4735; baseline -0.061 0"><span class='ocrx_word' id='word_1_446' title='bbox 2125 4676 2174 4735; x_wconf 83' lang='grc' dir='ltr'><strong>Ι)</strong></span> 
     </span>
    </p>
   </div>
   <div class='ocr_carea' id='block_1_64' title="bbox 2187 604 3789 675">
    <p class='ocr_par' dir='ltr' id='par_1_64' title="bbox 2187 604 3789 675">
     <span class='ocr_line' id='line_1_64' title="bbox 2187 604 3789 675; baseline -0.001 -15"><span class='ocrx_word' id='word_1_447' title='bbox 2187 606 2337 660; x_wconf 85' lang='lat' dir='ltr'><strong>verbi</strong></span> <span class='ocrx_word' id='word_1_448' title='bbox 2369 605 2751 675; x_wconf 70' lang='lat' dir='ltr'><strong>prtedicaticne</strong></span> <span class='ocrx_word' id='word_1_449' title='bbox 2779 605 3085 661; x_wconf 88' lang='lat' dir='ltr'><strong>conversati</strong></span> <span class='ocrx_word' id='word_1_450' title='bbox 3115 613 3258 671; x_wconf 90' lang='lat' dir='ltr'><strong>sunt,</strong></span> <span class='ocrx_word' id='word_1_451' title='bbox 3289 612 3344 659; x_wconf 88' lang='lat' dir='ltr'><strong>et</strong></span> <span class='ocrx_word' id='word_1_452' title='bbox 3372 604 3700 674; x_wconf 89' lang='lat' dir='ltr'><strong>approbatus</strong></span> <span class='ocrx_word' id='word_1_453' title='bbox 3727 613 3789 660; x_wconf 90' lang='lat' dir='ltr'><strong>et</strong></span> 
     </span>
    </p>
   </div>
   <div class='ocr_carea' id='block_1_65' title="bbox 2189 695 3790 766">
    <p class='ocr_par' dir='ltr' id='par_1_65' title="bbox 2189 695 3790 766">
     <span class='ocr_line' id='line_1_65' title="bbox 2189 695 3790 766; baseline 0 -16"><span class='ocrx_word' id='word_1_454' title='bbox 2189 711 2382 766; x_wconf 90' lang='lat' dir='ltr'><strong>magna</strong></span> <span class='ocrx_word' id='word_1_455' title='bbox 2429 696 2586 750; x_wconf 86' lang='lat' dir='ltr'><strong>laude</strong></span> <span class='ocrx_word' id='word_1_456' title='bbox 2623 696 2944 766; x_wconf 61' lang='lat' dir='ltr'><strong>pratdicatus</strong></span> <span class='ocrx_word' id='word_1_457' title='bbox 2983 697 3305 761; x_wconf 85' lang='lat' dir='ltr'><strong>ostenditur,</strong></span> <span class='ocrx_word' id='word_1_458' title='bbox 3354 697 3495 751; x_wconf 85' lang='lat' dir='ltr'><strong>sicut</strong></span> <span class='ocrx_word' id='word_1_459' title='bbox 3519 711 3548 750; x_wconf 93' lang='lat' dir='ltr'><strong>a</strong></span> <span class='ocrx_word' id='word_1_460' title='bbox 3576 695 3790 752; x_wconf 82' lang='lat' dir='ltr'><strong>Joanne</strong></span> 
     </span>
    </p>
   </div>
   <div class='ocr_carea' id='block_1_66' title="bbox 2187 788 3790 859">
    <p class='ocr_par' dir='ltr' id='par_1_66' title="bbox 2187 788 3790 859">
     <span class='ocr_line' id='line_1_66' title="bbox 2187 788 3790 859; baseline -0.001 -16"><span class='ocrx_word' id='word_1_461' title='bbox 2187 788 2794 859; x_wconf 89' lang='lat' dir='ltr'><strong>Constantinopolitano</strong></span> <span class='ocrx_word' id='word_1_462' title='bbox 2820 797 2876 844; x_wconf 87' lang='lat' dir='ltr'><strong>et</strong></span> <span class='ocrx_word' id='word_1_463' title='bbox 2899 789 3162 858; x_wconf 81' lang='lat' dir='ltr'><strong>Gregorio</strong></span> <span class='ocrx_word' id='word_1_464' title='bbox 3191 789 3549 855; x_wconf 81' lang='lat' dir='ltr'><strong>Nazianzeno,</strong></span> <span class='ocrx_word' id='word_1_465' title='bbox 3581 796 3635 842; x_wconf 91' lang='lat' dir='ltr'><strong>et</strong></span> <span class='ocrx_word' id='word_1_466' title='bbox 3661 798 3790 858; x_wconf 82' lang='lat' dir='ltr'><strong>post</strong></span> 
     </span>
    </p>
   </div>
   <div class='ocr_carea' id='block_1_67' title="bbox 2189 880 3788 949">
    <p class='ocr_par' dir='ltr' id='par_1_67' title="bbox 2189 880 3788 949">
     <span class='ocr_line' id='line_1_67' title="bbox 2189 880 3788 949; baseline 0 -15"><span class='ocrx_word' id='word_1_467' title='bbox 2189 889 2418 935; x_wconf 91' lang='lat' dir='ltr'><strong>mortem</strong></span> <span class='ocrx_word' id='word_1_468' title='bbox 2446 896 2476 934; x_wconf 89' lang='lat' dir='ltr'><strong>a</strong></span> <span class='ocrx_word' id='word_1_469' title='bbox 2504 880 2712 936; x_wconf 86' lang='lat' dir='ltr'><strong>Joanne</strong></span> <span class='ocrx_word' id='word_1_470' title='bbox 2742 890 2797 936; x_wconf 93' lang='lat' dir='ltr'><strong>et</strong></span> <span class='ocrx_word' id='word_1_471' title='bbox 2819 881 3028 936; x_wconf 91' lang='lat' dir='ltr'><strong>Domno</strong></span> <span class='ocrx_word' id='word_1_472' title='bbox 3059 880 3430 942; x_wconf 82' lang='lat' dir='ltr'><strong>Antiochensi,</strong></span> <span class='ocrx_word' id='word_1_473' title='bbox 3464 895 3527 934; x_wconf 88' lang='lat' dir='ltr'><strong>ac</strong></span> <span class='ocrx_word' id='word_1_474' title='bbox 3551 886 3666 933; x_wconf 90' lang='lat' dir='ltr'><strong>tota</strong></span> <span class='ocrx_word' id='word_1_475' title='bbox 3693 896 3788 949; x_wconf 76' lang='lat' dir='ltr'><strong>sy-</strong></span> 
     </span>
    </p>
   </div>
   <div class='ocr_carea' id='block_1_68' title="bbox 2190 967 3852 1042">
    <p class='ocr_par' dir='ltr' id='par_1_68' title="bbox 2190 967 3852 1042">
     <span class='ocr_line' id='line_1_68' title="bbox 2190 967 3852 1042; baseline -0.001 -20"><span class='ocrx_word' id='word_1_476' title='bbox 2190 970 2332 1024; x_wconf 90' lang='lat' dir='ltr'><strong>nodo</strong></span> <span class='ocrx_word' id='word_1_477' title='bbox 2372 970 2604 1026; x_wconf 86' lang='lat' dir='ltr'><strong>Orientis</strong></span> <span class='ocrx_word' id='word_1_478' title='bbox 2642 971 2782 1042; x_wconf 89' lang='lat' dir='ltr'><strong>apud</strong></span> <span class='ocrx_word' id='word_1_479' title='bbox 2830 971 3171 1025; x_wconf 85' lang='lat' dir='ltr'><strong>Antiochiam</strong></span> <span class='ocrx_word' id='word_1_480' title='bbox 3227 969 3596 1038; x_wconf 80' lang='lat' dir='ltr'><strong>congregata?</strong></span> <span class='ocrx_word' id='word_1_481' title='bbox 3641 967 3789 1022; x_wconf 56' lang='lat' dir='ltr'><strong>Nun-</strong></span> <span class='ocrx_word' id='word_1_482' title='bbox 3847 1001 3852 1004; x_wconf 94' lang='lat'><strong><em>-</em></strong></span> 
     </span>
    </p>
   </div>
   <div class='ocr_carea' id='block_1_69' title="bbox 2190 1060 3791 1131">
    <p class='ocr_par' dir='ltr' id='par_1_69' title="bbox 2190 1060 3791 1131">
     <span class='ocr_line' id='line_1_69' title="bbox 2190 1060 3791 1131; baseline -0.001 -16"><span class='ocrx_word' id='word_1_483' title='bbox 2190 1062 2318 1131; x_wconf 88' lang='lat' dir='ltr'><strong>quid</strong></span> <span class='ocrx_word' id='word_1_484' title='bbox 2339 1078 2468 1131; x_wconf 81' lang='lat' dir='ltr'><strong>ergo</strong></span> <span class='ocrx_word' id='word_1_485' title='bbox 2495 1073 2548 1118; x_wconf 94' lang='lat' dir='ltr'><strong>et</strong></span> <span class='ocrx_word' id='word_1_486' title='bbox 2575 1063 2708 1118; x_wconf 89' lang='lat' dir='ltr'><strong>istos</strong></span> <span class='ocrx_word' id='word_1_487' title='bbox 2737 1079 2926 1118; x_wconf 90' lang='lat' dir='ltr'><strong>omnes</strong></span> <span class='ocrx_word' id='word_1_488' title='bbox 2950 1063 3286 1118; x_wconf 87' lang='lat' dir='ltr'><strong>venerabiles</strong></span> <span class='ocrx_word' id='word_1_489' title='bbox 3313 1062 3569 1117; x_wconf 67' lang='lat' dir='ltr'><strong>Ecclesia:</strong></span> <span class='ocrx_word' id='word_1_490' title='bbox 3588 1060 3791 1115; x_wconf 77' lang='lat' dir='ltr'><strong>Christi</strong></span> 
     </span>
    </p>
   </div>
   <div class='ocr_carea' id='block_1_70' title="bbox 2189 1153 3793 1217">
    <p class='ocr_par' dir='ltr' id='par_1_70' title="bbox 2189 1153 3793 1217">
     <span class='ocr_line' id='line_1_70' title="bbox 2189 1153 3793 1217; baseline -0.001 -9"><span class='ocrx_word' id='word_1_491' title='bbox 2189 1153 2481 1217; x_wconf 87' lang='lat' dir='ltr'><strong>doctores,</strong></span> <span class='ocrx_word' id='word_1_492' title='bbox 2516 1155 2598 1210; x_wconf 88' lang='lat' dir='ltr'><strong>vel</strong></span> <span class='ocrx_word' id='word_1_493' title='bbox 2640 1155 2782 1210; x_wconf 88' lang='lat' dir='ltr'><strong>dicta</strong></span> <span class='ocrx_word' id='word_1_494' title='bbox 2823 1172 3010 1210; x_wconf 89' lang='lat' dir='ltr'><strong>eorum</strong></span> <span class='ocrx_word' id='word_1_495' title='bbox 3055 1155 3502 1210; x_wconf 86' lang='lat' dir='ltr'><strong>anathematizari</strong></span> <span class='ocrx_word' id='word_1_496' title='bbox 3547 1154 3793 1208; x_wconf 81' lang='lat' dir='ltr'><strong>facient?</strong></span> 
     </span>
    </p>
   </div>
   <div class='ocr_carea' id='block_1_71' title="bbox 2192 1244 3794 1315">
    <p class='ocr_par' dir='ltr' id='par_1_71' title="bbox 2192 1244 3794 1315">
     <span class='ocr_line' id='line_1_71' title="bbox 2192 1244 3794 1315; baseline 0.001 -19"><span class='ocrx_word' id='word_1_497' title='bbox 2192 1245 2359 1298; x_wconf 87' lang='lat' dir='ltr'><strong>Aliter</strong></span> <span class='ocrx_word' id='word_1_498' title='bbox 2381 1246 2522 1300; x_wconf 91' lang='lat' dir='ltr'><strong>enim</strong></span> <span class='ocrx_word' id='word_1_499' title='bbox 2547 1245 2714 1300; x_wconf 88' lang='lat' dir='ltr'><strong>videri</strong></span> <span class='ocrx_word' id='word_1_500' title='bbox 2739 1261 2851 1301; x_wconf 85' lang='lat' dir='ltr'><strong>non</strong></span> <span class='ocrx_word' id='word_1_501' title='bbox 2871 1249 3090 1315; x_wconf 76' lang='lat' dir='ltr'><strong>potest’</strong></span> <span class='ocrx_word' id='word_1_502' title='bbox 3115 1246 3342 1314; x_wconf 89' lang='lat' dir='ltr'><strong>epistola</strong></span> <span class='ocrx_word' id='word_1_503' title='bbox 3374 1245 3477 1300; x_wconf 84' lang='lat' dir='ltr'><strong>lbae</strong></span> <span class='ocrx_word' id='word_1_504' title='bbox 3505 1260 3602 1315; x_wconf 89' lang='lat' dir='ltr'><strong>pro</strong></span> <span class='ocrx_word' id='word_1_505' title='bbox 3633 1244 3794 1298; x_wconf 87' lang='lat' dir='ltr'><strong>laude</strong></span> 
     </span>
    </p>
   </div>
   <div class='ocr_carea' id='block_1_72' title="bbox 2193 1334 3792 1405">
    <p class='ocr_par' dir='ltr' id='par_1_72' title="bbox 2193 1334 3792 1405">
     <span class='ocr_line' id='line_1_72' title="bbox 2193 1334 3792 1405; baseline 0 -17"><span class='ocrx_word' id='word_1_506' title='bbox 2193 1334 2462 1391; x_wconf 87' lang='lat' dir='ltr'><strong>Theodori</strong></span> <span class='ocrx_word' id='word_1_507' title='bbox 2499 1335 2644 1405; x_wconf 86' lang='lat' dir='ltr'><strong>juste</strong></span> <span class='ocrx_word' id='word_1_508' title='bbox 2678 1337 2778 1392; x_wconf 90' lang='lat' dir='ltr'><strong>sub</strong></span> <span class='ocrx_word' id='word_1_509' title='bbox 2819 1337 3166 1392; x_wconf 85' lang='lat' dir='ltr'><strong>anathemate</strong></span> <span class='ocrx_word' id='word_1_510' title='bbox 3193 1337 3573 1401; x_wconf 87' lang='lat' dir='ltr'><strong>condemnata,</strong></span> <span class='ocrx_word' id='word_1_511' title='bbox 3605 1336 3704 1390; x_wconf 88' lang='lat' dir='ltr'><strong>nisi</strong></span> <span class='ocrx_word' id='word_1_512' title='bbox 3736 1345 3792 1388; x_wconf 81' lang='lat' dir='ltr'><strong>et</strong></span> 
     </span>
    </p>
   </div>
   <div class='ocr_carea' id='block_1_73' title="bbox 2191 1429 3792 1499">
    <p class='ocr_par' dir='ltr' id='par_1_73' title="bbox 2191 1429 3792 1499">
     <span class='ocr_line' id='line_1_73' title="bbox 2191 1429 3792 1499; baseline 0.001 -17"><span class='ocrx_word' id='word_1_513' title='bbox 2191 1429 2280 1484; x_wconf 88' lang='lat' dir='ltr'><strong>isti</strong></span> <span class='ocrx_word' id='word_1_514' title='bbox 2304 1444 2492 1483; x_wconf 90' lang='lat' dir='ltr'><strong>omnes</strong></span> <span class='ocrx_word' id='word_1_515' title='bbox 2517 1430 2811 1485; x_wconf 89' lang='lat' dir='ltr'><strong>beatissimi</strong></span> <span class='ocrx_word' id='word_1_516' title='bbox 2841 1429 3026 1486; x_wconf 84' lang='lat' dir='ltr'><strong>Patres</strong></span> <span class='ocrx_word' id='word_1_517' title='bbox 3049 1474 3063 1499; x_wconf 88' lang='lat'><strong>,</strong></span> <span class='ocrx_word' id='word_1_518' title='bbox 3093 1439 3188 1486; x_wconf 88' lang='lat' dir='ltr'><strong>aut</strong></span> <span class='ocrx_word' id='word_1_519' title='bbox 3217 1447 3403 1486; x_wconf 89' lang='lat' dir='ltr'><strong>eorum</strong></span> <span class='ocrx_word' id='word_1_520' title='bbox 3436 1432 3625 1485; x_wconf 85' lang='lat' dir='ltr'><strong>saltem</strong></span> <span class='ocrx_word' id='word_1_521' title='bbox 3658 1432 3792 1485; x_wconf 83' lang='lat' dir='ltr'><strong>scri-</strong></span> 
     </span>
    </p>
   </div>
   <div class='ocr_carea' id='block_1_74' title="bbox 2193 1523 3792 1594">
    <p class='ocr_par' dir='ltr' id='par_1_74' title="bbox 2193 1523 3792 1594">
     <span class='ocr_line' id='line_1_74' title="bbox 2193 1523 3792 1594; baseline 0.001 -19"><span class='ocrx_word' id='word_1_522' title='bbox 2193 1531 2284 1594; x_wconf 90' lang='lat' dir='ltr'><strong>pta</strong></span> <span class='ocrx_word' id='word_1_523' title='bbox 2307 1565 2320 1588; x_wconf 91' lang='lat'><strong>,</strong></span> <span class='ocrx_word' id='word_1_524' title='bbox 2366 1524 2615 1578; x_wconf 86' lang='lat' dir='ltr'><strong>similiter</strong></span> <span class='ocrx_word' id='word_1_525' title='bbox 2641 1524 2980 1590; x_wconf 90' lang='lat' dir='ltr'><strong>abdicentur,</strong></span> <span class='ocrx_word' id='word_1_526' title='bbox 3029 1525 3081 1578; x_wconf 91' lang='lat' dir='ltr'><strong>in</strong></span> <span class='ocrx_word' id='word_1_527' title='bbox 3113 1526 3306 1594; x_wconf 91' lang='lat' dir='ltr'><strong>quibus</strong></span> <span class='ocrx_word' id='word_1_528' title='bbox 3335 1525 3581 1579; x_wconf 88' lang='lat' dir='ltr'><strong>eumdem</strong></span> <span class='ocrx_word' id='word_1_529' title='bbox 3613 1523 3792 1577; x_wconf 87' lang='lat' dir='ltr'><strong>Theo-</strong></span> 
     </span>
    </p>
   </div>
   <div class='ocr_carea' id='block_1_75' title="bbox 2191 1616 3794 1687">
    <p class='ocr_par' dir='ltr' id='par_1_75' title="bbox 2191 1616 3794 1687">
     <span class='ocr_line' id='line_1_75' title="bbox 2191 1616 3794 1687; baseline -0.001 -15"><span class='ocrx_word' id='word_1_530' title='bbox 2191 1617 2383 1672; x_wconf 89' lang='lat' dir='ltr'><strong>dorum</strong></span> <span class='ocrx_word' id='word_1_531' title='bbox 2415 1617 2584 1672; x_wconf 83' lang='lat' dir='ltr'><strong>multo</strong></span> <span class='ocrx_word' id='word_1_532' title='bbox 2612 1617 2842 1687; x_wconf 90' lang='lat' dir='ltr'><strong>amplius</strong></span> <span class='ocrx_word' id='word_1_533' title='bbox 2887 1632 3048 1686; x_wconf 88' lang='lat' dir='ltr'><strong>quam</strong></span> <span class='ocrx_word' id='word_1_534' title='bbox 3097 1617 3147 1670; x_wconf 92' lang='lat' dir='ltr'><strong>in</strong></span> <span class='ocrx_word' id='word_1_535' title='bbox 3199 1631 3262 1670; x_wconf 91' lang='lat' dir='ltr'><strong>ea</strong></span> <span class='ocrx_word' id='word_1_536' title='bbox 3309 1616 3624 1671; x_wconf 86' lang='lat' dir='ltr'><strong>docebimus</strong></span> <span class='ocrx_word' id='word_1_537' title='bbox 3669 1631 3794 1670; x_wconf 87' lang='lat' dir='ltr'><strong>esse</strong></span> 
     </span>
    </p>
   </div>
   <div class='ocr_carea' id='block_1_76' title="bbox 2189 1710 3794 1782">
    <p class='ocr_par' dir='ltr' id='par_1_76' title="bbox 2189 1710 3794 1782">
     <span class='ocr_line' id='line_1_76' title="bbox 2189 1710 3794 1782; baseline 0.001 -17"><span class='ocrx_word' id='word_1_538' title='bbox 2189 1711 2487 1765; x_wconf 89' lang='lat' dir='ltr'><strong>laudatum.</strong></span> <span class='ocrx_word' id='word_1_539' title='bbox 2533 1710 2639 1766; x_wconf 91' lang='lat' dir='ltr'><strong>Sed</strong></span> <span class='ocrx_word' id='word_1_540' title='bbox 2679 1727 2782 1772; x_wconf 86' lang='lat' dir='ltr'><strong>nec</strong></span> <span class='ocrx_word' id='word_1_541' title='bbox 2823 1711 2910 1766; x_wconf 89' lang='lat' dir='ltr'><strong>illa</strong></span> <span class='ocrx_word' id='word_1_542' title='bbox 2939 1727 3058 1782; x_wconf 77' lang='lat' dir='ltr'><strong>qua:</strong></span> <span class='ocrx_word' id='word_1_543' title='bbox 3099 1710 3354 1765; x_wconf 85' lang='lat' dir='ltr'><strong>dicuntur</strong></span> <span class='ocrx_word' id='word_1_544' title='bbox 3389 1727 3417 1765; x_wconf 89' lang='lat' dir='ltr'><strong>a</strong></span> <span class='ocrx_word' id='word_1_545' title='bbox 3450 1711 3794 1767; x_wconf 79' lang='lat' dir='ltr'><strong>Theodoreto</strong></span> 
     </span>
    </p>
   </div>
   <div class='ocr_carea' id='block_1_77' title="bbox 2191 1801 3794 1874">
    <p class='ocr_par' dir='ltr' id='par_1_77' title="bbox 2191 1801 3794 1874">
     <span class='ocr_line' id='line_1_77' title="bbox 2191 1801 3794 1874; baseline -0.001 -18"><span class='ocrx_word' id='word_1_546' title='bbox 2191 1801 2345 1874; x_wconf 87' lang='lat' dir='ltr'><strong>Cyrri</strong></span> <span class='ocrx_word' id='word_1_547' title='bbox 2368 1803 2621 1873; x_wconf 87' lang='lat' dir='ltr'><strong>episcopo</strong></span> <span class='ocrx_word' id='word_1_548' title='bbox 2641 1813 2829 1857; x_wconf 88' lang='lat' dir='ltr'><strong>contra</strong></span> <span class='ocrx_word' id='word_1_549' title='bbox 2849 1802 3065 1856; x_wconf 91' lang='lat' dir='ltr'><strong>beatum</strong></span> <span class='ocrx_word' id='word_1_550' title='bbox 3087 1801 3344 1872; x_wconf 82' lang='lat' dir='ltr'><strong>Cyrillum</strong></span> <span class='ocrx_word' id='word_1_551' title='bbox 3373 1803 3551 1856; x_wconf 82' lang='lat' dir='ltr'><strong>nescio</strong></span> <span class='ocrx_word' id='word_1_552' title='bbox 3575 1801 3794 1871; x_wconf 84' lang='lat' dir='ltr'><strong>quando</strong></span> 
     </span>
    </p>
   </div>
   <div class='ocr_carea' id='block_1_78' title="bbox 2118 1894 3777 1972">
    <p class='ocr_par' dir='ltr' id='par_1_78' title="bbox 2118 1894 3777 1972">
     <span class='ocr_line' id='line_1_78' title="bbox 2118 1894 3777 1972; baseline -0.002 -23"><span class='ocrx_word' id='word_1_553' title='bbox 2118 1913 2166 1972; x_wconf 81' lang='grc' dir='ltr'><strong>Β</strong></span> <span class='ocrx_word' id='word_1_554' title='bbox 2192 1895 2410 1965; x_wconf 89' lang='lat' dir='ltr'><strong>scripta,</strong></span> <span class='ocrx_word' id='word_1_555' title='bbox 2435 1895 2506 1949; x_wconf 91' lang='lat' dir='ltr'><strong>ob</strong></span> <span class='ocrx_word' id='word_1_556' title='bbox 2533 1895 2676 1948; x_wconf 91' lang='lat' dir='ltr'><strong>aliud</strong></span> <span class='ocrx_word' id='word_1_557' title='bbox 2704 1894 2867 1949; x_wconf 88' lang='lat' dir='ltr'><strong>modo</strong></span> <span class='ocrx_word' id='word_1_558' title='bbox 2895 1894 3147 1948; x_wconf 89' lang='lat' dir='ltr'><strong>damnata</strong></span> <span class='ocrx_word' id='word_1_559' title='bbox 3177 1902 3321 1954; x_wconf 89' lang='lat' dir='ltr'><strong>sunt,</strong></span> <span class='ocrx_word' id='word_1_560' title='bbox 3347 1895 3445 1948; x_wconf 76' lang='lat' dir='ltr'><strong>nisi</strong></span> <span class='ocrx_word' id='word_1_561' title='bbox 3475 1905 3529 1950; x_wconf 89' lang='lat' dir='ltr'><strong>ut</strong></span> <span class='ocrx_word' id='word_1_562' title='bbox 3554 1911 3648 1962; x_wconf 83' lang='lat' dir='ltr'><strong>per</strong></span> <span class='ocrx_word' id='word_1_563' title='bbox 3670 1896 3777 1947; x_wconf 86' lang='lat' dir='ltr'><strong>hoc</strong></span> 
     </span>
    </p>
   </div>
   <div class='ocr_carea' id='block_1_79' title="bbox 2198 1985 3794 2057">
    <p class='ocr_par' dir='ltr' id='par_1_79' title="bbox 2198 1985 3794 2057">
     <span class='ocr_line' id='line_1_79' title="bbox 2198 1985 3794 2057; baseline -0.001 -18"><span class='ocrx_word' id='word_1_564' title='bbox 2198 2000 2415 2055; x_wconf 91' lang='lat' dir='ltr'><strong>quoque</strong></span> <span class='ocrx_word' id='word_1_565' title='bbox 2444 1985 2681 2057; x_wconf 92' lang='lat' dir='ltr'><strong>synodus</strong></span> <span class='ocrx_word' id='word_1_566' title='bbox 2708 1985 3160 2041; x_wconf 86' lang='lat' dir='ltr'><strong>Chalcedonensis</strong></span> <span class='ocrx_word' id='word_1_567' title='bbox 3185 1985 3337 2054; x_wconf 87' lang='lat' dir='ltr'><strong>quasi</strong></span> <span class='ocrx_word' id='word_1_568' title='bbox 3368 1987 3616 2040; x_wconf 86' lang='lat' dir='ltr'><strong>notabilis</strong></span> <span class='ocrx_word' id='word_1_569' title='bbox 3647 1986 3794 2038; x_wconf 73' lang='lat' dir='ltr'><strong>vide-</strong></span> 
     </span>
    </p>
   </div>
   <div class='ocr_carea' id='block_1_80' title="bbox 2195 2076 3793 2148">
    <p class='ocr_par' dir='ltr' id='par_1_80' title="bbox 2195 2076 3793 2148">
     <span class='ocr_line' id='line_1_80' title="bbox 2195 2076 3793 2148; baseline -0.001 -16"><span class='ocrx_word' id='word_1_570' title='bbox 2195 2086 2365 2143; x_wconf 89' lang='lat' dir='ltr'><strong>retur,</strong></span> <span class='ocrx_word' id='word_1_571' title='bbox 2398 2077 2541 2148; x_wconf 91' lang='lat' dir='ltr'><strong>quod</strong></span> <span class='ocrx_word' id='word_1_572' title='bbox 2574 2077 2714 2132; x_wconf 91' lang='lat' dir='ltr'><strong>idem</strong></span> <span class='ocrx_word' id='word_1_573' title='bbox 2747 2076 3120 2132; x_wconf 88' lang='lat' dir='ltr'><strong>Theodoretus</strong></span> <span class='ocrx_word' id='word_1_574' title='bbox 3158 2078 3530 2132; x_wconf 88' lang='lat' dir='ltr'><strong>deliberationi</strong></span> <span class='ocrx_word' id='word_1_575' title='bbox 3563 2094 3625 2131; x_wconf 89' lang='lat' dir='ltr'><strong>ac</strong></span> <span class='ocrx_word' id='word_1_576' title='bbox 3655 2078 3793 2131; x_wconf 59' lang='lat' dir='ltr'><strong>de?-</strong></span> 
     </span>
    </p>
   </div>
   <div class='ocr_carea' id='block_1_81' title="bbox 2189 2167 3793 2238">
    <p class='ocr_par' dir='ltr' id='par_1_81' title="bbox 2189 2167 3793 2238">
     <span class='ocr_line' id='line_1_81' title="bbox 2189 2167 3793 2238; baseline -0.001 -16"><span class='ocrx_word' id='word_1_577' title='bbox 2189 2168 2388 2236; x_wconf 10' lang='lat' dir='ltr'><strong>anitioni</strong></span> <span class='ocrx_word' id='word_1_578' title='bbox 2418 2167 2534 2236; x_wconf 90' lang='lat' dir='ltr'><strong>ejus</strong></span> <span class='ocrx_word' id='word_1_579' title='bbox 2565 2168 2827 2235; x_wconf 87' lang='lat' dir='ltr'><strong>interfuit,</strong></span> <span class='ocrx_word' id='word_1_580' title='bbox 2858 2178 3019 2237; x_wconf 90' lang='lat' dir='ltr'><strong>atque</strong></span> <span class='ocrx_word' id='word_1_581' title='bbox 3049 2168 3334 2238; x_wconf 89' lang='lat' dir='ltr'><strong>epistolam</strong></span> <span class='ocrx_word' id='word_1_582' title='bbox 3380 2184 3531 2238; x_wconf 84' lang='lat' dir='ltr'><strong>papae</strong></span> <span class='ocrx_word' id='word_1_583' title='bbox 3577 2169 3793 2234; x_wconf 68' lang='lat' dir='ltr'><strong>Leonis,</strong></span> 
     </span>
    </p>
   </div>
   <div class='ocr_carea' id='block_1_82' title="bbox 2197 2260 3794 2334">
    <p class='ocr_par' dir='ltr' id='par_1_82' title="bbox 2197 2260 3794 2334">
     <span class='ocr_line' id='line_1_82' title="bbox 2197 2260 3794 2334; baseline 0.001 -19"><span class='ocrx_word' id='word_1_584' title='bbox 2197 2261 2452 2334; x_wconf 89' lang='lat' dir='ltr'><strong>Eutychis</strong></span> <span class='ocrx_word' id='word_1_585' title='bbox 2493 2260 2819 2317; x_wconf 89' lang='lat' dir='ltr'><strong>dementiam</strong></span> <span class='ocrx_word' id='word_1_586' title='bbox 2868 2263 3236 2318; x_wconf 88' lang='lat' dir='ltr'><strong>confutantem</strong></span> <span class='ocrx_word' id='word_1_587' title='bbox 3263 2305 3276 2328; x_wconf 95' lang='lat'><strong>,</strong></span> <span class='ocrx_word' id='word_1_588' title='bbox 3326 2263 3396 2317; x_wconf 88' lang='lat' dir='ltr'><strong>ibi</strong></span> <span class='ocrx_word' id='word_1_589' title='bbox 3425 2262 3698 2327; x_wconf 88' lang='lat' dir='ltr'><strong>defendit,</strong></span> <span class='ocrx_word' id='word_1_590' title='bbox 3740 2276 3794 2316; x_wconf 83' lang='lat' dir='ltr'><strong>et</strong></span> 
     </span>
    </p>
   </div>
   <div class='ocr_carea' id='block_1_83' title="bbox 2198 2359 3796 2430">
    <p class='ocr_par' dir='ltr' id='par_1_83' title="bbox 2198 2359 3796 2430">
     <span class='ocr_line' id='line_1_83' title="bbox 2198 2359 3796 2430; baseline -0.002 -16"><span class='ocrx_word' id='word_1_591' title='bbox 2198 2359 2515 2430; x_wconf 90' lang='lat' dir='ltr'><strong>quibusdam</strong></span> <span class='ocrx_word' id='word_1_592' title='bbox 2556 2360 2736 2413; x_wconf 88' lang='lat' dir='ltr'><strong>minus</strong></span> <span class='ocrx_word' id='word_1_593' title='bbox 2777 2359 3197 2427; x_wconf 88' lang='lat' dir='ltr'><strong>intelligentibus</strong></span> <span class='ocrx_word' id='word_1_594' title='bbox 3245 2368 3447 2414; x_wconf 79' lang='lat' dir='ltr'><strong>rectam</strong></span> <span class='ocrx_word' id='word_1_595' title='bbox 3481 2373 3598 2412; x_wconf 87' lang='lat' dir='ltr'><strong>esse</strong></span> <span class='ocrx_word' id='word_1_596' title='bbox 3638 2375 3796 2411; x_wconf 87' lang='lat' dir='ltr'><strong>mon-</strong></span> 
     </span>
    </p>
   </div>
   <div class='ocr_carea' id='block_1_84' title="bbox 2198 2450 3792 2520">
    <p class='ocr_par' dir='ltr' id='par_1_84' title="bbox 2198 2450 3792 2520">
     <span class='ocr_line' id='line_1_84' title="bbox 2198 2450 3792 2520; baseline -0.001 -14"><span class='ocrx_word' id='word_1_597' title='bbox 2198 2451 2404 2507; x_wconf 86' lang='lat' dir='ltr'><strong>stravit.</strong></span> <span class='ocrx_word' id='word_1_598' title='bbox 2459 2450 2594 2504; x_wconf 88' lang='lat' dir='ltr'><strong>Nam</strong></span> <span class='ocrx_word' id='word_1_599' title='bbox 2640 2460 2700 2505; x_wconf 93' lang='lat' dir='ltr'><strong>ut</strong></span> <span class='ocrx_word' id='word_1_600' title='bbox 2729 2451 2953 2505; x_wconf 87' lang='lat' dir='ltr'><strong>inferius</strong></span> <span class='ocrx_word' id='word_1_601' title='bbox 2985 2450 3320 2517; x_wconf 88' lang='lat' dir='ltr'><strong>ostendetur,</strong></span> <span class='ocrx_word' id='word_1_602' title='bbox 3363 2461 3416 2504; x_wconf 90' lang='lat' dir='ltr'><strong>ct</strong></span> <span class='ocrx_word' id='word_1_603' title='bbox 3446 2450 3532 2504; x_wconf 88' lang='lat' dir='ltr'><strong>alii</strong></span> <span class='ocrx_word' id='word_1_604' title='bbox 3560 2467 3792 2520; x_wconf 89' lang='lat' dir='ltr'><strong>quorum</strong></span> 
     </span>
    </p>
   </div>
   <div class='ocr_carea' id='block_1_85' title="bbox 2198 2539 3795 2610">
    <p class='ocr_par' dir='ltr' id='par_1_85' title="bbox 2198 2539 3795 2610">
     <span class='ocr_line' id='line_1_85' title="bbox 2198 2539 3795 2610; baseline -0.002 -13"><span class='ocrx_word' id='word_1_605' title='bbox 2198 2541 2475 2597; x_wconf 74' lang='lat' dir='ltr'><strong>memoria:</strong></span> <span class='ocrx_word' id='word_1_606' title='bbox 2503 2543 2988 2607; x_wconf 85' lang='lat' dir='ltr'><strong>communieamus,</strong></span> <span class='ocrx_word' id='word_1_607' title='bbox 3021 2542 3355 2610; x_wconf 88' lang='lat' dir='ltr'><strong>scripserunt</strong></span> <span class='ocrx_word' id='word_1_608' title='bbox 3383 2539 3636 2594; x_wconf 80' lang='lat' dir='ltr'><strong>adversus</strong></span> <span class='ocrx_word' id='word_1_609' title='bbox 3667 2540 3795 2594; x_wconf 85' lang='lat' dir='ltr'><strong>bea-</strong></span> 
     </span>
    </p>
   </div>
   <div class='ocr_carea' id='block_1_86' title="bbox 2199 2629 3795 2702">
    <p class='ocr_par' dir='ltr' id='par_1_86' title="bbox 2199 2629 3795 2702">
     <span class='ocr_line' id='line_1_86' title="bbox 2199 2629 3795 2702; baseline -0.003 -18"><span class='ocrx_word' id='word_1_610' title='bbox 2199 2640 2316 2685; x_wconf 90' lang='lat' dir='ltr'><strong>tum</strong></span> <span class='ocrx_word' id='word_1_611' title='bbox 2346 2629 2604 2702; x_wconf 89' lang='lat' dir='ltr'><strong>Cyrillum</strong></span> <span class='ocrx_word' id='word_1_612' title='bbox 2636 2631 2921 2696; x_wconf 84' lang='lat' dir='ltr'><strong>eumdem;</strong></span> <span class='ocrx_word' id='word_1_613' title='bbox 2957 2640 3324 2686; x_wconf 86' lang='lat' dir='ltr'><strong>verumtamen</strong></span> <span class='ocrx_word' id='word_1_614' title='bbox 3353 2630 3404 2683; x_wconf 90' lang='lat' dir='ltr'><strong>in</strong></span> <span class='ocrx_word' id='word_1_615' title='bbox 3437 2630 3539 2684; x_wconf 91' lang='lat' dir='ltr'><strong>hoc</strong></span> <span class='ocrx_word' id='word_1_616' title='bbox 3568 2631 3795 2683; x_wconf 68' lang='lat' dir='ltr'><strong>anathe-</strong></span> 
     </span>
    </p>
   </div>
   <div class='ocr_carea' id='block_1_87' title="bbox 2197 2721 3794 2792">
    <p class='ocr_par' dir='ltr' id='par_1_87' title="bbox 2197 2721 3794 2792">
     <span class='ocr_line' id='line_1_87' title="bbox 2197 2721 3794 2792; baseline -0.001 -16"><span class='ocrx_word' id='word_1_617' title='bbox 2197 2729 2344 2776; x_wconf 90' lang='lat' dir='ltr'><strong>mate</strong></span> <span class='ocrx_word' id='word_1_618' title='bbox 2364 2722 2698 2777; x_wconf 90' lang='lat' dir='ltr'><strong>denominati</strong></span> <span class='ocrx_word' id='word_1_619' title='bbox 2720 2738 2826 2776; x_wconf 89' lang='lat' dir='ltr'><strong>non</strong></span> <span class='ocrx_word' id='word_1_620' title='bbox 2851 2729 2994 2786; x_wconf 90' lang='lat' dir='ltr'><strong>sunt,</strong></span> <span class='ocrx_word' id='word_1_621' title='bbox 3014 2723 3266 2792; x_wconf 87' lang='lat' dir='ltr'><strong>quoniam</strong></span> <span class='ocrx_word' id='word_1_622' title='bbox 3295 2722 3345 2775; x_wconf 91' lang='lat' dir='ltr'><strong>iu</strong></span> <span class='ocrx_word' id='word_1_623' title='bbox 3369 2721 3794 2775; x_wconf 69' lang='lat' dir='ltr'><strong>Cltalcedonen:.i</strong></span> 
     </span>
    </p>
   </div>
   <div class='ocr_carea' id='block_1_88' title="bbox 2198 2798 3794 2882">
    <p class='ocr_par' dir='ltr' id='par_1_88' title="bbox 2198 2798 3794 2882">
     <span class='ocr_line' id='line_1_88' title="bbox 2198 2798 3794 2882; baseline -0.001 -15"><span class='ocrx_word' id='word_1_624' title='bbox 2198 2813 2430 2868; x_wconf 89' lang='lat' dir='ltr'><strong>concilio</strong></span> <span class='ocrx_word' id='word_1_625' title='bbox 2472 2829 2578 2868; x_wconf 93' lang='lat' dir='ltr'><strong>non</strong></span> <span class='ocrx_word' id='word_1_626' title='bbox 2621 2813 2854 2873; x_wconf 90' lang='lat' dir='ltr'><strong>fuerunt.</strong></span> <span class='ocrx_word' id='word_1_627' title='bbox 2902 2813 2976 2868; x_wconf 90' lang='lat' dir='ltr'><strong>De</strong></span> <span class='ocrx_word' id='word_1_628' title='bbox 3019 2814 3211 2882; x_wconf 91' lang='lat' dir='ltr'><strong>quibus</strong></span> <span class='ocrx_word' id='word_1_629' title='bbox 3251 2798 3500 2881; x_wconf 85' lang='lat' dir='ltr'><strong>omnibus</strong></span> <span class='ocrx_word' id='word_1_630' title='bbox 3529 2813 3794 2878; x_wconf 71' lang='lat' dir='ltr'><strong>dltlllrlls,</strong></span> 
     </span>
    </p>
   </div>
   <div class='ocr_carea' id='block_1_89' title="bbox 2198 2903 3795 2974">
    <p class='ocr_par' dir='ltr' id='par_1_89' title="bbox 2198 2903 3795 2974">
     <span class='ocr_line' id='line_1_89' title="bbox 2198 2903 3795 2974; baseline -0.001 -15"><span class='ocrx_word' id='word_1_631' title='bbox 2198 2904 2302 2960; x_wconf 90' lang='lat' dir='ltr'><strong>hoc</strong></span> <span class='ocrx_word' id='word_1_632' title='bbox 2341 2906 2532 2960; x_wconf 89' lang='lat' dir='ltr'><strong>ordine</strong></span> <span class='ocrx_word' id='word_1_633' title='bbox 2575 2914 2742 2960; x_wconf 89' lang='lat' dir='ltr'><strong>totam</strong></span> <span class='ocrx_word' id='word_1_634' title='bbox 2788 2921 3006 2960; x_wconf 89' lang='lat' dir='ltr'><strong>causam</strong></span> <span class='ocrx_word' id='word_1_635' title='bbox 3050 2913 3284 2959; x_wconf 86' lang='lat' dir='ltr'><strong>tractare</strong></span> <span class='ocrx_word' id='word_1_636' title='bbox 3329 2905 3586 2974; x_wconf 53' lang='lat' dir='ltr'><strong>dis-posui.</strong></span> <span class='ocrx_word' id='word_1_637' title='bbox 3640 2903 3795 2958; x_wconf 84' lang='lat' dir='ltr'><strong>Prius</strong></span> 
     </span>
    </p>
   </div>
   <div class='ocr_carea' id='block_1_90' title="bbox 2198 2998 3791 3068">
    <p class='ocr_par' dir='ltr' id='par_1_90' title="bbox 2198 2998 3791 3068">
     <span class='ocr_line' id='line_1_90' title="bbox 2198 2998 3791 3068; baseline -0.003 -14"><span class='ocrx_word' id='word_1_638' title='bbox 2198 2998 2526 3054; x_wconf 89' lang='lat' dir='ltr'><strong>evidentium</strong></span> <span class='ocrx_word' id='word_1_639' title='bbox 2571 2999 3019 3054; x_wconf 88' lang='lat' dir='ltr'><strong>documentorum</strong></span> <span class='ocrx_word' id='word_1_640' title='bbox 3060 2999 3363 3068; x_wconf 90' lang='lat' dir='ltr'><strong>prolatione</strong></span> <span class='ocrx_word' id='word_1_641' title='bbox 3401 2998 3791 3060; x_wconf 86' lang='lat' dir='ltr'><strong>demonstrare,</strong></span> 
     </span>
    </p>
   </div>
   <div class='ocr_carea' id='block_1_91' title="bbox 2196 3077 3800 3168">
    <p class='ocr_par' dir='ltr' id='par_1_91' title="bbox 2196 3077 3800 3168">
     <span class='ocr_line' id='line_1_91' title="bbox 2196 3077 3800 3168; baseline -0.001 -24"><span class='ocrx_word' id='word_1_642' title='bbox 2196 3089 2342 3159; x_wconf 88' lang='lat' dir='ltr'><strong>quod</strong></span> <span class='ocrx_word' id='word_1_643' title='bbox 2382 3089 2435 3143; x_wconf 92' lang='lat' dir='ltr'><strong>in</strong></span> <span class='ocrx_word' id='word_1_644' title='bbox 2475 3089 2885 3168; x_wconf 85' lang='lat' dir='ltr'><strong>evacuationem</strong></span> <span class='ocrx_word' id='word_1_645' title='bbox 2927 3077 3213 3144; x_wconf 84' lang='lat' dir='ltr'><strong>memorati</strong></span> <span class='ocrx_word' id='word_1_646' title='bbox 3255 3089 3432 3158; x_wconf 89' lang='lat' dir='ltr'><strong>magni</strong></span> <span class='ocrx_word' id='word_1_647' title='bbox 3475 3087 3710 3152; x_wconf 90' lang='lat' dir='ltr'><strong>concilii,</strong></span> <span class='ocrx_word' id='word_1_648' title='bbox 3741 3100 3800 3142; x_wconf 86' lang='lat' dir='ltr'><strong>et</strong></span> 
     </span>
    </p>
   </div>
   <div class='ocr_carea' id='block_1_92' title="bbox 2197 3180 3800 3253">
    <p class='ocr_par' dir='ltr' id='par_1_92' title="bbox 2197 3180 3800 3253">
     <span class='ocr_line' id='line_1_92' title="bbox 2197 3180 3800 3253; baseline 0 -18"><span class='ocrx_word' id='word_1_649' title='bbox 2197 3180 2539 3237; x_wconf 88' lang='lat' dir='ltr'><strong>decretorum</strong></span> <span class='ocrx_word' id='word_1_650' title='bbox 2570 3199 2722 3253; x_wconf 78' lang='lat' dir='ltr'><strong>papa:</strong></span> <span class='ocrx_word' id='word_1_651' title='bbox 2753 3183 2966 3247; x_wconf 87' lang='lat' dir='ltr'><strong>Leonis,</strong></span> <span class='ocrx_word' id='word_1_652' title='bbox 2993 3183 3375 3236; x_wconf 9' lang='lat' dir='ltr'><strong>aliae-reticorum</strong></span> <span class='ocrx_word' id='word_1_653' title='bbox 3413 3181 3649 3235; x_wconf 78' lang='lat' dir='ltr'><strong>fautores</strong></span> <span class='ocrx_word' id='word_1_654' title='bbox 3679 3181 3800 3235; x_wconf 74' lang='lat' dir='ltr'><strong>hme</strong></span> 
     </span>
    </p>
   </div>
   <div class='ocr_carea' id='block_1_93' title="bbox 2200 3272 3803 3342">
    <p class='ocr_par' dir='ltr' id='par_1_93' title="bbox 2200 3272 3803 3342">
     <span class='ocr_line' id='line_1_93' title="bbox 2200 3272 3803 3342; baseline -0.004 -14"><span class='ocrx_word' id='word_1_655' title='bbox 2200 3274 2429 3342; x_wconf 85' lang='lat' dir='ltr'><strong>egerint.</strong></span> <span class='ocrx_word' id='word_1_656' title='bbox 2463 3273 2665 3328; x_wconf 89' lang='lat' dir='ltr'><strong>Deinde</strong></span> <span class='ocrx_word' id='word_1_657' title='bbox 2707 3273 2964 3342; x_wconf 89' lang='lat' dir='ltr'><strong>quoniam</strong></span> <span class='ocrx_word' id='word_1_658' title='bbox 3007 3272 3203 3327; x_wconf 90' lang='lat' dir='ltr'><strong>frustra</strong></span> <span class='ocrx_word' id='word_1_659' title='bbox 3237 3272 3576 3339; x_wconf 80' lang='lat' dir='ltr'><strong>conﬁngitur,</strong></span> <span class='ocrx_word' id='word_1_660' title='bbox 3607 3285 3803 3340; x_wconf 85' lang='lat' dir='ltr'><strong>supra-</strong></span> 
     </span>
    </p>
   </div>
   <div class='ocr_carea' id='block_1_94' title="bbox 2199 3362 3805 3433">
    <p class='ocr_par' dir='ltr' id='par_1_94' title="bbox 2199 3362 3805 3433">
     <span class='ocr_line' id='line_1_94' title="bbox 2199 3362 3805 3433; baseline -0.001 -17"><span class='ocrx_word' id='word_1_661' title='bbox 2199 3362 2398 3417; x_wconf 89' lang='lat' dir='ltr'><strong>dictam</strong></span> <span class='ocrx_word' id='word_1_662' title='bbox 2443 3363 2727 3433; x_wconf 81' lang='lat' dir='ltr'><strong>epistolam</strong></span> <span class='ocrx_word' id='word_1_663' title='bbox 2754 3363 3077 3418; x_wconf 85' lang='lat' dir='ltr'><strong>venerabilis</strong></span> <span class='ocrx_word' id='word_1_664' title='bbox 3105 3363 3209 3417; x_wconf 77' lang='lat' dir='ltr'><strong>lbzc</strong></span> <span class='ocrx_word' id='word_1_665' title='bbox 3239 3363 3305 3417; x_wconf 88' lang='lat' dir='ltr'><strong>ab</strong></span> <span class='ocrx_word' id='word_1_666' title='bbox 3335 3362 3527 3416; x_wconf 91' lang='lat' dir='ltr'><strong>eodem</strong></span> <span class='ocrx_word' id='word_1_667' title='bbox 3571 3362 3805 3415; x_wconf 84' lang='lat' dir='ltr'><strong>Chalce-</strong></span> 
     </span>
    </p>
   </div>
   <div class='ocr_carea' id='block_1_95' title="bbox 2199 3456 3797 3527">
    <p class='ocr_par' dir='ltr' id='par_1_95' title="bbox 2199 3456 3797 3527">
     <span class='ocr_line' id='line_1_95' title="bbox 2199 3456 3797 3527; baseline -0.003 -17"><span class='ocrx_word' id='word_1_668' title='bbox 2199 3456 2426 3511; x_wconf 88' lang='lat' dir='ltr'><strong>doneusi</strong></span> <span class='ocrx_word' id='word_1_669' title='bbox 2477 3457 2707 3512; x_wconf 88' lang='lat' dir='ltr'><strong>concilio</strong></span> <span class='ocrx_word' id='word_1_670' title='bbox 2755 3473 2861 3512; x_wconf 91' lang='lat' dir='ltr'><strong>non</strong></span> <span class='ocrx_word' id='word_1_671' title='bbox 2913 3457 3076 3512; x_wconf 86' lang='lat' dir='ltr'><strong>fuisse</strong></span> <span class='ocrx_word' id='word_1_672' title='bbox 3122 3465 3472 3527; x_wconf 88' lang='lat' dir='ltr'><strong>susceptam;</strong></span> <span class='ocrx_word' id='word_1_673' title='bbox 3527 3457 3619 3508; x_wconf 83' lang='lat' dir='ltr'><strong>sed</strong></span> <span class='ocrx_word' id='word_1_674' title='bbox 3670 3470 3797 3508; x_wconf 86' lang='lat' dir='ltr'><strong>cum</strong></span> 
     </span>
    </p>
   </div>
   <div class='ocr_carea' id='block_1_96' title="bbox 2199 3548 3798 3618">
    <p class='ocr_par' dir='ltr' id='par_1_96' title="bbox 2199 3548 3798 3618">
     <span class='ocr_line' id='line_1_96' title="bbox 2199 3548 3798 3618; baseline -0.002 -16"><span class='ocrx_word' id='word_1_675' title='bbox 2199 3548 2408 3602; x_wconf 82' lang='lat' dir='ltr'><strong>ostendi</strong></span> <span class='ocrx_word' id='word_1_676' title='bbox 2441 3565 2547 3602; x_wconf 91' lang='lat' dir='ltr'><strong>non</strong></span> <span class='ocrx_word' id='word_1_677' title='bbox 2579 3550 2784 3618; x_wconf 90' lang='lat' dir='ltr'><strong>possit,</strong></span> <span class='ocrx_word' id='word_1_678' title='bbox 2819 3549 2912 3602; x_wconf 89' lang='lat' dir='ltr'><strong>tali</strong></span> <span class='ocrx_word' id='word_1_679' title='bbox 2952 3549 3234 3603; x_wconf 85' lang='lat' dir='ltr'><strong>mendacio</strong></span> <span class='ocrx_word' id='word_1_680' title='bbox 3283 3565 3381 3602; x_wconf 89' lang='lat' dir='ltr'><strong>nos</strong></span> <span class='ocrx_word' id='word_1_681' title='bbox 3427 3549 3480 3601; x_wconf 91' lang='lat' dir='ltr'><strong>in</strong></span> <span class='ocrx_word' id='word_1_682' title='bbox 3511 3549 3628 3616; x_wconf 88' lang='lat' dir='ltr'><strong>ejus</strong></span> <span class='ocrx_word' id='word_1_683' title='bbox 3657 3563 3798 3600; x_wconf 87' lang='lat' dir='ltr'><strong>con-</strong></span> 
     </span>
    </p>
   </div>
   <div class='ocr_carea' id='block_1_97' title="bbox 2199 3638 3802 3695">
    <p class='ocr_par' dir='ltr' id='par_1_97' title="bbox 2199 3638 3802 3695">
     <span class='ocr_line' id='line_1_97' title="bbox 2199 3638 3802 3695; baseline 0.001 -5"><span class='ocrx_word' id='word_1_684' title='bbox 2199 3641 2596 3694; x_wconf 88' lang='lat' dir='ltr'><strong>demnationem</strong></span> <span class='ocrx_word' id='word_1_685' title='bbox 2628 3640 2895 3694; x_wconf 89' lang='lat' dir='ltr'><strong>adducere</strong></span> <span class='ocrx_word' id='word_1_686' title='bbox 2943 3641 3247 3695; x_wconf 86' lang='lat' dir='ltr'><strong>voluerunt.</strong></span> <span class='ocrx_word' id='word_1_687' title='bbox 3301 3638 3584 3693; x_wconf 84' lang='lat' dir='ltr'><strong>Postremo</strong></span> <span class='ocrx_word' id='word_1_688' title='bbox 3615 3646 3802 3691; x_wconf 87' lang='lat' dir='ltr'><strong>autem</strong></span> 
     </span>
    </p>
   </div>
   <div class='ocr_carea' id='block_1_98' title="bbox 2200 3718 3800 3804">
    <p class='ocr_par' dir='ltr' id='par_1_98' title="bbox 2200 3718 3800 3804">
     <span class='ocr_line' id='line_1_98' title="bbox 2200 3718 3800 3804; baseline 0.001 -20"><span class='ocrx_word' id='word_1_689' title='bbox 2200 3733 2444 3800; x_wconf 86' lang='lat' dir='ltr'><strong>probabo</strong></span> <span class='ocrx_word' id='word_1_690' title='bbox 2474 3749 2580 3786; x_wconf 91' lang='lat' dir='ltr'><strong>non</strong></span> <span class='ocrx_word' id='word_1_691' title='bbox 2621 3749 2782 3802; x_wconf 84' lang='lat' dir='ltr'><strong>posse</strong></span> <span class='ocrx_word' id='word_1_692' title='bbox 2819 3733 2962 3802; x_wconf 91' lang='lat' dir='ltr'><strong>juste</strong></span> <span class='ocrx_word' id='word_1_693' title='bbox 2993 3734 3200 3802; x_wconf 83' lang='lat' dir='ltr'><strong>culpari</strong></span> <span class='ocrx_word' id='word_1_694' title='bbox 3246 3743 3485 3789; x_wconf 87' lang='lat' dir='ltr'><strong>sanctam</strong></span> <span class='ocrx_word' id='word_1_695' title='bbox 3525 3718 3800 3804; x_wconf 87' lang='lat' dir='ltr'><strong>synodum</strong></span> 
     </span>
    </p>
   </div>
   <div class='ocr_carea' id='block_1_99' title="bbox 2199 3825 3804 3895">
    <p class='ocr_par' dir='ltr' id='par_1_99' title="bbox 2199 3825 3804 3895">
     <span class='ocr_line' id='line_1_99' title="bbox 2199 3825 3804 3895; baseline 0.001 -17"><span class='ocrx_word' id='word_1_696' title='bbox 2199 3825 2346 3892; x_wconf 91' lang='lat' dir='ltr'><strong>quod</strong></span> <span class='ocrx_word' id='word_1_697' title='bbox 2376 3842 2494 3879; x_wconf 88' lang='lat' dir='ltr'><strong>eam</strong></span> <span class='ocrx_word' id='word_1_698' title='bbox 2525 3827 2894 3895; x_wconf 90' lang='lat' dir='ltr'><strong>pronuntiavit</strong></span> <span class='ocrx_word' id='word_1_699' title='bbox 2921 3828 3300 3882; x_wconf 80' lang='lat' dir='ltr'><strong>orthodoxam.</strong></span> <span class='ocrx_word' id='word_1_700' title='bbox 3350 3826 3451 3881; x_wconf 89' lang='lat' dir='ltr'><strong>Ubi</strong></span> <span class='ocrx_word' id='word_1_701' title='bbox 3489 3825 3647 3882; x_wconf 89' lang='lat' dir='ltr'><strong>simul</strong></span> <span class='ocrx_word' id='word_1_702' title='bbox 3678 3827 3804 3880; x_wconf 82' lang='lat' dir='ltr'><strong>iuo-</strong></span> 
     </span>
    </p>
   </div>
   <div class='ocr_carea' id='block_1_100' title="bbox 2201 3914 3799 3984">
    <p class='ocr_par' dir='ltr' id='par_1_100' title="bbox 2201 3914 3799 3984">
     <span class='ocr_line' id='line_1_100' title="bbox 2201 3914 3799 3984; baseline 0.001 -18"><span class='ocrx_word' id='word_1_703' title='bbox 2201 3915 2384 3982; x_wconf 86' lang='lat' dir='ltr'><strong>pinum</strong></span> <span class='ocrx_word' id='word_1_704' title='bbox 2417 3915 2710 3982; x_wconf 79' lang='lat' dir='ltr'><strong>quoddam,</strong></span> <span class='ocrx_word' id='word_1_705' title='bbox 2745 3923 2800 3968; x_wconf 90' lang='lat' dir='ltr'><strong>et</strong></span> <span class='ocrx_word' id='word_1_706' title='bbox 2846 3919 2990 3984; x_wconf 90' lang='lat' dir='ltr'><strong>quod</strong></span> <span class='ocrx_word' id='word_1_707' title='bbox 3036 3915 3251 3970; x_wconf 85' lang='lat' dir='ltr'><strong>dillicile</strong></span> <span class='ocrx_word' id='word_1_708' title='bbox 3292 3915 3499 3980; x_wconf 89' lang='lat' dir='ltr'><strong>credes,</strong></span> <span class='ocrx_word' id='word_1_709' title='bbox 3532 3914 3799 3982; x_wconf 79' lang='lat' dir='ltr'><strong>Auguste,</strong></span> 
     </span>
    </p>
   </div>
   <div class='ocr_carea' id='block_1_101' title="bbox 2199 4001 3803 4074">
    <p class='ocr_par' dir='ltr' id='par_1_101' title="bbox 2199 4001 3803 4074">
     <span class='ocr_line' id='line_1_101' title="bbox 2199 4001 3803 4074; baseline -0.001 -19"><span class='ocrx_word' id='word_1_710' title='bbox 2199 4003 2606 4056; x_wconf 85' lang='lat' dir='ltr'><strong>monstrabitur.</strong></span> <span class='ocrx_word' id='word_1_711' title='bbox 2652 4001 2783 4056; x_wconf 86' lang='lat' dir='ltr'><strong>Nam</strong></span> <span class='ocrx_word' id='word_1_712' title='bbox 2815 4018 2936 4056; x_wconf 87' lang='lat' dir='ltr'><strong>eum</strong></span> <span class='ocrx_word' id='word_1_713' title='bbox 2967 4002 3290 4074; x_wconf 81' lang='lat' dir='ltr'><strong>Entychiaui</strong></span> <span class='ocrx_word' id='word_1_714' title='bbox 3321 4010 3678 4056; x_wconf 87' lang='lat' dir='ltr'><strong>memoratam</strong></span> <span class='ocrx_word' id='word_1_715' title='bbox 3711 4017 3803 4071; x_wconf 72' lang='lat' dir='ltr'><strong>sy-</strong></span> 
     </span>
    </p>
   </div>
   <div class='ocr_carea' id='block_1_102' title="bbox 2202 4091 3805 4162">
    <p class='ocr_par' dir='ltr' id='par_1_102' title="bbox 2202 4091 3805 4162">
     <span class='ocr_line' id='line_1_102' title="bbox 2202 4091 3805 4162; baseline 0.001 -17"><span class='ocrx_word' id='word_1_716' title='bbox 2202 4092 2398 4145; x_wconf 91' lang='lat' dir='ltr'><strong>nodum</strong></span> <span class='ocrx_word' id='word_1_717' title='bbox 2455 4093 2846 4159; x_wconf 86' lang='lat' dir='ltr'><strong>criminentur,</strong></span> <span class='ocrx_word' id='word_1_718' title='bbox 2897 4093 3040 4162; x_wconf 83' lang='lat' dir='ltr'><strong>quod</strong></span> <span class='ocrx_word' id='word_1_719' title='bbox 3109 4094 3255 4148; x_wconf 91' lang='lat' dir='ltr'><strong>velut</strong></span> <span class='ocrx_word' id='word_1_720' title='bbox 3306 4093 3356 4146; x_wconf 91' lang='lat' dir='ltr'><strong>in</strong></span> <span class='ocrx_word' id='word_1_721' title='bbox 3406 4091 3805 4162; x_wconf 86' lang='lat' dir='ltr'><strong>approbatione</strong></span> 
     </span>
    </p>
   </div>
   <div class='ocr_carea' id='block_1_103' title="bbox 2201 4183 3806 4256">
    <p class='ocr_par' dir='ltr' id='par_1_103' title="bbox 2201 4183 3806 4256">
     <span class='ocr_line' id='line_1_103' title="bbox 2201 4183 3806 4256; baseline 0.002 -18"><span class='ocrx_word' id='word_1_722' title='bbox 2201 4185 2371 4254; x_wconf 87' lang='lat' dir='ltr'><strong>ipsius</strong></span> <span class='ocrx_word' id='word_1_723' title='bbox 2405 4185 2662 4254; x_wconf 62' lang='lat' dir='ltr'><strong>epistola:</strong></span> <span class='ocrx_word' id='word_1_724' title='bbox 2710 4185 2925 4240; x_wconf 88' lang='lat' dir='ltr'><strong>beatum</strong></span> <span class='ocrx_word' id='word_1_725' title='bbox 2964 4185 3222 4256; x_wconf 89' lang='lat' dir='ltr'><strong>Cyrillum</strong></span> <span class='ocrx_word' id='word_1_726' title='bbox 3270 4183 3579 4239; x_wconf 72' lang='lat' dir='ltr'><strong>hmreticum</strong></span> <span class='ocrx_word' id='word_1_727' title='bbox 3629 4184 3806 4241; x_wconf 84' lang='lat' dir='ltr'><strong>fuisse</strong></span> 
     </span>
    </p>
   </div>
   <div class='ocr_carea' id='block_1_104' title="bbox 2201 4273 3801 4347">
    <p class='ocr_par' dir='ltr' id='par_1_104' title="bbox 2201 4273 3801 4347">
     <span class='ocr_line' id='line_1_104' title="bbox 2201 4273 3801 4347; baseline 0 -19"><span class='ocrx_word' id='word_1_728' title='bbox 2201 4277 2494 4330; x_wconf 84' lang='lat' dir='ltr'><strong>lirmaverit</strong></span> <span class='ocrx_word' id='word_1_729' title='bbox 2513 4315 2527 4339; x_wconf 95' lang='lat'><strong>,</strong></span> <span class='ocrx_word' id='word_1_730' title='bbox 2559 4285 2614 4331; x_wconf 90' lang='lat' dir='ltr'><strong>et</strong></span> <span class='ocrx_word' id='word_1_731' title='bbox 2641 4275 2874 4331; x_wconf 85' lang='lat' dir='ltr'><strong>Nestorii</strong></span> <span class='ocrx_word' id='word_1_732' title='bbox 2903 4277 3306 4337; x_wconf 78' lang='lat' dir='ltr'><strong>excusationem</strong></span> <span class='ocrx_word' id='word_1_733' title='bbox 3333 4318 3348 4344; x_wconf 93' lang='lat'><strong>,</strong></span> <span class='ocrx_word' id='word_1_734' title='bbox 3378 4273 3630 4347; x_wconf 89' lang='lat' dir='ltr'><strong>Ephesini</strong></span> <span class='ocrx_word' id='word_1_735' title='bbox 3659 4293 3801 4332; x_wconf 80' lang='lat' dir='ltr'><strong>vero</strong></span> 
     </span>
    </p>
   </div>
   <div class='ocr_carea' id='block_1_105' title="bbox 2198 4368 3806 4438">
    <p class='ocr_par' dir='ltr' id='par_1_105' title="bbox 2198 4368 3806 4438">
     <span class='ocr_line' id='line_1_105' title="bbox 2198 4368 3806 4438; baseline 0 -16"><span class='ocrx_word' id='word_1_736' title='bbox 2198 4368 2415 4423; x_wconf 87' lang='lat' dir='ltr'><strong>concilii</strong></span> <span class='ocrx_word' id='word_1_737' title='bbox 2461 4368 2940 4438; x_wconf 87' lang='lat' dir='ltr'><strong>reprehensionem</strong></span> <span class='ocrx_word' id='word_1_738' title='bbox 2989 4370 3257 4438; x_wconf 89' lang='lat' dir='ltr'><strong>receperit</strong></span> <span class='ocrx_word' id='word_1_739' title='bbox 3289 4387 3301 4421; x_wconf 93' lang='lat'><strong>:</strong></span> <span class='ocrx_word' id='word_1_740' title='bbox 3336 4381 3436 4438; x_wconf 83' lang='lat' dir='ltr'><strong>ego</strong></span> <span class='ocrx_word' id='word_1_741' title='bbox 3481 4377 3668 4423; x_wconf 89' lang='lat' dir='ltr'><strong>contra</strong></span> <span class='ocrx_word' id='word_1_742' title='bbox 3702 4369 3806 4422; x_wconf 84' lang='lat' dir='ltr'><strong>do-</strong></span> 
     </span>
    </p>
   </div>
   <div class='ocr_carea' id='block_1_106' title="bbox 2201 4458 3804 4529">
    <p class='ocr_par' dir='ltr' id='par_1_106' title="bbox 2201 4458 3804 4529">
     <span class='ocr_line' id='line_1_106' title="bbox 2201 4458 3804 4529; baseline 0.001 -17"><span class='ocrx_word' id='word_1_743' title='bbox 2201 4473 2377 4522; x_wconf 89' lang='lat' dir='ltr'><strong>ceam,</strong></span> <span class='ocrx_word' id='word_1_744' title='bbox 2410 4458 2535 4527; x_wconf 91' lang='lat' dir='ltr'><strong>quia</strong></span> <span class='ocrx_word' id='word_1_745' title='bbox 2567 4458 2609 4512; x_wconf 93' lang='lat' dir='ltr'><strong>si</strong></span> <span class='ocrx_word' id='word_1_746' title='bbox 2639 4458 2946 4528; x_wconf 73' lang='lat' dir='ltr'><strong>prtedictam</strong></span> <span class='ocrx_word' id='word_1_747' title='bbox 2977 4460 3262 4529; x_wconf 88' lang='lat' dir='ltr'><strong>epistolam</strong></span> <span class='ocrx_word' id='word_1_748' title='bbox 3305 4459 3462 4528; x_wconf 90' lang='lat' dir='ltr'><strong>quasi</strong></span> <span class='ocrx_word' id='word_1_749' title='bbox 3490 4459 3804 4514; x_wconf 72' lang='lat' dir='ltr'><strong>hmretieam</strong></span> 
     </span>
    </p>
   </div>
   <div class='ocr_carea' id='block_1_107' title="bbox 2199 4547 3805 4620">
    <p class='ocr_par' dir='ltr' id='par_1_107' title="bbox 2199 4547 3805 4620">
     <span class='ocr_line' id='line_1_107' title="bbox 2199 4547 3805 4620; baseline 0.001 -18"><span class='ocrx_word' id='word_1_750' title='bbox 2199 4549 2554 4619; x_wconf 89' lang='lat' dir='ltr'><strong>improbaret,</strong></span> <span class='ocrx_word' id='word_1_751' title='bbox 2589 4549 2716 4604; x_wconf 89' lang='lat' dir='ltr'><strong>hinc</strong></span> <span class='ocrx_word' id='word_1_752' title='bbox 2745 4550 2924 4619; x_wconf 89' lang='lat' dir='ltr'><strong>potius</strong></span> <span class='ocrx_word' id='word_1_753' title='bbox 2961 4549 3176 4604; x_wconf 88' lang='lat' dir='ltr'><strong>beatum</strong></span> <span class='ocrx_word' id='word_1_754' title='bbox 3211 4547 3468 4620; x_wconf 88' lang='lat' dir='ltr'><strong>Cyrillum</strong></span> <span class='ocrx_word' id='word_1_755' title='bbox 3499 4547 3805 4604; x_wconf 84' lang='lat' dir='ltr'><strong>credidisse</strong></span> 
     </span>
    </p>
   </div>
   <div class='ocr_carea' id='block_1_108' title="bbox 2201 4639 3803 4713">
    <p class='ocr_par' dir='ltr' id='par_1_108' title="bbox 2201 4639 3803 4713">
     <span class='ocr_line' id='line_1_108' title="bbox 2201 4639 3803 4713; baseline 0.002 -17"><span class='ocrx_word' id='word_1_756' title='bbox 2201 4642 2535 4705; x_wconf 86' lang='lat' dir='ltr'><strong>haereticum,</strong></span> <span class='ocrx_word' id='word_1_757' title='bbox 2561 4650 2617 4698; x_wconf 90' lang='lat' dir='ltr'><strong>et</strong></span> <span class='ocrx_word' id='word_1_758' title='bbox 2643 4641 2951 4697; x_wconf 82' lang='lat' dir='ltr'><strong>Nestorium</strong></span> <span class='ocrx_word' id='word_1_759' title='bbox 2976 4657 3263 4698; x_wconf 86' lang='lat' dir='ltr'><strong>excusasse</strong></span> <span class='ocrx_word' id='word_1_760' title='bbox 3284 4650 3445 4713; x_wconf 90' lang='lat' dir='ltr'><strong>atque</strong></span> <span class='ocrx_word' id='word_1_761' title='bbox 3466 4639 3803 4712; x_wconf 86' lang='lat' dir='ltr'><strong>Ephesinum</strong></span> 
     </span>
    </p>
   </div>
   <div class='ocr_carea' id='block_1_109' title="bbox 2203 4731 3254 4803">
    <p class='ocr_par' dir='ltr' id='par_1_109' title="bbox 2203 4731 3254 4803">
     <span class='ocr_line' id='line_1_109' title="bbox 2203 4731 3254 4803; baseline 0 -17"><span class='ocrx_word' id='word_1_762' title='bbox 2203 4731 2619 4803; x_wconf 89' lang='lat' dir='ltr'><strong>reprehendisse</strong></span> <span class='ocrx_word' id='word_1_763' title='bbox 2647 4732 2934 4788; x_wconf 88' lang='lat' dir='ltr'><strong>concilium</strong></span> <span class='ocrx_word' id='word_1_764' title='bbox 2968 4732 3254 4788; x_wconf 87' lang='lat' dir='ltr'><strong>videretur.</strong></span> 
     </span>
    </p>
   </div>
   <div class='ocr_carea' id='block_1_110' title="bbox 2833 4886 3161 4943">
    <p class='ocr_par' dir='ltr' id='par_1_110' title="bbox 2833 4886 3161 4943">
     <span class='ocr_line' id='line_1_110' title="bbox 2833 4886 3161 4943; baseline -0.006 0"><span class='ocrx_word' id='word_1_765' title='bbox 2833 4886 3060 4943; x_wconf 85' lang='lat' dir='ltr'><strong>CAPUT</strong></span> <span class='ocrx_word' id='word_1_766' title='bbox 3098 4887 3161 4942; x_wconf 89' lang='lat' dir='ltr'><strong>ll.</strong></span> 
     </span>
    </p>
   </div>
   <div class='ocr_carea' id='block_1_111' title="bbox 2202 4987 3804 5073">
    <p class='ocr_par' dir='ltr' id='par_1_111' title="bbox 2202 4987 3804 5073">
     <span class='ocr_line' id='line_1_111' title="bbox 2202 4987 3804 5073; baseline 0.001 -18"><span class='ocrx_word' id='word_1_767' title='bbox 2202 5001 2352 5067; x_wconf 86' lang='lat' dir='ltr'><strong>Quod</strong></span> <span class='ocrx_word' id='word_1_768' title='bbox 2399 5002 2615 5073; x_wconf 80' lang='lat' dir='ltr'><strong>epistola</strong></span> <span class='ocrx_word' id='word_1_769' title='bbox 2671 5002 2796 5066; x_wconf 71' lang='lat' dir='ltr'><strong>lbra,</strong></span> <span class='ocrx_word' id='word_1_770' title='bbox 2845 5005 3073 5072; x_wconf 82' lang='lat' dir='ltr'><strong>quamvis</strong></span> <span class='ocrx_word' id='word_1_771' title='bbox 3127 5019 3240 5056; x_wconf 87' lang='lat' dir='ltr'><strong>eam</strong></span> <span class='ocrx_word' id='word_1_772' title='bbox 3288 4987 3578 5056; x_wconf 62' lang='lat' dir='ltr'><strong>conciliant</strong></span> <span class='ocrx_word' id='word_1_773' title='bbox 3613 5004 3804 5057; x_wconf 73' lang='lat' dir='ltr'><strong>ert/io-</strong></span> 
     </span>
    </p>
   </div>
   <div class='ocr_carea' id='block_1_112' title="bbox 2206 5215 3809 5288">
    <p class='ocr_par' dir='ltr' id='par_1_112' title="bbox 2206 5215 3809 5288">
     <span class='ocr_line' id='line_1_112' title="bbox 2206 5215 3809 5288; baseline 0.001 -13"><span class='ocrx_word' id='word_1_774' title='bbox 2206 5215 2414 5288; x_wconf 87' lang='lat' dir='ltr'><strong>cundus</strong></span> <span class='ocrx_word' id='word_1_775' title='bbox 2433 5220 2561 5288; x_wconf 89' lang='lat' dir='ltr'><strong>quin</strong></span> <span class='ocrx_word' id='word_1_776' title='bbox 2587 5219 2742 5288; x_wconf 88' lang='lat' dir='ltr'><strong>hujus</strong></span> <span class='ocrx_word' id='word_1_777' title='bbox 2767 5219 2885 5274; x_wconf 88' lang='lat' dir='ltr'><strong>libri</strong></span> <span class='ocrx_word' id='word_1_778' title='bbox 2915 5229 3108 5274; x_wconf 90' lang='lat' dir='ltr'><strong>auctor</strong></span> <span class='ocrx_word' id='word_1_779' title='bbox 3133 5229 3280 5274; x_wconf 91' lang='lat' dir='ltr'><strong>esset</strong></span> <span class='ocrx_word' id='word_1_780' title='bbox 3303 5218 3627 5274; x_wconf 83' lang='lat' dir='ltr'><strong>Justinianus</strong></span> <span class='ocrx_word' id='word_1_781' title='bbox 3652 5234 3668 5282; x_wconf 87' lang='lat'><strong>;</strong></span> <span class='ocrx_word' id='word_1_782' title='bbox 3703 5221 3809 5276; x_wconf 86' lang='lat' dir='ltr'><strong>sed</strong></span> 
     </span>
    </p>
   </div>
   <div class='ocr_carea' id='block_1_113' title="bbox 2205 5287 3809 5360">
    <p class='ocr_par' dir='ltr' id='par_1_113' title="bbox 2205 5287 3809 5360">
     <span class='ocr_line' id='line_1_113' title="bbox 2205 5287 3809 5360; baseline -0.001 -18"><span class='ocrx_word' id='word_1_783' title='bbox 2205 5287 2493 5345; x_wconf 83' lang='lat' dir='ltr'><strong>artiﬁciose</strong></span> <span class='ocrx_word' id='word_1_784' title='bbox 2521 5287 2840 5360; x_wconf 87' lang='lat' dir='ltr'><strong>dissimulat,</strong></span> <span class='ocrx_word' id='word_1_785' title='bbox 2881 5299 2940 5343; x_wconf 91' lang='lat' dir='ltr'><strong>ut</strong></span> <span class='ocrx_word' id='word_1_786' title='bbox 2970 5290 3191 5344; x_wconf 90' lang='lat' dir='ltr'><strong>liberius</strong></span> <span class='ocrx_word' id='word_1_787' title='bbox 3218 5291 3514 5360; x_wconf 89' lang='lat' dir='ltr'><strong>impugnet.</strong></span> <span class='ocrx_word' id='word_1_788' title='bbox 3547 5288 3682 5360; x_wconf 83' lang='lat' dir='ltr'><strong>Nam</strong></span> <span class='ocrx_word' id='word_1_789' title='bbox 3715 5299 3809 5344; x_wconf 68' lang='lat' dir='ltr'><strong>to.</strong></span> 
     </span>
    </p>
   </div>
   <div class='ocr_carea' id='block_1_114' title="bbox 2199 5358 3808 5430">
    <p class='ocr_par' dir='ltr' id='par_1_114' title="bbox 2199 5358 3808 5430">
     <span class='ocr_line' id='line_1_114' title="bbox 2199 5358 3808 5430; baseline 0.002 -18"><span class='ocrx_word' id='word_1_790' title='bbox 2199 5368 2284 5430; x_wconf 82' lang='lat' dir='ltr'><strong>tus</strong></span> <span class='ocrx_word' id='word_1_791' title='bbox 2305 5360 2560 5430; x_wconf 86' lang='lat' dir='ltr'><strong>deinceps</strong></span> <span class='ocrx_word' id='word_1_792' title='bbox 2587 5359 2638 5412; x_wconf 92' lang='lat' dir='ltr'><strong>iu</strong></span> <span class='ocrx_word' id='word_1_793' title='bbox 2668 5359 2785 5430; x_wconf 75' lang='lat' dir='ltr'><strong>ejus</strong></span> <span class='ocrx_word' id='word_1_794' title='bbox 2809 5361 3235 5430; x_wconf 90' lang='lat' dir='ltr'><strong>reprehensione</strong></span> <span class='ocrx_word' id='word_1_795' title='bbox 3257 5358 3580 5415; x_wconf 79' lang='lat' dir='ltr'><strong>versabitur.</strong></span> <span class='ocrx_word' id='word_1_796' title='bbox 3607 5358 3808 5430; x_wconf 77' lang='lat' dir='ltr'><strong>itaque</strong></span> 
     </span>
    </p>
   </div>
   <div class='ocr_carea' id='block_1_115' title="bbox 2197 5428 3808 5500">
    <p class='ocr_par' dir='ltr' id='par_1_115' title="bbox 2197 5428 3808 5500">
     <span class='ocr_line' id='line_1_115' title="bbox 2197 5428 3808 5500; baseline 0.001 -18"><span class='ocrx_word' id='word_1_797' title='bbox 2197 5428 2453 5484; x_wconf 89' lang='lat' dir='ltr'><strong>falluntur</strong></span> <span class='ocrx_word' id='word_1_798' title='bbox 2491 5428 2582 5498; x_wconf 84' lang='lat' dir='ltr'><strong>qui</strong></span> <span class='ocrx_word' id='word_1_799' title='bbox 2611 5445 2640 5500; x_wconf 85' lang='lat' dir='ltr'><strong>a</strong></span> <span class='ocrx_word' id='word_1_800' title='bbox 2670 5428 2943 5500; x_wconf 5' lang='lat' dir='ltr'><strong>Facundo,</strong></span> <span class='ocrx_word' id='word_1_801' title='bbox 2971 5431 3274 5500; x_wconf 79' lang='lat' dir='ltr'><strong>impugnari</strong></span> <span class='ocrx_word' id='word_1_802' title='bbox 3320 5438 3512 5500; x_wconf 88' lang='lat' dir='ltr'><strong>putant</strong></span> <span class='ocrx_word' id='word_1_803' title='bbox 3557 5428 3808 5500; x_wconf 84' lang='lat' dir='ltr'><strong>edictum</strong></span> 
     </span>
    </p>
   </div>
   <div class='ocr_carea' id='block_1_116' title="bbox 2195 5497 3808 5571">
    <p class='ocr_par' dir='ltr' id='par_1_116' title="bbox 2195 5497 3808 5571">
     <span class='ocr_line' id='line_1_116' title="bbox 2195 5497 3808 5571; baseline 0.001 -17"><span class='ocrx_word' id='word_1_804' title='bbox 2195 5515 2290 5554; x_wconf 90' lang='lat' dir='ltr'><strong>seu</strong></span> <span class='ocrx_word' id='word_1_805' title='bbox 2311 5497 2595 5571; x_wconf 75' lang='lat' dir='ltr'><strong>epistolam</strong></span> <span class='ocrx_word' id='word_1_806' title='bbox 2611 5497 2899 5555; x_wconf 72' lang='lat' dir='ltr'><strong>Iustiniani</strong></span> <span class='ocrx_word' id='word_1_807' title='bbox 2918 5499 2985 5554; x_wconf 92' lang='lat' dir='ltr'><strong>de</strong></span> <span class='ocrx_word' id='word_1_808' title='bbox 3005 5497 3110 5568; x_wconf 83' lang='lat' dir='ltr'><strong>qua</strong></span> <span class='ocrx_word' id='word_1_809' title='bbox 3131 5497 3411 5571; x_wconf 81' lang='lat' dir='ltr'><strong>superiore</strong></span> <span class='ocrx_word' id='word_1_810' title='bbox 3433 5500 3568 5554; x_wconf 86' lang='lat' dir='ltr'><strong>libro</strong></span> <span class='ocrx_word' id='word_1_811' title='bbox 3589 5499 3808 5571; x_wconf 83' lang='lat' dir='ltr'><strong>dictum</strong></span> 
     </span>
    </p>
   </div>
   <div class='ocr_carea' id='block_1_117' title="bbox 2195 5567 3808 5639">
    <p class='ocr_par' dir='ltr' id='par_1_117' title="bbox 2195 5567 3808 5639">
     <span class='ocr_line' id='line_1_117' title="bbox 2195 5567 3808 5639; baseline 0 -15"><span class='ocrx_word' id='word_1_812' title='bbox 2195 5579 2295 5639; x_wconf 79' lang='lat' dir='ltr'><strong>est.</strong></span> <span class='ocrx_word' id='word_1_813' title='bbox 2341 5567 2414 5624; x_wconf 85' lang='lat' dir='ltr'><strong>Ut</strong></span> <span class='ocrx_word' id='word_1_814' title='bbox 2441 5570 2584 5624; x_wconf 90' lang='lat' dir='ltr'><strong>enim</strong></span> <span class='ocrx_word' id='word_1_815' title='bbox 2622 5571 2866 5624; x_wconf 90' lang='lat' dir='ltr'><strong>omittam</strong></span> <span class='ocrx_word' id='word_1_816' title='bbox 2903 5567 3212 5639; x_wconf 60' lang='lat' dir='ltr'><strong>epistolam&#39;</strong></span> <span class='ocrx_word' id='word_1_817' title='bbox 3236 5572 3406 5625; x_wconf 92' lang='lat' dir='ltr'><strong>multo</strong></span> <span class='ocrx_word' id='word_1_818' title='bbox 3436 5578 3566 5639; x_wconf 86' lang='lat' dir='ltr'><strong>post</strong></span> <span class='ocrx_word' id='word_1_819' title='bbox 3588 5569 3808 5624; x_wconf 82' lang='lat' dir='ltr'><strong>editam</strong></span> 
     </span>
    </p>
   </div>
   <div class='ocr_carea' id='block_1_118' title="bbox 2197 5638 3802 5712">
    <p class='ocr_par' dir='ltr' id='par_1_118' title="bbox 2197 5638 3802 5712">
     <span class='ocr_line' id='line_1_118' title="bbox 2197 5638 3802 5712; baseline 0.001 -20"><span class='ocrx_word' id='word_1_820' title='bbox 2197 5638 2358 5694; x_wconf 77' lang='lat' dir='ltr'><strong>fuisse</strong></span> <span class='ocrx_word' id='word_1_821' title='bbox 2373 5681 2399 5712; x_wconf 12' lang='lat'><strong>7,</strong></span> <span class='ocrx_word' id='word_1_822' title='bbox 2446 5640 2500 5693; x_wconf 94' lang='lat' dir='ltr'><strong>in</strong></span> <span class='ocrx_word' id='word_1_823' title='bbox 2531 5649 2771 5712; x_wconf 82' lang='lat' dir='ltr'><strong>eacerte</strong></span> <span class='ocrx_word' id='word_1_824' title='bbox 2800 5641 2888 5694; x_wconf 89' lang='lat' dir='ltr'><strong>illa</strong></span> <span class='ocrx_word' id='word_1_825' title='bbox 2916 5638 3024 5695; x_wconf 83' lang='lat' dir='ltr'><strong>non</strong></span> <span class='ocrx_word' id='word_1_826' title='bbox 3053 5651 3180 5696; x_wconf 89' lang='lat' dir='ltr'><strong>sunt</strong></span> <span class='ocrx_word' id='word_1_827' title='bbox 3204 5655 3325 5712; x_wconf 62' lang='lat' dir='ltr'><strong>qua:</strong></span> <span class='ocrx_word' id='word_1_828' title='bbox 3354 5638 3639 5697; x_wconf 85' lang='lat' dir='ltr'><strong>Facundus</strong></span> <span class='ocrx_word' id='word_1_829' title='bbox 3670 5653 3802 5710; x_wconf 81' lang='lat' dir='ltr'><strong>pas~</strong></span> 
     </span>
    </p>
   </div>
   <div class='ocr_carea' id='block_1_119' title="bbox 2193 5709 3168 5778">
    <p class='ocr_par' dir='ltr' id='par_1_119' title="bbox 2193 5709 3168 5778">
     <span class='ocr_line' id='line_1_119' title="bbox 2193 5709 3168 5778; baseline 0.007 -15"><span class='ocrx_word' id='word_1_830' title='bbox 2193 5712 2294 5763; x_wconf 88' lang='lat' dir='ltr'><strong>sim</strong></span> <span class='ocrx_word' id='word_1_831' title='bbox 2324 5709 2478 5764; x_wconf 86' lang='lat' dir='ltr'><strong>all&#39;ert</strong></span> <span class='ocrx_word' id='word_1_832' title='bbox 2507 5725 2573 5763; x_wconf 78' lang='lat' dir='ltr'><strong>ex</strong></span> <span class='ocrx_word' id='word_1_833' title='bbox 2601 5711 2738 5764; x_wconf 89' lang='lat' dir='ltr'><strong>libro</strong></span> <span class='ocrx_word' id='word_1_834' title='bbox 2767 5725 2926 5778; x_wconf 87' lang='lat' dir='ltr'><strong>quem</strong></span> <span class='ocrx_word' id='word_1_835' title='bbox 2959 5711 3168 5770; x_wconf 77' lang='lat' dir='ltr'><strong>refellit.</strong></span> 
     </span>
    </p>
   </div>
   <div class='ocr_carea' id='block_1_120' title="bbox 2279 5935 2878 6009">
    <p class='ocr_par' dir='ltr' id='par_1_120' title="bbox 2279 5935 2878 6009">
     <span class='ocr_line' id='line_1_120' title="bbox 2279 5935 2878 6009; baseline 0.003 -19"><span class='ocrx_word' id='word_1_836' title='bbox 2279 5938 2296 5966; x_wconf 87' lang='grc'>²</span> <span class='ocrx_word' id='word_1_837' title='bbox 2325 5935 2467 5991; x_wconf 75' lang='lat' dir='ltr'><strong>Idem</strong></span> <span class='ocrx_word' id='word_1_838' title='bbox 2497 5935 2645 6003; x_wconf 84' lang='lat' dir='ltr'><strong>cod.,</strong></span> <span class='ocrx_word' id='word_1_839' title='bbox 2681 5939 2878 6009; x_wconf 87' lang='lat' dir='ltr'><strong>poterit</strong></span> 
     </span>
    </p>
   </div>
  </div>
