4114 6482
377 259 468 314 561

1278 266 1410 320 PllO
1451 263 1870 320 DEFENSlONE
1910 264 2122 320 TRIUM
2165 267 2479 328 CAl’lTUL.
2527 272 2650 328 LIB.
2683 272 2742 331 ll.

3566 275 3674 330 55$

447 383 636 460 dormit
694 397 796 460 non
842 391 1242 460 pronuntiasset,
1279 385 1516 438 damnari
1551 387 1735 456 atque
1763 386 1971 439 concilii
1997 392 2047 450 Α
2074 386 2416 442 decretorum
2465 388 2625 444 simul
2655 391 2675 420 '
2709 388 2972 443 rationem
3022 403 3183 458 quam
3235 391 3478 460 epistola:
3523 391 3668 445 beati

445 452 838 517 reprehensione
859 469 958 505 non
992 455 1174 520 possit.

443 564 547 620 Sed
575 563 685 633 jam
714 563 943 634 primam
975 563 1254 622 divisionis
1299 565 1458 635 hujus
1497 575 1708 636 partem
1737 576 1967 623 tractare

372 659 650 714 debemus.
676 658 910 713 Dicimus
932 660 1112 728 igitur,
1136 660 1262 729 quia
1291 659 1374 714 vel
1397 660 1465 729 si,
1488 668 1548 717 ut
1572 661 1788 730 quidam
1816 677 1968 715 men-

373 753 454 805 titi
478 760 607 806 sunt
631 791 648 816 ,
695 751 981 823 epistolam
1011 752 1335 808 venerabilis
1364 752 1470 807 Iba:
1495 753 1718 808 minime
1745 751 1970 807 Chalce-

373 843 627 896 donensis
668 841 907 913 synodus
947 841 1313 911 approbaret,
1364 857 1464 897 nec
1503 843 1722 896 omnino
1753 841 1820 896 ad
1849 841 1966 911 ejus

373 935 674 988 deferretur
705 949 931 987 examen
962 975 977 1000 ,
1027 933 1105 987 sic
1134 946 1350 1002 quoque
1381 933 1435 986 in
1467 933 1634 1003 ipsius
1663 934 1966 988 evacuatio-

371 1040 494 1076 netu
529 1038 628 1091 pro
657 1020 927 1076 Theodori
968 1021 1127 1074 laude
1167 1022 1535 1076 damnaretur.
1569 1022 1722 1089 Quod
1753 1038 1820 1076 ex
1848 1021 1974 1092 ejus-

371 1112 700 1166 alloeutione
724 1152 738 1176 ,
785 1125 945 1179 quam
971 1155 985 1178 ,
1019 1111 1158 1164 sicut
1186 1112 1366 1182 priore
1397 1111 1534 1166 libro
1564 1111 1862 1177 docuimus,
1896 1113 1963 1168 ad

371 1203 693 1257 Martianum
743 1202 958 1272 scripsit
998 1201 1296 1273 Augustum
1325 1245 1338 1270 ,
1385 1203 1541 1272 cujus
1585 1205 1961 1260 auctoritatem

368 1304 544 1348 vestra
589 1309 808 1364 quoque
853 1294 1026 1364 pietas
1073 1309 1169 1348 sua
1223 1295 1342 1364 lege
1391 1294 1644 1361 ﬁrmavit,
1685 1295 1965 1351 evidenter

367 1386 692 1441 ostenditur.
743 1385 848 1440 Sed
879 1386 1186 1455 priusquam
1219 1385 1561 1441 allocutionis
1607 1387 1771 1456 ipsius
1798 1402 1963 1457 super

370 1478 469 1530 hac
498 1492 713 1545 quoque
742 1492 903 1531 causa
956 1477 1321 1532 testimonium
1369 1478 1706 1547 proferamus
1733 1480 1846 1534 sive
1871 1495 1964 1534 ex-

368 1569 682 1637 pendamus,
712 1568 1025 1637 przedietam
1051 1569 1222 1638 legem
1251 1579 1485 1624 vestram
1507 1585 1626 1638 qua:
1653 1570 1959 1626 auctoritati

367 1659 501 1725 (jus,
536 1669 593 1714 ut
622 1660 872 1725 diximus,
906 1668 1214 1727 attestatur,
1249 1676 1675 1716 commemorare
1718 1677 1960 1718 necessa-

367 1754 498 1804 rium
530 1751 712 1805 credo.
765 1751 976 1806 Titurius
1007 1762 1187 1806 autem
1230 1752 1329 1806 sub
1358 1767 1466 1821 quo
1497 1753 1822 1820 continetur,
1859 1754 1958 1808 iste

366 1853 444 1894 est
493 1842 645 1910 (Cod.
675 1843 738 1894 de
769 1841 986 1896 Summa
1019 1841 1206 1895 Trinit.
1235 1883 1248 1906 ,
1297 1841 1386 1895 tib.
1422 1840 1512 1910 vn)
1559 1859 1571 1894 :
1631 1840 1706 1896 De
1758 1825 1991 1896 summa

368 1935 624 1988 Trinitate
651 1945 699 1988 e:
729 1936 833 2004 [ide
860 1936 1112 1988 catholica
1138 1977 1151 1994 ,
1197 1943 1245 1989 et
1286 1945 1339 1987 ut
1389 1953 1536 1989 nemo
1563 1936 1627 1988 de
1671 1951 1732 1989 ea
1762 1935 1962 2004 publire

366 2027 669 2081 rontcndere
723 2028 931 2081 audeat.
1001 2026 1328 2097 Principium
1402 2045 1574 2082 vero:
1613 2028 1962 2098 «Imperator

367 2117 699 2174 Iustinianus
730 2120 1000 2188 Augustus
1033 2118 1331 2188 Epiphanio
1361 2120 1705 2174 sanctissimo
1744 2135 1806 2175 ac
1834 2121 1959 2174 bea-

365 2210 570 2263 tissimo
601 2209 1006 2279 archiepiscopo
1039 2211 1197 2278 regizc
1225 2211 1370 2266 urbis
1401 2211 1561 2280 hujus
1587 2221 1640 2265 et
1668 2211 1955 2266 universali

365 2301 706 2369 patriarchae.
749 2302 900 2358 Scire
931 2306 1175 2360 volentes
1215 2315 1360 2360 tuam
1405 2307 1746 2362 sanctitatem
1777 2308 1954 2362 omnia

365 2414 479 2464 illia:
495 2398 559 2452 ad
580 2399 998 2454 ecclesiasticum
1013 2411 1211 2455 statum
1231 2403 1543 2472 respiciunt.
1568 2423 1586 2456 ι
1612 2401 1671 2455 Et
1687 2403 1918 2472 postalia
1943 2422 1956 2456 :

369 2511 385 2540 ι
413 2489 609 2545 Eadem
627 2507 750 2547 vero
767 2504 950 2549 saneta
965 2494 1419 2552 Chalcedonensis
1439 2497 1698 2568 synodus,
1713 2507 1762 2552 et
1781 2499 1956 2567 m‘agni

365 2585 538 2639 Procli
569 2586 636 2640 ad
667 2586 949 2642 Armenios
980 2589 1235 2658 scriptam
1267 2591 1571 2660 epistolam,
1607 2591 1674 2645 de
1716 2607 1782 2645 eo
1812 2592 1956 2661 quod

363 2689 576 2748 oportet
598 2679 776 2736 dicere
803 2681 1086 2736 Dominum
1109 2682 1292 2737 Jesum
1315 2682 1587 2739 Christum
1621 2684 1809 2738 Filium
1841 2685 1953 2747 Dei,

363 2779 414 2823 et
448 2770 612 2824 Deum
641 2779 902 2836 nostrum,
938 2789 1099 2827 unum
1127 2784 1324 2829 saneta.-
1354 2774 1655 2839 Trinitalis,
1690 2791 1785 2846 per
1804 2792 1954 2831 suam

367 2862 684 2916 relationem
710 2864 945 2934 suscepit
969 2874 1022 2919 et
1044 2863 1397 2920 conﬁrmavit.
1427 2865 1482 2920 Si
1507 2867 1647 2920 enim
1671 2867 1957 2937 prmdictas

362 2962 582 3006 satietas
628 2963 863 3022 quatuor
907 2955 1144 3026 synodos
1190 2956 1568 3024 egrediantur,
1625 2967 1719 3011 aut
1763 2958 1830 3012 ab
1873 2957 1958 3014 his

363 3045 640 3114 disposita,
669 3046 860 3100 damus
887 3047 1194 3101 facultatem
1225 3048 1490 3102 Ilzerelicis
1516 3048 1606 3116 qui
1629 3047 1858 3118 depositi
1887 3049 1955 3102 ab

2073 478 2289 545 Leonis,
2314 478 2533 555 Patrum
2561 482 2886 536 auctoritate
2915 480 3256 554 conﬁrmans,
3289 482 3362 535 ita
3393 480 3671 550 respondit

2071 570 2329 628 adversus
2354 569 2717 644 Eutyehianos
2744 573 2835 641 qui
2877 588 2998 628 eam
3043 573 3336 643 culpabant
3363 572 3509 641 quod
3535 571 3671 627 duas

2070 660 2347 718 difﬁnierit
2389 663 2590 719 Christi
2628 679 2748 720 esse
2777 672 2995 720 naturas
3028 683 3041 718 :
3079 684 3096 716 ι
3130 665 3495 733 Ambiguitate
3522 679 3672 733 qua:-

2068 754 2262 810 stionis
2297 764 2487 810 exorta
2512 796 2526 820 ,
2569 754 2789 809 Patrum
2841 755 3379 825 interpretationibus
3424 764 3670 810 nostram

2070 848 2466 904 confessionem
2497 857 2780 918 coaptasse
2819 849 3196 917 cognoscimur
3227 867 3240 902 :
3273 847 3670 904 satisfacientes

2069 943 2212 1011 quod
2244 943 2292 997 in
2326 942 2475 996 nullo
2504 942 2805 998 discordem
2835 942 3200 1010 intelligentia:
3235 958 3423 998 eorum
3453 941 3669 998 detule-

2069 1035 2238 1090 rimus
2261 1034 2518 1098 animum,
2544 1033 2637 1088 sed
2659 1034 2742 1088 his
2764 1034 2964 1088 utimur
2985 1034 3212 1091 testibus
3227 1034 3296 1088 ad
3322 1044 3517 1091 nostra;
3539 1032 3666 1088 ﬁdei

2070 1125 2400 1179 ﬁrmitatem.
2441 1145 2460 1177 ›
2514 1124 2581 1178 Et
2610 1134 2670 1179 ut
2698 1125 3013 1180 ostenderet
3041 1127 3185 1196 quod
3216 1143 3320 1181 non
3353 1136 3463 1180 tam
3494 1126 3665 1196 ipsam

2069 1232 2230 1286 quam
2261 1217 2514 1272 doctores
2543 1217 2796 1285 antiques
2817 1216 3070 1273 Ecclesiae
3090 1232 3318 1286 quorum
3340 1216 3663 1272 sententiam

2069 1308 2121 1362 in
2154 1309 2256 1364 hoc
2283 1318 2466 1364 secuta
2496 1317 2598 1372 est,
2633 1309 2875 1378 praedicti
2907 1309 3190 1378 eulparent
3217 1309 3476 1372 hmretici,
3508 1324 3662 1364 com-

2067 1401 2382 1455 memoratis
2405 1401 2454 1454 in
2487 1400 2674 1455 eadem
2705 1401 3033 1456 allocutione
3060 1400 3416 1470 quorumdam
3444 1398 3678 1454 Patrum-

2067 1491 2330 1560 epistolis,
2363 1493 2523 1546 etiam
2555 1492 2736 1560 magni
2779 1491 2956 1548 Procli
2987 1491 3235 1546 volumen
3269 1491 3334 1545 ad
3379 1490 3678 1544 Armenios

2067 1583 2216 1650 cujus
2246 1584 2298 1638 in
2326 1591 2506 1638 vestra
2537 1583 2654 1651 lege
2679 1584 3022 1651 meministis,
3052 1591 3108 1638 et
3135 1583 3416 1653 epistolam
3447 1581 3679 1651 sapien»

2069 1675 2259 1731 tissimi
2307 1672 2529 1730 Joannis
2582 1675 2904 1730 Antiocheni
2964 1676 3043 1730 sic
3095 1682 3365 1730 memorat
3413 1671 3598 1727 dicens
3645 1689 3658 1724 :

1996 1805 2038 1864 Β
2077 1789 2094 1819 ι
2131 1767 2350 1822 Necnon
2401 1776 2456 1821 et
2503 1781 2757 1836 magnum
2805 1767 3053 1824 Proelum
3104 1768 3230 1824 huic
3275 1767 3660 1838 vituperationi

2066 1858 2332 1926 subjiciet,
2357 1858 2447 1927 qui
2469 1858 2672 1912 eisdem
2699 1857 3062 1915 Orientalibus
3089 1860 3341 1914 volumen
3371 1858 3438 1913 ad
3468 1859 3659 1917 Arme-

2062 1951 2182 2006 nios
2208 1967 2307 2020 pro
2339 1949 2462 2005 ﬁdei
2489 1952 2842 2018 congruentia
2871 1951 3179 2006 destinavit.
3205 1949 3296 2006 His
3315 1959 3496 2008 autem
3525 1965 3658 2005 con-

2060 2043 2354 2098 sociabilur
2382 2041 2448 2096 ad
2476 2042 2689 2112 culpam
2718 2049 2775 2096 et
2801 2043 3172 2097 sanctissimus
3200 2042 3437 2098 Joannes
3467 2039 3657 2096 Antio-

2059 2134 2266 2190 ehcnus
2295 2134 2617 2204 episcopus,
2647 2134 2740 2203 qui
2785 2134 3160 2190 lncretieorum
3198 2132 3487 2190 maledicta
3521 2132 3668 2200 reji-

2058 2222 2226 2286 ciens,
2252 2230 2308 2276 et
2328 2223 2638 2292 apostolice
2663 2222 2925 2278 doctrina:
2946 2222 3141 2291 dogma
3164 2222 3463 2286 declarans,
3490 2221 3667 2275 totius

2058 2314 2292 2371 Orientis
2321 2315 2714 2370 confessionem
2747 2316 2894 2370 velut
2919 2333 2985 2371 ex
3025 2332 3132 2371 uno
3161 2331 3278 2379 ore,
3309 2313 3671 2369 sanctissimo.

2061 2402 2252 2459 Proclo
2282 2411 2336 2459 et
2365 2404 2414 2458 ei
2441 2405 2532 2474 qui
2563 2421 2660 2475 per
2687 2405 2828 2460 idem
2856 2414 3068 2475 tempus
3098 2405 3278 2459 mundi
3309 2406 3530 2474 regebat
3557 2418 3654 2473 gu-

2057 2498 2350 2552 bernacula
2379 2497 2688 2551 destinavit.
2726 2496 2843 2552 Non
2880 2497 3040 2564 igitur
3067 2496 3364 2551 admirandi
3396 2495 3662 2549 Romana:

2059 2587 2204 2643 urbis
2227 2589 2470 2656 praesulis
2497 2588 2813 2658 epistolam,
2849 2589 2992 2642 velut
3035 2587 3396 2642 innovationis
3423 2585 3652 2640 oll'endi-

2058 2681 2257 2746 culum,
2287 2681 2660 2744 criminentur,
2689 2689 2794 2735 etc.
2831 2699 2850 2732 ›
2884 2679 2940 2734 In
2972 2680 3073 2735 hac
3109 2695 3237 2734 \ero
3266 2675 3654 2748 sapientissimi

2056 2771 2280 2826 Joannis
2324 2771 2644 2827 Antiocheni
2695 2779 2748 2826 et
2797 2773 2960 2826 totius
3001 2771 3236 2827 Orientis
3285 2770 3653 2833 confessione,

2059 2862 2398 2918 sanctissimo
2442 2861 2634 2917 Proclo
2674 2869 2728 2916 et
2766 2863 3080 2932 imperatori
3132 2861 3436 2917 Theodosio
3482 2860 3648 2916 desti-

2061 2965 2206 3020 nata,
2237 2955 2391 3025 cujus
2429 2954 2678 3025 exemplo
2708 2954 2942 3026 synodus
2980 2953 3436 3010 Chalcedonensis
3477 2952 3648 3008 admi-

2061 3046 2215 3100 randi
2257 3045 2516 3101 ltomana:
2553 3045 2702 3101 urbis
2742 3045 2984 3115 praesulis
3007 3087 3024 3113 ,
3064 3044 3116 3099 id
3155 3055 3238 3100 est
3274 3044 3418 3100 beati
3458 3041 3655 3098 Leonis

362 3137 438 3189 eis
481 3145 626 3201 sunt,
660 3145 716 3191 et
757 3153 945 3192 eorum
1000 3138 1362 3208 dogmatibus,
1393 3154 1544 3195 suam
1593 3140 1953 3210 pestilentiam
1987 3179 2031 3239 Ο
2063 3136 2306 3193 defendit
2342 3135 2656 3205 epistolam,
2708 3144 2766 3190 ut
2807 3143 2937 3206 pote
2965 3151 3064 3205 per
3091 3149 3253 3204 quam
3296 3141 3655 3190 memoratum

362 3227 550 3282 iterum
583 3228 635 3282 in
666 3239 880 3284 sanctas
913 3230 1004 3284 Dei
1039 3230 1307 3286 Ecclesias
1351 3242 1644 3288 ostentare.
1679 3253 1697 3286 ι
1751 3232 1875 3289 "tce
1904 3235 1956 3289 in

360 3317 827 3376 conﬁrmationem
857 3324 1121 3392 prmdictze
1148 3325 1490 3383 allocutionis
1514 3329 1527 3359 '
1555 3345 1617 3382 ex
1644 3329 1758 3398 lege
1783 3339 1958 3384 vestra

361 3411 650 3478 protulisse
680 3411 929 3467 sufﬁciat.
981 3414 1147 3482 Cujus
1199 3416 1384 3471 titulus
1409 3460 1424 3483 ,
1475 3434 1582 3487 quo
1613 3418 1955 3474 interdictum

358 3509 441 3553 cst
480 3511 539 3554 ut
588 3502 656 3556 dc
703 3503 806 3557 tidc
847 3505 1112 3560 catholica
1165 3522 1323 3561 nemo
1365 3507 1577 3576 publice
1625 3509 1957 3566 contendere

359 3593 574 3660 audeat,
607 3603 783 3648 utrum
815 3598 1151 3662 observetur,
1185 3615 1303 3654 emn
1335 3598 1400 3654 de
1427 3600 1614 3670 synodi
1641 3602 1956 3657 universalis

358 3684 631 3738 sententia
662 3694 786 3755 post
813 3702 1028 3742 centum
1081 3689 1190 3743 fere
1239 3706 1410 3746 annos
1443 3692 1493 3745 in
1524 3691 1761 3747 Ecclesia
1791 3693 1954 3748 modo

356 3777 727 3843 emrteuditur,
774 3786 876 3834 tua:
916 3781 1130 3850 pietatis
1161 3790 1241 3836 est
1268 3781 1548 3850 judicare;
1593 3795 1685 3838 aut
1723 3785 1767 3839 si
1807 3786 1950 3840 nulla

356 3872 780 3942 transgressione
799 3883 1032 3943 quatuor
1052 3884 1250 3930 sanetcc
1280 3877 1469 3947 synodi
1500 3877 1639 3932 etab
1665 3878 1747 3932 his
1773 3878 1954 3949 dispo-

354 3966 454 4020 sita
484 3966 880 4029 convellantur,
905 3983 1027 4021 cum
1057 3967 1284 4036 epistola
1314 3969 1635 4025 venerabilis
1661 3969 1764 4025 Iba:
1786 3969 1954 4026 Edes-

351 4056 465 4109 seni
499 4057 738 4125 episc0pi
759 4098 774 4122 ,
807 4073 967 4127 quam
998 4072 1190 4126 magna
1237 4059 1473 4130 synodus
1499 4059 1952 4117 Chalcedonensis

359 4142 718 4203 orthodoxam
750 4143 1148 4218 pronuntiavit,
1186 4151 1334 4204 velut
1361 4151 1523 4220 impia
1550 4159 1605 4205 ct
1632 4151 1949 4206 Nestoriana

351 4239 654 4294 damnatur.
679 4239 815 4306 Quid
837 4256 966 4310 ergo
989 4241 1208 4311 prodest
1231 4242 1534 4311 prmvidisse
1555 4242 1698 4312 quod
1723 4259 1818 4313 per
1839 4244 1950 4298 hmc

349 4329 579 4382 facultas
607 4329 824 4384 daretur
852 4330 1122 4386 hmreticis
1147 4330 1237 4401 qui
1268 4333 1494 4402 depositi
1526 4333 1594 4386 ab
1618 4333 1696 4387 eis
1723 4341 1866 4400 sunt,
1893 4341 1949 4387 et

347 4436 534 4475 eorum
562 4421 921 4492 dogmatibus,
947 4440 1100 4479 suam
1128 4424 1488 4495 pestilentiam
1518 4426 1710 4481 iterum
1742 4427 1795 4481 in
1825 4443 1947 4482 san-

346 4522 464 4565 ctas
492 4510 587 4567 Dei
618 4512 887 4569 Ecelesias
916 4523 1211 4582 ostentare,
1236 4526 1291 4571 et
1312 4517 1531 4572 minime
1559 4518 1857 4586 providisse
1879 4535 1946 4574 ne

347 4603 540 4658 ﬁeret?
588 4605 693 4660 Sed
723 4622 791 4661 ex
822 4606 911 4661 illa
932 4607 1044 4676 jam
1076 4607 1403 4664 allocutione
1439 4611 1582 4678 quod
1617 4610 1942 4666 intendimus

345 4696 576 4763 probare
605 4697 884 4752 debemus.
930 4699 1224 4769 Alloquens
1255 4701 1438 4769 itaque
1478 4699 1799 4755 Manlianum
1827 4702 1938 4755 Au-

341 4797 556 4856 gustum
586 4790 839 4860 pmdicta
868 4793 1107 4864 synodus
1136 4794 1155 4864 (
1166 4791 1292 4849 Post
1318 4802 1436 4848 acta
1462 4794 1712 4864 concilii),
1746 4802 1802 4849 et
1830 4803 1936 4849 tam

414 4975 442 5004 ⁸
471 4969 753 5026 Liberatus
780 4972 941 5036 idem,
975 4989 1095 5040 cap.
1126 4972 1212 5036 10,
1245 4973 1312 5028 de
1361 4975 1625 5029 Armeniae
1655 4975 1936 5038 monachis

339 5057 522 5106 agens,
547 5043 637 5109 qui
662 5042 1003 5097 Theodorum
1026 5044 1460 5111 Mopsuestenum
1479 5045 1932 5099 criminabantur:

340 5113 490 5179 Tum,
519 5112 712 5186 inquit,
740 5113 970 5186 Joannes
1002 5114 1361 5186 Amice/tenus
1389 5115 1586 5186 synodo
1617 5124 1936 5186 congregata

337 5197 442 5237 tres
468 5201 560 5238 oro
592 5181 860 5238 Theodoro
905 5183 1276 5252 Mepsuesteno.
1311 5181 1522 5238 dictavit
1553 5181 1853 5253 epistolas}
1884 5195 1934 5240 et

335 5271 494 5326 unam
518 5253 723 5326 quidem
752 5255 941 5308 direxit
983 5255 1272 5326 Theodosio
1314 5255 1520 5326 impetu,
1547 5257 1706 5308 aliam
1736 5256 1932 5326 Cyrilto

335 5323 693 5379 Alexandrino
718 5366 757 5395 ,ί
781 5334 830 5377 et
876 5327 1079 5378 tertiam
1123 5324 1312 5379 Proeto
1351 5323 1930 5395 Constantinopolitano

333 5397 603 5463 episcopo,
633 5394 858 5466 tandum
886 5395 943 5454 in
971 5397 1048 5448 eis
1071 5395 1414 5457 Theodorum,
1451 5405 1500 5449 et
1525 5396 1638 5465 ejus
1668 5394 1927 5466 exponens

334 5466 664 5532 sapientiam.
701 5463 894 5518 Prima:
917 5480 980 5518 ac
1005 5466 1177 5519 tertiae
1200 5467 1364 5519 verba
1389 5475 1514 5520 sunt
1535 5463 1656 5534 qua:
1679 5463 1783 5521 huc
1807 5468 1926 5523 loco

333 5535 665 5599 recitantur;
713 5535 962 5588 secunda:
997 5550 1118 5604 qua:
1147 5535 1237 5589 lib.
1269 5551 1359 5598 vn,
1391 5552 1511 5604 cap.
1545 5537 1598 5590 4.
1647 5538 1718 5591 At
1760 5537 1927 5594 Justi-

333 5605 526 5659 nianus
551 5605 604 5658 in
633 5604 812 5660 edicto
842 5605 938 5658 has
967 5603 1239 5660 Theodori
1270 5603 1473 5661 laudes
1496 5623 1604 5661 non
1637 5608 1806 5677 pluris
1837 5608 1916 5663 fa-

405 5788 415 5815 '
452 5781 588 5842 Cod.
619 5783 846 5848 Vcron.,
878 5783 1204 5840 attocutionis
1231 5784 1333 5838 sive
1364 5784 1650 5839 relationis.

1976 4570 2023 4628 D

2060 3227 2325 3284 Joannem
2373 3228 2774 3284 Antiochenum
2823 3235 2877 3284 et
2937 3227 3314 3283 hatrelicorum
3370 3225 3654 3281 maledicta

2061 3321 2334 3391 rcjceissc,
2365 3321 2745 3396 etdoctrinam
2775 3321 3130 3391 apostolicam
3157 3321 3462 3377 declarasse
3490 3327 3653 3374 testa-

2062 3419 2166 3478 tur,
2197 3427 2296 3481 per
2323 3426 2484 3480 quam
2516 3421 2572 3466 et
2601 3412 2730 3467 illud
2759 3413 3137 3468 conﬁrmatum
3182 3427 3301 3468 esse
3325 3413 3498 3482 primo
3519 3411 3654 3467 libro

2059 3503 2359 3565 docuimus,
2387 3502 2531 3572 quod
2558 3519 2698 3558 unus
2725 3518 2794 3558 ex
2823 3502 3087 3558 Trinitate
3114 3503 3186 3557 sit
3214 3502 3473 3558 Dominus
3499 3499 3654 3557 Jesus

2057 3595 2326 3662 Christus,
2357 3597 2526 3650 multo
2554 3597 2746 3665 majori
2775 3581 2940 3651 laude
2952 3610 3120 3665 quam
3151 3596 3204 3649 in
3232 3595 3464 3665 epistola
3491 3609 3654 3649 vene-

2059 3687 2241 3742 rabilis
2264 3686 2390 3751 lbat,
2423 3687 2743 3743 Theodorus
2771 3688 3115 3764 praedicatur.
3147 3687 3284 3741 Nam
3314 3686 3509 3742 Proclo
3534 3687 3653 3756 qui.

2057 3779 2183 3834 dem
2229 3777 2533 3834 reseribens
2573 3793 2736 3848 super
2781 3769 3190 3833 conﬁrmatione
3241 3777 3372 3832 tomi
3418 3777 3535 3845 ejus
3583 3777 3653 3832 ad

2057 3872 2344 3927 Armenios
2372 3871 2540 3938 missi,
2573 3871 2714 3926 idem
2741 3869 2978 3926 Joannes
3013 3886 3137 3926 eum
3178 3867 3385 3941 synodo
3413 3865 3650 3924 Orientis

2058 3973 2082 4000 α
2107 3963 2237 4018 dicit
2259 3964 2373 4018 hznc
2399 3981 2411 4018 :
2442 3983 2461 4016 ι
2480 3962 2597 4019 Non
2619 3963 2793 4020 solum
2817 3978 2916 4018 nos
2936 3963 3180 4019 viventes
3201 3963 3336 4017 tales
3355 3961 3649 4016 calumnias

2055 4057 2123 4110 ab
2145 4057 2228 4111 his
2249 4057 2342 4126 qui
2365 4057 2692 4112 conturbare
2711 4057 2900 4112 volunt
2919 4056 3186 4119 Ecclesias
3210 4057 3466 4112 continue
3486 4057 3647 4111 susti-

2054 4165 2248 4204 nemus
2279 4167 2292 4202 :
2321 4148 2416 4204 sed
2445 4158 2501 4205 et
2529 4149 2621 4219 qui
2645 4149 2786 4204 bene
2815 4149 2882 4204 de
2909 4149 3019 4204 vita
3045 4149 3322 4219 profectus
3347 4158 3432 4204 est
3459 4149 3647 4205 beatus

2054 4239 2394 4304 Theodorus,
2422 4246 2478 4293 et
2503 4238 2743 4308 quinque
2769 4245 2825 4292 et
2853 4237 3204 4306 quadraginta
3232 4237 3388 4293 annis
3417 4238 3564 4293 clare
3593 4239 3648 4294 in

2024 4331 2300 4386 doctrina
2330 4330 2610 4400 praefulsit,
2645 4337 2701 4384 et
2747 4343 2963 4383 omnem
3013 4329 3262 4384 hmresim
3299 4329 3676 4400 expugnavit;-

2051 4425 2253 4479 nullam
2301 4423 2501 4478 alicubi
2541 4423 2932 4477 detractionem
2981 4421 3049 4477 ab
3093 4421 3416 4478 orthodoxis
3454 4424 3506 4478 in
3538 4424 3646 4478 vita

2050 4515 2377 4585 suscipiens;
2422 4521 2551 4584 post
2591 4513 2738 4582 longi
2779 4513 3040 4584 temporis
3073 4512 3200 4570 hinc
3228 4513 3562 4583 discessum,
3589 4524 3644 4571 et

2049 4613 2172 4676 post
2211 4605 2378 4659 multa
2421 4604 2753 4670 certamina,
2795 4611 3008 4675 etpost
3043 4604 3232 4661 decem
3269 4605 3434 4660 millia
3480 4605 3644 4660 libros

2046 4698 2304 4753 adversus
2345 4695 2580 4752 htereses
2608 4696 2962 4768 conscriptos,
2987 4705 3043 4753 et
3063 4707 3412 4769 posteaquam
3435 4699 3486 4752 in
3509 4713 3642 4754 con-

2045 4799 2234 4863 spectu
2260 4789 2627 4885 sacerdotpm,
2675 4799 2732 4845 et
2775 4789 3186 4861 imperatorum,
3217 4799 3279 4845 et
3318 4789 3640 4861 populorum

2044 4974 2262 5029 cicadas
2304 4973 2468 5045 docet
2491 4989 2652 5043 quam
2693 4990 2756 5030 ea
2783 4990 2907 5045 qum
2931 4973 3166 5032 Joannes
3194 4973 3334 5028 idem
3364 4983 3421 5031 et
3446 4973 3637 5032 Orien-

2045 5045 2180 5100 tales
2203 5053 2394 5100 contra
2423 5043 2680 5117 Cyrillum
2725 5043 2994 5117 ﬁdemque
3021 5045 3380 5101 orthodoxam
3404 5048 3636 5117 scripse-

2045 5123 2185 5196 rant,
2219 5123 2276 5170 et
2325 5131 2424 5196 pro
2458 5114 2730 5196 Nestor-io.
2780 5121 2834 5172 Εἰ
2866 5116 2934 5196 *δὲ
2975 5121 3289 5196 πρηοςλξροιυςξι
3318 5114 3634 5196 ,μαρτγλιὶαξ

2042 5183 2271 5256 Ἰωάννου
2294 5183 2385 5242 rei;
2409 5185 2721 5256 Ἀντιοχείας
2742 5227 2756 5250 ,
2795 5192 2878 5242 καὶ
2910 5198 3001 5249 τῆς
3017 5183 3122 5245 ’ὐτὶ-’
3139 5183 3300 5243 ἀὐτὸν
3318 5183 3636 5253 ’Ᾱνὰτολίκῆς

2044 5255 2260 5334 συνόδῳ
2285 5255 2729 5334 ὑπέρ-Θεοδώρου,
2759 5263 2842 5334 acti
2863 5269 2955 5321 τῆς
2985 5263 3139 5316 αὐτοῦ
3164 5260 3399 5334 ﬁdafida;
3421 5263 3630 5334 ’γενομέές

2042 5349 2150 5405 va},
2175 5329 2363 5398 ἀνάγκη
2382 5328 2562 5405 adiret);
2590 5328 2793 5405 κ’ᾁκεῐνᾳ
2817 5329 3076 5405 δέξασθαι,
3101 5332 3233 5405 ἅπερ
3259 5328 3379 5384 ὅσον
3410 5328 3632 5400 ἰὲὺσγιίέτν⁸

2041 5401 2212 5458 αὐτοῖς
2244 5403 2316 5476 si;
2329 5399 2639 5476 aaroixpm'ta
2654 5405 2747 5452 τοῦ
2770 5400 2819 5476 ᾖν
2841 5400 3004 5476 ἀγέοςς
3030 5399 3304 5476 sapiu-on.
3336 5403 3421 5455 καὶ
3449 5402 3633 5476 Marna-

2041 5491 2124 5546 ςιν
2143 5470 2410 5546 755690.13;
2447 5469 2695 5546 πίστεῳς,
2739 5470 2784 5523 οἱ
2823 5469 2942 5546 napi
2963 5469 3184 5530 Ἰωάνῦην
3211 5472 3512 5546 ἐτὸλ-ίηςαν.
3542 5470 3626 5546 leui

2037 5539 2172 5616 ἄςτερ
2195 5538 2428 5616 ὅνρὰψᾳν
2465 5540 2730 5616 Neo-1:69:01;
2767 5543 2849 5595 καὶ
2885 5538 2975 5601 ¹ἱηήν
3020 5545 3175 5598 αὐτοῦ
3214 5541 3506 5609 κακοδοξίαν
3538 5539 3628 5594 ἐπὶ

2034 5609 2272 5674 «hidros
2301 5611 2490 5686 χρόνον
2519 5609 2847 5672 ἐκδιὶιοῦντες.

2067 5835 2081 5848 ,
2100 5783 2116 5812 ²
2145 5785 2292 5842 idem
2318 5786 2461 5854 cod.,
2487 5804 2712 5845 suorum.
