4114 6522
455 275 560 330 565

1557 275 1856 333 FACUNDI
1892 273 2103 332 EPISC.
2147 277 2652 335 HERMIANENSIS

3643 303 3750 359 561

449 391 709 462 probatus
732 400 836 458 est,
868 389 1202 460 periclitatur
1229 396 1349 457 qua:
1375 389 1751 445 hmreticorum
1781 399 1906 446 sunt
1932 404 2050 445 sus-
2082 393 2128 449 Α
2158 403 2414 456 quoniam
2447 389 2529 444 vel
2560 391 2726 446 sinos
2754 405 2971 460 quoque
2993 403 3182 447 contra
3216 393 3581 448 testimonium
3621 411 3759 449 con—

443 487 638 553 tinere,
664 495 721 541 et
750 487 852 542 illis
876 486 1152 557 proximus
1176 483 1480 555 praedicari.
1518 504 1535 536 ο
1573 482 1882 540 Theodosio
1912 499 2044 538 vero

443 576 785 649 imperatori,
815 577 904 648 qui
934 591 1032 647 per
1061 577 1201 631 idem
1231 585 1444 647 tempus
1473 577 1659 632 mundi
1693 579 1918 646 regebat
1945 591 2044 644 gu-

442 669 752 735 bernacula,
775 669 853 724 sic
871 668 1002 723 dicit
1027 686 1040 720 :
1072 686 1089 720 l
1113 666 1431 724 Theodorus
1453 669 1618 735 enim,
1643 683 1804 739 quem
1825 668 2042 737 quando

439 758 688 826 dicimus,
728 758 900 813 virum
928 756 1158 813 dicimus
1186 759 1241 819 in
1279 757 1596 828 episcopatu
1639 759 1846 814 clarum
1879 759 2039 814 linem

441 853 753 918 habentem,
785 859 842 908 et
867 849 1256 923 quinquaginta
1284 866 1426 922 pene
1454 853 1610 907 annis
1643 851 1852 908 fortiter
1880 867 2042 921 repn-

439 927 690 1013 gnautem
715 943 922 1002 cunctis
945 942 1266 1013 haeresibus,
1291 952 1348 1000 et
1375 943 1430 998 in
1459 942 1889 1012 expositionibus
1907 957 2044 1013 quas

435 1036 490 1090 in
526 1036 776 1092 omnibus
804 1035 1051 1092 ecclesiis
1079 1035 1434 1092 orientalibus
1467 1035 1737 1102 faciebat,
1769 1044 1824 1090 et
1849 1035 2044 1104 quibus

434 1129 491 1183 in
521 1127 671 1197 regia
698 1127 920 1182 civitate
949 1126 1108 1182 valde
1142 1142 1264 1183 esse
1299 1127 1687 1197 comprobatus
1728 1137 1976 1196 apparet,
2009 1141 2040 1180 a

440 1217 590 1272 nullo
631 1231 909 1286 quoquam
961 1231 1138 1285 neque
1189 1216 1454 1286 majorum
1482 1258 1498 1282 ,
1543 1231 1718 1284 neque
1760 1215 2040 1284 similium,

439 1307 708 1378 judicatus
735 1315 821 1363 est
855 1307 1142 1362 haereticus
1174 1327 1186 1360 :
1226 1309 1533 1364 econtrario
1563 1316 1744 1362 autem
1775 1307 1842 1362 ab
1868 1307 2042 1363 omni-

436 1400 540 1455 bus
585 1397 960 1456 sacerdotibus
985 1437 1000 1462 ,
1040 1407 1265 1468 propter
1303 1413 1422 1454 eam
1451 1413 1571 1468 quae
1608 1398 1685 1452 illi
1723 1397 1913 1454 aderat
1939 1398 2041 1453 do-

438 1493 626 1548 ctrina:
652 1493 885 1562 gratiam
907 1533 922 1558 ,
962 1491 1016 1547 in
1055 1492 1413 1548 admiratione
1451 1507 1666 1562 semper
1693 1499 1776 1546 est
1804 1491 2038 1557 habitus,

437 1595 494 1642 et
521 1585 858 1658 superiorem
897 1587 1160 1642 honorem
1198 1586 1366 1656 gloria
1409 1588 1422 1616 ¹
1465 1584 1705 1656 possedit
1740 1602 1752 1638 :
1786 1595 1843 1640 et
1870 1600 1979 1639 non
2009 1601 2040 1638 a

438 1677 815 1734 sacerdotibus
847 1675 1250 1740 tantummodo,
1278 1675 1370 1732 sed
1403 1691 1433 1729 a
1461 1674 1826 1732 sacratissimo
1857 1681 2041 1730 vestro

2154 479 2397 533 scientiae
2425 478 2756 548 denegemus
2783 480 3068 552 epistolam
3099 483 3424 540 venerabilis
3448 483 3551 538 lbzn
3577 474 3759 540 orthoo

2148 573 2347 629 doxam
2378 573 2542 629 fuisse
2564 573 2860 643 judicatam
2889 577 2943 630 in
2968 577 3197 647 synodo,
3231 586 3284 631 et
3313 577 3437 632 huic
3476 578 3757 640 mendacio

2149 667 2312 720 etiam
2343 665 2472 720 illud
2503 666 2785 736 addamus,
2817 668 2962 736 quod
3007 683 3111 722 nec
3139 669 3206 723 ad
3237 668 3353 738 ejus
3381 668 3535 723 fuerit
3577 670 3758 726 delata

2144 761 2430 830 judicium,
2461 762 2716 833 praedicta
2749 763 2988 834 synodus
3029 779 3059 817 a
3107 763 3262 819 nobis
3304 779 3413 818 non
3453 763 3621 834 possit
3661 764 3756 818 de-

2149 852 2298 908 fendi
2315 852 2357 918 ³,
2379 852 2424 907 si
2440 852 2690 908 eamdem
2718 853 3000 925 epistolam
3015 869 3112 923 pro
3126 853 3400 910 Theodori
3423 855 3580 910 laude
3599 854 3755 909 dam-

2149 957 2361 1000 nemus.
2391 941 2462 996 Et
2487 942 2562 998 illi
2596 942 2813 1013 quidem
2842 943 2935 1012 qui
2963 942 3214 998 videntur
3255 944 3308 998 in
3355 943 3598 1000 Ecclesia
3635 943 3756 1000 falsi

2149 1034 2368 1105 fratres,
2408 1036 2501 1106 qui
2551 1036 2755 1090 utinam
2793 1035 2927 1090 foris
2975 1043 3178 1100 essent,
3231 1036 3396 1091 modo
3436 1036 3757 1104 negantibus

2148 1142 2256 1180 non
2289 1127 2567 1187 resistunt,
2605 1126 2848 1195 quinimo
2877 1135 2932 1181 et
2973 1126 3320 1181 laudantur‘.
3355 1126 3508 1192 Quod
3551 1135 3604 1181 ut
3655 1141 3757 1182 nos

2145 1220 2471 1277 seducerent
2499 1221 2763 1277 fallaciter
2791 1221 3167 1276 immiserunt:
3197 1230 3255 1275 ut
3278 1231 3464 1292 postea
3504 1222 3659 1277 nobis
3686 1222 3757 1277 ab

2145 1314 2294 1382 ipsis,
2321 1313 2407 1368 vel
2431 1313 2497 1368 ab
2525 1313 2608 1368 his
2635 1314 2728 1383 qui
2758 1311 2889 1368 foris
2913 1321 3038 1368 sunt
3065 1314 3275 1370 dicatur
3303 1315 3572 1369 ha3reticis
3600 1333 3612 1367 :
3648 1315 3754 1381 Qui

2147 1402 2494 1458 Theodorum
2540 1403 2686 1470 juste
2725 1403 3046 1470 damnastis,
3078 1403 3223 1474 quod
3251 1403 3370 1472 ejus
3396 1403 3575 1457 omnia
3606 1404 3754 1458 dicta

2145 1494 2347 1550 diaboli
2377 1495 2843 1563 transgrediantur
2869 1496 3157 1564 insaniam,
3189 1504 3245 1551 et
3272 1496 3394 1551 ideo
3414 1512 3749 1566 consequen-

2147 1594 2231 1640 ter
2257 1584 2419 1640 etiam
2458 1585 2564 1640 Iba:
2607 1587 2871 1656 rejecistis
2912 1587 3214 1658 epistolam,
3263 1597 3427 1657 atque
3473 1605 3502 1642 a
3545 1591 3752 1659 synodo

2147 1675 2387 1745 negastis
2416 1689 2538 1731 esse
2566 1685 2897 1747 susceptam,
2928 1677 3142 1733 crimini
3183 1677 3367 1746 utique
3407 1679 3752 1749 deputantes,

437 1786 564 1840 avo,
594 1770 824 1827 dicimus
851 1776 934 1824 ter
959 1770 1153 1834 beato,
1186 1777 1242 1823 ei
1273 1783 1303 1824 τι
1335 1767 1446 1822 Deo
1480 1767 1690 1837 imperii
1710 1774 1924 1836 sceptra
1952 1780 2042 1818 su-
2073 1775 2121 1836 B
2148 1771 2194 1826 si
2259 1785 2380 1825 eam
2432 1770 2792 1826 orthodoxam
2847 1771 3228 1842 pronuntiasse
3276 1771 3579 1838 diceretur,
3631 1786 3752 1840 quae

439 1873 620 1919 mente
646 1871 703 1918 et
733 1862 890 1918 vobis
919 1861 1321 1916 transmittente
1350 1859 1683 1915 Theodosio.
1725 1858 1828 1925 Qui
1858 1859 1910 1912 in
1942 1858 2038 1913 de-

437 1955 641 2012 siderio
669 1953 897 2012 visionis
919 1953 1022 2008 viri
1053 1951 1248 2018 factus,
1281 1953 1336 2010 in
1367 1952 1601 2007 ecclesia
1633 1950 1750 2020 ejus
1780 1950 2038 2006 doctrinm

437 2048 540 2103 fuit
559 2045 774 2102 auditor
793 2057 1019 2114 magnus
1043 2043 1135 2099 ille
1157 2044 1486 2114 imperator;
1513 2059 1616 2099 nec
1641 2042 1933 2097 arbitratus
1955 2051 2040 2096 est

437 2141 672 2196 alterum
699 2153 760 2195 se
787 2138 950 2194 talem
987 2137 1320 2207 comperisse
1357 2136 1636 2191 doctorem
1656 2177 1671 2203 ,
1704 2135 2038 2206 superadmi-

438 2240 591 2286 ratus
615 2229 837 2300 quidem
864 2228 980 2298 ejus
1007 2227 1309 2284 doctrinam
1329 2268 1344 2295 ,
1385 2235 1441 2280 et
1477 2226 1754 2296 colloquio
1791 2224 2036 2280 delecta-

438 2331 526 2378 tus
558 2329 722 2392 atque
761 2319 1165 2390 obstupefactus
1207 2327 1365 2382 tunc,
1399 2334 1560 2388 quem
1594 2335 1735 2374 nunc
1775 2327 2038 2388 spernunt

437 2415 627 2485 aliqui,
657 2422 912 2484 tanquam
941 2420 1144 2467 sortem
1172 2418 1448 2466 sumentes
1475 2410 1736 2480 probandi
1765 2419 1822 2466 et
1849 2425 2039 2480 repro-

437 2506 601 2562 bandi
634 2504 948 2561 abeuntium
989 2503 1273 2560 doctorum
1310 2517 1448 2572 quos
1488 2501 1696 2555 volunt.
1745 2501 1862 2555 Jam
1907 2517 2036 2556 vero

435 2608 493 2655 et
531 2587 562 2654 a
590 2606 773 2654 vestro
816 2598 1073 2668 imperio,
1108 2611 1208 2666 pro
1235 2595 1316 2650 sui
1363 2594 1690 2660 reverentia,
1722 2603 1778 2649 et
1807 2594 2036 2666 Spiritali

436 2690 700 2760 sapientia
725 2731 742 2755 ,
786 2689 837 2745 ei
873 2688 1072 2758 srepius
1113 2695 1431 2742 attestatum
1471 2694 1554 2740 est
1579 2727 1595 2754 ,
1635 2694 1693 2741 et
1721 2687 1915 2741 vestris
1945 2687 2034 2739 lit-

436 2781 884 2838 terishonoratus
912 2788 1015 2836 est.
1049 2799 1067 2832 ι
1102 2779 1344 2849 Itemque
1368 2779 1434 2831 de
1463 2777 1553 2833 illo
1577 2777 1798 2832 inferius
1831 2797 1842 2831 :
1883 2797 1900 2828 ι
1931 2776 2035 2832 lslc

435 2875 526 2930 ille
564 2882 648 2930 est
690 2873 930 2928 Flaviani
977 2873 1156 2941 magni
1207 2871 1649 2926 Antiochensium
1695 2878 1896 2926 sancta:
1943 2870 2035 2925 Dei

435 2967 692 3025 Ecclesiae
759 2966 1028 3037 pontificis
1096 2964 1499 3020 amantissimus
1567 2964 1862 3034 discipdlus
1895 3007 1908 3030 ,
1983 2976 2037 3020 et

435 3059 580 3114 beati
635 3055 861 3113 Joannis
915 3055 1500 3124 Constantinopolitaui
1556 3055 1794 3124 episcopi
1849 3056 2034 3111 condi-

2125 1858 2517 1934 blasphemum
2560 1865 2797 1920 laudavit
2837 1875 2893 1920 et
2946 1867 3171 1936 impium
3207 1884 3220 1920 :
3259 1865 3532 1936 quomodo
3572 1867 3748 1936 ipsam

2139 1955 2637 2014 Chalcedonensem
2685 1958 2952 2029 synodum
3000 1959 3279 2029 recipitis,
3342 1957 3750 2015 evidentissime

2140 2056 2427 2104 testantem
2440 2049 2558 2104 illas
2579 2049 2837 2120 epistolas
2853 2050 3209 2120 apostolicam
3220 2051 3526 2106 declarasse
3545 2051 3750 2106 doctri—

2139 2155 2284 2206 nam,
2310 2149 2366 2196 et
2393 2141 2772 2196 haereticorum
2817 2141 3102 2196 maledicta
3131 2141 3407 2210 rejecisse;
3441 2141 3492 2195 in
3539 2141 3738 2212 quibus

2137 2229 2385 2286 doctrina
2405 2230 2674 2286 Theodori
2697 2230 2867 2285 multo
2894 2231 3100 2299 majore
3126 2246 3286 2301 quam
3311 2232 3363 2287 in
3393 2230 3497 2286 lbae
3513 2232 3747 2302 epistola

2140 2322 2530 2391 praedicatione
2559 2322 2846 2377 laudatur?
2876 2322 3168 2392 Amplioris
3191 2333 3375 2377 autem
3403 2323 3582 2377 delicti
3633 2333 3747 2390 est,

2139 2410 2286 2478 quod
2315 2410 2529 2465 illarum
2555 2411 2904 2481 epistolarum
2928 2410 3131 2479 judicio
3159 2421 3322 2481 atque
3353 2413 3660 2468 auctoritati
3684 2429 3748 2468 se

2139 2503 2396 2567 subdidit,
2431 2520 2592 2575 quam
2623 2505 2665 2560 si
2694 2505 2834 2559 male
2862 2505 2929 2560 de
2977 2505 3110 2574 ipsa,
3145 2505 3288 2576 quod
3333 2507 3585 2574 negastis,
3641 2505 3748 2561 ilia:

2139 2595 2369 2666 epistola
2405 2596 2696 2666 judicaret.
2739 2595 2846 2650 Sed
2891 2604 2946 2650 et
2994 2596 3100 2651 hoc
3149 2595 3411 2666 adjicient
3455 2597 3743 2653 dicentes:

2137 2686 2244 2742 ista
2293 2697 2378 2743 est
2419 2703 2580 2758 quam
2614 2687 2968 2758 magnilicatis
3006 2688 3302 2757 apostolica
3336 2688 3532 2743 Leonis
3575 2689 3746 2743 vestri

2137 2783 2383 2839 doctrina
2423 2803 2434 2836 :
2480 2783 2634 2852 cujus
2675 2783 2958 2853 epistolam
3005 2783 3242 2854 synodus
3290 2781 3746 2837 Chalcedonensis

2139 2874 2350 2929 illarum
2393 2874 2743 2944 epistolarum
2776 2874 3085 2928 testimonio
3129 2874 3212 2927 vel
3254 2873 3526 2950 exemplo,
3572 2889 3745 2928 excu-

2139 2983 2262 3023 sare
2292 2967 2540 3032 tentavit,
2574 2981 2694 3036 qua:
2725 2965 3008 3036 profanum
3049 2965 3417 3033 Theodorum,
3447 2975 3501 3020 et
3529 2981 3557 3018 a
3590 2965 3743 3021 vobis

2139 3072 2238 3128 pro
2265 3073 2363 3113 sua
2385 3058 2663 3127 impietate
2693 3057 3027 3121 damnatum,
3053 3057 3304 3112 maximis
3333 3059 3617 3127 prteconiis
3639 3073 3741 3114 ex-

433 3147 703 3219 scipulus,
738 3146 894 3216 cujus
934 3147 1249 3201 memoriam
1299 3145 1595 3202 redivivam
1642 3144 1874 3215 fecistis,
1917 3162 2031 3201 ma-
2058 3137 2104 3196 (ἶ
2138 3149 2394 3203 tulerunt.
2426 3147 2552 3203 Haec
2602 3163 2726 3202 cum
2757 3146 3076 3215 objecerint,
3111 3147 3238 3217 quid
3273 3147 3740 3217 respondebimus,

434 3241 637 3296 ximam
699 3239 828 3295 hinc
875 3239 1104 3308 gloriam
1159 3240 1377 3310 pietatis
1426 3248 1616 3296 vestra:
1671 3240 1898 3311 imperio
1955 3241 2032 3294 fa-

433 3334 658 3390 cientes.
699 3351 718 3384 ι
770 3331 964 3388 Dicunt
1018 3341 1074 3388 et
1120 3332 1246 3398 alia,
1288 3347 1408 3402 quae
1450 3341 1576 3388 tunc
1624 3334 2032 3390 convenientius

434 3423 898 3490 memorabuntur,
947 3439 1072 3479 eum
1099 3433 1154 3480 et
1194 3424 1423 3479 aliorum
1452 3433 1762 3480 sanctorum
1811 3423 2030 3480 Patrum

433 3515 763 3581 testimonia,
784 3513 977 3584 quibus
1006 3515 1180 3571 eidem
1205 3514 1492 3572 Theodoro
1517 3515 1764 3570 similiter
1791 3517 2032 3571 attestati

433 3617 578 3672 sunt,
611 3605 965 3676 proferemus.
1014 3606 1080 3661 Et
1123 3622 1248 3662 cum
1294 3605 1532 3662 Joannes
1559 3606 1931 3663 Autiochenus
1977 3617 2034 3664 et

433 3697 613 3752 cancri
652 3697 942 3754 orientales
981 3699 1242 3768 episcopi,
1287 3697 1726 3769 Mopsuesteuum
1776 3699 2032 3755 Theodo-

433 3804 556 3844 rum
585 3789 868 3858 praeconiis
890 3790 910 3822 ²
939 3788 994 3845 in
1017 3789 1222 3845 eisdem
1251 3789 1518 3859 epistolis,
1549 3804 1777 3858 quarum
1801 3789 2029 3844 formam

431 3895 491 3935 se
528 3879 822 3936 attendisse
869 3879 920 3934 in
967 3881 1079 3935 suis
1126 3878 1528 3935 deﬁnitionibus
1573 3879 2032 3936 Chalcedonensis

431 3971 671 4043 synodus
709 3971 931 4033 fatetur,
966 3978 1225 4039 tanquam
1263 3970 1620 4040 apostolicam
1665 3970 2031 4042 declarantem

431 4063 752 4128 doctrinam,
778 4072 837 4116 ut
863 4061 1147 4132 epistolam
1171 4061 1316 4117 beati
1341 4060 1536 4116 Leonis
1558 4061 1828 4131 acciperet
1853 4081 1864 4114 :
1892 4077 2030 4131 quo-

431 4155 592 4210 modo
621 4170 729 4210 non
757 4154 811 4208 in
842 4152 960 4222 ejus
980 4152 1412 4219 evacuationem,
1441 4168 1538 4222 pro
1562 4152 1717 4208 laude
1739 4151 2026 4218 Theodori,

431 4247 778 4305 damnaretur
807 4244 1031 4316 epistola
1077 4243 1200 4309 lbre,
1231 4243 1316 4299 vel
1341 4244 1410 4307 si,
1443 4251 1501 4297 ut
1525 4243 1728 4298 dictum
1777 4251 1882 4312 est,
1919 4259 2030 4298 non

395 4371 406 4384 -
431 4355 552 4394 eam
577 4339 953 4409 pronuntiaret
981 4338 1343 4393 orthodoxam
1361 4379 1374 4402 ,
1407 4350 1584 4406 neque
1613 4336 1688 4391 ad
1710 4336 1828 4406 ejus
1855 4335 2032 4391 defer-

434 4439 580 4486 retur
621 4432 889 4487 examen?
942 4429 1078 4485 Nam
1128 4431 1173 4485 si
1219 4431 1346 4500 quia
1390 4429 1724 4494 Theodorus,
1759 4438 1819 4484 ut
1856 4431 2026 4494 aiunt,

2137 3243 2408 3298 obsecro?
2463 3240 2603 3308 Quid
2656 3240 2899 3296 dicemus
2951 3249 3139 3295 nostro
3181 3239 3386 3309 judicio
3441 3241 3597 3296 nobis
3643 3257 3742 3296 ora

2136 3336 2473 3403 claudentes,
2504 3335 2603 3390 nisi
2633 3334 2739 3389 hoc
2770 3349 2932 3387 unum
2960 3334 3187 3389 fortasse
3209 3333 3355 3404 quod
3381 3343 3567 3399 restat,
3591 3343 3646 3389 et
3673 3335 3745 3386 ad

2134 3429 2280 3498 quod
2330 3444 2429 3482 nos
2457 3427 2639 3483 omnia
2667 3428 2688 3457 ³
2731 3425 3084 3495 compellunt,
3135 3425 3282 3479 illam
3321 3425 3584 3496 synodum
3631 3441 3743 3480 non

2135 3530 2286 3577 recte
2308 3521 2375 3576 de
2403 3519 2527 3574 ﬁdei
2553 3517 2872 3573 Cliristianm
2899 3516 3238 3585 dogmatibus
3283 3515 3596 3571 censuisse?
3626 3513 3744 3570 lloc

2136 3613 2278 3666 enim
2321 3610 2682 3680 consequitur,
2721 3607 2766 3664 si
2817 3608 3040 3662 haeresis
3095 3608 3302 3662 crimen
3354 3615 3436 3662 est
3492 3606 3746 3678 laudasse

2138 3704 2502 3768 Theodorum,
2537 3704 2588 3757 in
2615 3703 2719 3757 illis
2748 3701 2993 3771 epistolis
3023 3701 3388 3770 praedicatum,
3425 3715 3651 3769 quarum
3678 3715 3744 3755 se

2135 3792 2362 3848 formam
2392 3793 2686 3847 attendisse
2713 3791 2768 3845 in
2791 3791 2904 3846 suis
2931 3789 3181 3853 decretis,
3209 3788 3402 3859 quibus
3431 3789 3571 3843 beati
3603 3788 3750 3844 Leo-

2137 3885 2220 3940 nis
2249 3885 2567 3954 approbavit
2603 3881 2909 3952 epistolam,
2954 3880 3205 3952 przedicta
3245 3879 3481 3950 synodus
3514 3878 3746 3934 confite-

2137 3986 2241 4032 tur.
2268 3977 2324 4032 Si
2351 3987 2530 4032 autem
2554 3975 2804 4030 volumus
2830 3974 3207 4028 immutilatam
3233 3973 3386 4028 nobis
3408 3973 3526 4041 ejus
3551 3983 3739 4028 aucto-

2135 4071 2351 4124 ritatem
2380 4083 2621 4134 manere,
2653 4083 2760 4122 non
2785 4068 3025 4123 dicemus
3051 4065 3422 4120 Nestorianam
3452 4066 3744 4136 epistolam

2134 4159 2459 4216 venerabilis
2486 4158 2590 4214 Iba:
2625 4173 2724 4228 pro
2775 4157 2931 4212 laude
2979 4155 3273 4222 Theodori,
3322 4170 3483 4224 quem
3535 4155 3586 4209 iu
3633 4155 3748 4210 illis

2134 4251 2397 4321 epistolis,
2429 4265 2565 4318 quas
2595 4257 2804 4304 tantum
2847 4245 3104 4318 przetulit,
3149 4246 3381 4315 amplius
3429 4246 3746 4301 invenimus

2135 4360 2255 4399 esse
2309 4343 2603 4398 laudatum.
2673 4341 2822 4396 Sicut
2843 4348 3024 4395 autem
3087 4339 3325 4410 ipsarum
3387 4339 3745 4407 epistularum

2138 4437 2447 4492 testimonio
2473 4435 2889 4498 convincuntur,
2921 4433 3013 4502 qui
3039 4449 3161 4488 cum
3195 4440 3482 4488 teneantur
3510 4431 3747 4488 Chalce-

434 4523 666 4580 Ναξιοῆί
697 4522 914 4592 quidem
950 4525 1205 4591 magister
1248 4521 1368 4586 fuit.
1398 4523 1604 4592 maiore
1643 4531 1825 4578 autem
1867 4537 2027 4592 quam
2061 4516 2108 4575 D
2133 4528 2391 4584 doneusis
2437 4527 2765 4581 auctoritate
2820 4524 3056 4593 concilii,
3098 4540 3129 4578 a
3154 4540 3263 4594 quo
3311 4524 3540 4578 laudata:
3586 4535 3744 4591 sunt,

432 4617 523 4671 ille
552 4615 827 4684 impietate
848 4615 1261 4683 blasphemavit,
1303 4623 1359 4668 et
1381 4615 1427 4669 si
1466 4615 1594 4684 quia
1639 4615 1822 4669 omnia
1851 4612 2031 4668 Theo-

433 4706 553 4762 dori
580 4706 723 4762 dicta
752 4705 1010 4760 adversus
1036 4704 1307 4759 Christum
1334 4703 1535 4759 diaboli
1566 4703 2032 4773 transgrediuntur

433 4797 715 4863 insaniam,
748 4797 870 4852 ideo
918 4811 1024 4852 non
1073 4796 1224 4852 solus
1267 4796 1384 4867 ipse
1407 4796 1553 4865 juste
1600 4797 1908 4864 damnatur,
1937 4798 2034 4853 sed

433 4893 594 4946 etiam
623 4907 742 4960 qua:
781 4891 933 4945 illum
979 4889 1214 4946 laudavit
1252 4891 1479 4960 epistola
1508 4909 1520 4943 :
1555 4891 1792 4961 synodus
1818 4906 2034 4959 quoque

432 4985 890 5041 Chalcedonensis
921 4984 1067 5053 juste
1107 4983 1472 5050 damnabitur,
1520 4998 1638 5051 quae
1678 4999 1785 5037 non
1823 4992 2031 5039 tantum

432 5077 697 5131 maximos
728 5075 1033 5130 laudatores
1062 5075 1228 5143 ipsius
1255 5072 1554 5136 Theodori,
1577 5073 1886 5142 prardictum
1923 5072 2031 5128 An-

433 5168 742 5223 tiochenum
771 5176 827 5222 et
855 5177 1082 5222 ceteros
1109 5163 1340 5219 Orientis
1362 5164 1680 5233 episcopos.
1713 5165 1949 5234 suscepit
1976 5177 2034 5218 ut

434 5257 644 5325 Patres,
677 5274 863 5315 verum
899 5259 1063 5313 etiam
1113 5258 1254 5326 ipsas
1280 5255 1474 5324 quibus
1505 5270 1628 5309 eum
1678 5255 2032 5311 laudaverunt

433 5351 692 5418 epistolas
718 5360 957 5406 secutam
986 5364 1046 5404 se
1076 5349 1241 5404 fuisse
1271 5349 1322 5402 in
1349 5348 1460 5402 suis
1482 5347 1882 5402 definitionibus
1903 5364 2030 5402 eon-

435 5441 636 5496 Iitctur.
690 5440 943 5497 Pervides
999 5441 1197 5510 igitur,
1249 5439 1669 5495 clementissime
1717 5441 2028 5509 imperator,

514 5697 527 5724 ¹
561 5695 695 5748 le.
727 5693 949 5754 Verum,
977 5693 1310 5761 gloriamque.

507 5766 532 5798 ²
553 5763 702 5818 Idem
732 5764 874 5828 eod.,
899 5760 1172 5831 prtecon-iis
1196 5760 1469 5814 attollant.

516 5834 536 5866 ⁸
559 5835 704 5891 idem
734 5827 880 5901 cod.,
900 5827 1206 5903 'prwdt'ctam
1236 5831 1490 5899 synodum
1516 5846 1545 5882 (ι
1579 5827 1723 5882 nobis
1758 5843 1858 5881 nou
1888 5843 2035 5895 posse

2136 4620 2328 4674 nolunt
2376 4634 2539 4674 unum
2578 4618 2646 4672 de
2695 4616 2958 4672 Trinitate
3000 4615 3181 4670 dicere
3221 4615 3505 4670 Dominum
3551 4613 3745 4671 Jesum

2136 4711 2406 4766 Christum
2434 4729 2446 4763 :
2475 4710 2546 4765 ita
2577 4717 2631 4764 et
2662 4709 2735 4763 illi
2765 4723 2951 4763 earum
2983 4707 3292 4762 testimonio
3323 4705 3746 4773 convincentur,

2136 4803 2226 4872 qui
2267 4801 2426 4858 simili
2458 4800 2561 4856 fide
2601 4801 2892 4869 probantes
2939 4797 3176 4866 ejusdem
3229 4795 3447 4850 decreta
3497 4795 3748 4866 concilii,

2139 4894 2420 4963 epist0lam
2447 4891 2769 4946 venerabilis
2793 4889 2899 4943 Iba:
2927 4904 3046 4958 quae
3084 4887 3427 4942 Theodorum
3471 4887 3748 4951 laudavit,

2142 4995 2395 5054 tanquam
2421 4983 2794 5037 Nestorianam
2821 4980 3090 5034 voluerint
3117 4977 3370 5033 abdicari.
3404 4975 3467 5031 Et
3497 4978 3608 5032 haec
3650 4993 3752 5033 as-

2136 5085 2282 5132 serta
2307 5083 2449 5139 sunt,
2481 5073 2566 5129 vel
2593 5073 2658 5138 si,
2693 5080 2752 5126 ut
2776 5071 2885 5140 jam
2917 5069 3171 5132 diximus,
3207 5084 3311 5121 non
3346 5083 3462 5122 eam
3502 5055 3752 5137 synodus

2135 5167 2512 5238 pronuntiaret
2562 5163 2943 5228 orthodoxam,
2995 5177 3094 5217 nec
3158 5160 3298 5230 apud
3346 5176 3464 5214 eam
3515 5159 3750 5214 recitata

2137 5268 2324 5330 posset
2353 5258 2584 5313 ostendi.
2616 5257 2752 5324 Quia
2780 5270 2914 5310 vero
2944 5255 3177 5307 fatentur
3205 5251 3348 5320 quod
3401 5251 3470 5304 ibi
3515 5251 3752 5304 recitata

2137 5351 2316 5414 fuerit,
2350 5350 2525 5404 adhuc
2553 5349 2630 5403 eis
2652 5348 2882 5417 amplius
2912 5332 3292 5412 concedamus,
3338 5353 3394 5398 et
3434 5344 3718 5398 dissimula

2136 5458 2254 5497 mus
2285 5441 2352 5494 ab
2382 5441 2482 5494 hac
2512 5454 2728 5508 quoque
2755 5439 3022 5506 sententia
3050 5436 3261 5507 synodi,
3289 5451 3392 5503 qua
3425 5433 3745 5504 pronuntia-

2146 5683 2375 5752 defendi.

2225 5765 2235 5781 '
2272 5755 2409 5806 ldum
2452 5754 2597 5819 στί-ιώ,
2625 5753 2858 5805 (nudant.

2220 5826 2239 5854 ⁵
2267 5824 2412 5880 Idem
2443 5826 2587 5890 cod.,
2617 5824 2790 5878 omnia
2821 5823 2941 5876 ista.
