4114 6476
291 274 398 327 565

1183 280 1777 366 ΡῐὶφιῡΕΡΕΝδιυΝΕ
1817 281 2028 337 TRIUM
2073 282 2387 338 CAPITUL.
2425 282 2550 338 LIB.
2586 284 2646 339 ll.

3477 277 3584 335 566

286 395 361 445 vit
388 406 533 458 quon
561 392 926 447 sanctissimus
951 394 964 423 ί
991 393 1222 448 Joannes
1245 394 1632 461 Antiochenns,
1665 393 1877 448 hatreti-
1907 398 1956 453 Λ
1987 393 2106 446 fidei
2135 409 2242 447 non
2272 393 2444 447 solum
2474 411 2614 450 nunc
2644 397 2884 451 vivcntes
2910 398 3238 466 insequitur,
3269 403 3360 455 sed
3381 411 3447 457 ~et
3480 404 3572 461 Iros

283 499 472 536 eorum
517 482 798 537 maledicta
847 483 1122 553 rejiciens,
1169 493 1225 540 et
1270 485 1580 555 apostolica:
1623 484 1882 540 doctrina:

285 575 481 645 dogma
511 574 812 640 declarans,
840 577 1006 632 totius
1033 576 1265 634 Orientis
1285 577 1700 642 confessionem,
1734 579 1883 632 velut

284 683 353 718 ex
377 681 482 721 uno
514 681 629 732 ore,
671 666 1012 724 sanctissimo
1054 668 1244 724 Proclo
1285 677 1341 724 et
1379 669 1427 724 ei
1457 669 1550 740 qui
1595 685 1694 740 per
1735 669 1880 726 idem

286 766 501 826 tempus
546 757 730 813 mundi
777 758 998 838 regebat
1038 760 1399 829 gubernacula
1440 760 1779 817 destinavit:
1823 772 1883 818 ut

283 848 428 918 sicut
473 857 702 916 negatur
726 849 916 905 eadem
961 852 1201 921 synodus
1229 851 1516 921 epistolam
1558 853 1882 910 venerabilis

283 937 386 993 ilice
419 939 775 994 orthodoxam
801 943 1198 1010 pronuntiasse,
1227 943 1298 997 ita
1320 944 1481 998 etiam
1512 951 1736 1013 negetur
1764 960 1880 999 me-

284 1037 526 1083 moratas
553 1029 933 1099 sapientissimi
954 1029 1176 1087 Joannis
1196 1041 1252 1086 et
1280 1033 1446 1087 totius
1469 1034 1680 1088 concilii
1703 1034 1882 1088 orien-

283 1119 408 1174 talis
455 1120 736 1190 epistolas,
772 1121 827 1176 in
863 1123 1061 1191 quibus
1109 1122 1519 1194 Mopsuestenus
1565 1124 1881 1180 Theodorus

279 1210 457 1264 ntulto
499 1211 732 1281 amplius
760 1212 1006 1268 laudatus
1059 1222 1160 1280 est,
1203 1215 1553 1284 approbasse,
1602 1227 1658 1270 et
1696 1231 1883 1272 earum

283 1304 512 1360 formam
538 1307 591 1361 in
614 1321 709 1360 sua
740 1306 1073 1371 deﬁnitione,
1101 1287 1553 1377 quemadmodum
1581 1303 1878 1374 docuimus,

281 1395 598 1453 attendisse.
629 1396 877 1465 Nunquid
900 1398 1061 1452 etiam
1090 1399 1167 1453 sic
1189 1413 1295 1452 non
1323 1398 1376 1451 in
1407 1397 1881 1468 reprehensionem

282 1488 452 1556 ipsius
479 1487 668 1558 synodi
699 1503 798 1557 pro
825 1503 1147 1558 quacunque
1185 1503 1344 1542 causa
1376 1489 1632 1558 praedicta
1655 1488 1882 1558 epistola

281 1579 591 1633 videbitur?
617 1578 748 1632 Nam
777 1579 823 1633 si
851 1578 1180 1634 credendum
1208 1589 1292 1634 est
1313 1579 1379 1634 ad
1406 1581 1580 1634 zelum
1602 1580 1882 1635 catholica:

286 1671 409 1725 tidei
439 1671 732 1740 pertinere,
764 1671 911 1740 quod
937 1679 1063 1741 post
1084 1682 1301 1727 centum
1341 1671 1513 1726 ferme
1549 1687 1722 1728 annos
1764 1680 1881 1726 tan-

1985 487 2072 556 qui
2097 488 2222 540 olim
2263 485 2330 540 ad
2376 486 2543 541 Deam
2585 499 2989 558 praecesserunt.
3024 491 3263 558 Quorum
3312 491 3450 550 inuis
3493 509 3574 553 es!

1984 577 2174 632 beatus
2204 578 2535 646 Theodorus,
2572 596 2748 650 praeco
2786 581 3028 637 veritatis
3065 591 3120 637 et
3164 585 3357 640 doctor
3395 585 3570 642 Ecclis

1984 669 2075 722 siae
2105 688 2116 722 :
2148 671 2239 739 qui
2263 687 2369 726 non
2397 673 2571 727 solum
2602 673 2655 726 in
2695 686 2794 726 sua
2819 673 2930 728 vita
2963 673 3322 744 colaphizavit
3355 677 3573 734 haeretis

1983 779 2076 817 cos
2103 778 2198 832 per
2226 765 2507 818 veritatem
2537 781 2647 820 suae
2676 764 2816 830 ﬁdei,
2852 767 2946 821 sed
2974 775 3029 821 ct
3061 775 3184 836 post
3211 777 3441 824 mortem
3462 771 3572 840 spi-

1982 855 2158 909 ritalia
2185 870 2336 910 arma
2376 856 2427 910 in
2470 857 2619 911 libris
2650 857 2880 927 propriis
2916 856 3166 914 Ecclesiae
3217 859 3339 914 ﬁliis
3379 861 3575 918 dereli-

1982 947 2119 1016 quit,
2141 947 2281 1002 sicut
2301 955 2356 1002 et
2379 957 2468 1003 tua
2492 950 2791 1024 reverentia
2817 950 2988 1005 eidem
3009 951 3275 1006 collocuta
3296 953 3572 1028 cognovit,

1957 1045 2036 1089 'et
2057 1050 2122 1090 ex
2152 1036 2234 1091 his
2261 1053 2380 1108 qua:
2401 1037 2612 1107 scripsit
2639 1038 2895 1094 instructa
2924 1047 3027 1094 est.
3057 1038 3211 1095 Hunc
3231 1045 3577 1114 praesumpsit

1982 1128 2072 1196 qui
2095 1133 2274 1183 omnia
2313 1131 2588 1199 priesumit
2629 1132 2680 1184 in
2724 1129 2962 1184 Ecclesia
2994 1130 3172 1200 palam
3218 1133 3575 1189 anathemati-

1982 1237 2134 1286 zare;
2167 1224 2258 1292 qui
2288 1234 2510 1294 propter
2551 1225 2722 1278 zelum
2768 1224 2884 1288 Dei,
2924 1240 3032 1279 non
3077 1225 3256 1279 solum
3297 1226 3572 1296 propriam

1983 1316 2254 1371 civitatem
2291 1317 2359 1372 ab
2388 1333 2572 1372 errore
2606 1318 2673 1372 ad
2717 1318 2996 1373 veritatem
3040 1319 3329 1384 convertit,
3378 1319 3472 1375 sed
3517 1327 3574 1375 et

1982 1407 2140 1477 longe
2167 1409 2372 1479 positas
2402 1425 2498 1464 sua
2519 1409 2764 1464 doctrina
2793 1410 3046 1465 instruxit
3069 1408 3353 1466 Ecciesias.
3384 1430 3403 1464 ι
3436 1411 3574 1467 Cutn

1983 1514 2111 1569 ergo
2140 1501 2206 1556 ad
2235 1503 2393 1574 istum
2423 1502 2616 1566 locum,
2644 1501 2782 1556 sicut
2811 1502 2944 1569 dixi,
2971 1502 3239 1568 venirent,
3268 1504 3357 1557 ubi
3386 1519 3576 1572 quem-

1982 1591 2104 1645 dam
2135 1591 2357 1647 denotat
2380 1591 2526 1647 idem
2555 1592 2875 1647 venerabilis
2895 1591 3013 1646 ibas
3043 1592 3109 1646 ad
3137 1591 3324 1647 Marini
3355 1591 3580 1649 Persam

1982 1682 2241 1747 scribens,
2272 1683 2416 1751 quod
2445 1682 2789 1738 Theodorum
2819 1683 3277 1739 anathematizare
3317 1698 3576 1753 presum-

282 1779 444 1833 qnam
471 1763 789 1818 Nesloriana
831 1763 1084 1818 damnata
1128 1771 1213 1819 est
1239 1782 1249 1816 ε
1287 1772 1470 1818 saltem
1512 1763 1603 1818 illa
1647 1764 1883 1834 synodus
1913 1769 1958 1828 Β
1986 1772 2155 1840 pscrit
2180 1790 2191 1823 :
2219 1774 2464 1840 quamvis
2491 1773 2658 1843 ipsius
2685 1767 2926 1842 epistolae
2947 1774 3109 1828 verba
3139 1789 3248 1828 non
3279 1775 3352 1827 ita
3382 1774 3435 1826 in
3473 1789 3576 1830 suo

281 1855 474 1909 lueresi
504 1855 836 1910 Nestoriana:
863 1855 1124 1922 cohibuit,
1148 1871 1270 1925 qute
1305 1856 1445 1926 apud
1490 1871 1550 1910 se
1595 1856 1878 1910 recitatam

281 1946 527 2001 eamdem
555 1946 838 2016 epistolam
868 1961 978 2002 non
1006 1946 1319 2000 damnavit:
1350 1947 1394 2001 si
1425 1955 1601 2002 tamen
1645 1946 1761 2002 sola
1791 1940 1879 2001 illa

280 2040 537 2112 synodus,
569 2047 627 2095 et
677 2055 786 2094 non
828 2047 944 2094 tota
987 2037 1188 2094 Christi
1217 2038 1457 2095 Ecclesia
1497 2053 1881 2111 usquequaque

279 2131 494 2196 diiiusa,
523 2146 644 2200 quae
669 2131 886 2186 decreta
914 2131 1081 2199 ipsius
1103 2132 1292 2202 synodi
1334 2132 1387 2186 in
1429 2145 1621 2199 magna
1669 2146 1881 2201 semper

279 2223 607 2277 auctoritate
635 2223 890 2293 suscepit.
921 2222 1286 2278 indubitatum
1315 2234 1399 2279 est
1417 2223 1594 2292 igitur,
1619 2224 1762 2292 quod
1785 2239 1876 2294 sy-

280 2313 485 2368 nodum
511 2312 1006 2368 Chalcedonensem
1031 2329 1139 2368 non
1168 2313 1298 2368 falsa
1335 2313 1571 2381 negatio,
1603 2312 1671 2367 ad
1714 2313 1877 2367 dece-

281 2405 526 2475 ptionem
571 2404 804 2460 facilium
845 2405 913 2459 ab
959 2403 1228 2459 haereticis
1279 2401 1585 2468 adinventa,
1621 2402 1716 2458 sed
1761 2402 1877 2457 sola

280 2495 452 2565 possit
478 2491 768 2549 defendere
794 2493 933 2548 ratio
961 2493 1238 2548 veritatis:
1270 2507 1433 2561 quam
1473 2507 1589 2558 nos,
1626 2486 1885 2545 discussis

279 2583 521 2654 ipsorum
551 2583 928 2638 hiereticorum
953 2579 1229 2637 fraudibus
1251 2589 1412 2652 atque
1429 2578 1748 2646 mendaciis,
1774 2579 1881 2637 Deo

279 2675 590 2746 adjuvante,
621 2673 929 2731 reddemus.

914 2807 1143 2864 CAPUT
1183 2809 1266 2863 Ill.

282 2903 437 2969 Quod
493 2903 760 2974 epistolam
819 2902 927 2955 Iba:
968 2902 1088 2956 ideo
1137 2903 1454 2970 damnarint,
1482 2904 1604 2969 quia
1645 2905 1772 2957 duas
1822 2905 1876 2956 in

354 2975 558 3028 Chris'o
609 2985 821 3028 naturas
872 2975 1166 3040 conﬁtetur.
1201 2974 1316 3039 Quo
1362 2974 1577 3027 consilio
1602 2977 1875 3039 episcopo-

352 3063 468 3098 mm
528 3045 931 3110 subscriptiones
981 3045 1219 3109 exigant,
1287 3055 1333 3097 et
1378 3059 1472 3096 cur
1517 3044 1876 3097 damnantium

356 3116 764 3168 communionem
788 3115 884 3184 ipsi
913 3115 1196 3184 refugiant.

359 3223 426 3280 Ut
445 3234 626 3280 autem
653 3225 952 3281 clementiae
981 3234 1083 3280 tute
1111 3227 1281 3294 magis
1303 3233 1584 3295 appareat,
1609 3224 1749 3295 quod
1771 3241 1879 3280 non

285 3317 508 3371 forsitan
536 3317 716 3371 minus
743 3324 1064 3372 occurrente
1091 3303 1324 3382 ratione,
1357 3332 1464 3386 qua
1495 3317 1583 3370 illa
1621 3315 1877 3370 defende-

284 3412 436 3460 retur
455 3404 707 3474 epistola,
731 3413 982 3474 negatum
1005 3405 1075 3459 sit
1096 3420 1126 3459 a
1147 3405 1356 3477 synodo
1372 3405 1533 3460 fuisse
1552 3413 1879 3474 susceptam,

285 3497 384 3550 sed
424 3496 606 3567 potius
646 3496 700 3549 in
731 3495 1098 3566 prarjudicium
1136 3497 1302 3568 ipsius
1348 3496 1538 3568 synodi
1584 3494 1726 3550 facta
1775 3496 1884 3550 sint

286 3588 470 3641 omnia
499 3602 617 3656 qua:
655 3586 708 3640 in
756 3585 873 3655 ejus
902 3588 1220 3657 purgatione
1268 3588 1542 3642 elaborata
1582 3587 1833 3643 dicuntur
1867 3606 1878 3639 :

287 3676 594 3743 considera,
623 3690 829 3744 quaeso,
852 3685 945 3730 aut
967 3691 1060 3730 eos
1087 3677 1248 3731 etiam
1278 3677 1369 3745 qui
1397 3677 1522 3730 talia
1549 3675 1886 3745 conscripse-

287 3767 733 3836 runtinterroga,
767 3782 863 3821 cur
907 3775 1057 3821 tanta
1104 3767 1156 3822 in
1207 3769 1374 3838 ipsius
1417 3767 1660 3838 epistolae
1699 3783 1884 3838 repre-

287 3859 606 3913 hensionem
649 3859 883 3928 scripta;
918 3874 1017 3914 cur
1062 3867 1172 3913 tam
1221 3860 1386 3914 multa
1432 3860 1562 3914 vitia
1609 3860 1884 3931 ascripta”

287 3959 433 4015 sunt,
464 3966 565 4007 nec
594 3951 661 4006 ab
701 3951 832 4020 ipsis
876 3950 983 4006 lbae
1029 3952 1431 4006 accusatoribus
1461 3953 1758 4022 imputata;
1788 3967 1885 4007 cur

287 4051 566 4112 postremo
593 4041 740 4096 velut
761 4041 922 4111 impia
945 4050 1001 4097 et
1023 4041 1340 4097 Nestoriana
1363 4042 1616 4097 damnata
1629 4051 1741 4098 .est.
1768 4043 1885 4098 Non

289 4137 351 4186 et
399 4130 538 4186 istud
592 4130 940 4186 defendenda:
985 4129 1177 4202 synodi
1225 4131 1518 4185 necessitas
1572 4130 1886 4201 ﬂagitabat,

287 4236 414 4277 cum
437 4221 604 4290 magis
626 4221 868 4277 excusari
891 4220 1156 4287 debuerit,
1181 4221 1424 4276 utetiam
1450 4221 1495 4275 si
1516 4223 1886 4276 metuendum3

288 4314 600 4384 putabatur,
629 4323 857 4383 utroque
880 4311 1208 4368 defensionis
1235 4311 1405 4368 latere
1431 4313 1625 4367 tnuniri
1653 4313 1888 4384 synodus

288 4407 588 4472 videretur,
613 4421 736 4461 cum
758 4406 1000 4462 dicerent
1027 4415 1081 4461 et
1101 4407 1246 4460 illam
1277 4406 1559 4476 epistolam
1585 4423 1694 4460 non
1724 4404 1889 4461 fuisse

1983 1862 2121 1916 libro
2147 1863 2429 1931 posuerint
2473 1863 2612 1918 sicut
2648 1861 2933 1924 habentur,
2985 1863 3080 1916 sed
3123 1877 3243 1931 qua:
3286 1863 3602 1917 voluerunt-

1983 1965 2081 2019 pro
2109 1965 2206 2004 sua
2233 1949 2511 2006 voluntate
2543 1950 2947 2020 decerpserint:
2981 1957 3161 2004 tamen
3203 1965 3314 2005 non
3359 1947 3574 2006 dubita-

1982 2046 2177 2094 verunt
2213 2047 2270 2094 et
2310 2040 2415 2096 hoc
2451 2037 2650 2095 addere
2699 2039 2941 2096 dicentes
2979 2058 2992 2092 :
3045 2037 3338 2110 «Oportet
3389 2052 3577 2111 aperte

1983 2133 2252 2202 inspicere
2291 2131 2360 2186 ad
2398 2131 2586 2186 Marim
2623 2131 2930 2202 epistolam,
2969 2131 3152 2186 omnia
3193 2131 3410 2200 quidem
3460 2131 3576 2188 sine

1983 2223 2094 2278 Deo
2121 2231 2178 2276 et
2205 2223 2366 2293 impie
2387 2223 2654 2278 dicentem
2679 2241 2690 2274 :
2725 2222 2853 2276 illud
2878 2221 3253 2277 tantummodo
3285 2222 3576 2277 ostenden-

1984 2319 2091 2364 tem
2134 2311 2295 2378 bene,
2336 2311 2462 2378 quia
2500 2316 2564 2364 ex
2610 2310 2702 2365 illo
2731 2309 3048 2365 Theodorus
3074 2325 3172 2378 per
3199 2309 3473 2365 Orientem
3524 2311 3577 2364 in

1980 2398 2222 2456 Ecclesia
2268 2400 2751 2455 auathematizatus
2777 2407 2878 2454 est.
2917 2417 2938 2452 ι
2971 2399 3177 2454 Vellem
3219 2398 3403 2467 itaque
3443 2400 3574 2454 mihi

1980 2489 2370 2560 responderent
2399 2499 2559 2556 atque.
2591 2495 2972 2550 monstrarent,
3005 2501 3112 2540 non
3158 2486 3282 2540 dico
3318 2487 3407 2554 qui
3447 2486 3574 2543 talia

1979 2581 2327 2650 scripserunt,
2361 2579 2458 2647 ipsi
2497 2579 2639 2632 enim
2678 2579 2858 2633 sciunt
2884 2578 3028 2646 quod
3063 2577 3300 2645 egerint,
3342 2578 3434 2631 sed
3486 2578 3574 2636 isti

1979 2671 2070 2741 qui
2097 2671 2305 2724 talibus
2320 2668 2771 2738 subscripserunt,
2798 2667 3070 2737 quomodo
3089 2668 3410 2721 conﬁrment
3429 2667 3574 2737 quod

1983 2764 2069 2819 illa
2103 2762 2331 2831 epistola
2361 2762 2427 2815 ad
2457 2760 2646 2814 Marini
2673 2761 2868 2828 scripta
2899 2760 3080 2814 omnia
3110 2758 3227 2812 sine
3257 2757 3370 2812 Deo
3395 2766 3452 2812 et
3476 2760 3573 2812 im~

1979 2855 2067 2925 pie
2096 2831 2257 2908 dicat.
2290 2852 2425 2906 Num
2451 2851 2614 2906 etiam
2643 2850 3037 2905 confessionem
3077 2849 3304 2903 duarum
3357 2857 3571 2903 natura~

1978 2961 2098 3001 rum
2128 2943 2326 3000 Christi
2357 2941 2730 2997 damnaverit?
2771 2941 2850 2994 An
2883 2956 2989 2995 non
3028 2941 3080 2994 in
3117 2939 3306 2995 eadem
3348 2939 3592 3010 epistola—

1981 3035 2326 3090 continentur
2373 3034 2489 3088 haec
2524 3032 2735 3087 verba:
2792 3050 2810 3081 ι
2847 3031 3086 3086 Ecclesia
3134 3031 3275 3085 enim
3321 3031 3401 3086 sic
3449 3030 3575 3086 dicit

1902 3131 1952 3199 ο
1980 3129 2118 3183 sicut
2143 3134 2198 3182 et
2226 3134 2314 3182 tua
2333 3125 2605 3182 sanctitas
2633 3124 2804 3187 novit,
2836 3132 2890 3178 et
2917 3125 3055 3178 sicut
3093 3140 3122 3177 a
3153 3124 3416 3193 principio
3438 3123 3577 3178 didi-

1983 3219 2077 3283 cit,
2110 3226 2166 3274 et
2185 3217 2503 3274 conﬁrmata
2533 3224 2616 3272 est
2636 3217 2815 3270 divina
2841 3216 3085 3270 doctrina
3115 3230 3182 3269 ex
3211 3214 3361 3269 libris
3390 3215 3578 3268 beato-

1982 3325 2101 3366 run
2131 3308 2376 3376 Patrum,
2405 3307 2788 3370 dntenaturre,
2819 3323 2922 3359 una
2953 3306 3145 3370 virtus,
3185 3321 3289 3358 una
3328 3319 3589 3373 persona,

1982 3398 2127 3468 quod
2147 3406 2230 3454 est
2249 3412 2389 3453 unus
2415 3395 2584 3452 Filius
2600 3397 2857 3451 Dominus
2876 3393 3032 3449 Jesus
3047 3395 3309 3450 Christus.
3343 3414 3362 3446 ι
3392 3395 3579 3465 Liquet

1984 3488 2145 3556 igitur
2169 3487 2390 3556 jamque
2410 3485 2458 3551 δ,’
2484 3495 2743 3556 quantum
2778 3485 3029 3539 existimo
3046 3523 3058 3546 ,
3085 3486 3248 3538 etiam
3280 3484 3361 3538 his
3387 3485 3580 3553 quibus

1984 3577 2123 3632 forte
2152 3577 2294 3632 aliud
2317 3575 2618 3642 videbatur,
2657 3575 2800 3644 quod
2834 3582 3014 3630 astute
3061 3575 3128 3628 ad
3171 3574 3579 3643 denegati-mem

1984 3671 2208 3725 duarum
2229 3669 2428 3725 Christi
2461 3677 2788 3738 naturarum,
2830 3668 2930 3722 sub
2961 3667 3185 3721 obtentu
3218 3666 3398 3721 nescio
3429 3668 3580 3735 cujus

1985 3777 2139 3818 nova:
2165 3761 2473 3832 diligentiae,
2504 3747 2729 3829 epistola
2759 3759 2848 3813 illa
2875 3757 3127 3813 damnata
3154 3757 3241 3814 sit.
3267 3756 3582 3825 Namquaro

1986 3852 2230 3908 dicerent
2255 3850 2401 3920 quod
2432 3848 2611 3905 omnia
2641 3849 2758 3902 sine
2787 3846 2899 3903 Deo
2926 3855 2982 3901 et
3009 3845 3174 3915 impie
3201 3845 3366 3912 dicat,
3393 3845 3493 3898 nisi
3525 3856 3581 3898 ut

1989 3944 2117 3999 illud
2172 3956 2390 4013 quoque
2442 3940 2951 4009 complecterentur,
3006 3937 3153 4008 quod
3207 3935 3341 3991 duas
3372 3924 3603 3990 Christi.~

1988 4032 2308 4089 conﬁteatur
2335 4045 2457 4086 esse
2485 4029 2742 4084 naturas?
2784 4027 2860 4081 Ac
2900 4042 2968 4082 ne
3011 4025 3306 4082 secundum
3350 4024 3601 4092 aliquam

1989 4125 2240 4196 loquendi
2281 4121 2723 4179 consuetudinem
2762 4120 3116 4189 acciperetur,
3145 4117 3290 4188 quod
3334 4116 3587 4171 dixerunt

1990 4221 2189 4284 omnia,
2240 4235 2347 4274 non
2387 4218 2598 4284 leviter,
2628 4215 2721 4269 sed
2751 4221 2909 4267 caute
2953 4219 3118 4281 atque
3164 4210 3396 4266 sollicite
3432 4225 3492 4263 se
3531 4210 3583 4264 id

1990 4310 2233 4381 posuisse
2252 4307 2574 4376 exceptione
2592 4304 2768 4359 addita
2795 4308 3253 4366 monstraveram,
3275 4300 3338 4352 ad
3339 4298 3606 4367 jicieuies.

1992 4412 2154 4469 atque
2197 4400 2483 4454 dicentes:
2537 4414 2555 4447 ‹
2605 4393 2742 4449 illud
2798 4390 3172 4447 tantummodo
3214 4389 3587 4446 ostendentem

289 4509 614 4569 susceptam,
645 4509 700 4555 et
725 4491 893 4555 vcl'si
940 4508 1191 4568 suscepta
1239 4498 1444 4564 fuisset,
1475 4499 1736 4571 synodum
1778 4516 1886 4554 non
1918 4513 1970 4571 D
1992 4493 2153 4559 bene,
2179 4490 2302 4559 quia
2332 4505 2400 4544 ex
2432 4488 2525 4543 illo
2553 4486 2870 4542 Theodorus
2899 4501 2994 4554 per
3017 4483 3292 4538 Orientem
3323 4481 3378 4534 ili
3402 4479 3588 4536 Eccle-

289 4581 414 4645 essc
458 4591 800 4660 culpandam.
843 4590 993 4646 Nunc
1039 4601 1217 4645 autem
1267 4598 1566 4660 congerunt
1609 4592 1662 4645 in
1715 4591 1887 4660 ipsam

288 4679 576 4749 epistolam
607 4680 774 4735 multa
810 4679 1052 4746 erimina,
1077 4679 1339 4750 afﬁngunt
1361 4682 1508 4736 velut
1529 4681 1890 4752 acceptabiles

288 4771 658 4828 damnationis
678 4771 796 4841 ejus
814 4787 1026 4838 causas,
1048 4772 1193 4840 quod
1222 4773 1289 4826 ab
1311 4772 1578 4827 limreticis
1609 4780 1892 4841 exspecta-

289 4873 407 4920 tum
429 4872 541 4929 est;
564 4871 622 4919 et
635 4863 847 4933 jactant
874 4880 979 4918 non
1005 4860 1168 4919 fuisse
1188 4873 1510 4933 susceptam,
1533 4864 1674 4932 quod
1706 4873 1888 4918 osten-

291 4957 428 5010 dere
453 4969 613 5009 nemo
642 4962 844 5024 potest.
882 4953 1127 5022 Namque
1156 4970 1277 5007 cum
1315 4954 1558 5007 venirent
1606 4953 1670 5006 ad
1715 4953 1891 5006 locum

293 5046 463 5114 ipsius
489 5044 730 5114 epistola:
759 5044 848 5100 ubi
877 5045 1042 5099 refert
1075 5043 1214 5108 lbas,
1245 5053 1301 5097 et
1341 5043 1506 5097 dicit:
1557 5063 1573 5093 ε
1611 5043 1758 5096 Multi
1799 5059 1891 5096 au-

295 5146 426 5199 tem,
457 5144 583 5190 ante
612 5135 800 5190 oculos
841 5151 946 5190 non
993 5134 1252 5188 habentes
1295 5134 1386 5187 Dei
1426 5134 1693 5198 timorem,
1738 5148 1895 5187 occa-

290 5227 448 5281 sione
476 5227 827 5282 ecclesiastici
858 5225 984 5292 zeli,
1020 5225 1328 5279 inimicitias
1371 5239 1506 5292 quas
1551 5225 1792 5278 occultas
1839 5226 1890 5278 in

291 5316 551 5372 cordibus
580 5317 691 5380 suis
712 5316 1001 5382 habebant,
1035 5315 1100 5370 ad
1130 5313 1380 5379 effectum
1405 5314 1700 5383 perducere
1743 5314 1892 5369 festi-

295 5416 580 5463 naverunt.
642 5407 725 5462 Ex
779 5409 974 5477 quibus
1018 5423 1160 5462 unus
1203 5406 1384 5462 existit
1429 5415 1624 5462 nostra:
1669 5408 1898 5462 civitatis

295 5504 578 5570 tyrannus,
615 5515 775 5570 quem
806 5517 903 5556 nec
951 5509 1009 5555 tu
1052 5501 1164 5570 ipse
1193 5501 1437 5570 ignoras,
1472 5500 1560 5569 qui
1609 5504 1895 5557 occasione

375 5712 389 5741 '
421 5709 556 5762 Cod.
595 5710 812 5771 Vcron..
845 5709 1270 5777 sapientissimus.

372 5784 395 5814 ε
426 5780 574 5836 idem
605 5780 752 5846 cod.,
780 5782 914 5848 falso
945 5780 1192 5847 ascripta.

1994 4582 2072 4636 sia
2102 4579 2588 4634 auathematizatus
2614 4586 2716 4631 est.
2755 4597 2773 4628 ι
2801 4575 2856 4630 Si
2898 4575 3058 4642 igitur
3086 4573 3179 4628 illo
3227 4571 3608 4626 tantummodo

1997 4680 2246 4741 excepto.
2275 4671 2456 4726 omnia
2481 4669 2598 4724 sine
2625 4669 2740 4724 Deo
2763 4675 2819 4722 et
2840 4666 3006 4736 impie
3038 4665 3186 4728 dicit,
3221 4663 3271 4716 in
3312 4662 3442 4729 ipsis
3477 4677 3593 4713 om.

1998 4768 2157 4822 nibus
2199 4762 2388 4835 procul
2428 4762 2592 4817 dubio
2633 4761 2795 4816 etiam
2840 4758 2970 4814 illud
3016 4757 3302 4810 voluerunt
3351 4751 3614 4819 intelligi,

1997 4859 2142 4929 quod
2170 4858 2304 4912 duas
2333 4853 2575 4926 professa
2603 4860 2687 4907 est
2714 4851 2913 4906 Christi
2943 4863 3064 4932 esse
3093 4855 3328 4900 naturas.
3353 4842 3470 4896 Non
3500 4858 3595 4897 au~

1999 4960 2130 5016 tem,
2156 4951 2294 5006 sicut
2319 4950 2550 5017 jactant,
2603 4945 2707 5000 hoc
2746 4943 2836 4997 illa
2884 4943 3022 4996 bene
3069 4937 3306 4994 ostendit
3344 4936 3595 5006 epistola,

2000 5045 2125 5112 quia
2156 5058 2223 5097 ex
2253 5041 2345 5095 illo
2363 5038 2679 5094 Theodorus
2709 5050 2807 5106 per
2827 5033 3102 5088 Orientem
3133 5032 3184 5084 in
3210 5028 3444 5086 Ecclesia
3467 5043 3596 5082 ana-

2003 5135 2383 5191 thematizatus
2411 5142 2512 5197 est,
2545 5146 2664 5187 cum
2691 5131 2795 5185 hoc
2816 5129 2883 5183 ab
2905 5143 3012 5182 uno
3033 5125 3230 5180 factum
3257 5121 3482 5186 referat;
3505 5119 3596 5174 sed

2005 5229 2108 5283 hoc
2137 5227 2315 5296 potius
2337 5226 2476 5279 bene
2499 5223 2752 5286 ostendit,
2776 5219 2920 5289 quod
2938 5212 3471 5271 anathematizandus
3490 5227 3597 5265 non

2003 5320 2094 5387 sit,
2123 5332 2283 5386 quem
2315 5330 2453 5369 unus
2476 5310 2848 5366 tantummodo
2869 5307 3325 5362 anathematizare
3345 5317 3589 5374 prtesum-

2006 5411 2129 5480 psit.
2161 5407 2329 5475 Cujus
2356 5403 2829 5474 praesumptionem
2877 5399 2920 5453 si
2959 5399 3078 5467 quis
3117 5396 3409 5467 approbat,
3439 5401 3598 5448 caete-

2002 5519 2090 5557 ros
2120 5500 2352 5554 Orientis
2385 5498 2670 5567 episcopos
2699 5495 2790 5565 qui
2821 5493 2924 5548 hoc
2952 5492 3173 5561 impium
3201 5490 3600 5558 judicaverunt,

2087 5705 2104 5733 ⁵
2132 5702 2275 5754 Idem
2306 5699 2450 5760 cod.,
2485 5696 2855 5750 ntrniimtdum.

2090 5775 2106 5802 ³
2137 5771 2284 5826 idem
2315 5770 2465 5836 cod.,
2489 5769 2621 5837 jam.
