4114 6498
603 325 706 380 567

601 444 719 497 sine
755 438 1090 502 dubitatione
1125 438 1467 496 condemnat.
1499 437 1569 493 Ut
1602 447 1782 494 autem
1833 437 1940 491 alio
1974 453 2191 508 quoque

602 531 952 588 ostendamus
976 531 1199 597 indicio,
1228 531 1374 600 quod
1415 532 1482 586 ad
1515 531 1928 600 denegatiouem
1970 530 2196 585 duarum

601 621 800 677 Christi
827 629 1159 686 naturarum,
1191 636 1325 691 quas
1347 622 1400 677 in
1423 631 1720 678 memorata
1739 623 1967 693 epistola
1990 622 2199 678 confes-

599 726 693 766 sus
721 720 804 766 est
830 711 970 766 idem
996 709 1138 782 Ihas,
1163 713 1480 782 adjecerunt
1507 721 1567 767 ut
1597 714 1840 769 dicerent
1867 729 1986 769 eam
2017 717 2197 769 omnia

599 803 716 858 sine
735 801 849 858 Deo
880 812 936 858 et
964 804 1131 873 impie
1152 804 1422 859 dicentem
1454 822 1468 858 :
1512 804 1823 872 recordare,
1863 819 2066 874 qumso,
2095 806 2197 858 im-

597 904 837 966 perator,
869 911 988 967 qua:
1024 897 1255 954 formula
1283 899 1432 968 prius
1461 899 1588 954 data
1633 897 1797 953 fuerit
1839 899 2200 954 damnationis

598 987 768 1058 ipsius
813 992 1076 1060 epistolae,
1127 1000 1183 1047 et
1225 1007 1344 1061 quae
1391 993 1462 1047 sit
1507 991 1670 1047 modo
1699 995 2018 1065 composita.
2064 991 2198 1045 Nam

598 1081 746 1150 prius
773 1079 974 1136 dictum
1004 1083 1220 1138 fuerat:
1260 1103 1279 1135 ι
1315 1084 1371 1139 Si
1399 1083 1519 1153 quis
1547 1085 1680 1139 dicit
1720 1093 1924 1140 rectam
1973 1099 2091 1139 esse
2133 1085 2199 1138 ad

600 1170 788 1227 Marim
830 1168 1048 1243 impiam
1088 1177 1370 1245 epistolam
1419 1193 1539 1247 quze
1583 1177 1778 1232 dicitur
1825 1177 1892 1231 ab
1939 1175 2029 1232 Iba
2077 1191 2198 1231 esse

599 1261 761 1330 facta,
781 1273 886 1318 aut
914 1263 1030 1334 ejus
1050 1275 1288 1321 assertor
1315 1275 1420 1331 est,
1449 1276 1505 1322 et
1530 1283 1640 1322 non
1667 1269 1838 1336 magis
1863 1268 2200 1323 anathemati

599 1357 836 1426 subjicit,
873 1367 933 1412 ut
961 1368 1088 1428 pote
1117 1361 1258 1414 male
1290 1344 1607 1417 tractantem
1642 1369 1885 1415 sanctum
1915 1359 2195 1431 Cyrillum,

599 1449 691 1518 qui
719 1449 850 1504 dicit
875 1451 1002 1520 quia
1025 1452 1164 1507 Deus
1193 1453 1428 1508 Verbum
1454 1453 1622 1508 factus
1647 1462 1730 1509 est
1759 1454 1944 1518 homo,
1975 1461 2029 1508 et
2052 1453 2198 1522 ejus-

599 1537 722 1592 dem
756 1541 928 1594 sancti
958 1539 1142 1611 Cyrilli
1181 1541 1466 1597 duodecim
1507 1541 1757 1612 capitulis
1801 1542 2192 1604 detrahentem,

598 1639 654 1682 et
681 1631 910 1700 primam
938 1631 1261 1702 Ephesinam
1284 1633 1547 1705 synodum
1577 1635 1924 1704 impetentem
1948 1635 1986 1694 ³,
2005 1633 2197 1689 Nesto-

601 1721 738 1776 rium
769 1739 897 1779 vero
925 1724 1337 1793 defendentem,
1372 1727 1679 1783 laudantem
1723 1735 1904 1783 autem
1947 1727 2196 1783 Theodo-

599 1832 718 1870 rum
743 1817 1106 1888 Mopsuestia},
1137 1822 1423 1876 anathema
1453 1822 1541 1876 sit.
1583 1840 1601 1873 ι
1633 1821 1786 1876 Nune
1831 1829 2032 1885 autem,
2069 1821 2195 1876 sub-

601 1909 762 1963 motis
805 1910 892 1964 bis
920 1911 1168 1966 omnibus
1193 1913 1390 1975 causis,
1425 1912 1550 1968 nolo
1597 1913 1776 1968 dicere
1827 1921 2007 1967 utrum
2056 1914 2196 1968 veris

599 2007 691 2052 aut
717 1999 990 2068 qualibus,
1020 2015 1088 2056 ne
1110 2011 1332 2072 propter
1357 2003 1501 2072 ipsas
1534 2010 1744 2057 tantum
1768 2003 2044 2059 videretur
2080 2019 2199 2060 esse

597 2089 874 2158 damnata,
904 2107 967 2146 ac
995 2108 1101 2148 non
1126 2095 1287 2149 etiam
1320 2111 1418 2165 pro
1466 2093 1805 2151 confessione
1842 2096 2068 2152 duarum
2099 2114 2197 2152 na-

600 2189 842 2236 turarum
872 2181 1068 2238 Christi
1090 2200 1259 2256 quam
1289 2187 1561 2253 continet,
1592 2196 1784 2257 postea
1816 2189 1936 2243 talis
1957 2189 2080 2243 data
2115 2199 2201 2246 est

599 2270 825 2327 formula
849 2275 1236 2342 subscribendi,
1269 2285 1325 2332 et
1348 2277 1425 2333 sic
1451 2278 1698 2334 absolute
1727 2278 1842 2334 ﬁeri
1871 2291 2198 2350 praeceptum

597 2371 715 2417 est:
755 2384 775 2416 ‹
810 2364 867 2420 Si
895 2367 1016 2434 quis
1045 2367 1176 2423 dicit
1220 2377 1423 2424 rectam
1468 2384 1590 2426 esse
1632 2369 1699 2424 ad
1740 2369 1930 2426 Marim
1979 2372 2197 2442 impiam

597 2456 899 2526 epistolam,
928 2469 1022 2513 aut
1060 2476 1178 2516 eam
1209 2461 1468 2527 defendit,
1515 2471 1571 2518 et
1616 2475 1723 2517 non
1774 2465 2199 2520 anathematizat

596 2563 734 2614 eam,
767 2551 1054 2606 anathema
1083 2553 1172 2608 sit.
1201 2574 1220 2606 ι
1248 2554 1384 2610 Cum
1415 2569 1543 2624 ergo
1574 2564 1629 2610 et
1657 2557 1710 2610 in
1733 2556 1899 2626 ipsius
1925 2564 2199 2614 contesta-

596 2639 744 2695 tione
775 2641 893 2696 libri
939 2645 1426 2714 pronuntiaverint,
1458 2647 1601 2716 quod
1631 2648 1812 2703 omnia
1839 2648 1956 2703 sine
1985 2648 2097 2704 Deo
2146 2657 2203 2704 et

596 2729 762 2799 impie
789 2732 953 2802 dicat,
977 2745 1032 2790 et
1054 2737 1104 2790 in
1134 2737 1545 2808 subscriptionis
1567 2738 1797 2793 formula
1819 2755 1982 2808 quam
2012 2750 2200 2809 postea

504 2896 506 2898 ν
595 2832 961 2892 mutaverunt,
993 2827 1313 2883 abstulerint
1353 2828 1486 2884 alias
1529 2830 1931 2899 qualescunque
1977 2831 2202 2886 damna-

597 2910 756 2966 tionis
799 2911 915 2982 ejus
961 2929 1171 2982 causas,
1204 2925 1263 2970 ut
1310 2933 1420 2971 non
1456 2931 1556 2986 pro
1610 2917 1880 2988 aliquibus
1922 2919 2195 2984 damnata,

595 3001 686 3055 scd
716 3019 814 3072 pro
837 3006 1086 3061 (.nunibus
1115 3009 1424 3063 videretur:
1456 3009 1586 3078 quid
1618 3009 1762 3064 aliud
1795 3011 2199 3081 intelligendum

596 3102 696 3155 est,
728 3095 829 3149 nisi
859 3097 981 3166 quia
1013 3099 1113 3153 sub
1144 3108 1404 3169 praetextu
1426 3099 1574 3155 falsre
1596 3101 1886 3170 diligentiae
1903 3101 2197 3158 confessio-

597 3199 721 3238 nem
752 3185 980 3242 duarum
1011 3199 1322 3245 naturarum
1341 3191 1540 3247 Christi
1570 3192 1847 3248 destruere
1874 3194 2196 3254 voluerunt?

597 3273 1034 3334 Emendaverunt
1062 3290 1116 3335 et
1138 3281 1264 3347 alia,
1293 3291 1348 3337 et
1377 3284 1551 3339 adhuc
1580 3284 1891 3350 emendant,
1923 3286 1976 3340 in
2005 3287 2195 3342 eodem

597 3369 782 3424 nescio
809 3371 953 3440 quali
988 3388 1085 3428 suo
1117 3374 1253 3431 libro
1289 3394 1302 3428 :
1351 3377 1395 3429 si
1446 3387 1624 3431 tamen
1664 3376 1975 3434 emendatio
2000 3378 2088 3434 illa
2118 3379 2199 3434 di-

597 3460 766 3514 cenda
797 3471 896 3526 est,
926 3479 1023 3532 per
1065 3479 1225 3532 quam
1273 3484 1378 3522 non
1423 3467 1664 3524 aufertur
1710 3471 2072 3536 mendacium,
2103 3473 2198 3527 sed

596 3565 842 3622 augetur.
897 3554 1045 3612 Unde
1089 3560 1133 3612 si
1177 3569 1298 3628 post
1340 3544 1478 3616 hanc
1519 3577 1734 3633 quoque
1788 3567 2196 3635 responsionem

597 3656 838 3701 nostram
869 3651 1195 3704 mutaverint
1217 3652 1342 3713 alia,
1370 3655 1524 3708 nobis
1546 3655 1813 3725 imputare
1835 3674 1942 3713 non
1975 3658 2194 3723 debent,

596 3738 748 3806 quasi
788 3738 919 3795 false
951 3743 1458 3811 reprchemlerimus
1485 3761 1606 3815 quae
1638 3749 1706 3804 ab
1753 3750 1830 3806 eis
1858 3751 2015 3805 aliter
2055 3751 2199 3807 dicta

594 3837 738 3883 sntit.
772 3830 826 3885 Si
849 3832 992 3885 enim
1023 3832 1312 3902 aliquando
1339 3837 1718 3904 consisterent,
1744 3848 1793 3894 et
1821 3840 2016 3894 mutari
2037 3849 2200 3908 atque

595 3932 808 3975 mutare
837 3921 1174 3990 desinerent,
1205 3939 1443 3994 congrua
1474 3927 1632 3982 dictis
1662 3929 1896 3997 ipsorum
1927 3931 2198 3985 invenire-

595 4021 681 4064 tur
708 4011 870 4066 etiam
898 4023 1078 4069 nostra
1121 4015 1422 4084 responsio.
1452 4016 1609 4082 Quod
1641 4019 1685 4073 si
1717 4017 1996 4088 quisquam
2044 4020 2199 4076 dolos

595 4089 781 4156 eorum
822 4119 887 4158 ex
933 4104 1015 4161 his
1062 4121 1180 4174 qtue
1240 4108 1662 4165 memoravimus
1717 4111 2040 4179 investigare.
2089 4130 2196 4169 non

594 4195 782 4262 possit,
812 4197 1069 4264 quoniam
1099 4214 1202 4252 non
1228 4213 1419 4253 onmes
1443 4200 1643 4255 habent
1663 4201 1900 4256 studium
1924 4203 2193 4271 lectionis,

595 4284 679 4337 cui
717 4286 831 4340 sola
859 4287 1025 4355 ipsius
1071 4287 1191 4347 facti
1244 4291 1607 4348 consideratio
1653 4309 1759 4349 non
1809 4295 2081 4351 sufficeret
2127 4299 2194 4352 ad

595 4379 966 4446 cognoscenda
992 4380 1242 4439 factionis
1273 4384 1536 4441 haeretica:
1566 4403 1670 4441 non
1695 4397 1918 4456 experta
1940 4390 2197 4444 consilia?

597 4466 832 4523 Prinunn
885 4473 1028 4540 quod
1075 4474 1277 4539 subito,
1333 4487 1389 4530 et
1437 4479 1579 4532 nulla
1626 4479 1820 4535 saltem
1865 4490 2196 4548 provocante

595 4575 755 4617 causa
773 4570 818 4626 τι,
849 4571 975 4617 ante
1004 4575 1219 4618 centum
1254 4567 1422 4622 ferme
1451 4584 1620 4625 annos
1639 4570 1706 4624 ab
1739 4571 2027 4626 universali
2053 4570 2196 4641 judi-

594 4661 714 4716 cata
744 4653 976 4709 concilio
1007 4656 1316 4712 ventilatur.
1361 4659 1564 4714 Deinde
1608 4662 1752 4729 quod
1791 4663 1917 4716 data
1966 4661 2196 4718 formula

592 4745 966 4801 subscribendi
1005 4761 1166 4816 quam
1210 4766 1319 4805 non
1361 4751 1547 4806 liceret
1592 4755 1876 4818 excedere,
1911 4757 2108 4824 passim
2141 4769 2197 4812 et

593 4838 901 4906 ubicunque
951 4841 1172 4909 reperti,
1215 4843 1280 4894 ad
1324 4843 1626 4908 augendum
1678 4861 1983 4908 numerum,
2015 4847 2195 4901 alieno

591 4930 814 4986 decreto
842 4931 1180 4989 subscribere
1207 4937 1605 5006 compelluntur
1636 4939 1898 5008 episcopi,
1929 4941 2073 5009 quod
2101 4956 2197 5009 per

589 5023 826 5080 diversas
857 5025 1228 5081 circumlatqu
1252 5029 1554 5098 provincias
1581 5031 1821 5086 omnium
1851 5032 2193 5086 sacerdotum

588 5114 862 5170 videretur
889 5117 1284 5203 subscriptione
1321 5120 1544 5176 tirmari.
1575 5120 1708 5175 Nam
1755 5122 1991 5178 scientes
2029 5121 2193 5194 Euty-

661 5309 685 5335 ι·
714 5295 896 5367 Forte,
925 5297 1067 5352 nullo
1097 5301 1280 5354 saltem
1301 5307 1629 5367 provocante,
1655 5313 1812 5353 causa
1837 5307 1977 5355 ante.
2005 5307 2110 5353 etc.

660 5367 688 5404 δ
717 5366 984 5432 Mouachi,
1014 5369 1228 5438 opinor,
1263 5367 1404 5422 illius
1443 5383 1473 5421 e
1520 5378 1668 5423 secta
1698 5367 1884 5424 Severi
1935 5369 2182 5438 Theopa-

589 5439 797 5500 srhitzu,
828 5439 920 5507 qui
968 5449 1156 5494 contra
1195 5439 1548 5493 'l'hemistium
1585 5438 1949 5507 Aguoetarum
1987 5440 2184 5508 princi-

592 5523 714 5573 jcm
744 5508 910 5563 libros
937 5511 1152 5578 scripsit
1178 5510 1246 5565 de
1282 5509 1482 5578 quibus
1511 5508 1734 5565 Photius
1760 5511 1810 5564 in
1853 5510 2187 5565 Bibliotheca

593 5593 818 5633 munero
856 5579 958 5632 ’108
997 5597 1008 5634 :
1051 5581 1313 5654 Θεοδώρου
1352 5585 1648 5650 posito-no;
1681 5582 2034 5660 Ἀλεξανδρέως
2064 5583 2189 5638 κατὰ

667 5755 680 5780 ³
715 5746 846 5801 Cod.
882 5742 1105 5803 Vcron.,
1139 5740 1343 5808 injuriis
1375 5741 1714 5808 imperantem.

671 5814 688 5844 ²
714 5818 858 5872 idem
885 5814 1034 5875 ϐοά..
1056 5814 1370 5880 impurgutu.

1675 315 1970 372 FACUNDI
2011 313 2218 370 Ei‘iSC.

2252 313 2770 370 'llEltMlANENSIS
3751 317 3832 376 553

2221 443 2272 500 Α
2298 422 2475 490 cliiani
2501 436 2755 506 quoniam
2784 433 2994 504 privata
3023 426 3384 504 cujuscunque
3405 434 3638 492 voluntas
3658 441 3833 497 univer-

2299 527 2396 584 sali
2438 527 2645 598 synodo
2683 525 3051 597 praejudicium
3095 526 3240 595 quod
3286 542 3493 597 semper
3535 531 3834 602 quassierunt,

2299 619 2499 675 inferre
2545 635 2654 675 non
2690 625 2894 689 posset,
2925 617 2978 672 id
3025 625 3251 686 egerunt
3295 635 3393 688 per
3437 636 3558 675 suos
3600 625 3836 696 satellites,

2299 720 2416 766 arte
2453 727 2561 781 qua
2609 711 2749 766 solet
2796 709 3175 765 lmreticorum
3223 711 3508 766 exercitata
3555 715 3753 780 malitia,
3794 731 3838 772 ut

2298 802 2453 870 quasi
2484 803 2650 858 totius
2676 801 2932 857 Ecclesiae
2957 802 3198 871 judicato
3233 803 3594 858 Nestorianam
3623 823 3728 863 esse
3751 815 3839 879 cpi-

2298 892 2492 948 stolam
2518 893 2953 963 comprobarent,
2981 891 3049 946 de
3090 892 3244 962 cujus
3280 894 3582 962 receptione
3610 897 3840 952 universa-

2300 981 2406 1037 lem
2436 983 2698 1054 synodum
2725 983 3096 1038 criminantur.
3125 981 3258 1036 Nam
3298 983 3401 1038 alia
3429 999 3585 1039 causa
3615 1002 3704 1041 nec
3724 989 3840 1042 vide-

2304 1080 2408 1136 tur,
2441 1087 2543 1127 nec
2572 1073 2789 1138 dicitur,
2827 1088 2926 1142 pro
2958 1089 3065 1142 qua
3109 1074 3545 1129 subscribendum
3591 1077 3637 1130 iu
3683 1079 3841 1133 multas

2301 1164 2605 1234 provincias
2629 1165 2954 1219 mitteretur.
2979 1165 3134 1231 Quod
3164 1165 3211 1220 si
3241 1173 3297 1219 et
3325 1167 3436 1220 haec
3465 1166 3738 1237 intelligere
3756 1184 3840 1223 non

2301 1270 2606 1323 possemus,
2637 1270 2800 1326 quem
2829 1270 3020 1311 sanum
3044 1256 3263 1311 tandem
3289 1272 3396 1311 non
3421 1258 3728 1324 sollicitaret,
3754 1261 3790 1314 si
3806 1259 3842 1315 ei

2301 1363 2404 1403 nec
2433 1349 2660 1418 petenti,
2692 1363 2794 1402 nec
2823 1348 3022 1417 agenti,
3052 1349 3388 1417 ingererctur
3415 1350 3712 1416 antidotum,
3730 1351 3842 1421 quod

2301 1441 2487 1510 utique
2508 1448 2698 1496 contra
2723 1441 2926 1512 aliquid
2969 1442 3107 1508 dari,
3148 1442 3322 1512 ipsum
3354 1459 3546 1514 nomen
3591 1444 3696 1512 ejus
3736 1443 3842 1498 iudi-

2301 1534 2444 1588 cium
2475 1534 2594 1589 est?
2623 1531 2692 1586 Et
2729 1541 3040 1603 propterea,
3089 1534 3134 1588 si
3179 1535 3399 1591 morbus
3444 1550 3548 1590 non
3588 1537 3651 1589 sit
3693 1544 3841 1590 contra

2300 1640 2459 1693 quem
2525 1623 2703 1691 detur,
2751 1640 2861 1679 non
2921 1624 3039 1679 sine
3087 1612 3396 1694 suspicione
3424 1624 3703 1679 auferendae
3733 1625 3842 1678 salu-

2300 1715 2370 1771 tis
2434 1715 2713 1783 ingeritur.
2791 1713 2946 1781 Quod
3019 1715 3157 1782 tibi,
3230 1715 3482 1784 religiose
3552 1716 3842 1785 imperator,

2226 1809 2274 1868 B
2303 1823 2410 1863 non
2470 1807 2645 1862 aliena
2694 1808 2905 1872 ratione
2961 1807 3249 1863 suademus
3289 1826 3302 1860 :
3354 1822 3473 1861 nam
3516 1811 3695 1862 vestra
3747 1814 3843 1861 sunt

2299 1901 2405 1957 ista
2455 1916 2575 1970 quae
2624 1900 2870 1956 dicimus.
2930 1899 3065 1954 Tum
3119 1901 3265 1954 enim
3318 1915 3439 1955 cum
3485 1915 3579 1970 pro
3629 1896 3844 1952 firmanda

2302 1994 2388 2048 vel
2444 1993 2674 2062 amplius
2730 1991 3047 2062 publicanda
3113 1989 3560 2046 condemnatione
3619 1979 3843 2043 Theodori

2303 2082 2651 2136 Alexandrini
2674 2081 2702 2119 ι)
2733 2081 3069 2150 aliorumque
3121 2076 3400 2145 similium,
3447 2078 3731 2134 beatissimo
3760 2074 3845 2130 Βοσ

2303 2189 2466 2229 mano
2505 2173 2762 2243 episcopo
2820 2160 3126 2241 scripsistis,
3157 2170 3264 2225 hoc
3306 2171 3468 2226 etiam
3511 2168 3642 2240 quod
3684 2166 3844 2222 asseri-

2303 2282 2424 2321 mus
2451 2264 2746 2327 addidistis,
2793 2265 2865 2318 ita
2895 2263 3136 2318 dicentes
3167 2280 3179 2314 :
3220 2266 3239 2313 ἀ
3275 2260 3534 2316 Caeterum
3560 2249 3690 2328 quod
3715 2269 3844 2324 gene-

2303 2357 2418 2411 rale
2462 2355 2639 2410 dicitis
2689 2354 2804 2408 fieri
2847 2353 3045 2409 debere
3091 2351 3419 2418 concilium,
3466 2364 3578 2421 qua:
3612 2347 3750 2417 hujus
3785 2344 3845 2398 rei

2304 2465 2467 2504 causa
2496 2449 2566 2504 sit
2595 2449 2924 2518 ignoramus.
2965 2445 3154 2501 Nullus
3183 2444 3401 2514 ignotus
3435 2441 3682 2514 processit
3705 2439 3846 2493 haere-

2305 2539 2461 2605 ticus,
2493 2539 2638 2595 nulla
2672 2540 2869 2594 nostris
2893 2546 2977 2592 est
3016 2537 3357 2607 temporibus
3381 2545 3503 2590 nata
3529 2531 3747 2605 perﬁdia,
3769 2541 3846 2583 nec

2305 2631 2505 2700 aliquid
2537 2630 2590 2686 in
2621 2629 2724 2685 fide
2763 2628 2908 2700 quod
2937 2628 3222 2682 retractari
3271 2627 3483 2693 debeat,
3515 2623 3780 2686 invenitur;
3805 2627 3846 2674 et

2305 2725 2560 2779 intulistis
2607 2722 2750 2792 quod
2790 2729 2846 2776 et
2895 2735 2993 2775 nos
3043 2721 3095 2773 in
3139 2719 3243 2774 hac
3293 2711 3450 2774 causa
3493 2707 3845 2794 dicimus:Qui

2304 2817 2446 2871 enim
2470 2817 2616 2870 sanis
2659 2829 2722 2868 ea
2753 2811 2974 2866 adhibet
3011 2824 3130 2880 qum
3175 2809 3359 2865 solent
3403 2805 3632 2863 adhiberi
3652 2798 3846 2858 vulneri-

2304 2907 2426 2973 bus,
2458 2922 2565 2960 non
2596 2906 2856 2959 reducere
2886 2903 3054 2973 cupit,
3104 2901 3197 2956 sed
3227 2901 3502 2971 expellere
3527 2898 3795 2954 sanitatem.
3825 2907 3842 2941 ι

2302 2994 2430 3050 llaec
2461 3003 2550 3048 tua
2581 3002 2665 3049 est
2698 2994 2858 3060 ratio,
2905 2991 3254 3047 serenissime
3299 2992 3621 3061 imperator:
3652 3001 3680 3039 a
3705 2996 3791 3053 qua
3810 2980 3846 3034 si

2304 3103 2414 3141 non
2446 3094 2754 3140 avertatuus
2802 3090 3102 3152 aspectum,
3153 3097 3267 3136 non
3299 3080 3444 3135 aliud
3483 3079 3548 3134 de
3581 3089 3724 3132 causa
3745 3083 3846 3142 pne

2226 3187 2270 3249 ρ
2302 3181 2442 3235 senti
2468 3193 2753 3250 possumus
2775 3175 3041 3246 judicare,
3071 3173 3170 3228 nisi
3196 3173 3344 3243 quod
3367 3173 3420 3227 iu
3449 3163 3846 3226 condemnatione

2301 3275 2464 3344 hujus
2501 3272 2744 3342 epistolae
2785 3270 3020 3324 fautores
3065 3266 3451 3322 haereticorum
3485 3279 3585 3318 non
3626 3259 3845 3317 reducere

2304 3369 2620 3438 cupierunt,
2676 3361 2772 3418 sed
2811 3361 3084 3431 expellere
3133 3358 3446 3414 sanitatem.
3493 3353 3568 3410 0b
3611 3353 3705 3407 hoc
3743 3358 3846 3445 ergo

2305 3437 2410 3514 non
2443 3457 2759 3512 abducimur
2788 3453 2922 3508 falso
2955 3451 3108 3505 titulo
3139 3449 3380 3504 nominis
3413 3448 3507 3511 tui,
3539 3453 3593 3500 ut
3621 3455 3726 3511 qua:
3749 3437 3849 3492 huic

2303 3566 2434 3606 sane
2474 3549 2673 3603 rationi
2720 3545 2992 3600 contraria
3021 3541 3333 3606 cernimus,
3383 3547 3487 3592 tua:
3528 3530 3722 3608 pietatis
3755 3536 3848 3580 esse

2302 3643 2579 3707 dicamus;
2627 3646 2721 3692 aut
2768 3636 2963 3690 talibus
2994 3640 3278 3704 purgatam
3329 3630 3605 3686 credamus
3649 3627 3846 3707 sanctam

2303 3748 2359 3791 et
2403 3731 2763 3789 universalem
2805 3727 3091 3800 synodum,
3144 3721 3302 3793 quasi
3342 3722 3597 3777 hactenus
3640 3704 3848 3808 impura"

2302 3826 2673 3886 remansisset,
2721 3829 2777 3877 et
2806 3817 3076 3882 mendacii
3121 3806 3292 3885 atque
3331 3821 3529 3869 coactae
3572 3803 3848 3864 defensionis

2303 3919 2567 3986 indigeret
2594 3929 2758 3969 verax
2785 3920 2840 3967 et
2881 3911 3123 3966 omnium
3171 3906 3564 3962 catholicorum
3610 3894 3848 3954 devotione

2304 4014 2568 4067 honorata
2592 4021 2806 4076 semper
2851 4003 2967 4072 ejus
3007 4000 3330 4056 auctoritas.
3363 3993 3600 4063 Quando,
3625 3989 3665 4046 si
3692 3988 3752 4040 ita
3772 3995 3848 4051 ιπυ

2302 4119 2365 4158 ea
2391 4097 2821 4170 respondendum
2847 4091 3116 4147 haereticis
3145 4089 3428 4144 videretur
3453 4088 3490 4152 ³,
3523 4090 3580 4137 ut
3608 4079 3849 4170 negaretur

2303 4196 2446 4268 quod
2477 4166 2764 4264 epistolam
2793 4186 3117 4244 venerabilis
3161 4175 3272 4237 "Ml!
3311 4174 3669 4253 pronuntiavit
3700 4166 3849 4268 ψιπξι

2301 4263 2525 4352 doxant,
2553 4304 2657 4341 non
2689 4287 2901 4339 illorum
2932 4282 3036 4336 hoc
3063 4278 3238 4349 possit
3259 4276 3630 4346 episcoporum
3658 4263 3848 4362 subs-crit

2304 4385 2485 4446 ptione
2520 4382 2633 4436 sive
2662 4375 2974 4432 testimonio
3003 4370 3338 4432 confirmari,
3364 4367 3554 4436 quibus
3580 4354 3847 4428 Eutychiani

2303 4478 2347 4534 si
2379 4475 2693 4534 crederent,
2726 4485 2835 4524 non
2866 4482 2926 4522 se
2972 4481 3001 4518 a
3052 4462 3438 4519 communione
3468 4452 3702 4512 Ecclesia:
3725 4455 3848 4540 septi-

2227 4565 2274 4621 D
2305 4575 2506 4623 rarent.
2539 4563 2771 4632 Propter
2819 4556 2964 4628 quod
2999 4570 3100 4609 nec
3143 4551 3340 4623 aliquis
3383 4559 3610 4616 unquam
3656 4541 3853 4610 proprIIS.

2304 4658 2533 4720 testibus
2563 4670 2689 4709 usus
2719 4659 2800 4706 est
2829 4650 3087 4704 adversus
3119 4645 3431 4708 haereticos;
3457 4639 3549 4695 sed
3592 4632 3749 4691 divina

2307 4749 2410 4802 tius
2453 4744 2779 4800 auctoritate
2826 4748 2989 4808 atque
3029 4734 3337 4791 necessaria
3385 4731 3611 4792 ratione,
3653 4730 3702 4778 et
3738 4721 3847 4772 εηῑί·

2302 4858 2530 4917 quorum
2579 4839 2795 4893 Patrum
2836 4831 3184 4894 testimoniis,
3233 4840 3465 4897 quorum
3513 4813 3847 4917 senobiisclltl:

2303 4903 2607 4990 doctrinam
2676 4927 2925 4996 accipere
2983 4921 3342 4976 mentiuntur.
3399 4915 3468 4970 At
3514 4912 3648 4967 enim
3690 4903 3848 5004 dici!"

2301 5023 2446 5094 quod
2476 5017 2794 5090 Eutychiani
2843 5013 3082 5084 graviter
3107 5010 3254 5067 beati
3283 5007 3469 5082 Cyrilli
3509 5000 3711 5060 doleant
3737 5000 3846 5094 ulli"

2304 5082 2410 5172 rias
2451 5082 2600 5182 quas'
2633 5106 2860 5182 epistola
2883 5104 2902 5135 ³⁵
2929 5103 3198 5170 continet,
3222 5109 3280 5157 et
3304 5108 3590 5170 propterea
3619 5082 3844 5144 scandali-

2291 5295 2589 5373 essese-
2606 5366 2615 5373 .
2633 5287 2813 5361 Ἀμφω
2863 5285 2917 5373 3f
2938 5285 3238 5373 simae»
3523 5279 3848 5373 ,°.,??T"%Z-.:i‘:§

2293 5338 2492 5436 aegide;
2517 5338 2844 5434 ὐπὰρχῗλῦσι,
2872 5338 3073 5436 Σεϐἡὲῳ
3097 5354 3148 5436 ᾇέ
3171 5353 3646 5436 Epeo-«faniam:

2290 5404 2844 5489 saansaan:
2872 5404 3151 5497 nam
3171 5404 3467 5497 mnam
3499 5404 3652 5497 έμςτμιι
3675 5404 3848 5497 and?

2290 5481 3030 5570 insuti-niani“airttﬁpontiﬁbis
3061 5493 3287 5550 ltuiuani
3323 5494 3386 5547 de
3431 5506 3494 5547 eo
3532 5487 3708 5562 littera:
3754 5481 3842 5527 non

2293 5582 2527 5632 exstant.

2372 5729 2389 5758 ³
2423 5726 2566 5779 Idem
2599 5741 2745 5790 cou.,
2770 5723 3050 5777 videbatur.

2372 5800 2387 5826 ⁸
2423 5795 2566 5854 idem
2598 5797 2742 5852 ωδ..
2778 5797 2997 5865 epistola
3036 5795 3146 5847 illa.
