4114 6556
327 385 432 448 899

1222 384 1356 442 PRO
1395 385 1812 442 DEFENSIONE
1853 380 2066 437 'l‘lllUM
2099 383 2413 439 CAPITUL.
2437 382 2575 474 :LIB.
2617 381 2681 437 ll.

3511 413 3614 467 570

325 511 516 558 zantur
544 503 596 556 in
626 501 852 571 synodo,
887 517 916 556 a
940 517 1045 572 qua
1068 502 1257 560 dicunt
1278 521 1396 561 esse
1425 515 1750 576 susceptam.
1780 505 1916 572 Quid
1950 508 1991 561 Λ
2023 515 2304 568 venerant,
2338 515 2594 576 tanquam
2624 505 2886 571 viventes,
2912 521 3019 560 non
3048 506 3222 562 solum
3255 522 3360 562 non
3392 511 3616 563 anathe-

321 607 475 662 ergo,
505 593 550 647 si
574 593 952 661 negaverimus
979 610 1098 650 esse
1116 605 1447 665 susceptam,
1472 598 1695 652 credent
1724 598 1920 652 nobis?

322 695 417 754 aut
447 685 626 750 nobis,
663 684 718 739 id
746 693 830 740 est
853 687 1138 743 catholicis
1180 688 1550 755 crediderunt,
1583 697 1639 745 et
1683 706 1790 745 non
1820 691 1920 759 ipsi

322 779 503 846 potius
524 774 775 831 viderunt
804 791 925 832 esse
945 785 1270 847 susceptam,
1303 788 1362 834 ut
1383 779 1511 834 hinc
1535 780 1920 850 eXpostulent?

321 867 475 936 Quod
506 867 552 924 si
575 868 738 923 etiam
765 868 1012 923 dicantur
1025 868 1183 924 nobis
1209 869 1507 926 credidisse
1527 871 1651 939 quia
1670 879 1919 940 suscepta

320 971 424 1029 est,
456 963 726 1032 quomodo
757 963 914 1018 nobis
943 962 1136 1017 iterum
1167 963 1421 1028 credent,
1450 963 1496 1018 si
1527 964 1769 1018 dicamus
1793 964 1919 1031 quia

321 1063 570 1123 suscepta
601 1069 708 1108 non
748 1054 871 1106 est?
917 1051 974 1106 Si
1023 1062 1203 1108 autem
1244 1071 1352 1110 non
1383 1054 1728 1110 crediderunt
1773 1055 1925 1109 testi-

321 1144 509 1216 monio
535 1151 746 1204 nostro,
775 1141 871 1197 sed
900 1142 1000 1212 ipsi
1027 1142 1174 1211 quod
1218 1145 1563 1199 manifestum
1591 1153 1675 1199 est
1721 1158 1924 1213 cogno-
1967 1165 1970 1169 ’

322 1243 535 1298 verunt,
566 1233 806 1302 nunquid
838 1233 956 1302 plus
979 1235 1179 1290 nostris
1221 1235 1709 1304 subscriptionihns
1746 1236 1923 1290 credi-

323 1327 428 1380 turi
457 1337 763 1394 suntquam
791 1341 904 1380 suae
928 1326 1163 1379 rationi?
1192 1327 1310 1381 Non
1358 1328 1520 1395 igitur
1545 1327 1924 1395 htereticorum

322 1419 497 1472 dolosi
526 1417 762 1472 fautores
792 1418 895 1472 hoc
921 1417 1135 1471 illorum
1164 1418 1542 1488 episcOporum
1572 1418 1924 1487 subscriptio-

323 1511 480 1565 nibus
526 1509 813 1564 voluerunt
857 1509 1110 1574 ellicere,
1160 1517 1220 1563 ut
1266 1511 1720 1565 convincerentur
1759 1509 1926 1580 Euty-

323 1601 500 1656 chiani
529 1601 671 1670 quod
701 1618 806 1655 non
855 1600 1016 1655 fuerit
1044 1618 1074 1655 a
1103 1601 1313 1673 synodo
1343 1602 1571 1670 epistola
1603 1602 1924 1656 venerabilis

323 1689 426 1746 lbae
455 1699 724 1760 suscepta,
755 1691 848 1748 sed
875 1701 934 1745 ut
963 1692 1076 1760 ipsa
1106 1693 1283 1760 potius
1315 1707 1502 1745 eorum
1529 1693 1816 1761 negatione
1843 1692 1923 1745 vi-

325 1782 545 1838 deretur
582 1798 690 1837 non
731 1782 896 1837 fuisse
942 1783 1305 1852 suscipienda.
1339 1783 1537 1838 Verum
1568 1784 1670 1839 ista
1699 1791 1923 1853 putave-

2022 600 2433 663 matizaverunt,
2468 615 2653 654 verum
2691 599 2853 652 etiam
2887 599 3063 652 adhuc
3110 614 3217 653 non
3263 600 3590 654 anathemati

2021 699 2165 752 zant,
2198 706 2297 745 nec
2325 706 2561 760 unquam
2589 690 3121 744 anathematizahunt
3147 691 3434 760 epistolam
3453 707 3618 746 vene-

2021 782 2204 834 rabilis
2233 781 2356 835 lbae.
2384 780 2513 848 Qua:
2543 797 2662 837 cum
2705 782 2778 834 ita
2827 781 2952 845 sint,
2995 789 3201 836 certum
3233 791 3317 835 est
3361 782 3503 850 quod
3550 781 3618 836 ad

2021 871 2238 928 eosdem
2280 872 2468 925 Patres
2493 873 2779 932 voluerunt
2827 873 2931 925 hoc
2984 872 3273 926 anathema
3315 873 3619 941 pervenire.

2023 960 2194 1014 Porro
2225 969 2282 1014 et
2302 960 2403 1014 hac
2432 961 2645 1014 ratione
2694 961 2964 1028 submota,
3007 976 3113 1013 non
3159 967 3342 1029 potest
3371 971 3612 1030 accepta-

2021 1052 2202 1107 biliter
2247 1053 2352 1106 dici
2405 1053 2550 1123 quod
2614 1068 2719 1107 non
2777 1068 2876 1118 pro
2921 1053 3376 1106 condemnatione
3428 1051 3622 1123 synodi

2021 1144 2485 1201 Chalcedonensis
2508 1146 2576 1199 ita
2610 1145 2914 1200 institutum
2946 1153 3049 1211 est,
3080 1145 3172 1199 sed
3202 1154 3260 1198 ut
3288 1145 3360 1199 illi
3390 1144 3480 1213 qui
3500 1152 3622 1199 sunt

2025 1245 2317 1307 prtesentes
2347 1237 2399 1290 in
2450 1252 2680 1305 corpore
2721 1235 3096 1290 tantummodo
3143 1235 3551 1299 damnarentur,
3580 1234 3626 1288 si

2026 1329 2313 1382 anathema
2342 1329 2586 1398 epistolae
2617 1329 2720 1383 lba:
2749 1345 2856 1383 non
2883 1329 3148 1383 dicerent.
3182 1329 3315 1382 Nam
3347 1329 3624 1398 quomodo

2026 1435 2124 1474 nos
2153 1419 2514 1474 condemnare
2545 1435 2849 1488 possumus,
2883 1420 2973 1489 qui
2994 1418 3203 1487 judices
3244 1418 3296 1472 in
3326 1433 3485 1472 causa
3516 1433 3623 1471 non

2027 1511 2254 1578 fuimus,
2287 1511 2390 1564 illis
2419 1510 2670 1565 Patribus
2717 1526 2827 1565 non
2874 1510 3246 1566 condemnatis
3274 1510 3365 1578 qui
3397 1508 3544 1579 prius
3574 1508 3627 1561 in

2027 1621 2125 1659 suo
2146 1604 2352 1673 judicio
2376 1604 2660 1659 recitatam
2693 1603 2936 1658 eamdem
2976 1619 3084 1657 non
3131 1603 3630 1657 condemnaverunt

2028 1696 2336 1766 epistolam,
2369 1703 2423 1752 et
2445 1711 2676 1764 quorum
2709 1695 2959 1766 exemplo
3001 1711 3190 1751 sumus
3236 1692 3460 1758 inducti,
3493 1701 3554 1746 ut
3579 1692 3628 1746 ei

2030 1803 2128 1843 nos
2158 1802 2373 1856 quoque
2414 1803 2522 1842 non
2577 1787 2882 1842 diceremus
2931 1786 3257 1840 anathema?
3307 1783 3387 1839 Ab
3416 1784 3632 1839 illorum

325 1875 434 1928 rint
461 1872 826 1943 Eutychianos
849 1872 982 1928 falso
1013 1881 1198 1927 nostro
1240 1873 1549 1928 testimonio
1595 1873 1920 1941 credituros,
1955 1869 2000 1927 B
2026 1880 2168 1934 enim
2202 1879 2550 1934 damnatione
2588 1879 2887 1948 procedere
2935 1879 3096 1933 debet
3139 1878 3312 1932 forma
3356 1875 3565 1945 judicii,
3599 1891 3629 1930 a

325 1983 422 2022 cur
455 1967 616 2034 igitur
642 1982 750 2020 non
781 1967 853 2020 ita
881 1967 1074 2022 saltem
1105 1975 1411 2022 statuerunt
1457 1977 1516 2021 ut
1543 1968 1787 2025 dicerent
1819 1986 1832 2019 ε
1865 1965 1922 2019 Si

325 2059 443 2126 quis
465 2057 594 2112 dicit
627 2066 933 2126 susceptam
965 2072 1086 2112 esse
1112 2073 1140 2110 a
1171 2059 1376 2128 synodo
1405 2057 1828 2112 Chalcedonensi
1856 2056 1924 2109 ad

328 2149 517 2203 Marini
564 2148 871 2218 epistolam,
905 2149 1188 2202 anathema
1237 2149 1336 2214 sit;
1376 2148 1471 2202 sed
1523 2148 1691 2216 magis
1735 2149 1922 2202 dicen-

326 2240 453 2294 dum
486 2241 522 2304 ¹,
549 2239 604 2292 Si
631 2239 752 2307 quis
780 2239 910 2292 dicit
937 2247 1139 2292 rectam
1166 2254 1284 2294 esse
1306 2238 1374 2292 ad
1405 2238 1592 2293 Marim
1615 2239 1920 2310 epistolam,

328 2339 423 2384 aut
469 2331 688 2400 impiam
743 2328 982 2384 defendit
1009 2333 1075 2395 ³,
1116 2339 1172 2386 et
1223 2346 1330 2384 non
1388 2331 1925 2384 anathematizaverit

327 2437 467 2487 eam,
497 2422 785 2477 anathema
815 2423 905 2490 sit,
935 2423 1037 2478 nisi
1067 2431 1354 2478 utsanctos
1384 2423 1476 2493 qui
1500 2439 1619 2478 eam
1657 2425 1712 2477 in
1741 2425 1924 2479 conci-

329 2515 458 2569 lium
485 2517 795 2585 congregati
827 2532 932 2572 non
962 2517 1580 2580 anathematizaverunt,
1614 2517 1722 2570 imo
1750 2524 1807 2570 et
1831 2532 1922 2571 or-

330 2607 620 2661 thodoxam
664 2607 1057 2676 judicaverunt,
1099 2623 1201 2678 pro
1245 2609 1620 2663 haereticorum
1650 2607 1925 2662 voluntate

329 2696 684 2753 damnarent?
717 2698 782 2752 Et
809 2699 956 2767 licet,
982 2707 1039 2753 ut
1065 2715 1165 2754 nos
1182 2699 1248 2753 ad
1277 2699 1784 2755 condemnationem
1808 2699 1926 2768 ejus

329 2789 660 2853 iuducerent,
697 2791 967 2846 tinxerunt
996 2791 1143 2860 quod
1169 2791 1328 2846 iidem
1366 2791 1553 2845 Patres
1580 2791 1670 2861 qui
1700 2790 1928 2846 Chalce-

329 2880 470 2935 dona
499 2889 870 2936 convenerunt
917 2897 1024 2936 non
1054 2898 1174 2948 eam
1213 2882 1699 2952 pronuntiaverunt
1734 2881 1924 2935 ortho-

330 2970 548 3035 doxam,
575 2972 643 3027 de
686 2989 793 3042 quo
839 2982 1026 3042 postea
1073 2973 1433 3042 disquiremus
1466 2990 1478 3024 :
1513 2972 1717 3027 interea
1745 2979 1922 3026 tamen

331 3072 540 3117 certum
569 3071 650 3116 est
679 3063 823 3132 quod
852 3079 974 3118 cum
1005 3065 1145 3134 apud
1175 3079 1270 3120 eos
1299 3064 1641 3129 recitaretur,
1665 3079 1772 3118 non
1805 3078 1924 3118 eam

331 3155 772 3209 anathematizari
800 3156 820 3186 ³
850 3155 1222 3210 subdiderunt.
1251 3156 1332 3209 An
1361 3155 1488 3224 quia
1524 3171 1634 3209 non
1669 3155 1925 3224 praeteriti

2030 1985 2259 2039 quorum
2283 1985 2467 2024 errore
2513 1971 2778 2038 processit
2809 1970 2978 2023 forma
3019 1969 3257 2038 peccati;
3291 1977 3345 2021 et
3371 1967 3632 2037 ampliora

2029 2061 2297 2132 supplicio
2319 2061 2465 2131 digni
2491 2074 2617 2117 sunt
2647 2062 2736 2130 qui
2769 2070 3024 2115 auctores
3060 2077 3220 2129 quam
3251 2060 3344 2129 qui
3373 2074 3632 2128 sequaces

2029 2151 2514 2222 deprehenduntur
2541 2152 2762 2207 erroris.
2787 2150 2920 2204 Cum
2951 2167 3082 2205 vero
3123 2150 3240 2204 haec
3287 2151 3340 2202 in
3373 2148 3631 2203 condenh

2033 2243 2252 2298 natione
2293 2251 2494 2298 sancta:
2537 2241 2750 2313 synodi,
2802 2256 2902 2310 pro
2949 2240 3329 2294 hmreticorum
3356 2239 3634 2293 voluntate

2030 2335 2340 2388 censuerint
2365 2341 2421 2388 et
2447 2333 2847 2396 constituerint,
2876 2339 2938 2385 ut
2962 2332 3005 2385 si
3031 2331 3151 2401 quis
3180 2345 3286 2384 non
3310 2328 3630 2382 anathema-

2029 2427 2156 2479 tizat
2181 2434 2535 2480 memoratam
2557 2423 2881 2479 venerabilis
2905 2423 3007 2476 lbm
3031 2422 3312 2492 epistolam
3342 2419 3630 2475 anathema

2027 2522 2099 2575 sit
2129 2538 2141 2574 :
2176 2519 2480 2584 considera,
2519 2533 2724 2588 quaeso,
2749 2515 2903 2584 cujus
2934 2515 3195 2579 levitatis,
3230 2513 3384 2581 cujus
3430 2512 3623 2566 conlu-

2027 2611 2196 2667 sionis
2237 2617 2318 2664 est
2350 2619 2512 2679 atque
2542 2608 2846 2673 dedecoris,
2880 2614 2940 2660 ut
2979 2621 3079 2660 nos
3102 2605 3205 2660 sibi
3233 2603 3632 2658 communicare

2029 2699 2378 2771 compellant,
2406 2706 2786 2767 permanentes
2811 2698 2862 2750 in
2886 2712 2949 2750 ea
2975 2695 3243 2750 sententia
3273 2709 3375 2763 qua
3409 2707 3513 2746 non
3538 2705 3632 2743 so-

2031 2796 2140 2847 lum
2171 2791 2458 2846 anathema
2500 2795 2547 2844 ei
2581 2805 2689 2843 non
2739 2789 2987 2852 dicimus,
3038 2787 3133 2842 sed
3164 2787 3327 2840 etiam
3373 2797 3633 2852 negamus

2027 2902 2147 2941 esse
2174 2884 2481 2939 dicendum.
2527 2881 2625 2937 Ubi
2677 2881 2974 2936 omittimus
3005 2878 3192 2933 dicere
3222 2919 3236 2942 ,
3287 2877 3542 2946 quoniam
3587 2874 3632 2928 si

2030 2975 2493 3033 communicemus
2521 2973 2602 3028 eis
2643 2972 2735 3040 qui
2766 2972 2927 3025 nobis
2951 2970 3064 3039 jam
3113 2968 3366 3022 dixerunt
3409 2962 3634 3018 anathe-

2028 3082 2138 3134 ma,
2171 3081 2277 3119 non
2305 3064 2482 3118 solum
2501 3060 2944 3117 condemnatioui
2965 3059 3156 3131 synodi
3175 3054 3634 3112 Chalcedonensis

2029 3155 2568 3218 communicabimus,
2588 3167 2772 3207 verum
2805 3159 2860 3207 et
2888 3150 3186 3206 sententias
3207 3148 3260 3202 in
3289 3162 3391 3202 nos
3419 3161 3630 3200 eorum.

333 3246 593 3314 temporis
620 3245 787 3299 verbo
813 3245 1082 3309 dixerunt,
1102 3247 1145 3298 si
1174 3246 1294 3314 quis
1316 3261 1425 3300 non
1455 3245 1928 3299 anathematizavit
1956 3241 2004 3305 C
2036 3251 2149 3320 ipsa
2206 3264 2395 3303 eorum
2452 3244 2940 3302 communicatione
2982 3241 3334 3297 lirmabimns.
3385 3239 3443 3294 ld
3491 3239 3626 3293 enin.

330 3337 396 3390 ad
426 3336 614 3390 Marini
645 3337 863 3405 impiam
889 3337 1193 3407 epistolam,
1225 3337 1318 3392 sed
1348 3337 1392 3390 si
1422 3337 1542 3406 quis
1566 3351 1671 3390 non
1701 3337 1924 3389 anathe-

330 3427 550 3480 matizat
583 3445 596 3478 :
631 3426 750 3480 ideo
782 3442 888 3480 non
939 3442 1036 3495 pro
1065 3426 1518 3481 condemnatione
1547 3425 1737 3496 synodi
1769 3425 1930 3479 Chal-

330 3520 649 3576 cedonensis
676 3520 780 3574 hoc
806 3519 1142 3574 adinvenisse
1164 3518 1386 3590 putandi
1413 3520 1574 3572 sunt?
1595 3516 1852 3587 Equidem
1883 3518 1928 3571 si

331 3613 435 3667 hoc
481 3628 510 3666 a
560 3611 1020 3666 subscribentibus
1050 3611 1354 3680 exigeretur
1399 3609 1580 3676 ﬁeri“,
1628 3617 1795 3663 acta“
1839 3625 1928 3664 res

330 3710 492 3767 esset,
524 3717 622 3758 nec
645 3701 755 3770 jam
785 3702 1018 3772 suspicio
1039 3702 1084 3769 ',
1109 3701 1202 3756 sed
1244 3701 1526 3756 manifesta
1568 3700 1927 3756 contradictio

331 3795 619 3849 videretur.
655 3795 722 3847 At
756 3795 861 3849 hoc
889 3795 988 3849 sibi
1037 3796 1398 3850 necessarium
1451 3810 1560 3849 non
1609 3808 1730 3848 esse
1759 3794 1926 3848 duxe-

331 3895 474 3949 runt,
502 3902 622 3939 cum
648 3901 863 3954 semper
881 3885 1138 3950 dicamus,
1158 3885 1432 3956 Propheta
1457 3886 1607 3951 dicit,
1634 3884 1928 3954 Apostolus

332 3976 476 4042 dicit,
513 3975 847 4044 Evangelista
897 3976 1048 4041 dicit,
1081 3986 1137 4031 et
1168 3979 1502 4033 tantumdem
1530 3980 1711 4033 valeat
1757 3993 1929 4046 quan—

333 4078 443 4123 tum
469 4071 514 4123 si
542 4071 800 4134 dicamus,
850 4070 942 4124 ille
971 4071 1052 4124 vel
1100 4071 1188 4124 ille
1218 4071 1371 4125 dixit.
1423 4072 1624 4126 Deinde
1664 4072 1808 4141 ipsos
1835 4073 1926 4140 qui

332 4157 675 4214 Chalcedona
705 4169 1076 4215 convenerunt
1107 4161 1315 4226 Patres,
1366 4171 1421 4216 et
1450 4163 1590 4232 apud
1616 4163 1782 4217 Deum
1808 4204 1822 4228 ,
1873 4173 1928 4216 et

333 4254 473 4320 apud
501 4269 618 4317 nos,
670 4254 721 4307 in
754 4254 864 4308 suis
913 4253 1140 4308 dicimus
1176 4255 1648 4309 constitutionibus
1680 4256 1860 4309 vivere
1908 4275 1919 4307 :

330 4346 475 4412 quia,
508 4347 646 4400 sicut
672 4344 931 4400 Dominus
981 4347 1033 4399 in
1063 4345 1349 4415 Evangelio
1378 4347 1506 4402 dicit
1539 4365 1550 4398 :
1588 4347 1724 4400 Deus
1749 4364 1924 4400 comm

331 4451 434 4491 non
468 4446 544 4491 est
574 4436 712 4490 Deus
740 4447 1093 4499 mortuorum,
1131 4437 1222 4491 sed
1252 4436 1392 4490 Deus
1419 4439 1646 4491 vivorum
1681 4438 1696 4505 (
1731 4436 1922 4490 Matth.

331 4543 460 4591 χιιι,
493 4527 604 4596 52).
639 4526 793 4592 Quod
842 4528 1003 4582 etiam
1044 4528 1233 4582 beatus
1268 4525 1401 4590 Leo,
1433 4526 1690 4582 Romamn
1731 4530 1926 4597 pracsul

2032 3344 2196 3397 etiam
2242 3343 2388 3412 ipsos
2439 3339 2687 3394 fortassis
2715 3337 2855 3391 velle
2883 3335 3098 3390 dicitur.
3150 3332 3258 3388 Sed
3301 3333 3407 3386 hoc
3451 3330 3636 3400 potius

2033 3434 2281 3500 dicimus,
2315 3433 2571 3501 quoniam
2603 3433 2647 3487 si
2679 3431 2817 3484 ullus
2841 3428 2984 3500 apud
3014 3444 3109 3483 eos
3139 3433 3285 3482 esset
3330 3425 3524 3480 divina:
3549 3439 3637 3478 re-

2031 3527 2245 3596 ligionis
2275 3527 2358 3582 vel
2390 3525 2616 3580 rationis
2644 3524 2891 3578 humana:
2920 3529 3220 3591 respectus,
3254 3519 3382 3589 ipsis
3411 3531 3630 3588 quoque

2031 3619 2316 3689 profanum
2357 3625 2415 3674 et
2459 3617 2622 3672 nimis
2663 3626 2818 3684 turpe
2847 3615 3018 3676 videri
3058 3613 3284 3675 debuit,
3337 3608 3635 3666 communi-

2031 3709 2205 3765 cando
2234 3709 2390 3763 nobis
2439 3708 2727 3762 anathema
2756 3705 2900 3775 quod
2933 3705 2984 3758 in
3025 3720 3125 3758 nos
3171 3703 3550 3765 decreverunt,
3583 3700 3628 3753 it:

2031 3803 2352 3871 semctipsos
2401 3801 2555 3866 ultro_
2606 3807 2950 3852 convertere.
3001 3795 3154 3850 Unde
3219 3794 3350 3847 satis
3398 3799 3624 3862 apparet

2035 3901 2241 3962 quanta
2292 3893 2364 3946 sit
2389 3892 2625 3959 gravitas
2654 3899 2708 3945 et
2748 3895 2949 3958 quanta
2996 3887 3275 3957 integritas
3315 3899 3504 3940 eorum
3549 3881 3640 3952 qui

2036 3981 2496 4038 Chalcedonensis
2551 3981 2767 4036 decreta
2817 3978 3032 4034 concilii
3081 3984 3384 4031 retractare
3426 3987 3633 4042 praesu-

2034 4086 2206 4130 munt.
2241 4074 2476 4129 Proinde
2520 4074 2787 4129 benelicio
2821 4073 2992 4141 magis
3040 4085 3200 4140 quam
3229 4067 3439 4137 injuriae
3467 4066 3636 4136 depu-

2035 4177 2170 4232 tent,
2200 4167 2341 4236 quod
2367 4168 2448 4231 eis,
2474 4183 2581 4220 non
2613 4167 3096 4227 communicemus,
3130 4160 3307 4214 donec
3353 4157 3422 4212 de
3450 4155 3630 4210 medio

2035 4261 2226 4316 tollant
2249 4260 2271 4292 ⁸
2300 4261 2441 4315 istud
2471 4259 2782 4325 anathema,
2819 4256 2964 4326 quod
2991 4254 3139 4308 velut
3186 4264 3439 4320 magnum
3467 4248 3638 4302 chaos

2033 4352 2377 4421 interjacens,
2401 4349 2591 4404 dividit
2612 4363 2642 4401 a
2673 4347 2873 4416 popqu
2896 4344 3090 4414 spiritu
3119 4354 3375 4411 paupere,
3397 4339 3452 4393 in
3469 4351 3630 4391 sensu

2031 4453 2272 4516 paterna:
2303 4443 2420 4495 lidei
2449 4450 2504 4496 et
2533 4439 2816 4495 sententiae
2844 4437 3154 4506 quiescente
3179 4475 3194 4500 ,
3252 4431 3525 4503 inquietos
3561 4444 3628 4483 ac

2033 4533 2450 4604 superbissimos
2481 4537 2917 4600 prmsumptores,
2949 4525 3043 4595 qui
3071 4524 3172 4580 sibi
3203 4531 3414 4578 tantum
3443 4521 3635 4576 viden-

332 4616 600 4682 Ecclesiae,
632 4618 875 4674 scribens
903 4618 1196 4672 venerabili
1241 4618 1524 4680 Anatolio,
1559 4618 1717 4686 hujus
1763 4619 1924 4688 regim
1958 4633 2004 4693 ι)
2033 4637 2119 4680 un-
2147 4623 2420 4679 abundare
2465 4620 2729 4690 sapientia
2755 4659 2770 4685 ,
2804 4626 2866 4673 ut
2914 4617 3174 4673 ablactati
3215 4630 3379 4686 super
3407 4621 3636 4668 matrem

330 4707 564 4761 civitatis
591 4707 880 4787 episcopo,
909 4708 987 4763 sic
1015 4709 1385 4777 accipiendum
1414 4709 1646 4764 insinuat
1680 4726 1693 4760 :
1735 4727 1753 4760 ι
1788 4708 1925 4763 San-

331 4800 422 4864 cti,
454 4801 646 4868 inquit,
680 4800 755 4853 illi
783 4809 839 4856 et
859 4801 1196 4856 venerabiles
1227 4799 1414 4854 Patres
1455 4801 1545 4870 qui
1578 4801 1631 4853 in
1663 4799 1796 4854 urbe
1831 4800 1924 4855 Ni-

329 4907 498 4956 ctena,
541 4892 803 4960 sacrilego
849 4891 978 4946 Ario
1024 4907 1145 4946 cum
1174 4906 1269 4946 sua
1313 4890 1594 4962 impietate
1641 4890 1920 4954 damnato,

333 4999 610 5039 mansuras
649 4999 818 5052 usque
866 4985 919 5038 in
968 4982 1126 5038 ﬁnem
1176 4982 1361 5037 mundi
1409 4983 1556 5052 leges
1598 4983 1926 5038 ecclesiasti-

331 5089 517 5129 corum
544 5089 809 5128 canonum
839 5073 1215 5138 condiderunt,
1239 5082 1294 5127 et
1327 5073 1469 5142 apud
1494 5089 1594 5127 nos
1630 5082 1687 5128 et
1730 5074 1782 5127 in
1811 5081 1926 5128 toto

331 5169 462 5222 orbe
489 5175 752 5222 terrarum
799 5168 854 5222 in
901 5169 1012 5223 suis
1053 5168 1528 5224 constitutionibus
1557 5169 1760 5224 vivunt.
1797 5187 1816 5221 ›
1865 5167 1924 5223 Si

332 5262 492 5326 igitur
534 5275 722 5314 omnes
743 5259 1082 5315 venerabiles
1125 5257 1314 5315 Patres
1345 5259 1399 5314 in
1444 5261 1556 5314 suis
1584 5261 1924 5317 constitutio-

334 5355 486 5406 nibus
517 5352 723 5418 vivunt,
751 5350 993 5421 profecto
1020 5351 1181 5404 etiam
1209 5350 1302 5419 qui
1332 5350 1384 5404 in
1417 5348 1759 5406 Chalcedona
1788 5365 1918 5407 con-

397 5531 415 5592 ,'
460 5526 638 5590 Forte,
667 5526 928 5596 exigerent
949 5525 1065 5594 ﬁeri
1093 5535 1291 5593 aperta,
1323 5530 1428 5578 etc.

408 5685 419 5714 ¹
454 5683 587 5738 Cod.
615 5683 847 5751 \’eron.,
879 5683 1140 5752 dixerunt.

407 5755 588 5808 'llcm
627 5755 772 5820 cod.,
806 5753 887 5806 Ad
915 5754 1103 5807 Marini
1126 5754 1337 5823 impiam
1383 5751 1652 5820 epistolam
1694 5759 1781 5804 aut
1832 5751 1917 5804 dc-

332 5827 362 5891 [ε
385 5827 517 5886 mlll,
548 5835 652 5878 etc.

403 5894 422 5922 ⁵
458 5895 604 5949 idem
633 5894 776 5962 cod.,
803 5895 1142 5949 anathemati.

2032 4733 2210 4774 suam.
2236 4715 2488 4770 Ecclesim
2519 4713 2765 4767 instituta
2819 4716 3192 4772 contemnant,
3225 4723 3348 4763 cum
3377 4707 3638 4777 scriptum

2031 4812 2098 4868 sit
2128 4830 2140 4864 :
2170 4809 2296 4869 Fili,
2331 4806 2533 4862 custodi
2562 4806 2724 4877 legem
2754 4803 2922 4874 patris
2957 4802 3050 4866 tui,
3085 4809 3134 4856 et
3175 4817 3241 4853 ne
3282 4797 3532 4867 repuleris
3555 4797 3636 4848 in-

2032 4905 2216 4956 stituta
2236 4901 2418 4954 matris
2451 4907 2570 4952 tute.
2609 4897 2783 4967 Alliga
2824 4902 2997 4948 autem
3025 4893 3121 4946 illa
3163 4891 3305 4944 circa
3349 4898 3490 4940 tuam
3517 4887 3639 4939 ani-

2032 5011 2170 5046 mam
2200 5009 2418 5060 semper,
2449 5001 2498 5044 et
2527 4988 2793 5042 circumda
2836 4985 2968 5039 collo
3009 4991 3097 5037 tuo
3139 4981 3160 5046 (
3185 4980 3342 5033 Prov.
3370 4993 3441 5040 vt,
3483 4975 3552 5028 20
3587 4977 3632 5044 ).

2037 5083 2380 5150 Rursumque
2413 5099 2424 5134 :
2455 5079 2612 5144 Audi,
2643 5079 2757 5148 ﬁli,
2791 5077 3124 5148 disciplinam
3159 5074 3326 5143 patris
3357 5071 3452 5136 tui,
3480 5079 3530 5124 et
3572 5085 3636 5122 ne

2032 5177 2284 5241 abjeceris
2303 5175 2541 5229 instituta
2579 5172 2761 5226 matris
2799 5179 2903 5225 tua:
2933 5185 2952 5223 :
2981 5183 3230 5223 coronam
3256 5164 3398 5220 enim
3432 5163 3632 5234 gratia—

2027 5286 2142 5323 rum
2169 5269 2393 5339 accipies
2424 5276 2509 5321 tuo
2539 5264 2734 5324 vertici,
2757 5271 2808 5317 et
2837 5271 3070 5331 torquem
3087 5273 3304 5312 aureum
3317 5256 3458 5309 circa
3479 5261 3621 5306 tuum

2026 5359 2211 5412 collum
2262 5357 2458 5428 (Prov.
2514 5372 2551 5420 ι,
2600 5355 2697 5425 8).
2732 5351 2776 5406 Ο
2823 5359 3090 5421 quantum
3117 5349 3346 5418 malum,
3377 5354 3626 5415 torquem

2111 5683 2129 5713 ³
2158 5681 2302 5753 idem
2329 5682 2477 5750 cod.,
2507 5685 2885 5752 exigerent.....
2923 5692 3124 5753 aperta.

2110 5755 2128 5825 ῗ
2158 5751 2301 5825 idem
2334 5753 2482 5825 cod.,
2509 5751 2790 5825 sub’reptio.

2109 5823 2128 5846 °
2160 5823 2303 5880 ldcm
2328 5823 2476 5891 cod.,
2507 5823 2740 5879 tollatur.
2806 5900 2808 5902 _
