4114 6546
417 273 517 328 iiii

1517 273 1812 328 FACUNDI
1853 272 2062 327 El’lSC.
2108 272 2611 329 llEliMlANENSIS

3604 277 3720 332 573‘

419 399 642 440 aureum
692 386 832 441 mela
887 387 1120 440 asinaria
1152 387 1289 440 velle
1319 387 1680 440 commutare!
1711 393 1767 436 ut
1799 386 1888 454 qui
1920 385 2011 439 dc-
2049 393 2089 447 Α
2121 387 2428 442 sacerdotes
2454 388 2766 456 plauerum
2795 389 3039 443 manibus
3067 390 3197 453 suis,
3227 398 3283 442 nl
3305 391 3530 460 populus
3557 407 3714 446 meus

421 475 628 542 bemus,
659 475 754 532 Dei
781 477 951 547 patris
989 477 1267 545 disciplina
1305 485 1360 530 et
1407 478 1521 542 lege
1552 486 1786 539 servata,
1831 476 1899 529 de
1928 492 2013 529 re-

423 566 662 618 verentia
705 580 921 634 quoque
949 565 1137 618 matris
1176 573 1377 619 nostra:
1419 565 1825 631 institutarum,
1857 580 2014 618 coro—

424 671 548 710 nam
573 659 758 724 gratim
781 659 796 688 ¹
825 658 1074 727 accipere
1102 666 1288 711 nostro
1316 657 1525 721 vertici,
1560 666 1615 712 et
1654 666 1897 725 torquem
1920 671 2018 710 au—

415 765 575 805 reum
605 751 748 805 circa
779 751 979 808 collum
1018 761 1296 816 nostrum;
1343 751 1649 820 abjiciendo
1693 765 1813 818 qua:
1846 759 2019 804 mater

423 852 608 896 sancta
639 844 950 912 constituit,
981 842 1300 898 scandalum
1346 843 1464 912 ejus
1497 841 1620 896 ﬁliis
1661 842 2016 912 praebeamus,

422 946 480 991 et
509 939 806 994 incidamus
833 940 886 992 in
911 939 1044 994 illud
1067 938 1333 1008 judicium
1357 937 1424 992 de
1451 952 1560 1007 quo
1589 937 1841 990 Dominus
1858 936 2018 990 dicit:

435 1027 537 1090 Qui
565 1038 736 1082 autem
783 1030 1219 1084 scandalizaverit
1246 1044 1408 1082 unum
1451 1026 1516 1080 de
1546 1025 1748 1096 pusillis
1779 1025 1897 1080 istis
1935 1026 2023 1094 qui

424 1118 477 1169 in
500 1133 578 1170 me
604 1119 837 1185 credunt,
867 1119 1078 1188 expedit
1103 1121 1150 1174 ei
1170 1127 1228 1172 ut
1257 1116 1604 1189 suspendatur
1623 1115 1761 1170 mola
1789 1115 2026 1169 asinaria

424 1207 478 1258 in
509 1207 641 1261 collo
670 1211 803 1278 ejus,
845 1218 895 1263 et
924 1209 1259 1281 demergatur
1281 1209 1338 1262 in
1367 1205 1684 1278 profundum
1713 1206 1892 1259 maris.
1935 1203 2029 1259 Vw

425 1295 617 1348 mundo
649 1312 681 1348 a
708 1297 975 1350 scandulis
1002 1299 1022 1350 !
1060 1313 1265 1350 necesse
1290 1304 1368 1350 est
1396 1297 1534 1351 enim
1555 1303 1613 1350 ut
1639 1295 1847 1350 veniant
1869 1311 2026 1349 scan-

426 1385 583 1452 dala;
615 1399 962 1444 verumtamen
993 1406 1068 1444 va:
1089 1390 1285 1443 homini
1307 1389 1384 1442 illi
1413 1405 1507 1457 per
1533 1404 1682 1460 quem
1722 1386 2027 1442 scandalum

426 1477 558 1530 venit
607 1475 840 1548 (Matth.
871 1479 1076 1547 xvm,6,
1110 1479 1139 1531 7
1167 1479 1183 1547 )
1216 1478 1229 1530 !
1285 1477 1342 1533 Si
1371 1479 1530 1546 igitur
1570 1493 1738 1532 unum
1777 1476 2027 1546 pusillum

426 1568 788 1623 scandalizare
818 1578 924 1623 tam
951 1583 1113 1637 grave
1132 1578 1236 1637 est,
1254 1577 1314 1624 ut
1334 1569 1503 1637 magis
1527 1568 1781 1638 expediat
1803 1566 2032 1622 scanda-

429 1657 628 1724 lizanti,
660 1659 802 1713 mola
830 1659 1060 1713 asinaria
1091 1658 1234 1714 collo
1255 1659 1372 1727 ejus
1398 1673 1689 1728 suspensa,
1721 1659 1773 1711 in
1803 1656 2027 1727 profun-

2119 481 2304 536 dilexit
2334 483 2404 534 ita
2435 481 2652 551 (Thr-eu.
2687 498 2760 548 ιι,
2796 481 2880 548 ll,
2925 480 3034 550 15).
3069 481 3205 548 Quid
3225 484 3369 537 enim
3409 485 3712 546 minimum,

2120 588 2214 631 aut
2238 577 2367 646 quid
2395 577 2668 632 mediocre
2699 579 2752 631 in
2784 578 2924 632 illis?
2954 592 3170 631 onmem
3201 578 3715 646 supereminentiam

2119 668 2464 738 blasphemia:
2507 669 2775 738 jaculatus
2823 679 2908 724 est
2935 669 3192 725 adversus
3238 681 3457 726 sanctos
3499 669 3715 738 Patres,

2122 759 2377 814 adversus
2405 775 2592 815 eorum
2623 761 2833 829 priores
2860 763 2880 792 ³
2915 761 3210 832 apostolos,
3243 762 3498 819 adversus
3534 764 3726 834 ipsum-

2123 847 2479 916 Salvatorem,
2500 850 2553 904 in
2583 851 3344 906 resurrectionemmeditatus
3365 860 3463 906 est.
3492 852 3720 908 Assum-

2122 949 2271 1010 ptam
2299 942 2514 1010 quidem
2554 943 2943 998 humanitatem
2965 944 2986 975 ³
3033 958 3102 998 ex
3143 944 3302 998 nobis
3342 953 3398 999 et
3433 960 3532 1013 pro
3558 947 3722 1002 nobis

2125 1033 2362 1103 injuriat,
2395 1035 2629 1090 divinam
2660 1036 2812 1105 cjus"
2837 1046 3083 1092 naturam
3105 1046 3163 1092 et
3187 1039 3569 1109 impassibilem
3591 1057 3722 1110 pas-

2126 1123 2367 1179 sionibus
2395 1124 2678 1194 subjacere
2706 1126 3003 1182 contendit.
3040 1145 3059 1180 ι
3094 1127 3235 1184 Ecce
3263 1138 3463 1198 quanta
3489 1138 3546 1185 et
3589 1147 3722 1199 qua-

2127 1212 2198 1266 lia
2225 1222 2443 1282 sanctus
2487 1213 2793 1274 Gennadius
2839 1217 2894 1272 in
2943 1218 3161 1274 beatum
3198 1218 3456 1291 Cyrillum
3489 1221 3680 1277 elfudit
3703 1266 3720 1291 ,

2130 1313 2185 1358 et
2207 1305 2351 1358 nulla
2380 1305 2506 1360 hinc
2532 1307 2592 1360 ﬁt
2620 1308 2855 1362 nominis
2883 1309 3002 1377 ejus
3041 1309 3239 1365 invidia
3260 1353 3275 1373 ,
3325 1311 3577 1380 quoniam
3601 1312 3722 1382 ipse

2132 1411 2239 1449 non
2269 1395 2510 1450 interfuit
2538 1396 2965 1454 Chalcedonensi
2993 1401 3240 1456 concilio.
3273 1401 3411 1468 Quin
3441 1403 3605 1458 etiam
3632 1420 3723 1460 re-

2131 1487 2399 1556 spondens
2428 1490 2604 1558 primo
2632 1491 2873 1560 ejusdem
2899 1494 3071 1549 sancti
3101 1495 3283 1566 Cyrilli
3320 1497 3575 1566 capitulo,
3607 1514 3720 1567 quo

2131 1578 2301 1632 dixit:
2335 1579 2391 1634 Si
2437 1581 2556 1648 quis
2596 1597 2702 1636 non
2733 1582 3021 1639 conﬁtetur
3063 1583 3230 1640 Deum
3277 1601 3397 1643 esse
3423 1589 3728 1643 secundum.

2131 1670 2414 1724 veritatem
2454 1671 2790 1741 Emmanuel,
2831 1683 2889 1728 et
2928 1683 3214 1744 propterea
3259 1675 3354 1732 Dei
3403 1680 3728 1748 genitricem

428 1747 551 1802 "in"
583 1750 742 1804 "'31‘35
776 1750 1036 1819 ἀοιιιοτεί.
1094 1757 1298 1820 quanio
1326 1750 1496 1818 magis
1535 1758 1700 1804 ῑοῑτίιῐι
1736 1749 2029 1804 Εεεῖεεῖὶὶιιι
2064 1758 2104 1814 Β
2134 1771 2372 1816 sanctam
2401 1763 2672 1831 Virginem
2696 1806 2711 1831 ,
2760 1766 2946 1834 genuit
2991 1767 3132 1820 enim
3183 1747 3470 1824 carnaliter
3496 1786 3721 1827 carnem

429 1839 538 1892 sola
569 1839 940 1908 inquietudine
967 1841 1130 1894 animi
1155 1850 1212 1897 et
1250 1841 1606 1896 nontacendi
1648 1839 1866 1896 libidine
1893 1855 2025 1894 con-

429 1931 673 1986 turbare!

1046 2043 1276 2101 CAPUT
1314 2045 1397 2101 IV.

432 2135 586 2208 Quod
611 2136 743 2204 {also
767 2137 1067 2191 damnatam
1094 2154 1126 2190 a
1149 2153 1203 2190 se
1223 2139 1423 2208 jactent
1445 2152 1492 2190 ει
1511 2135 1738 2198 istolam,
1761 2136 1884 2206 quia
1929 2135 2030 2205 Cy-

502 2206 680 2259 rillum
711 2210 846 2260 male
891 2209 1149 2271 (ructarit,
1190 2206 1307 2260 cum
1353 2209 1589 2261 acerbius
1626 2217 1875 2260 tractatus
1903 2210 2028 2260 sita

499 2274 768 2329 Gennadio
795 2287 840 2328 et
873 2275 1099 2344 Isidoro,
1132 2295 1260 2344 quos
1282 2295 1383 2332 non
1405 2278 1601 2348 repreh.
1621 2281 1807 2331 mlunt.

502 2409 668 2476 Quale
697 2425 826 2464 vero
857 2410 986 2465 illud
1007 2419 1086 2465 est
1110 2411 1253 2480 quod
1274 2410 1640 2480 jactant,~idco
1661 2425 1720 2464 se
1742 2410 2030 2464 damnasse

430 2503 569 2557 hanc
596 2501 898 2571 epistolam,
930 2501 1076 2572 quod
1107 2501 1222 2572 ejus
1251 2502 1591 2572 conscriptor
1610 2501 1855 2557 videatur
1883 2501 1936 2554 in
1966 2515 2031 2554 ea

426 2594 498 2648 de
525 2593 683 2647 beato
709 2593 910 2664 Cyrillo
939 2593 1085 2662 quod
1117 2595 1256 2649 male
1284 2595 1576 2662 sensisset,
1605 2610 1724 2648 eum
1755 2593 2034 2663 scripserit

427 2682 687 2739 adversus
715 2684 966 2738 eumdem
993 2692 1240 2739 sanctum
1270 2684 1528 2755 Cyrillum
1558 2693 1614 2738 et
1642 2683 1712 2736 12
1737 2683 1853 2751 ejus
1881 2683 2031 2751 capi-

432 2775 565 2837 tula,
601 2775 772 2829 beata:
793 2790 1012 2844 quoque
1040 2775 1315 2830 memoria:
1343 2773 1653 2830 Gennadius
1683 2773 1842 2842 hujus
1873 2773 2036 2841 regiae

429 2864 663 2920 civitatis
685 2867 972 2935 episcopus
996 2875 1044 2930 η,
1077 2881 1178 2920 nec
1198 2866 1275 2920 ab
1302 2866 1418 2921 istis
1449 2865 1814 2934 reprehensus
1852 2865 1905 2918 in
1933 2864 2036 2919 hac

428 2957 886 3012 condemnatione
914 2957 1312 3021 denominetur,
1351 2958 1442 3026 qni
1473 2957 1644 3011 multo
1666 2956 2038 3011 vehementius

433 3054 492 3100 ct
516 3048 959 3102 contumeliosius
986 3063 1108 3102 cum
1164 3049 1215 3102 in
1247 3063 1340 3102 sua
1371 3047 1724 3117 responsione
1747 3047 2038 3101 tractavit?

439 3136 567 3190 Nam
617 3139 696 3193 sic
741 3137 999 3192 adversus
1047 3153 1170 3192 eum
1213 3138 1345 3192 dicit
1379 3156 1390 3189 :
1431 3157 1449 3189 i
1477 3137 1565 3191 Vze
1613 3137 1743 3191 mihi
1769 3152 1800 3190 a
1842 3136 2033 3190 malis:
2064 3139 2109 3200 ι]

441 3235 565 3294 heu,
599 3231 731 3284 heu!
768 3230 908 3284 unde
935 3231 1076 3284 enim
1115 3231 1397 3300 quisquam
1443 3230 1496 3283 in
1526 3231 1777 3299 pursenti
1821 3229 2039 3285 aliunde

441 3330 616 3375 sumat
645 3321 964 3374 exordium?
1007 3320 1204 3386 Quales
1233 3320 1416 3391 Cyrilli
1446 3320 1706 3392 ngyptii,
1737 3331 1792 3375 et
1812 3328 2039 3390 quantas

443 3409 802 3479 blasphemias
831 3411 1051 3475 incurri,
1085 3419 1142 3466 et
1169 3421 1398 3480 quantas
1425 3411 1787 3482 blasphemias
1811 3411 1987 3465 audivi
2017 3411 2029 3462 !

443 3499 570 3566 Quis
601 3516 784 3554 revera
815 3501 906 3555 det
948 3502 1111 3571 capiti
1159 3518 1282 3556 meo
1326 3518 1551 3573 aquam,
1604 3512 1659 3556 et
1687 3503 1860 3557 oculis
1906 3502 2040 3556 meis

444 3590 644 3646 [erilem
675 3593 1065 3665 lacrymarum?
1104 3603 1160 3649 et
1183 3595 1410 3664 plorabo
1448 3595 1589 3650 istud
1618 3596 1704 3650 die
1747 3605 1804 3650 et
1832 3605 1989 3650 nocte
2025 3615 2034 3647 :

444 3685 694 3752 quoniam
726 3685 970 3739 extendit
998 3686 1180 3754 lingua
1209 3686 1327 3755 ejus
1356 3687 1714 3751 mendacium,
1761 3697 1818 3742 et
1843 3703 1948 3740 non
1980 3685 2039 3738 li--

445 3776 596 3841 dem;
630 3776 966 3832 confortatus
993 3785 1076 3832 est
1123 3793 1287 3847 super
1315 3787 1513 3832 terram
1531 3759 1562 3847 ’(
1587 3776 1694 3831 Jer.
1731 3793 1805 3842 is,
1832 3775 1991 3844 1-5)
2023 3795 2038 3844 ;

443 3883 511 3923 ex
557 3879 708 3923 certo
754 3885 859 3937 pax
905 3869 1278 3938 peccatoribus
1324 3868 1590 3937 deccptio.
1651 3866 1880 3936 Propter
1938 3868 2042 3921 hoc

445 3959 587 4013 enim
617 3959 852 4030 oblin_uit
878 3975 991 4024 eos,
1027 3959 1219 4027 inquit,
1247 3959 1500 4027 superbia
1529 3973 1716 4012 eorum
1762 3957 1813 4009 in
1844 3958 2040 4024 linem;

444 4051 818 4117 cogitaverunt
838 4058 892 4103 et
913 4050 1076 4103 locuti
1105 4058 1229 4104 sunt
1250 4050 1304 4103 in
1331 4049 1686 4118 malignitate,
1707 4049 2044 4118 iniquitatem

446 4145 496 4198 in
525 4144 690 4197 altum
721 4143 885 4198 locuti
915 4153 1070 4209 sunt;
1096 4151 1392 4212 posuerunt
1417 4143 1469 4196 in
1500 4141 1640 4196 coelo
1670 4157 1732 4197 os
1770 4157 1951 4204 suum,
1991 4150 2046 4194 ct

447 4237 623 4305 lingua
655 4253 839 4291 eorum
871 4237 1121 4291 transivit
1149 4252 1314 4306 super
1343 4244 1539 4290 terram
1569 4234 1760 4303 (Psal.
1793 4249 1957 4295 Lxxn,
1991 4233 2043 4296 6,

449 4327 500 4391 8,
535 4331 610 4396 9).
646 4327 942 4382 Psalmisla:
973 4328 1074 4382 ista
1107 4336 1261 4393 sunt;
1293 4325 1542 4381 Ieremia:
1564 4337 1742 4379 autem
1773 4325 2049 4395 prophetae

450 4419 538 4474 illa
569 4421 759 4489 prima.
793 4421 970 4492 Euge!
1003 4441 1036 4478 ο
1058 4424 1219 4478 beate
1248 4423 1412 4478 Paule
1442 4441 1454 4474 :
1501 4421 1820 4492 Exsurgent,
1852 4421 2044 4490 inquit,

2130 1853 2325 1910 factum
2359 1854 2450 1909 Dei
2484 1855 2744 1923 Verbum,
2775 1859 3062 1913 anathema
3091 1859 3189 1925 sit;
3223 1859 3295 1913 ita
3327 1860 3379 1914 in
3409 1875 3532 1916 eum
3563 1864 3720 1918 inve-

2129 1955 2249 2002 ctus
2276 1957 2359 2002 est
2404 1966 2416 2000 :
2471 1966 2489 2000 ι
2535 1949 3098 2007 Anathematizaturus
3143 1961 3224 2008 est
3253 1959 3305 2007 te
3338 1954 3510 2021 Deus,
3541 1957 3732 2025 paries-

2129 2038 2378 2094 dcalbate
2409 2039 2563 2108 (Act.
2599 2055 2749 2107 χχιιι,
2774 2039 2847 2112 '5)
2901 2059 2913 2094 :
2956 2042 3310 2110 justissimmn
3355 2045 3498 2100 enim
3528 2055 3610 2101 est
3641 2056 3722 2115 te,

2130 2131 2376 2185 similiter
2401 2131 2622 2186 Ananiae
2647 2132 2950 2188 Judzteorum
2980 2135 3210 2204 principi
3238 2137 3580 2192 sacerdotum
3608 2139 3717 2194 lin-

2131 2237 2288 2290 guam
2317 2221 2575 2277 adversus
2596 2223 2887 2293 discipulos
2913 2224 3110 2281 Christi
3135 2237 3461 2294 moventem,
3485 2229 3724 2286 similem

2132 2315 2200 2369 ab
2229 2315 2309 2371 eis
2351 2315 2770 2384 indignationem
2819 2318 3074 2386 experiri,
3103 2338 3124 2371 ι
3176 2329 3233 2375 et
3267 2331 3480 2390 caetera,
3517 2339 3639 2392 quae
3665 2325 3720 2379 in

2132 2407 2325 2462 eodem
2353 2422 2540 2478 opere,
2590 2408 2636 2463 si
2679 2409 2801 2479 quis
2826 2409 2994 2478 volet,
3026 2410 3284 2467 inveniet.
3331 2413 3436 2468 Cur
3474 2415 3637 2484 igitur
3668 2418 3722 2474 in

2133 2499 2237 2554 hac
2266 2499 2472 2555 ultione
2496 2541 2512 2567 ,
2543 2499 2682 2556 sicut
2726 2500 2940 2565 dicunt,
2972 2501 3288 2570 injuriarum
3341 2504 3482 2560 beati
3511 2506 3719 2577 Cyrilli,

2135 2606 2242 2645 non
2271 2592 2442 2660 magis
2468 2591 2644 2646 sancti
2681 2591 2942 2647 Gennadii
2989 2582 3185 2649 nomen
3210 2634 3226 2660 ,
3269 2603 3325 2649 ct
3353 2612 3451 2666 pro
3489 2598 3570 2651 sui
3610 2599 3722 2654 loci

2135 2682 2478 2746 auctoritate,
2527 2684 2681 2752 quasi
2729 2685 2890 2752 regia:
2936 2684 3167 2740 civitatis
3213 2687 3471 2754 episcOpi,
3516 2697 3573 2742 et
3616 2705 3723 2758 pro

2135 2774 2574 2830 maledictionum
2621 2783 2786 2846 atque
2839 2778 3282 2834 contumeliarum
3338 2779 3725 2847 magnitudine,

2137 2867 2458 2921 ventilatur?
2482 2866 2638 2933 Quod
2684 2867 2730 2922 si
2775 2867 2881 2923 hoc
2928 2869 3422 2933 consideraverunt,
3469 2871 3730 2940 quoniam

2140 2959 2262 3012 talia
2292 2959 2603 3014 Gennadius
2629 2959 2696 3014 de
2720 2959 2921 3030 Cyrillo
2951 2976 3058 3015 non
3079 2961 3358 3026 scriberet,
3375 2963 3474 3017 nisi
3499 2963 3732 3020 dicentis

2139 3051 2495 3105 intentionem
2517 3051 2695 3105 minus
2725 3051 3078 3107 intellexisset
3110 3071 3122 3104 :
3150 3051 3288 3108 hanc
3321 3053 3634 3122 prudentem
3675 3065 3729 3111 et

2143 3139 2285 3209 piam
2317 3139 2807 3195 considerationem
2855 3154 2958 3208 ego
3005 3157 3220 3210 quoque
3266 3144 3517 3214 suscipio.
3551 3145 3732 3201 Potuit

2142 3229 2285 3284 enim
2315 3237 2371 3284 et
2400 3230 2515 3300 ipse
2537 3229 2604 3284 de
2628 3228 2928 3286 Christiana
2959 3232 3219 3301 religione
3259 3247 3380 3301 quae
3424 3242 3569 3289 recta
3603 3246 3734 3291 sunt

2143 3321 2386 3389 credens,
2422 3337 2530 3376 non
2561 3321 2893 3378 intellectum
2923 3324 3139 3378 beatum
3170 3325 3428 3394 Cyrillum
3457 3327 3592 3379 bona
3646 3327 3734 3380 in-

2143 3410 2385 3465 tentione
2424 3410 2679 3481 culpare,
2729 3419 2786 3465 et
2831 3412 3029 3466 bonam
3077 3413 3335 3469 damnare
3382 3415 3736 3470 intentionem

2142 3499 2453 3557 damnabile
2480 3501 2846 3556 crediderunt.
2877 3503 3034 3570 Quod
3079 3504 3254 3558 sisimc
3294 3504 3455 3558 etiam
3485 3507 3740 3561 conside-

2143 3601 2418 3658 raverunt,
2451 3594 2708 3662 quoniam
2738 3594 2782 3648 si
2821 3609 2886 3648 ea
2932 3608 3053 3663 quae
3077 3603 3202 3649 ante
3247 3603 3462 3649 centum
3500 3609 3674 3650 annos
3707 3614 3737 3649 a

2142 3688 2303 3744 beato
2333 3688 2616 3745 Gennadio
2641 3690 2840 3758 scripta
2865 3697 3012 3757 sunt,
3029 3689 3204 3758 modo,
3221 3688 3740 3754 condemnarentur,

2143 3778 2197 3833 in
2237 3779 2702 3848 reprehensione'
2745 3782 2910 3834 totius
2957 3779 3210 3834 Ecclesiae
3259 3777 3430 3841 ﬁeret,
3472 3793 3590 3847 qua:
3631 3779 3744 3834 hoc

2145 3880 2271 3924 ante
2295 3885 2402 3924 non
2425 3871 2555 3925 fecit
2587 3887 2602 3925 :
2632 3870 2740 3925 hoc
2763 3884 2981 3940 quoque
3007 3869 3280 3939 sapienter
3301 3879 3463 3938 atque
3491 3868 3745 3931 tltodeste

2145 3961 2544 4016 consideratam
2569 3975 2708 4027 esse,
2727 3962 2771 4016 si
2799 3961 2920 4031 quis
2939 3961 3154 4030 sapiens
3180 3967 3236 4014 et
3257 3960 3548 4022 modestus,
3565 3972 3744 4026 agno-

2147 4061 2261 4107 seet
2285 4053 2325 4106 ⁸.
2357 4052 2464 4108 Sed
2491 4068 2660 4122 quare
2687 4068 2795 4108 non
2827 4051 3056 4121 amplius
3071 4052 3189 4106 hoc
3210 4065 3373 4119 super
3392 4047 3615 4117 epistola
3641 4064 3742 4102 ve-

2149 4145 2526 4202 nerabilislbzc
2569 4145 2970 4201 consideratam
3002 4151 3121 4207 est,
3173 4158 3314 4210 quze,
3343 4151 3400 4195 ut
3428 4155 3534 4194 non
3559 4139 3746 4193 dicam

2149 4236 2217 4290 ab
2247 4237 2536 4291 universali
2575 4235 2781 4307 synodo
2829 4235 3124 4304 approbata
3173 4242 3257 4287 est
3280 4275 3296 4299 ,
3330 4241 3480 4287 certe
3507 4229 3742 4284 recitata

2151 4329 2259 4382 illic
2284 4328 2603 4392 ostenditur,
2658 4343 2761 4383 nec
2801 4326 3104 4382 ostenditur
3148 4323 3395 4378 abdicata
3420 4361 3434 4386 ,
3486 4321 3586 4375 nisi
3612 4322 3746 4388 quia

2150 4437 2250 4491 pro
2280 4421 2648 4489 destructione
2691 4419 2857 4489 ipsius
2904 4417 3136 4489 synodi,
3186 4425 3244 4472 ct
3269 4432 3377 4470 non
3421 4431 3518 4484 pro
3545 4413 3748 4481 injuria

450 4518 501 4565 et
527 4528 593 4564 ea;
640 4513 779 4566 vobis
811 4515 938 4583 ipsis
980 4516 1074 4568 viii
1105 4514 1372 4585 loquentes
1399 4531 1638 4583 perversa
1663 4555 1678 4580 ,
1709 4523 1765 4565 ut
1793 4511 2055 4564 abducunt
2088 4519 2137 4577 Ι)
2161 4513 2326 4580 ipsius
2354 4512 2557 4583 Cyrilli,
2601 4512 2754 4580 quasi
2785 4510 3009 4580 profana
3055 4510 3308 4563 damnata
3357 4503 3750 4586 eSt?_Denique

451 4602 730 4671 discipulos
753 4614 866 4674 post
893 4622 946 4658 se
977 4604 1114 4673 (Act.
1149 4620 1241 4669 xx,
1269 4603 1490 4674 50).Va:
1521 4604 1660 4656 malo
1691 4602 2052 4662 Alexandriae,

450 4691 700 4747 faiiiiliari
730 4693 868 4762 ejus,
897 4705 951 4750 et
976 4696 1197 4765 proprio
1231 4695 1345 4764 jam
1389 4696 1472 4750 isti
1498 4696 1762 4761 secundo,
1789 4709 1908 4762 quae
1931 4709 2054 4747 cor-

452 4794 607 4855 rupta
636 4785 934 4854 plorcmus,
983 4802 1209 4856 quaeque
1247 4788 1543 4857 corrumpit
1595 4806 1606 4839 :
1654 4804 1720 4840 ex
1771 4795 1888 4840 toto
1942 4785 2052 4853 jam

452 4879 765 4948 mysterium
815 4879 1142 4947 iniquitatis,
1197 4888 1254 4934 et
1291 4895 1480 4934 vereor
1507 4895 1573 4934 ne
1604 4880 1741 4932 forte
1779 4894 2050 4945 nunquam

453 4969 544 5036 qui
574 4978 722 5023 tenet
752 4969 822 5024 de
851 4971 1028 5024 medio
1079 4971 1171 5024 liat
1199 4973 1215 5038 (
1243 4970 1304 5025 II
1332 4971 1510 5024 Thess.
1543 4986 1596 5032 ιι,
1630 4969 1659 5021 7
1686 4969 1726 5038 ).
1767 4968 1911 5035 Euge
1959 4967 2044 5020 Je-

456 5061 638 5114 rcmin:
664 5063 938 5130 propheta)
965 5062 978 5115 !
1011 5061 1157 5116 idem
1191 5064 1260 5117 illi
1291 5063 1410 5117 voci
1437 5062 1664 5114 cxslasis
1695 5060 1945 5112 terribilis
1971 5059 2050 5113 lu-

457 5161 544 5204 cta
572 5160 656 5206 est
676 5169 837 5222 snpcr
863 5162 1060 5209 terram
1102 5139 1130 5208 ε’
1165 5153 1448 5224 Propheta:
1478 5153 1802 5222 prophetam
1831 5151 2007 5218 iniqua
2034 5169 2048 5216 ;

534 5284 878 5356 fSuccessor
906 5285 1159 5348 Anatolii,
1193 5287 1260 5341 ad
1306 5302 1462 5354 quem
1507 5288 1705 5356 scripta
1735 5297 1817 5340 est
1857 5285 2050 5337 Leonis

462 5355 685 5425 epistola
711 5357 1021 5409 centesima.
1058 5357 1225 5425 llujus
1254 5358 1428 5411 locum
1455 5355 1680 5410 alterum
1711 5373 1774 5412 ex
1807 5357 1897 5408 lib.
1931 5373 1964 5409 ιι
1987 5358 2050 5409 ad

466 5423 808 5480 l’arthenium
841 5428 1042 5496 profert
1070 5423 1328 5483 Leontius
1348 5430 1399 5482 in
1431 5430 1562 5482 locis
1590 5428 1964 5482 ρυιιιιιιιιειὼιιδ
1987 5428 2051 5480 de

540 5560 556 5590 ¹
589 5558 723 5615 Cod.
756 5561 981 5624 Veron.,
1011 5563 1316 5630 gratiarum.

541 5633 559 5701 ξ
593 5629 732 5701 idem
756 5632 899 5693 cod.,
923 5635 1229 5701 superiores.

544 5700 563 5730 ³
594 5699 732 5774 item
761 5702 903 5774 cod.,
935 5699 1301 5757 humanitatem
1327 5705 1596 5774 unigcuiti.

553 5773 569 5801 "
595 5769 742 5825 idem
772 5773 916 5839 cod.,
945 5783 1115 5829 autem
1139 5775 1270 5833 cius.

2161 4607 2322 4659 etiam
2365 4605 2506 4659 dicta
2535 4604 2855 4659 venerabilis
2904 4601 3230 4657 Theodoreti
3270 4599 3507 4672 episcopi
3546 4595 3744 4666 Cyrri.

2159 4698 2213 4750 in
2241 4696 2431 4766 quibus
2460 4696 2728 4750 contraria
2762 4695 2962 4748 dicitur
2987 4693 3266 4761 scripsisse
3293 4693 3452 4745 beato
3501 4687 3728 4758 Cyrillo,

2157 4788 2254 4841 sub
2284 4786 2439 4851 hujus
2461 4787 2678 4840 ultionis
2706 4786 2929 4840 obtentu
2959 4784 3206 4839 similiter
3236 4777 3707 4851 reprehenderunt
3737 4790 3756 4836 ;

2159 4888 2214 4930 et
2243 4878 2312 4930 ob
2361 4879 2464 4931 hoc
2490 4893 2614 4930 cum
2641 4877 2885 4930 volentes
2915 4875 3085 4929 videri
3131 4873 3448 4934 notabilem,
3477 4870 3600 4939 quia
3629 4870 3754 4938 ipse

2161 4967 2300 5020 inter
2335 4967 2468 5020 alios
2517 4965 2704 5020 Patres
2751 4964 2923 5020 adfuit
2944 4962 3366 5018 Chalcedoneusi
3408 4958 3660 5022 concilio,
3691 4969 3752 5011 et

2161 5061 2302 5113 benti
2339 5058 2530 5114 Leonis
2549 5057 2831 5127 epistolam
2860 5072 3020 5124 quam
3045 5053 3362 5125 Eutychiani
3384 5051 3752 5106 anathemati-

2161 5158 2302 5213 mut,
2359 5166 2480 5204 cum
2528 5149 2596 5203 ibi
2648 5148 3005 5216 rclegeretur,
3059 5144 3428 5200 dubitantibus
3480 5142 3756 5210 episcOpis

2156 5286 2371 5353 Origine
2401 5288 2700 5341 animarum
2727 5330 2742 5354 ,
2793 5284 3046 5342 ιἐνναδίου
3080 5279 3642 5340 Κωνστᾱντινονπό).ε·υς
3701 5278 3756 5332 ἐκ

2157 5367 2244 5411 τοῦ
2272 5363 2398 5433 πρὸς
2428 5362 2680 5430 Ιίᾶρῦἐνιον
2711 5359 2947 5414 δευτέρου
2976 5357 3139 5425 λόγον.

2239 5560 2257 5589 ’⁵
2283 5558 2423 5609 Idem
2455 5558 2573 5610 eod.
2593 5596 2606 5618 ,
2636 5555 3104 5626 reprehensionem.

2237 5631 2256 5660 ⁶
2297 5628 2439 5681 Idem
2484 5629 2643 5693 cod.,
2683 5622 2794 5697 quis
2840 5624 3048 5694 sapiens
3094 5624 3143 5675 ἐι
3194 5622 3452 5672 modestus
3498 5625 3737 5683 ignoret;

2165 5699 2288 5754 δραι.
2322 5707 2422 5752 εις.
