4114 6532
264 356 382 412 575

1175 358 1309 415 PRO
1349 359 1766 418 DEFENSIONE
1807 361 2020 416 TRIUM
2050 363 2362 421 CAPITUL.
2408 366 2531 421 LIB.
2577 365 2640 418 II.

3449 359 3549 413 57.!

271 475 591 546 Illyricianis
631 484 688 530 et
715 473 1012 530 Palmstinis
1059 478 1306 530 asseruit.
1339 476 1588 544 Alioquin
1639 462 1734 531 cur
1774 479 1870 530 a.l—
1903 485 1942 537 A
1977 496 2207 551 nauuque
2243 493 2294 537 te
2321 485 2471 551 quasi
2515 498 2610 552 per
2651 481 2967 536 commdiam
2996 481 3217 537 irrident
3244 498 3311 538 ex
3355 485 3438 538 his
3463 487 3556 554 qui

264 581 459 620 versus
487 566 593 622 Iba:
621 567 904 637 epistolam
945 576 1001 621 et
1028 567 1356 623 Theodoreti
1401 572 1624 638 scripta,
1651 573 1727 625 sic
1756 573 1868 624 evi-

267 653 462 709 denter
499 665 742 724 agerent,
789 657 1015 711 aliorum
1063 659 1366 715 nominibus
1413 662 1606 725 tacitis,
1639 678 1867 730 quorum

267 755 327 801 et
353 748 586 818 dignitas
614 751 809 819 potior,
842 758 897 804 et
925 751 1108 818 Opinio
1133 751 1345 817 clarior,
1377 764 1432 808 et
1461 755 1575 822 ipsa
1600 770 1717 822 quae
1747 770 1872 808 con-

273 834 357 892 tra
397 839 616 894 beatum
644 837 904 912 Cyrillum
930 882 945 908 ,
989 841 1392 896 vehementiora
1449 851 1612 914 atque
1657 845 1867 898 acriora

267 938 568 988 cernuntur
594 931 650 987 ίῖ
693 931 830 986 Nam
857 932 938 987 vir
978 933 1140 987 etiam
1180 934 1553 990 sanctissimus
1579 943 1636 988 et
1662 948 1868 1002 magnae

270 1020 327 1074 in
365 1020 604 1077 Ecclesia
628 1022 828 1079 Christi
869 1022 1071 1092 glorias,
1117 1023 1354 1080 Isidorus
1384 1025 1665 1096 presbyter
1693 1024 1866 1095 {Egy—

271 1111 419 1179 ptius
441 1110 733 1182 Pelusiota,
763 1129 924 1184 quem
963 1115 1072 1171 duo
1111 1116 1281 1170 millia
1327 1117 1675 1185 epistolarum
1723 1127 1750 1156 ει
1799 1115 1866 1170 ad

275 1203 686 1261 aediﬁcationem
739 1206 992 1262 Ecclesiae
1039 1207 1193 1262 multi
1245 1208 1526 1277 scripsisse
1574 1217 1863 1272 noverunt,

275 1295 370 1363 qui
399 1295 560 1349 etiam
591 1313 689 1365 pro
713 1297 836 1352 vitae
865 1312 929 1352 ac
949 1298 1224 1367 sapientiae
1251 1314 1361 1353 suae
1381 1298 1606 1363 meritis,
1635 1307 1692 1352 ut
1713 1306 1870 1367 pater

266 1383 336 1437 ab
369 1385 484 1453 ipso
533 1385 734 1456 Cyrillo
763 1395 820 1441 et
862 1387 1160 1443 honoratus
1206 1396 1289 1443 est
1318 1397 1373 1444 et
1423 1397 1663 1453 vocatus,
1708 1389 1787 1442 sic
1815 1388 1866 1442 ei

224 1478 233 1482 '
270 1474 484 1542 scribit,
515 1476 641 1543 quin
674 1477 855 1546 potius
891 1478 1141 1532 rescribit
1173 1496 1186 1531 :
1222 1497 1242 1530 ι
1292 1478 1521 1534 Terrent
1559 1493 1646 1533 me
1673 1479 1867 1534 divinm

265 1564 558 1634 Scripturae
582 1567 848 1638 exempla,
881 1575 936 1622 et
963 1569 1262 1624 rescribere
1303 1583 1424 1638 quae
1462 1577 1679 1638 oportet
1722 1585 1868 1623 com-

265 1657 459 1725 peilor.
501 1655 628 1710 Sive
652 1657 794 1711 enim
824 1665 980 1726 pater
1004 1674 1142 1727 sum,
1184 1659 1323 1714 sicut
1369 1660 1484 1728 ipse
1512 1658 1714 1724 dixisti,
1739 1675 1868 1728 pro-

267 1754 388 1813 pter
418 1744 534 1797 Ileli
578 1746 1108 1814 condemnationem,
1135 1749 1228 1817 qui
1259 1748 1395 1802 ﬁlios
1440 1757 1728 1817 peccantes
1759 1764 1866 1803 non

1973 573 2186 628 collecti
2214 583 2338 628 sunt
2368 575 2418 628 in
2463 573 2755 643 Ephesum,
2795 574 2938 641 quod
2989 575 3252 643 privatam
3304 575 3552 643 injuriam

1967 661 2215 728 judicans
2241 662 2285 724 ⁸,
2329 679 2436 715 non
2477 677 2594 730 quae
2622 661 2823 714 Christi
2871 673 2996 715 sunt
3034 664 3338 718 orthodoxe
3385 672 3562 733 requi-

1971 752 2124 806 sieris
2151 771 2163 804 :
2191 752 2397 807 dicunt.
2428 752 2570 820 quod
2608 753 2962 806 consobrinus
3001 751 3279 821 Theophili
3321 763 3404 808 est
3430 753 3480 824 δ,
3503 764 3561 814 et

1971 842 2187 896 imitans
2232 841 2372 895 illius
2405 841 2748 895 voluntatem.
2798 839 2948 894 Sicut
2992 841 3254 896 enimille
3296 843 3556 902 insaniam

1970 942 2213 1004 apertam
2263 931 2475 1004 diﬂ‘udit
2533 940 2722 986 contra
2787 929 3129 985 Theodorum
3190 940 3246 986 et
3313 944 3554 991 nostrum

1968 1027 2251 1090 Joannem,
2282 1025 2361 1080 sic
2388 1023 2720 1093 concupiscit
2747 1030 2803 1077 et
2829 1023 2931 1076 iste
2959 1022 3177 1089 gloriari
3200 1062 3215 1087 ,
3263 1025 3388 1080 licet
3418 1028 3558 1082 inter

1969 1119 2306 1175 examinatos
2329 1115 2554 1169 multum
2575 1112 2822 1183 estquod
2857 1113 3146 1182 discrepet.
3176 1132 3195 1164 ι
3243 1113 3382 1171 Ecce
3421 1128 3476 1172 et
3501 1119 3555 1173 iu

1971 1213 2072 1266 hac
2112 1209 2341 1281 epistola
2387 1207 2564 1276 arguit
2603 1206 2780 1268 illum,
2831 1205 2978 1260 velut
3030 1205 3194 1260 animi
3225 1208 3476 1277 passione
3503 1222 3558 1265 et

1969 1304 2312 1360 aemulatione
2331 1309 2606 1364 caseatum,
2626 1298 2888 1351 violenter
2909 1299 3078 1366 magis
3098 1314 3258 1366 quam
3272 1299 3416 1368 justo
3430 1317 3560 1356 exa-

1970 1396 2135 1460 mine,
2165 1407 2355 1447 causas
2383 1405 2543 1459 agere
2571 1397 2732 1458 atque
2759 1389 2968 1444 irrideri
3007 1405 3038 1440 a
3077 1391 3276 1457 multis,
3307 1393 3448 1460 quod
3480 1395 3559 1448 in-

1963 1485 2119 1555 juriae
2149 1485 2369 1553 privatae
2389 1482 2698 1545 vindictam,
2731 1497 2841 1534 non
2864 1495 2984 1549 qua:
3003 1480 3201 1536 Christi
3230 1491 3354 1536 sunt
3375 1485 3560 1539 ortho-

1969 1577 2109 1631 doxe
2135 1573 2443 1642 requisierit
2465 1570 2608 1643 apud
2634 1570 2904 1639 Ephesum
2925 1571 2979 1625 in
3003 1587 3164 1626 causa
3187 1572 3437 1642 Nestorii,
3456 1574 3560 1630 sic-

1970 1678 2030 1722 ut
2059 1667 2219 1720 etiam
2250 1663 2599 1732 Theophilus,
2637 1661 2992 1716 consobrinus
3039 1677 3105 1717 ac
3135 1661 3388 1717 decessor
3415 1664 3553 1732 ejus,

1971 1760 2024 1813 in
2053 1757 2503 1813 condemnatione
2531 1752 2752 1807 Joannis
2781 1752 3361 1822 Constantiuopolitani
3387 1754 3560 1809 homi-

266 1834 547 1915 caSllgaY“
576 1833 630 1905 (Ῑ
671 1834 797 1906 Πεϐο
825 1835 930 1905 ιν);
963 1837 1077 1890 Sive
1101 1838 1239 1892 “lius
1265 1853 1383 1892 sum
1413 1846 1559 1911 ῑυυβ,
1585 1838 1727 1892 Sicut
1749 1853 1858 1892 ma-
1891 1854 1934 1912 B
1962 1864 2086 1903 num
2114 1847 2338 1915 gloriam
2376 1843 2708 1914 requisisset.
2750 1842 2876 1896 Ideo
2905 1850 3126 1897 sanctus
3166 1859 3381 1913 quoque
3423 1843 3559 1899 Gen-

265 1926 346 1990 gis
394 1923 540 1987 novi,
572 1925 715 1992 quod
759 1927 936 1993 magni
988 1925 1130 1980 illius
1186 1927 1350 1981 Marci
1389 1927 1626 1981 habitum
1657 1935 1856 1994 gestes,

266 2013 494 2068 Ihrmido
523 2013 767 2068 Jonathac
794 2015 1319 2080 condemnationem,
1368 2015 1512 2085 quod
1541 2025 1750 2084 patrem
1782 2015 1859 2068 al-

268 2106 578 2175 quuentem
609 2108 630 2137 ²
678 2106 1075 2174 ventriloquam
1115 2122 1222 2161 non
1271 2105 1573 2175 prohibuit;
1618 2114 1674 2160 et
1715 2105 1865 2175 prior

265 2205 510 2250 mortuus
528 2197 584 2249 in
611 2197 770 2260 bello,
803 2211 869 2250 eo
890 2196 980 2264 qui
1012 2197 1276 2264 peccavit,
1302 2196 1394 2264 qui
1445 2196 1736 2265 prohibere
1759 2212 1861 2265 po-

266 2294 410 2339 terat
435 2285 486 2355 (1
519 2285 648 2356 Reg.
714 2301 916 2350 axvru;
949 2283 979 2338 1
1007 2284 1132 2338 l’ar.
1158 2301 1212 2346 x,
1238 2284 1350 2354 15).
1380 2282 1450 2338 Ut
1479 2291 1659 2338 autem
1687 2267 1865 2352 neque

265 2391 370 2444 ego
398 2377 749 2442 condemner,
781 2391 956 2445 neque
983 2377 1099 2446 ipse
1127 2391 1156 2429 a
1188 2375 1298 2432 Deo
1343 2374 1740 2439 condemneris,
1772 2391 1860 2429 re-

265 2469 484 2535 quiesce
513 2483 544 2520 a
570 2468 940 2530 contentione,
983 2482 1085 2521 nec
1121 2466 1382 2520 ultionem
1411 2463 1751 2534 propriarum
1779 2464 1863 2517 in-

266 2558 522 2628 iuriarum
550 2574 670 2629 quae
699 2559 792 2613 tibi
846 2574 877 2613 a
903 2557 1218 2612 mortalibus
1265 2555 1575 2611 hominibus
1614 2555 1858 2620 debetur,

265 2650 448 2718 exigas
493 2666 523 2703 a
553 2649 770 2705 vivente
802 2649 1064 2716 Ecclesia,
1092 2656 1148 2703 et
1173 2656 1429 2702 aeternam
1458 2646 1507 2700 ei
1540 2644 1862 2701 discordiam

264 2741 365 2795 sub
395 2747 656 2808 praetextu
685 2740 900 2808 pietatis
925 2737 1177 2793 aediﬁces.
1215 2757 1233 2789 i
1269 2736 1379 2790 Nec
1419 2735 1606 2790 Isidori
1637 2735 1862 2804 scripta,

264 2831 488 2885 dicentis
514 2831 658 2898 quod
691 2839 949 2884 mternam
982 2829 1306 2884 discordiam
1337 2827 1436 2882 sub
1460 2833 1725 2896 praetextu
1748 2824 1863 2893 pie-

264 2923 390 2976 tatis
418 2921 649 2992 Cyrillus
693 2921 982 2976 aediﬁcaret
1029 2920 1306 2986 Ecclesiae,
1337 2935 1460 2975 cum
1502 2932 1695 2987 magna
1725 2918 1862 2971 invi-

263 3014 371 3078 dia,
403 3013 854 3083 quemadmodum
894 3013 1221 3068 Theodoreti
1251 3010 1489 3081 episcopi
1519 3010 1665 3064 dicta
1685 3016 1741 3064 et
1767 3024 1862 3063 ve-

264 3106 520 3161 nerabilis
551 3105 654 3160 Iba}
689 3103 919 3173 epistola
946 3103 1293 3159 denotamur.
1338 3101 1535 3157 Scribit
1578 3107 1760 3155 autem
1787 3100 1854 3155 ad

1967 1938 2156 1993 nadius
2201 1937 2267 1990 de
2295 1935 2410 2003 ipso
2456 1935 2614 1988 beato
2662 1933 2864 2003 Cyrillo
2904 1933 3056 1999 dixit,
3107 1936 3558 2002 quemadmodum

1963 2048 2125 2102 supra
2183 2030 2508 2084 docuimus:
2557 2025 2648 2080 Vae
2697 2025 2840 2079 malo
2885 2025 3242 2090 Alexandriae,
3315 2026 3559 2086 familiari

1965 2123 2104 2191 ejus,
2133 2130 2189 2176 et
2209 2119 2432 2189 proprio
2458 2117 2570 2186 jam
2600 2117 2689 2170 isti
2717 2115 2954 2171 secundo
2981 2133 2992 2169 :
3019 2116 3247 2185 primum
3273 2119 3459 2175 volens
3481 2122 3558 2176 in-

1965 2211 2132 2279 telligi
2181 2207 2562 2277 Theophilum,
2633 2204 2928 2260 secundum
2981 2219 3114 2260 vero
3164 2204 3440 2277 Cyrillum.
3499 2209 3558 2263 Et

1963 2315 2270 2371 quanquam
2309 2299 2392 2352 vir
2415 2297 2608 2351 doctus
2637 2296 2902 2350 diversam
2945 2310 3164 2351 causam
3193 2297 3214 2328 '
3245 2296 3470 2354 Joannis
3509 2310 3558 2356 ct

1966 2392 2194 2448 Nestorii
2214 2391 2438 2460 judicet,
2465 2388 2648 2442 dicens
2682 2405 2693 2440 :
2721 2386 2870 2442 Licet
2895 2388 3038 2442 inter
3058 2389 3394 2446 examinatos
3421 2394 3556 2446 mul-

1965 2492 2079 2538 tum
2119 2489 2201 2537 est
2229 2480 2372 2551 quod
2402 2478 2692 2546 discrepet,
2724 2477 2777 2530 in
2803 2493 2911 2546 quo
2956 2477 3213 2547 reprobat
3254 2479 3559 2536 Nestoriqu

1964 2576 2135 2645 ipsum
2163 2592 2174 2626 :
2210 2581 2391 2626 tamen
2422 2570 2472 2623 in
2504 2577 2734 2637 utraque
2761 2569 2987 2623 credidit
3009 2569 3370 2626 mmulationis
3397 2571 3558 2630 fuisse

1963 2654 2320 2736 propositum.
2372 2661 2519 2715 Alias
2564 2673 2782 2727 quoque
2827 2659 3076 2714 similiter
3105 2660 3172 2714 ad
3202 2676 3327 2716 eum
3377 2663 3557 2718 scribit

1965 2757 2221 2827 epistolas
2255 2766 2301 2817 ε,
2332 2752 2526 2822 quibus
2558 2751 2804 2821 perbibet
2831 2749 2974 2818 quod
3002 2765 3099 2819 per
3123 2767 3274 2805 suam
3323 2755 3547 2811 mutabi-

1963 2847 2165 2901 litatem
2191 2843 2435 2899 omlestia
2463 2840 2734 2910 proderet,
2767 2848 2822 2894 ct
2861 2841 3161 2895 contrarius
3201 2843 3418 2898 sibimet
3458 2846 3556 2917 ipsi

1964 2939 2018 2993 in
2043 2937 2154 2993 suis
2179 2935 2394 3003 scriptis
2441 2932 2721 2998 existeret,
2763 2931 3056 3000 cupiditate
3084 2947 3235 2986 vanae
3263 2935 3447 3000 gloriae
3473 2937 3552 2990 vi-

1962 3037 2100 3085 ctus.
2131 3026 2248 3082 Non
2279 3025 2440 3093 igitur
2468 3023 2866 3078 venerabilibus
2893 3021 2986 3077 Iba
3025 3031 3083 3076 et
3114 3022 3400 3080 Theodoro
3423 3028 3442 3057 ‘
3463 3044 3550 3082 co-

1965 3118 2235 3191 episcopis
2276 3115 2679 3172 innocentiores
2727 3115 2778 3167 in
2823 3115 2922 3169 hac
2970 3125 3121 3183 parte
3151 3116 3402 3171 credendi
3432 3128 3552 3173 sun:

265 3197 416 3253 illum
437 3212 624 3252 rursus
660 3196 800 3251 idem
845 3203 1061 3251 Sanetus
1089 3193 1322 3249 Ῐδίάονυε
1351 3192 1540 3248 dicens
1571 3208 1586 3244 ³
1624 3209 1643 3243 ‘
1687 3190 1852 3246 com"
1883 3210 1928 3274 C
1959 3190 2266 3267 Gennadius
2291 3217 2347 3262 et
2368 3207 2602 3262 Isidorus
2623 3205 2722 3258 viri
2754 3205 3134 3274 probatissimi,
3162 3207 3257 3260 sed
3285 3207 3548 3264 feliciores

263 3289 445 3361 passio
481 3287 698 3356 quidem
727 3286 899 3341 aciem
929 3286 1209 3340 oculorum
1252 3284 1532 3350 obtundit;
1583 3282 1858 3338 aemulatio

263 3395 398 3434 vero
433 3386 672 3434 excmcat
699 3378 940 3433 omnino.
971 3376 1090 3431 Noli
1135 3389 1264 3444 ergo
1290 3376 1358 3430 ab
1387 3383 1616 3443 utraque
1644 3383 1864 3430 senten-

263 3471 460 3525 tiarum
484 3477 768 3525 exsecutor
817 3467 933 3523 ﬁeri
980 3468 1022 3534 ³,
1070 3467 1166 3522 sed
1195 3466 1430 3520 examini
1473 3465 1619 3534 justo
1672 3479 1864 3520 causas

263 3563 553 3634 permitte:
583 3562 838 3631 quoniam
868 3568 924 3615 et
945 3559 1106 3624 Deus,
1139 3560 1232 3629 qui
1260 3559 1442 3614 omnia
1457 3559 1864 3627 scitantequam

264 3656 419 3720 Iiant,
460 3655 788 3728 descendere
833 3663 890 3710 et
926 3654 1108 3710 videre
1153 3653 1444 3707 clamorem
1493 3650 1856 3704 Sodomorum

265 3744 425 3816 (Gen.
464 3763 610 3810 xvm,
642 3745 732 3816 2|)
761 3744 1066 3799 humaniter
1107 3757 1229 3798 cum
1257 3742 1505 3796 bonitate
1534 3739 1728 3806 voluit,
1771 3739 1856 3791 di-

264 3835 481 3908 ligentis
512 3836 868 3908 inquisitionis
897 3851 996 3890 nos
1023 3834 1223 3890 docens
1262 3839 1659 3900 argumentum.
1707 3829 1855 3882 Multi

340 4075 364 4104 ι
403 4063 606 4117 Harum
648 4057 733 4127 ad,
762 4055 1019 4127 Cyrillum
1041 4053 1338 4127 _pri_or‘est.
1363 4049 1468 4127 579
1518 4047 1638 4127 libri
1675 4045 1854 4126 primi,

258 4133 532 4209 posterior
559 4129 692 4209 5|0._
707 4119 1024 4209 Quodnvero
1041 4119 1234 4209 I‘sidor‘i
1254 4119 1512 4209 epistolas
1543 4119 1858 4209 inpulver—

258 4184 655 4263 ztimﬁnumerat
680 4184 763 4253 bis
786 4195 950 4265 mille,
979 4193 1184 4265 viderat
1208 4184 1436 4265 fortasse
1459 4188 1670 4265 codices
1699 4184 1856 4265 Aea;-

258 4257 520 4335 rnvetensis
549 4265 862 4324 monasterii
892 4257 1380 4335 constantinopoli,
1413 4259 1464 4335 in
1497 4257 1690 4335 quibus
1731 4257 1857 4307 toti-

259 4329 387 4402 dem
422 4340 854 4400 continebantur,
887 4342 948 4388 ut
981 4335 1033 4386 in
1061 4331 1231 4386 veteri
1263 4345 1365 4402 ms.
1395 4329 1714 4402 adnotatum
1741 4339 1853 4402 rue-

259 4393 395 4470 m'i-ni
426 4393 740 4477 abantiquo
786 4393 972 4477 earum
1019 4403 1315 4477 interprete
1469 4397 1684 4477 verbis;
1737 4393 1853 4477 llas

257 4464 860 4540 omneswbeati'lsidori
898 4464 1181 4544 presbyteri
1229 4477 1277 4544 et
1325 4467 1529 4544 abbatis
1573 4464 1854 4544 Pelusium

255 4533 504 4609 ié'éélléui’
521 4557 571 4603 et
607 4545 845 4602 transtuli
871 4533 935 4597 ea:
962 4533 1192 4613 epistolis
1221 4539 1330 4613 ejus
1373 4536 1572 4613 duobus
1603 4533 1853 4613 millibus,

255 4604 548 4696 quite—sunt
596 4635 688 4696 per
732 4604 1063 4696 quingentas.
1088 4604 1374 4692 distributa:
1409 4607 1464 4659 in
1501 4604 1858 4696 Algwmitlensis

256 4675 566 4748 monasterii
594 4675 1239 4756 codicibus'iuetustissinris
1265 4675 1643 4756 quatuor._l‘lec
1675 4675 1858 4742 plures

255 4745 527 4818 hactenus
581 4757 776 4826 triplici
824 4753 1064 4826 editione
1104 4751 1158 4806 in
1186 4745 1364 4826 lucem
1400 4745 1651 4826 prodiere
1694 4758 1854 4822 quam

254 4815 527 4889 bis'mille
565 4815 841 4882 tredecim.
883 4823 1152 4877 Caeterum
1193 4818 1260 4873 ad
1297 4815 1484 4889 decem
1515 4815 1682 4889 millia
1724 4815 1857 4867 scri-

254 4885 431 4974 psisse
476 4899 754 4974 Isidorum,
798 4903 960 4960 atque
994 4893 1054 4974 in
1104 4890 1186 4945 his
1208 4887 1490 4974 nter-.mille
1520 4885 1855 4974 IScriptugam

254 4952 472 5028 Eia-‘3'“:
489 4952 494 4953 ί
509 4952 851 5037 exposuisse,
873 4952 913 5014 Ia
923 4970 1079 5037 uctor
1097 4971 1180 5037 est
1208 4957 1431 5037 Suidas,
1453 4957 1538 5010 vel
1557 4952 1716 5037 quem
1737 4952 1857 5037 Sui-

375 5025 680 5106 exscripsit.
710 5025 1638 5107 ἰσὶδὼροςιὶῐκιυὶμ-πρερϐὐτερος,ὁ
1668 5025 1856 5107 linteu-

255 5118 472 5174 σιὼτης,
515 5098 644 5171 Cic"
677 5098 944 5178 rys'ypaésv
988 5102 1260 5178 ὲπιᾳτολόςς
1277 5098 1707 5178 Lamtinus-patriaac;
1765 5098 1854 5172 ’ςὴν

256 5164 818 5256 Τίκᾎί
844 5164 1016 5256 ἕλε-ἐρεῖς
1050 5169 1120 5234 ι’,
1150 5173 1234 5223 καὶ
1273 5164 1394 5224 (inici
1418 5169 1549 5223 τινὰ.
1580 5164 1671 5219 Sic
1710 5164 1856 5218 enim

255 5243 467 5309 Iiabcn't'
482 5243 696 5304 codices
715 5243 1005 5300 emendati.

324 5300 360 5362 ἶ
373 5300 583 5377 Ῑὲῖιίόνὶ
606 5300 920 5388 ἀδελφιδοῦς,
946 5309 1091 5380 quod
1127 5317 1210 5364 est
1241 5305 1422 5362 fratris
1452 5306 1535 5371 ve_l
1557 5302 1759 5359 sororis
1791 5300 1854 5353 li-

327 5500 345 5532 ¹
414 5496 549 5552 Cod.
609 5494 834 5556 Veron.,
894 5487 1147 5560 Cyrillum
1211 5488 1530 5554 scripserunt
1587 5482 1854 5535 vehemen-

255 5573 411 5629 tiora,
438 5575 543 5621 etc.

327 5643 345 5670 ²
388 5638 531 5691 Idem
560 5633 1068 5703 cod.,qrurterentem.
1124 5699 1152 5703 η
1233 5634 1258 5703 _'
1329 5700 1358 5703 __
1740 5699 1748 5703 _
1841 5691 1851 5701 ,

331 5711 352 5740 ³
391 5708 534 5761 Idem
564 5705 713 5770 cod.,
739 5699 814 5754 Ab
859 5709 1086 5770 utraque,
1116 5699 1426 5770 lippitudine
1473 5707 1700 5770 purgare
1732 5699 1778 5743 te
1805 5699 1852 5744 si

262 5779 456 5842 stmles,
512 5775 620 5828 noli
649 5762 744 5828 υί..
797 5783 965 5842 tarum
993 5762 1395 5842 '(_vit)Ici_|ta1rt_tttt
1419 5762 1850 5842 )“senten‘tiurum

264 5830 531 5904 illicillic.»
560 5845 694 5916 ﬁeri,
736 5849 843 5898 ctc.
874 5837 930 5893 In
973 5830 1146 5895 editis.
1193 5836 1392 5894 Jacobo
1431 5832 1585 5888 Billio
1619 5830 1852 5885 Prunaoo

1887 4437 1936 4494 D

1962 3304 2162 3374 potius,
2183 3301 2327 3370 quod
2359 3299 2457 3370 ipsi
2483 3314 2589 3353 non
2624 3304 2750 3352 sunt
2773 3297 3064 3367 participes
3109 3297 3298 3368 synodi
3325 3298 3552 3356 Chalce-

1963 3392 2219 3449 donensis
2249 3389 2474 3444 inventi.

2597 3517 2828 3574 CAPUT
2865 3519 2930 3574 V.

1969 3619 2121 3685 Quod
2162 3627 2348 3670 temere
2391 3615 2661 3665 damnetur
2700 3613 2918 3685 epistola
2961 3620 3076 3685 post
3122 3628 3335 3685 earamen
3373 3614 3554 3685 synodi

2037 3685 2488 3746 Chalcedonensis,
2520 3684 2670 3749 cujus
2701 3682 2914 3734 decretis
2939 3682 3066 3733 addi
3089 3683 3219 3735 nihil
3248 3683 3425 3736 debere
3453 3683 3554 3737 Leo

2036 3776 2175 3830 papa
2205 3766 2252 3809 et
2272 3755 2507 3830 epismpi
2534 3752 2759 3805 Orientis
2790 3753 3120 3817 confirmant.

2035 3829 2161 3906 Haec
2178 3849 2226 3904 si
2249 3829 2548 3916 tranquillo.
2563 3844 2743 3898 animo
2770 3850 2825 3897 et
2853 3841 3075 3896 meliore
3102 3839 3402 3896 intentione
3424 3858 3549 3898 con-

1971 4046 2090 4099 lius.
2122 4044 2226 4098 Sed
2258 4042 2437 4096 fratris
2485 4039 2650 4092 lilium
2699 4036 2862 4091 fuisse
2901 4042 3134 4100 constat,
3183 4052 3289 4090 non
3329 4052 3551 4102 sororis,

1968 4125 2024 4168 ut
2065 4114 2248 4168 Isidori
2279 4112 2440 4168 vertit
2480 4111 2762 4176 interpres.
2797 4106 3016 4175 Ἀνεῲιὸν
3069 4115 3224 4160 vocat
3268 4105 3550 4175 Theopha-

1967 4201 2061 4238 nes
2110 4185 2159 4237 in
2209 4183 2512 4246 Chronico;
2566 4178 2855 4248 ἀδελφιδοῦν
2901 4191 3029 4248 vero
3091 4177 3250 4228 etiam
3295 4178 3550 4248 Socrates

1967 4257 2057 4308 lib.
2092 4271 2160 4308 vn
2180 4296 2192 4317 ,
2223 4270 2342 4321 cap.
2385 4252 2438 4314 7,
2469 4245 2523 4304 et
2551 4245 2921 4321 Tl_t_codor_et_us
2953 4245 3043 4321 li‘b.
3072 4261 3140 4321 _v_,_
3161 4262 3278 4321 cap.
3305 4245 3394 4321 35A,
3426 4257 3490 4321 Δ(τι
3521 4264 3549 4302 a

1965 4314 2306 4379 Theodoreti}
2331 4321 2562 4374 vicissim
2603 4316 2932 4384 Theophilus
2961 4314 3144 4385 Cyrilli
3174 4319 3304 4378 θεῖος
3333 4316 3548 4381 dicitur,

1967 4412 2072 4448 non
2098 4393 2414 4451 avunculus,
2457 4390 2549 4443 sed
2593 4396 2836 4458 patruus.
2874 4394 3020 4444 Θεῐυς
3055 4406 3182 4458 iraa;
3221 4389 3442 4458 grai-pag,
3499 4397 3550 4442 ut

1964 4475 2047 4519 cst
2068 4465 2210 4534 apud
2244 4455 2607 4534 Nicephorum
2644 4457 2734 4534 lib.
2781 4473 2888 4534 ξμς,
2933 4470 3051 4534 cap.
3207 4455 3384 4522 Quare
3411 4473 3548 4534 luen-

1963 4526 2286 4590 dum-etiam
2315 4526 2398 4585 est
2427 4531 2478 4582 in
2509 4528 2742 4582 Historia
2781 4526 3070 4596 Tripartita
3099 4527 3190 4580 lib.
3224 4545 3276 4590 κ,
3317 4541 3437 4596 cap.
3462 4526 3552 4592 25,

1962 4621 2084 4659 cum
2115 4603 2345 4673 Cyrillus
2375 4598 2659 4673 TlLeophili
2693 4597 3408 4673 consobrinusappellatur,
3451 4613 3552 4673 pro

1963 4691 2030 4728 eo
2073 4668 2219 4744 quod
2248 4672 2391 4744 apud
2438 4668 2838 4744 Theodorctum
2878 4675 2960 4720 est
3007 4668 3322 4744 ἀδελφξδοῦς,
3368 4669 3550 4744 I'ratris

1966 4737 2122 4800 lilius.
2186 4737 2350 4794 Paulo
2399 4749 2542 4810 post,
2597 4738 2686 4792 ubi
2750 4739 3018 4804 interpres
3079 4737 3208 4807 legit
3263 4740 3550 4805 Θεοδώρου,

1963 4813 2150 4869 Graece
2169 4813 2394 4888 Οεᾼορὸρου
2425 4810 2812 4888 scriptum‘est,
2844 4811 3024 4888 μςιινίαν
3042 4818 3176 4888 σᾳφῆ
3205 4811 3545 4888 κατεοςκέδασε

1964 4892 2054 4955 τοῦ
2091 4878 2320 4955 Θεηφόῥού
2360 4886 2446 4935 καὶ
2497 4879 3059 4955 θεοφιλοῦς-Ἰοέννουιε
3089 4878 3162 4931 ita
3210 4887 3272 4931 ut
3324 4879 3394 4933 de
3442 4897 3550 4934 uno

1962 4946 2187 5009 Joanne'
2206 4946 2279 5008 sit
2307 4966 2506 5015 sermo,
2552 4946 2730 5003 nullus
2757 4947 2823 5000 de
2846 4946 3150 5000 Theodoro.

2042 5038 2062 5063 ε
2103 5025 2358 5093 Designat
2401 5015 2991 5093 epistolamﬁiiulibri
3041 5017 3217 5093 primi,
3268 5017 3418 5093 cujus
3448 5020 3545 5093 hoc

1963 5085 2294 5166 exordium:
2320 5085 2521 5166 Zpriejs,
2546 5091 2814 5159 θαυμάσιε,
2841 5085 3086 5166 ὄξτρεπτον
3114 5089 3275 5166 μέγειν
3301 5091 3400 5152 ἀεὶ,
3426 5089 3543 5144 οὔτε

1959 5169 2054 5238 es?
2058 5192 2095 5235 ῳ
2120 5156 2427 5241 προδιδᾶὖῖτα
2452 5165 2517 5216 τὰ
2545 5156 2768 5232 capiam,
2816 5156 2935 5212 οὗτέ
2963 5156 3138 5226 σαυτῷ
3180 5159 3394 5213 ἐναντίον
3443 5182 3540 5232 φαι.

1961 5237 2180 5310 νόμενονζ
2202 5244 2392 5303 etquae
2416 5238 2728 5299 sequuntur.

1958 5471 2273 5538 interprete,
2315 5464 2427 5517 hanc
2470 5463 2737 5538 habentur
2762 5463 2855 5516 lib.
2890 5479 2925 5528 ι,
2956 5463 3095 5538 epist
3125 5462 3266 5538 5l0_:
3301 5461 3538 5534 Quapro-

1957 5551 2068 5608 ρων
2097 5533 2141 5592 ἐξ
2161 5535 2223 5608 (ψ
2246 5543 2463 5608 utraque
2503 5533 2635 5585 lema
2667 5549 2824 5608 purus
2855 5533 3007 5602 atque
3031 5535 3276 5588 immunis
3301 5533 3528 5589 esse’stu-

1957 5603 2062 5674 dos,
2095 5606 2201 5660 noli
2219 5604 2468 5658 violentas
2491 5603 2775 5674 sententias
2794 5605 2946 5674 ferre.
2963 5629 2975 5674 _-

2029 5671 2057 5708 ³⁷
2085 5677 2228 5730 Idem
2261 5673 2406 5736 cod.,
2439 5671 2726 5726 vindicans.
2762 5671 2816 5723 In
2848 5671 3024 5738 editis,
3055 5675 3410 5732 ulciscentem.

2032 5751 2049 5778 ⁵
2089 5747 2233 5800 Idem
2257 5743 2401 5814 cod.,
2433 5742 2610 5814 doct_us
2641 5739 2876 5814 Isidorus
2905 5741 3182 5814 diversam,
3207 5756 3311 5800 ctc.

2030 5821 2048 5849 ⁵
2088 5816 2232 5871 Idem
2263 5812 2382 5868 cod.
2435 5820 2482 5865 ct
2530 5809 2865 5866 Theodorilo.
