4114 6556
613 283 718 340 575

1723 282 2024 339 FACUNDI
2063 280 2276 339 EPISC.
2316 280 2827 338 HERMIANENSIS
3563 296 3571 302 ’
3761 295 3843 354 570

612 400 853 456 siderare
882 400 1197 471 dignemini,
1259 402 1351 457 illo
1383 399 1539 455 vobis
1592 401 1606 431 ί
1662 400 1942 469 aperiente
1988 415 2084 454 cor
2122 413 2215 452 ve—
2246 409 2291 465 Α
2320 414 2430 453 non
2465 400 2640 455 solum
2672 400 2967 455 auctoritas
2992 398 3163 454 beatae
3191 401 3460 456 memoria:
3486 402 3716 474 principis
3738 407 3842 465 Mar-

614 502 808 560 strum,
838 501 894 549 et
931 495 1217 550 claudente
1265 492 1706 563 subreptionibus
1759 494 2070 562 impiorum,
2099 492 2213 560 qui,

610 584 750 640 sicut
797 585 1056 655 scriptum
1103 595 1227 639 est:
1261 585 1488 640 Sanctus
1535 594 1586 640 et
1633 601 1782 640 verus
1832 583 1985 637 habet
2018 584 2214 637 clavem

611 673 817 742 David;
854 688 902 731 et
921 680 1007 746 qui
1037 681 1234 751 aperit,
1264 689 1314 734 et
1353 697 1506 736 nemo
1534 682 1767 746 claudit;
1800 689 1850 734 et
1876 681 1963 751 qui
1991 680 2209 742 claudit,

607 777 659 821 et
708 782 858 822 nemo
886 769 1052 838 aperit
1084 769 1266 842 (Apoc.
1300 786 1378 836 tu,
1412 770 1507 841 7):
1552 771 1669 841 ipsa
1717 785 1900 825 rerum
1939 778 2211 838 gestarum

606 861 875 916 evidentia
904 863 1245 930 cognoscetis
1272 864 1418 933 quod
1465 864 1519 918 in
1550 863 1965 918 evacuationem
2018 862 2210 917 decre-

608 961 784 1007 torum
832 955 1024 1025 synodi
1067 953 1524 1010 Chalcedonensis
1566 963 1729 1025 atque
1776 954 2021 1024 epistolae
2058 968 2212 1024 papa:

610 1041 828 1110 Leonis,
878 1046 1032 1115 cujus
1060 1046 1438 1102 Theodoretus
1482 1047 1772 1116 episcopus
1801 1047 1856 1101 in
1903 1047 2092 1101 eadem
2123 1063 2212 1117 sy-

608 1133 752 1189 nodo
781 1134 879 1190 fnit
908 1146 1166 1211 assertor,
1217 1138 1335 1193 haec
1363 1138 1544 1192 omnia
1589 1146 1646 1192 et
1685 1137 1752 1192 ab
1792 1137 2063 1192 haereticis
2092 1152 2213 1195 esse

606 1226 915 1295 adinventa,
948 1239 1004 1284 et
1030 1232 1099 1286 ab
1142 1246 1328 1286 eorum
1378 1232 1679 1289 fautoribus
1717 1233 2011 1287 constituta
2044 1250 2058 1286 :
2089 1247 2211 1302 quae

613 1317 712 1372 nisi
761 1319 1004 1374 melioris
1058 1322 1437 1378 emendatione
1481 1322 1666 1391 judicii
1714 1322 1944 1376 rescissa
1992 1321 2212 1389 fuerint,

605 1409 825 1474 frustra,
856 1411 944 1464 vel
990 1412 1034 1466 si
1064 1412 1210 1467 credi
1242 1425 1441 1482 posset,
1487 1423 1715 1482 negatur
1740 1415 1888 1485 quod
1926 1415 2211 1484 epistolam

602 1504 932 1558 Venerabilis
953 1503 1059 1558 lbte
1079 1513 1381 1559 memorata
1422 1506 1664 1576 synodus
1690 1505 2028 1575 approbavit.
2074 1504 2211 1561 Cum

603 1593 746 1647 enim
794 1602 1006 1649 constet
1032 1594 1176 1664 quod
1208 1595 1281 1649 ibi
1314 1595 1572 1664 praedicto
1602 1595 1859 1664 episcopo
1895 1594 1963 1648 ab
1989 1609 2211 1650 accusa-

605 1683 814 1738 toribus
862 1684 972 1739 suis
1013 1685 1223 1754 objecta
1262 1688 1352 1749 sit,
1413 1684 1605 1755 procul
1639 1685 1823 1751 dubio,
1866 1684 2007 1740 sicut
2046 1700 2211 1755 supra

2321 491 2470 555 tiani,
2514 490 2610 545 sed
2638 505 2740 559 ego
2770 492 2932 548 etiam
2962 506 3082 546 mea
3126 491 3461 548 confessione
3490 493 3693 552 ﬁrmari.
3718 498 3849 566 Quia,-

2316 583 2458 638 sicut
2499 593 2688 640 sancte
2723 586 3103 655 veraciterque
3147 585 3376 655 dixistis,
3430 588 3670 658 perfectio
3707 592 3843 650 incre-

2316 683 2556 730 mentum
2581 686 2637 731 et
2661 676 3020 744 adjectionem
3048 677 3325 747 plenitudo
3355 694 3459 734 non
3481 681 3675 753 recipit.
3700 702 3716 735 ι
3746 682 3845 741 Pcr-

2313 768 2459 824 videt
2481 768 2643 838 igitur
2670 770 2936 825 serenitas
2966 780 3057 825 tua
3080 770 3245 839 quod,
3270 771 3409 827 sicut
3435 773 3558 827 nihil
3580 775 3628 829 in
3650 776 3841 845 ejusdem

2314 860 2506 932 synodi
2534 860 2765 916 decretis
2790 861 3094 930 emendari,
3125 861 3199 916 ita
3221 878 3324 919 nec
3352 863 3505 933 adjici
3532 866 3701 935 possit.
3725 866 3841 925 Unde

2314 968 2423 1007 non
2469 953 2643 1008 solum
2694 960 2884 1008 contra
2939 954 3113 1023 ipsam
3172 954 3452 1025 synodum,
3508 971 3676 1011 verum
3716 959 3840 1014 etiam

2313 1053 2500 1099 contra
2532 1043 2695 1113 hujus
2736 1044 3025 1114 apostolici
3057 1045 3156 1099 viri
3200 1046 3540 1115 sententiam,
3568 1048 3837 1105 convincun-

2313 1143 2403 1190 tur
2443 1137 2619 1204 egisse
2656 1136 2748 1206 qui
2778 1137 3106 1192 venerabilis
3142 1137 3248 1192 Iba:
3276 1138 3552 1220 epistolam
3581 1146 3753 1197 temere
3768 1140 3839 1195 da-

2312 1235 2657 1282 mnaverunt.
2692 1226 2979 1294 Quoniam,
3005 1229 3094 1284 vel
3122 1230 3167 1284 si
3190 1230 3375 1285 dicunt
3400 1232 3539 1300 quod
3558 1232 3678 1287 nihil
3694 1233 3838 1302 inejus

2313 1317 2548 1374 decretis
2575 1318 2866 1375 emendare
2894 1328 3371 1390 praesumpserunt,
3416 1335 3603 1391 negare
3627 1337 3717 1377 non
3738 1338 3836 1392 pos«

2312 1417 2441 1465 sunt
2483 1409 2630 1480 quod
2685 1409 2889 1478 aliquid
2940 1424 3128 1466 eorum
3185 1396 3499 1481 plenitudini
3542 1411 3863 1482 iudicaverint

2312 1502 2579 1559 defuisse:
2623 1511 2684 1558 ut
2704 1503 2851 1572 quod
2878 1504 2995 1574 ipsa
3023 1490 3205 1559 minus
3242 1503 3369 1560 fecit
3411 1505 3465 1560 in
3501 1521 3648 1561 causa
3667 1521 3764 1575 qua:
3781 1506 3836 1561 ibi

2314 1595 2501 1650 tandiu
2528 1602 2764 1651 tractata
2795 1603 2903 1661 est,
2925 1596 3014 1651 isti
3033 1597 3187 1666 quasi
3217 1596 3558 1667 prudentiore
3587 1612 3645 1652 ac
3666 1597 3837 1666 diligen-

2314 1687 2454 1744 tiore
2484 1687 2920 1744 consideratione
2953 1689 3291 1760 supplerent.
3328 1687 3598 1755 Quomodo
3621 1688 3755 1759 igitur
3775 1689 3835 1742 in-

600 1779 712 1850 jam
755 1781 1005 1845 diximus,
1052 1782 1096 1835 si
1124 1796 1269 1836 nunc
1293 1781 1439 1850 juste
1467 1781 1776 1845 damnatur,
1809 1788 1937 1834 tunc
1973 1780 2208 1835 maxime
2241 1788 2285 1849 Β
2312 1780 2635 1835 sultationes
2659 1781 3033 1836 htereticorum
3056 1780 3375 1837 .valebimus
3412 1779 3662 1836 declinare
3694 1779 3835 1834 dicen-

600 1871 952 1927 condemnari
995 1871 1275 1926 debuerat.
1318 1870 1455 1938 Quia
1488 1886 1615 1925 vero
1643 1886 1750 1924 non
1778 1869 2080 1925 ostenditur
2130 1869 2209 1922 fa-

600 1974 770 2031 ctum,
800 1965 1014 2018 videtur
1034 1964 1122 2016 illa
1153 1963 1411 2034 synodus,
1440 1970 1498 2016 ut
1540 1976 1646 2016 non
1676 1961 1851 2015 dicam
1883 1960 2075 2015 btercsi
2109 1975 2207 2015 co-

604 2058 861 2123 hibuisse,
905 2057 1108 2127 aliquid
1140 2067 1291 2112 certe
1330 2057 1509 2110 minus
1540 2055 1752 2122 fecisse,
1784 2054 1929 2124 quod
1968 2054 2208 2123 adjicere

524 2148 532 2155 ’
582 2151 689 2204 ηἰςιί
719 2150 983 2205 deberent
1012 2158 1173 2218 atque
1213 2149 1489 2218 supplere.
1522 2147 1723 2202 Beatus
1751 2154 1929 2201 autem
1977 2144 2108 2212 Leo,
2142 2144 2208 2197 ﬁ-

602 2241 740 2296 delis
781 2256 846 2295 ae
894 2239 1067 2295 fidens
1109 2247 1481 2310 propugnator
1508 2237 1785 2305 Ecclesiae,
1817 2245 1875 2292 et
1921 2237 2206 2292 breretico-

603 2348 718 2387 rum
750 2349 857 2389 non
890 2332 1046 2387 fictus
1074 2341 1166 2387 aut
1197 2332 1438 2402 trepidus
1482 2333 1841 2402 impugnator,
1875 2331 1952 2385 sic
1984 2331 2057 2385 ibi
2086 2345 2209 2384 esse

600 2427 728 2482 dicit
763 2427 945 2481 omnia
976 2424 1219 2488 definita,
1266 2436 1324 2479 ut
1369 2424 1506 2479 nihil
1534 2439 1720 2480 eorum
1751 2422 2073 2493 perfectioni
2104 2422 2207 2476 ad-

526 2570 529 2575 .
598 2517 688 2586 jici
730 2532 892 2587 posse
922 2517 1227 2572 confirmet.
1259 2514 1505 2585 Namque
1543 2531 1663 2571 eum
1720 2515 1911 2569 multis
1955 2523 2012 2569 et
2039 2515 2206 2569 variis

600 2611 1088 2666 machinationibus
1117 2610 1358 2679 ejusdem
1389 2608 1581 2680 synodi
1626 2607 2029 2671 auctoritatem,
2060 2605 2207 2661 sicut

598 2711 653 2756 et
674 2718 833 2769 nunc,
859 2701 1179 2773 Eutychiani
1224 2700 1517 2769 infringere
1533 2700 1618 2754 vel
1661 2700 1907 2755 minuere
1935 2714 2204 2754 conaren-

601 2807 705 2862 iur,
735 2802 790 2849 et
818 2810 938 2863 quae
968 2795 1038 2848 ibi
1067 2803 1203 2848 sunt
1224 2793 1475 2862 .judicata
1522 2792 1715 2846 discuti
1762 2798 2091 2859 qumrerent,
2144 2799 2207 2846 ut

599 2886 697 2941 sub
725 2892 991 2956 prmtextu
1021 2884 1377 2952 diligentioris
1402 2889 1684 2948 tractatus,
1716 2889 1810 2935 aut
1850 2880 2125 2936 emendari
2151 2882 2205 2936 in

599 2978 678 3035 eis
706 2977 981 3034 videretur
1006 2974 1207 3044 aliquid
1248 2983 1341 3028 aut
1372 2973 1611 3044 suppleri
1637 2990 1651 3026 :
1683 2972 1979 3043 prudenter
2003 2988 2070 3029 ac
2095 2974 2206 3030 for-

601 3071 729 3123 titer
755 3083 942 3123 eorum
974 3066 1178 3121 insidiis
1204 3065 1426 3133 restitit,
1475 3063 1643 3118 Leoni
1686 3063 1928 3132 Augusto
1958 3064 2033 3118 ita
2063 3064 2202 3118 scri-

601 3161 732 3215 bens
762 3158 956 3229 (Epist.
990 3156 1081 3225 88)
1112 3174 1124 3209 :

603 3260 895 3318 ranterque
936 3247 1212 3302 vitandum
1245 3245 1388 3317 quod
1435 3246 1582 3301 fraus
1610 3246 1863 3301 hzeretica
1892 3247 2082 3302 nititur
2108 3247 2209 3303 ob-

604 3344 795 3406 timre,
826 3355 926 3396 nee
956 3340 1010 3394 in
1052 3340 1286 3408 aliquam
1314 3338 1765 3409 disceptationem
1813 3340 1904 3411 pie
1950 3349 2007 3395 et
2046 3341 2208 3411 plene

602 3434 821 3489 definita
850 3432 1151 3488 revocanda
1199 3439 1347 3500 sunt,
1394 3445 1464 3486 ne
1493 3430 1560 3485 ad
1601 3430 1883 3486 arbitrium
1922 3431 2207 3488 damnato-

604 3542 719 3581 rum
751 3525 850 3596 ipsi
878 3526 945 3579 de
974 3524 1056 3579 his
1084 3522 1364 3577 videamur
1395 3522 1667 3590 ambigere
1696 3537 1817 3591 qua:
1862 3522 2205 3577 manifestum

603 3626 688 3670 est
716 3631 814 3686 per
842 3617 1020 3671 omnia
1068 3614 1405 3684 propheticis
1433 3621 1489 3668 et
1513 3613 1836 3681 cvangelicis
1864 3622 2029 3683 atque
2073 3629 2208 3684 apo-

603 3709 807 3763 stolicis
837 3707 1246 3762 auctoritatibus
1274 3721 1596 3762 consonare.
1614 3705 1768 3781 Unde
1791 3706 1834 3760 si
1854 3706 2087 3777 quisunt
2113 3710 2206 3776 qui

605 3802 674 3855 ab
701 3801 784 3855 bis
802 3815 922 3868 qum
949 3800 1162 3854 cmlitus
1205 3808 1335 3853 sunt
1384 3799 1675 3854 constituta
1706 3798 2050 3864 dissentiunt,
2093 3799 2205 3854 suis

568 3942 577 3949 .
603 3893 949 3963 opinionibus
977 3891 1373 3961 relinquantur,
1403 3900 1459 3944 et
1479 3890 1546 3943 ab
1568 3890 1776 3943 unitate
1806 3889 2061 3943 Ecclesia:
2083 3905 2203 3944 cum

602 3999 665 4036 ea
696 3997 857 4051 quam
881 3981 1161 4049 elegerunt
1187 3979 1545 4048 perversitate
1566 3979 1867 4033 discedant.
1894 3977 2029 4032 Nam
2052 3979 2203 4035 nullo

602 4074 761 4129 modo
792 4073 905 4127 fieri
938 4078 1115 4141 potest
1142 4079 1200 4123 ut
1228 4070 1320 4138 qui
1365 4066 1559 4122 divinis
1603 4067 1806 4122 audent
1833 4068 2205 4124 contradicere

601 4165 975 4230 sacramentis,
1033 4163 1211 4231 aliqua
1257 4161 1413 4215 nobis
1467 4160 1848 4215 communione
1903 4160 2199 4217 soeientur.

601 4258 811 4314 Jactent
854 4272 913 4311 se
942 4257 997 4310 in
1025 4255 1105 4310 sui
1137 4254 1335 4324 eloquii
1368 4254 1622 4314 vanitate,
1655 4261 1711 4307 ct
1752 4252 1819 4307 de
1859 4261 2203 4321 argumenta-

604 4357 809 4408 tionum
835 4367 1054 4405 suarum
1085 4350 1319 4405 versutia
1361 4364 1480 4417 quae
1526 4348 1741 4402 inimica
1771 4356 1854 4401 est
1897 4346 2040 4413 ﬁdei,
2088 4347 2205 4414 glo-

602 4448 831 4497 rientur.
870 4440 1039 4496 Nobis
1081 4442 1258 4509 placet
1287 4440 1599 4509 apostolicis
1643 4439 1866 4494 obedire
1899 4438 2199 4509 prteceptis,

2309 1873 2477 1927 tium:
2508 1870 2610 1926 Ubi
2650 1881 2777 1927 sunt
2818 1872 2908 1927 illa
2956 1872 3244 1943 magnifica
3290 1872 3454 1928 vestri
3482 1871 3660 1927 Leonis
3687 1872 3835 1935 verba,

2307 1965 2505 2032 quibus
2534 1963 2694 2018 nimis
2733 1978 2994 2033 arrogans
3019 1964 3259 2020 decretis
3284 1963 3473 2036 synodi
3493 1962 3835 2019 Chalcedonen-

2309 2055 2383 2110 sis
2419 2055 2619 2120 aiebat,
2675 2053 2941 2110 Perfectio
2980 2044 3396 2120 incrementum,
3440 2061 3495 2110 et
3541 2051 3837 2122 adjectionent

2311 2147 2596 2215 plenitudo
2635 2162 2743 2201 non
2787 2147 3013 2217 recipit?
3058 2146 3201 2202 Ecce
3241 2145 3541 2202 testimonio
3557 2152 3717 2199 vestro
3737 2157 3834 2196 con-

2311 2239 2543 2293 vincitur
2563 2239 2709 2308 quod
2731 2240 2783 2293 in
2802 2249 3034 2293 vacuum
3060 2237 3471 2311 ventosa‘verba
3482 2234 3710 2305 jactabat.
3734 2230 3837 2285 Nam

2309 2342 2429 2398 quae
2455 2331 2507 2383 in
2534 2330 2623 2383 illa
2652 2328 2860 2400 synodo
2881 2328 3122 2399 judicata
3148 2335 3297 2393 sunt,
3330 2326 3417 2382 vel
3434 2326 3479 2381 si
3511 2339 3607 2379 non
3632 2319 3836 2377 emenda-

2311 2424 2399 2481 tis.
2433 2431 2583 2477 certe
2628 2421 2892 2490 suppletis
2920 2428 3083 2489 atque
3118 2417 3399 2490 perﬁcitis,
3438 2425 3493 2473 et
3533 2414 3661 2487 quod
3693 2414 3736 2468 in
3775 2411 3837 2465 eis

2311 2530 2420 2568 non
2443 2513 2605 2568 fuerit
2631 2513 2721 2567 illa
2749 2527 2871 2582 qua:
2897 2511 3176 2567 dicebatur
3204 2510 3462 2581 perfectio
3495 2515 3547 2563 et
3591 2501 3834 2577 plenitudo,

2309 2608 2653 2673 monstratis;
2699 2620 2802 2661 nec
2855 2605 3085 2675 potestis
3120 2604 3349 2660 ulterius
3400 2603 3571 2659 dicere
3608 2597 3830 2670 quodnon

2308 2701 2505 2755 merito
2535 2715 2567 2754 a
2597 2707 2778 2754 vestra
2821 2696 3208 2753 communione
3245 2695 3594 2753 discessimus.
3618 2690 3689 2745 An
3717 2701 3831 2744 com-

2308 2792 2584 2846 municare
2605 2788 2890 2845 debuimus
2918 2787 2994 2842 illi
3044 2787 3277 2859 synodo,
3319 2787 3372 2842 in
3419 2800 3521 2857 qua
3558 2797 3665 2838 cum
3710 2775 3830 2832 [baca

2308 2883 2420 2938 suis
2473 2881 2883 2937 accusatoribus
2922 2879 3257 2950 objiceretur
3294 2878 3452 2948 impia
3500 2884 3553 2930 et
3578 2869 3830 2928 Nestorium

2309 2972 2557 3044 epistola,
2602 2972 2742 3027 sicut
2770 2986 2869 3027 vos
2917 2985 3134 3041 quoque
3179 2971 3313 3026 estis
3347 2966 3586 3030 confessi,
3614 2971 3663 3019 et
3691 2972 3830 3018 coram

2308 3064 2559 3124 omnibus
2586 3067 2877 3136 legeretur,
2924 3076 2984 3122 ut
3028 3067 3275 3123 dicamus
3299 3070 3320 3100 ³
3345 3065 3486 3136 quod
3512 3065 3686 3121 frustra
3707 3068 3830 3123 n68“

1164 3175 1181 3207 ι
1222 3154 1605 3210 Detestandum
1635 3154 1792 3208 nobis
1817 3161 1902 3209 est
1946 3168 2204 3223 perseve-
2228 3169 2275 3232 ί]
2307 3159 2425 3226 stis,
2453 3167 2510 3214 et
2537 3158 2844 3215 orthodoxa
2892 3161 3245 3229 pronuntiata
3286 3167 3388 3226 est,
3429 3171 3584 3228 quam
3605 3155 3650 3208 in
3671 3158 3830 3206 tantum

2310 3251 2581 3323 probastis
2622 3251 2789 3308 fuisse
2835 3252 3197 3307 damnandam
3227 3253 3267 3318 ³,
3300 3259 3362 3306 ut
3386 3263 3505 3327 sero
3543 3247 3604 3302 ad
3643 3248 3829 3298 nostram

2308 3344 2632 3399 sententiam
2662 3343 2952 3399 redeuntes
3002 3344 3165 3399 etiam
3205 3351 3329 3415 post
3355 3349 3561 3398 centum
3597 3335 3739 3391 ferme
3759 3342 3829 3382 an-

2308 3451 2429 3503 nos,
2459 3451 2568 3505 quo
2588 3450 2688 3489 vos
2720 3435 2788 3491 ab
2820 3435 2939 3505 ejus
2975 3435 3202 3491 crimine
3249 3432 3559 3505 purgaretis,
3588 3418 3829 3483 necessario

2307 3524 2878 3581 anathematizaudum
2908 3540 3028 3580 esse
3070 3525 3317 3581 vidistis?
3353 3523 3421 3579 Et
3441 3537 3544 3577 non
3569 3513 3825 3574 haecimme-

2306 3617 2414 3671 rito
2442 3616 2641 3672 dicent.
2669 3615 2913 3686 Namque
2936 3632 3060 3671 cum
3082 3617 3169 3672 isti
3192 3616 3427 3673 fautores
3449 3624 3638 3671 eorum,
3661 3619 3743 3660 nos
3762 3597 3827 3668 qui

2301 3707 2512 3777 judices
2560 3708 2614 3763 in
2643 3723 2806 3764 causa
2846 3724 2957 3763 non
3005 3708 3226 3778 fuimus,
3259 3724 3355 3779 per
3398 3697 3827 3762 condemnationem

2307 3799 2469 3869 hujus
2506 3800 2752 3870 epistola:
2799 3817 2832 3855 a
2879 3799 3206 3855 Nestoriano
3253 3799 3473 3855 crimine
3519 3789 3826 3864 judicaverunt

2307 3909 2429 3949 esse
2468 3894 2802 3965 purgandos,
2845 3899 3247 3962 consequenter
3284 3891 3402 3946 illos
3439 3888 3630 3950 Patres,
3654 3881 3700 3935 in
3728 3888 3825 3945 ‘lu0‘

2307 4001 2426 4041 rum
2459 3986 2697 4039 discussa
2714 3985 2944 4055 judicio,
2976 4000 3083 4039 non
3112 3983 3470 4039 condemnata
3490 3986 3585 4043 est,
3608 3975 3666 4029 ab
3682 3967 3825 4026 eodem

2308 4077 2533 4132 crimine
2554 4078 2935 4146 judicaverunt
2961 4092 3070 4132 non
3097 4091 3220 4132 esse
3241 4073 3554 4149 purgandos.
3577 4066 3697 4122 Ecce
3707 4055 3827 4129 ιιιιτίιθ

2285 4167 2671 4238 'praejudicium
2722 4168 2877 4223 nobis
2921 4166 3251 4236 quaesierunt
3279 4166 3555 4220 inducere:
3603 4168 3712 4212 ecce
3731 4160 3824 4216 quo-

2308 4258 2468 4314 modo
2492 4258 2783 4314 voluerunt
2807 4257 3066 4313 adversus
3087 4255 3385 4312 Ecclesiam
3413 4249 3745 4308 haereticorum
3761 4249 3823 4290 ca-

2307 4352 2537 4406 lumnias
2555 4352 2817 4407 roborare
2851 4353 2982 4421 :qui
3027 4366 3135 4407 non
3166 4352 3342 4407 solum
3380 4347 3519 4404 beati
3558 4339 3739 4402 Leonis,
3760 4344 3823 4421 ref

2307 4459 2424 4497 rum
2453 4444 2618 4498 etiam
2643 4443 2747 4498 illis
2784 4443 3028 4499 conciliis
3049 4452 3076 4481 ι
3105 4451 3375 4499 tantorum
3403 4439 3738 4510 epiSCOporum
3763 4417 3824 4472 vel

605 4534 947 4589 dicentibus:
1010 4531 1189 4585 Videte
1232 4548 1297 4584 ne
1323 4533 1435 4602 quis
1465 4548 1550 4584 vos
1580 4531 1803 4599 decipiat
1843 4546 1937 4597 per
1974 4528 2203 4598 philoso-
2236 4541 2282 4598 ι)
2308 4536 2553 4605 epistolis
2589 4536 2610 4567 ⁸
2651 4536 3007 4607 refragantur,
3036 4537 3090 4590 in
3136 4537 3334 4605 quibus
3363 4533 3428 4588 de
3474 4528 3736 4584 memorata

604 4629 785 4698 phiam
803 4636 854 4679 et
875 4625 1083 4679 inanem
1106 4624 1451 4677 seductioncm
1482 4623 1743 4676 hominum
1775 4619 1998 4689 (Coloss.
2035 4636 2090 4681 ιι,
2127 4619 2203 4690 8).

604 4719 738 4774 Nam
767 4716 1067 4774 secundum
1097 4715 1344 4771 eumdem
1377 4715 1681 4784 apostolum
1737 4712 1880 4782 (Cal.
1913 4728 1972 4777 ιι,
2018 4710 2128 4781 18),
2161 4712 2206 4767 si

607 4827 728 4880 qum
759 4809 1020 4874 destruxi,
1044 4809 1159 4863 haec
1185 4807 1416 4874 mdilico,
1446 4807 1917 4876 prmvarieatorem
1949 4819 2039 4859 me
2069 4819 2205 4858 con-

608 4904 800 4970 stituo,
831 4911 887 4958 et
914 4903 995 4958 cis
1018 4916 1106 4956 me
1132 4900 1397 4954 ultionum
1429 4898 1830 4954 conditionibus
1851 4896 2044 4961 subdo,
2072 4911 2210 4963 quas

679 5093 707 5120 ιι
756 5077 1010 5135 Omnium
1051 5079 1305 5135 videlicet
1345 5076 1748 5148 provinciarum
1788 5074 2044 5148 orientis,
2075 5087 2199 5148 quas

607 5153 803 5208 lentis
849 5151 979 5222 imp.
1007 5151 1159 5222 jussu
1199 5150 1253 5203 in
1298 5143 1781 5222 synodoscoacttc,
1807 5144 1876 5222 de
1912 5143 2200 5222 Timotb_e_o

606 5214 971 5278 Alexandrino
1008 5214 1067 5274 ct
1099 5221 1167 5275 de
1194 5214 1402 5292 synodo
1426 5215 1876 5292 _Cbal_cedonen_si,
1902 5230 2064 5292 quam
2110 5214 2203 5292 Ti-

606 5294 880 5348 motheaui
906 5285 1276 5361 "respuebant,
1315 5288 1443 5356 quid
1481 5285 1968 5361 sen_tire_nt_Leoni
2004 5287 2199 5361 rescri-

607 5371 849 5440 pserunt:
879 5356 1111 5417 Exstant
1137 5361 1468 5428 singularum
1501 5357 1743 5440 epistolae
1764 5357 1820 5440 in
1851 5370 2014 5437 unum
2051 5356 2200 5440 eodi:

608 5425 725 5486 (em
754 5431 1010 5500 redactae,
1042 5439 1169 5502 post
1197 5425 1262 5485 ac
1288 5446 1319 5485 a
1356 5425 1551 5501 synodi
1587 5425 2065 5490 Chalcedonensis,
2105 5425 2194 5494 qui

684 5607 697 5636 '
740 5602 875 5659 Cod.
900 5604 1126 5668 ναι-οη..
1158 5605 1324 5660 nobis.

681 5676 702 5707 ’⁸
742 5673 884 5728 Idem
917 5676 1064 5741 cod.,
1094 5693 1197 5730 non
1220 5677 1472 5728 dicamus.

684 5744 704 5775 ³
744 5742 885 5814 Idem
917 5745 1065 5810 cod.,
1098 5757 1146 5799 et
1200 5746 1492 5799 orthodoxa
1543 5744 1891 5814 pronuntiata,
1934 5744 2032 5808 est,
2073 5748 2206 5793 certe

610 5813 928 5871 convincitur
955 5832 1066 5871 esse
1102 5818 1371 5871 damnata.

2310 4602 2453 4682 nodo
2505 4602 2841 4696 interrogati,
2889 4626 3057 4682 Leoni
3101 4602 3331 4697 principi
3385 4617 3737 4693 responderunt
3761 4602 3821 4660 di-

2308 4725 2495 4773 centes
2528 4736 2541 4771 :
2574 4737 2592 4770 ι
2630 4717 2816 4788 Neque
2855 4732 3019 4771 unum
3043 4716 3152 4772 iota
3180 4716 3268 4770 vel
3308 4726 3469 4769 unum
3514 4706 3698 4777 apicem
3730 4705 3823 4764 Ρ⁰⁵⁴

2309 4823 2494 4863 sumus
2534 4816 2630 4863 aut
2672 4802 3021 4864 commovere
3059 4814 3155 4861 aut
3181 4811 3508 4860 commutare
3542 4804 3704 4883 eorum
3730 4795 3822 4883 (ξυπξ

2312 4897 2457 4968 apud
2497 4898 2645 4953 illam
2672 4896 2902 4952 difﬁnita
2923 4904 3049 4952 sunt
3081 4913 3094 4949 :
3134 4914 3154 4948 ι
3209 4903 3267 4949 et
3294 4894 3522 4949 iterum:
3548 4905 3567 4938 ι
3614 4880 3823 4948 Quonim”

2307 5077 2479 5150 codex
2502 5079 2776 5149 encyclios
2797 5079 2992 5135 dicitur
3017 5070 3159 5150 apud
3180 5076 3570 5150 Cassiodorum.
3584 5064 3823 5150 ,ςυᾷυῇξῇ

2306 5156 2431 5219 gatu
2463 5149 2515 5202 in
2547 5134 2791 5204 Latinam
2822 5134 3066 5219 linguani
3089 5134 3379 5219 conversus
3397 5154 3480 5219 est
3497 5143 3559 5219 ξιι)
3582 5134 3827 5219 Ερίρῆῗξξξῗ

2306 5212 2654 5274 scholastico.
2699 5220 2829 5285 Quae
2854 5212 2985 5275 νει-ο
3024 5236 3054 5273 a
3093 5218 3346 5274 Facundo
3395 5212 3774 5285 laudantur..vel;

2306 5299 2432 5343 sunt
2454 5290 2647 5359 partim
2679 5265 2983 5345 Provinciis;
3006 5265 3233 5357 Europae
3271 5284 3538 5359 num.__27.
3570 5274 3734 5359 Par'jf,"
3759 5265 3827 5318 5"

2306 5340 2541 5414 nasia
2559 5340 2810 5432 Episcopi
2826 5340 3393 5417 peragrantes
3414 5354 3475 5412 ll.
3507 5340 3641 5407 nuiu.
3665 5340 3738 5397 30-

2387 5598 2410 5671 f
2449 5600 2771 5671 .dcni_cod.,
2815 5600 2920 5654 illis
2957 5601 3200 5671 encycliu
3249 5603 3499 5671 tantorum
3528 5587 3816 5671 φῖξτῩΡῗῖξξΜ

2314 5669 2567 5738 epistolis.
2612 5653 2934 5724 Memoratas
2963 5653 3215 5739 epistolas
3259 5668 3327 5722 ab
3361 5662 3499 5739 omni
3547 5653 3811 5739 fluuii”;

2312 5724 2758 5810 q'uitatevocatas
2798 5739 2957 5794 fuisse
2998 5724 3251 5810 Euryclia,
3297 5733 3517 5792 ostendit
3551 5724 3757 5780 Halmius
3778 5726 3814 5763 ut

2317 5807 2469 5863 Nora
2500 5808 2712 5864 Collect.
2740 5811 2923 5864 concif.
