4114 6472
225 307 330 364 577

1123 305 1257 360 τ’Πο
1290 302 1706 360 DEFENSIONE
1738 301 1952 358 TRIUM
1997 302 2312 358 CAPITUL.
2360 302 2486 358 Llll.
2531 303 2591 356 ll.

3422 301 3524 355 573

220 423 365 477 sicut
394 419 498 478 soli
547 419 678 475 nihil
709 420 886 476 minus
923 431 1002 477 est
1052 421 1121 476 ad
1151 421 1656 484 demonstrandum,
1696 421 1821 489 quia
1854 425 1900 483 Λ
1930 436 2063 484 rem,
2103 437 2208 474 non
2239 421 2390 490 quasi
2411 421 2587 475 dubiis
2612 421 2664 474 in
2688 422 3072 491 quaestionibus
3108 433 3476 493 exspeCtainus
3503 425 3524 456 ⁸

218 513 302 568 sel
333 519 419 568 est
445 529 460 565 :
485 511 564 566 sic
590 519 646 566 et
682 526 910 580 magnae,
952 521 1008 566 et
1061 522 1282 578 sancta),
1327 521 1384 566 ct
1426 512 1713 566 universali
1741 529 1829 583 sy-

220 603 368 656 nodo
398 598 852 666 Chalcedonensi,
904 602 1083 656 minus
1117 601 1334 670 quidem
1390 601 1655 655 bonorum
1697 600 1828 655 nihil

217 691 445 746 omnino
475 697 579 756 est,
604 705 781 760 neque
808 690 1180 746 additamento
1227 692 1408 760 aliquo
1439 701 1584 759 eget,
1647 709 1827 761 neque

219 779 587 845 detractione,
616 781 686 834 ab
729 779 939 849 Spiritu
968 790 1158 836 sancto
1193 782 1354 835 veluti
1380 781 1562 835 divino
1593 784 1825 850 quodam

221 871 337 925 sale
376 870 613 926 condita.
647 869 860 925 Etenim
888 872 978 941 qui
1010 872 1064 924 in
1096 887 1158 926 ea
1190 881 1315 926 tunc
1344 874 1358 903 ¹
1402 872 1646 927 damnati
1682 880 1824 937 sunt,

219 961 431 1030 indigni
459 960 808 1018 sacerdotalis
838 962 1040 1018 ordinis
1063 961 1308 1030 judicati,
1346 963 1566 1018 decreto
1594 979 1658 1018 ac
1683 963 1826 1030 judi-

219 1059 308 1110 cio
343 1056 524 1124 magni
552 1055 666 1118 Dei,
717 1055 866 1110 velut
921 1055 1068 1125 impii
1127 1055 1471 1110 condemnati
1518 1065 1661 1110 sunt.
1723 1056 1826 1121 Qui

223 1163 355 1200 vero
397 1148 450 1200 in
471 1161 535 1201 ea
583 1147 785 1215 recepti
812 1155 955 1210 sunt,
999 1145 1252 1214 injustam
1280 1154 1336 1200 et
1367 1146 1700 1214 tyrannicam
1732 1162 1828 1198 an-

224 1249 312 1292 tea
339 1239 663 1293 sustinentes
693 1239 1119 1308 inscriptionem,
1146 1237 1430 1293 confestim
1463 1237 1687 1292 decreto
1712 1238 1828 1307 Spi-

223 1334 364 1386 ritus
403 1331 574 1387 sancti
592 1331 738 1401 juste
789 1331 1025 1401 suscepti
1077 1338 1250 1386 sunt:
1299 1331 1350 1384 in
1398 1330 1592 1398 quibus
1640 1338 1722 1383 est
1775 1338 1830 1382 et

224 1430 536 1476 nostrorum
578 1430 882 1492 temporum
922 1421 1188 1477 secundus
1221 1421 1375 1487 Abel,
1400 1422 1590 1476 beatus
1613 1421 1826 1474 Flavia-

225 1527 347 1566 nus.
397 1530 416 1561 ι
480 1511 672 1565 Dicunt
714 1519 770 1566 et
823 1512 926 1566 alia
975 1513 1162 1577 multa,
1217 1527 1338 1581 quae
1393 1527 1828 1566 commemorare

226 1602 545 1672 perlongum
566 1612 667 1658 est.
700 1603 983 1670 Quomodo
1011 1606 1172 1673 igitur
1194 1605 1570 1659 haereticorum
1597 1605 1827 1674 compli-

225 1710 319 1750 ces
357 1696 668 1764 recipimus,
721 1712 861 1751 nova
890 1706 945 1751 et
989 1699 1260 1753 contraria
1288 1698 1666 1763 decernentes,
1708 1707 1828 1751 tan-

225 1785 602 1852 quamminus
650 1786 898 1854 religioni
925 1789 1230 1842 consultum
1273 1786 1435 1842 fuerit
1475 1789 1526 1841 in
1579 1789 1662 1842 his
1709 1803 1827 1857 quae

226 1874 452 1930 deﬁnita
482 1883 608 1930 sunt
656 1877 724 1930 ab
779 1877 868 1931 illa
920 1879 1148 1949 synodo,
1208 1894 1329 1933 cum
1386 1879 1594 1946 antiqui
1639 1876 1826 1933 Patres

228 1981 395 2021 unum
425 1965 537 2020 iota
589 1967 673 2022 vel
699 1983 862 2022 unum
912 1970 1120 2038 apicem
1152 1985 1210 2024 se
1241 1971 1292 2023 in
1335 1969 1412 2025 eis
1453 1984 1671 2023 movere
1719 1985 1825 2023 non

227 2071 390 2126 posse
418 2057 803 2126 pronuntient?
852 2069 948 2114 aut
983 2059 1110 2127 quid
1159 2069 1410 2128 putamus
1438 2057 1686 2128 profecto
1725 2057 1825 2112 soli

229 2155 285 2202 et
303 2155 422 2203 toto
447 2148 646 2203 mundo
675 2149 908 2204 radianti
937 2150 1146 2214 deesse,
1195 2150 1339 2218 quod
1387 2149 1827 2204 debeatistorum

229 2237 537 2307 adjectione
575 2240 848 2308 suppleri;
893 2241 987 2309 qui
1016 2242 1154 2296 sicut
1199 2241 1614 2309 insolerabilem
1647 2241 1831 2310 splen-

229 2326 417 2381 dorem
441 2326 556 2395 ejus
585 2327 779 2382 frustra
809 2330 1102 2384 obscurare
1127 2339 1413 2396 conantur,
1446 2330 1518 2384 ita
1542 2331 1675 2384 nihil
1705 2347 1828 2400 pos-

224 2423 354 2470 sunt
379 2416 701 2486 plenitudini
742 2418 860 2488 ejus
886 2419 1157 2487 adjicere?

836 2529 1066 2586 CAPUT
1121 2531 1182 2585 Vl

233 2617 385 2692 Quod
433 2623 632 2688 frustra
683 2621 860 2691 Vigitii
917 2639 1068 2691 papa:
1107 2639 1406 2692 responsum
1454 2635 1746 2686 erspectare
1777 2642 1830 2678 se

300 2691 495 2754 dicant,
525 2708 608 2759 qui
641 2709 678 2774 ιι
725 2693 904 2747 Leonis
935 2691 1212 2748 decessoris
1241 2697 1321 2747 sui
1359 2695 1581 2763 vestigiis
1615 2697 1826 2748 minime

310 2776 605 2814 recessurus
633 2773 719 2816 ειι.

300 2869 366 2924 Ει
401 2871 577 2926 adhuc
601 2872 788 2927 dicunt
815 2873 960 2942 quod
989 2873 1056 2927 de
1109 2881 1254 2927 tanta
1287 2888 1383 2928 sua
1413 2876 1830 2944 praesumptione

230 2959 526 3016 Ecclesiam
612 2976 831 3030 quoque
895 2962 1194 3017 Romanam
1279 2965 1689 3030 consuluerint,
1773 2975 1830 3020 et

230 3067 376 3106 nunc
411 3052 732 3106 sententiam
773 3053 917 3107 beati
956 3053 1130 3122 Vigilii
1174 3056 1411 3124 praesulis
1469 3055 1584 3124 ejus
1632 3072 1828 3126 exspe-

1925 511 2183 580 judicem,
2211 511 2304 565 sed
2328 513 2639 567 certissimae
2668 512 3112 581 transgressionis
3149 521 3526 582 exspectemus

1933 602 2210 656 ultorem?
2236 602 2329 656 Illa
2370 604 2569 672 quippe
2618 604 2903 673 multiplex
2930 613 2984 657 et
3024 610 3206 673 aperta
3236 603 3526 672 prohibitio

1929 691 2231 746 decessoris
2261 692 2394 760 ejus,
2427 693 2564 746 sicut
2593 692 3093 760 pnevaricatoribus
3122 691 3324 746 crinzen
3354 692 3524 755 auxit,

1932 784 2005 838 ita
2033 784 2166 838 nihil
2189 783 2503 852 cujusquam
2526 783 2730 852 judicio
2759 783 3066 852 dereliquit.
3097 783 3196 837 Cui
3226 785 3368 838 enim
3413 799 3527 836 ma-

1929 875 2010 943 gis
2041 875 2227 940 alteri,
2271 890 2432 944 quam
2460 873 2658 940 Leoni,
2691 874 2882 928 liceret
2912 890 3009 943 pro
3039 874 3200 927 tantis
3230 873 3524 939 laboribus,

1929 980 2064 1032 quos
2090 972 2312 1034 propter
2341 974 2692 1019 memoratam
2715 965 2977 1035 synodum
2997 964 3527 1033 perseverantissimo

1933 1055 2128 1108 virtute
2156 1055 2436 1119 sustinuit,
2481 1055 2681 1122 aliquid
2729 1054 2780 1107 in
2829 1054 2912 1106 his
2953 1069 3074 1123 quae
3121 1055 3188 1107 ab
3219 1069 3282 1107 ea
3309 1053 3526 1107 decreta

1928 1152 2054 1197 sunt
2080 1145 2410 1197 retractare?
2448 1142 2554 1196 Sed
2583 1142 2724 1196 absit
2757 1150 2813 1196 ut
2843 1143 2932 1196 ille
2957 1143 3036 1195 vir
3075 1151 3295 1197 sanctus
3321 1142 3526 1195 licitum

1929 1232 2029 1286 sibi
2073 1240 2286 1301 putaret
2319 1231 2462 1300 quod
2489 1246 2598 1284 non
2639 1229 2894 1299 expedire
2933 1230 3209 1294 cernebat,
3257 1239 3311 1284 et
3351 1231 3529 1299 magni

1930 1323 2012 1377 sui
2055 1321 2365 1377 certaminis
2394 1321 2648 1391 palmam,
2700 1330 2983 1389 postquam
3036 1321 3184 1386 vicit,
3237 1321 3525 1374 amitteret.

1931 1413 2066 1480 Quid
2105 1415 2245 1468 enim
2293 1413 2406 1481 jam
2449 1413 2737 1480 integrmn,
2781 1412 2863 1466 vel
2907 1411 3038 1481 quid
3082 1421 3332 1468 constare
3363 1414 3528 1480 possit

1932 1505 2236 1568 immobile,
2297 1505 2340 1559 si
2372 1505 2505 1558 tanti
2553 1504 2764 1558 concilii
2805 1504 3104 1571 sententia,
3148 1503 3230 1556 vel
3259 1504 3395 1557 sicut
3429 1504 3528 1554 im-

1931 1595 2163 1665 perfecta
2217 1596 2484 1665 suppleri,
2540 1595 2624 1649 vel
2675 1596 2812 1648 sicut
2865 1595 3025 1648 dubia
3075 1610 3286 1648 rursum
3336 1594 3528 1648 ἀίδρυιί

1931 1687 2251 1741 videretur?
2309 1687 2424 1742 Non
2493 1696 2673 1741 autem
2747 1689 2800 1740 in
2878 1687 2992 1741 sola
3061 1687 3183 1742 fidei
3239 1686 3528 1740 dubitatio-

1859 1811 1904 1870 Β
1934 1795 2021 1842 ne,
2073 1780 2160 1832 vel
2200 1780 2220 1810 ³
2256 1777 2568 1832 definitione
2624 1779 2976 1833 conciliorum
3021 1779 3168 1834 valet
3213 1779 3527 1842 auctoritas,

1930 1883 2117 1922 verum
2157 1869 2320 1922 etiam
2363 1869 2414 1921 in
2453 1869 2702 1922 omnibus
2745 1884 2864 1938 quae
2894 1885 2992 1937 pro
3036 1870 3185 1938 pacis
3227 1880 3283 1922 et
3311 1870 3528 1923 unitatis

1930 1956 2292 2021 observantia,
2337 1957 2490 2025 cujus
2518 1959 2752 2012 maxima
2777 1959 3111 2027 sapientibus
3132 1959 3260 2013 Cura
3287 1969 3385 2023 est,
3415 1977 3528 2012 tuo-

1929 2044 2082 2099 destc
2106 2045 2176 2099 ibi
2197 2043 2393 2100 fuerint
2415 2062 2478 2100 ac
2502 2047 2638 2102 bene
2658 2049 2980 2118 composita.
2999 2048 3134 2104 llinc
3154 2063 3283 2117 ergo
3307 2065 3490 2103 rursus
3509 2052 3529 2081 "

1931 2151 2180 2204 agnosce,
2211 2138 2446 2206 Auguste
2473 2154 2537 2193 ac
2565 2140 2889 2194 venerabilis
2911 2142 3228 2209 imperator,
3275 2144 3328 2195 in
3354 2157 3527 2210 quau-

1932 2237 2042 2282 tum
2074 2228 2238 2282 totius
2267 2229 2448 2282 mundi
2493 2230 2798 2297 praesidium
2847 2230 3023 2283 divina
3073 2231 3145 2284 sis
3189 2231 3529 2288 Providentia

1931 2329 2290 2388 praeparatus;
2323 2329 2376 2373 et
2425 2320 2551 2388 quid
2583 2321 2766 2374 auxilii
2817 2323 2975 2374 matri
3009 2330 3112 2375 tuae
3141 2320 3394 2377 Ecclesiae
3441 2326 3530 2376 de-

1930 2412 2085 2471 bcas.
2117 2426 2234 2479 quae
2266 2420 2316 2466 te
2355 2411 2464 2466 filio
2505 2413 2738 2466 maxime
2779 2413 3060 2480 gloriatur,
3104 2413 3360 2482 intellige.
3414 2415 3529 2468 Non

1931 2503 2195 2564 sinantur,
2226 2511 2414 2557 contra
2455 2501 2690 2557 dexterae
2731 2505 3116 2572 omnipotentis
3165 2505 3527 2576 triumphum,

1930 2593 2182 2648 redivivis
2204 2607 2488 2661 assurgere
2516 2594 2754 2648 motibus
2775 2597 3038 2649 exstincta
3066 2598 3382 2659 certamina,
3404 2613 3530 2666 przr.

1929 2685 2116 2738 sertim
2145 2700 2262 2738 cum
2297 2684 2346 2738 id
2375 2685 2642 2740 damnatis
2667 2684 2779 2755 jam
2802 2687 2998 2740 dudum
3032 2687 3408 2742 haereticorum
3436 2704 3530 2740 au-

1929 2776 2078 2830 sibus
2106 2779 2326 2831 omnino
2355 2791 2462 2832 non
2496 2779 2671 2844 liceat,
2707 2788 2761 2834 et
2784 2780 2870 2834 hic
2897 2779 3101 2834 fructus
3124 2781 3227 2850 piis
3258 2782 3530 2836 laboribus

1931 2869 2210 2934 debeatur,
2247 2879 2304 2924 ut
2326 2870 2502 2924 omnis
2525 2871 2774 2926 Ecclesiae
2798 2872 3074 2940 plenitudo
3099 2871 3149 2925 in
3175 2887 3286 2926 suae
3311 2873 3529 2926 unitatis

1929 2960 2199 3014 soliditate
2221 2976 2408 3014 secura
2435 2971 2767 3030 permaneat,
2799 2962 3035 3031 nihilque
3058 2979 3279 3032 prorsus
3301 2963 3368 3016 de
3390 2964 3529 3016 bene

1930 3052 2243 3119 compositis
2275 3061 2618 3116 retractetur,
2664 3054 2786 3120 quia
2819 3053 2965 3122 prius
2997 3054 3261 3123 legitimas
3289 3056 3329 3119 ⁵,
3358 3064 3414 3108 et
3442 3055 3528 3108 di-

228 3151 399 3200 ctent.
452 3142 529 3196 De
578 3158 688 3211 quo
743 3144 872 3212 quid
927 3146 1163 3198 sentiant
1210 3145 1368 3214 hujus
1417 3147 1678 3216 temporis
1725 3148 1897 3232 no-6
1932 3141 2127 3194 vinitus
2156 3141 2442 3210 inspiratas
2480 3143 2897 3198 constitutiones
2927 3144 3064 3197 vclle
3087 3144 3397 3212 conﬂigere,
3425 3162 3528 3200 non

228 3235 425 3299 mines,
461 3245 521 3290 ut
558 3251 682 3290 eum
715 3245 921 3290 tantum
969 3236 1120 3292 nefas
1149 3239 1373 3294 delinire
1418 3249 1825 3310 praesumerent,

229 3327 374 3394 quod
408 3326 476 3380 ab
505 3327 808 3383 intentione
840 3329 982 3382 beati
1017 3329 1230 3394 Leonis,
1267 3332 1368 3386 sub
1403 3333 1566 3386 tantis
1593 3332 1708 3400 ejus
1735 3333 1830 3386 de-

228 3418 553 3479 cessoribus,
595 3435 702 3473 non
742 3420 809 3473 ad
848 3421 899 3474 id
939 3430 1153 3491 tempus
1195 3429 1458 3478 tentatum
1499 3433 1600 3488 est,
1640 3425 1831 3494 procul

228 3511 394 3564 dubio
417 3511 664 3575 intelligit
687 3519 742 3565 et
763 3512 876 3582 ipse
901 3513 983 3566 vir
1010 3513 1263 3582 prudens.
1293 3515 1427 3568 Nam
1450 3516 1569 3583 quis
1592 3516 1695 3569 hoc
1723 3529 1828 3570 non

229 3600 494 3668 intelligat
537 3602 621 3654 vel
656 3601 1009 3670 imprudens?
1038 3603 1091 3657 Si
1141 3604 1306 3670 enim,
1343 3613 1402 3658 ut
1431 3605 1637 3669 dicunt,
1666 3607 1830 3660 etiam

230 3691 516 3744 consulere
549 3691 674 3744 hinc
709 3691 855 3745 illum
889 3693 1004 3746 ausi
1027 3702 1172 3761 sunt,
1203 3702 1259 3748 et
1287 3693 1401 3763 ejus
1430 3703 1750 3763 exspectant
1777 3695 1831 3750 in

233 3782 337 3835 hac
364 3796 523 3836 causa
543 3781 841 3850 judicium,
883 3798 990 3836 non
1033 3785 1190 3838 video
1237 3785 1693 3853 quemadmodum
1718 3786 1830 3853 jam

232 3875 302 3926 ab
330 3871 406 3927 eis
434 3873 500 3926 de
525 3873 644 3942 ipso
674 3890 780 3928 non
806 3873 1296 3942 fueritjudicatum.
1328 3875 1525 3930 Verum
1548 3877 1832 3946 experien-

232 3971 323 4019 tur
350 3973 609 4034 quantum
639 3965 760 4020 illos
793 3966 1048 4035 suspicio
1075 3981 1171 4021 sua
1203 3967 1469 4022 fefellerit.
1513 3967 1650 4034 Quia
1706 3969 1828 4035 ille,

235 4073 348 4112 non
379 4057 433 4112 in
463 4058 884 4132 destructionem
927 4068 1168 4128 paternae
1195 4061 1504 4128 sententiae,
1531 4060 1624 4116 sed
1650 4062 1832 4130 potius

232 4148 288 4202 in
339 4147 708 4203 defensionem
760 4157 922 4218 atque
959 4150 1250 4214 ultionem,
1283 4151 1511 4220 primam
1541 4152 1751 4220 accepit
1779 4159 1834 4206 et

231 4239 524 4292 maximam
548 4247 870 4308 potestatem
890 4248 948 4306 tt;
974 4255 1073 4295 nec
1093 4241 1291 4310 aliquid
1316 4250 1502 4296 contra
1523 4243 1829 4303 veritatem,

231 4329 328 4385 sed
374 4345 473 4399 pro
514 4331 741 4385 veritate
788 4331 907 4400 plus
955 4331 1166 4386 caeteris
1208 4332 1318 4386 suis
1359 4331 1834 4386 consacerdotibus

233 4427 434 4490 potest.
465 4419 664 4476 Paulus
692 4421 835 4477 enim
885 4422 1014 4477 dicit
1043 4422 1323 4492 apostolus
1350 4440 1362 4475 :
1395 4421 1519 4476 Non
1550 4425 1686 4476 enim
1715 4440 1835 4492 pos-

233 4531 410 4570 sumus
437 4515 632 4587 aliquid
658 4515 906 4570 adversus
945 4517 1232 4579 veritatem,
1264 4516 1356 4569 sed
1382 4533 1476 4586 pro
1507 4497 1720 4568 veritate
1743 4513 1832 4584 (ΙΙ

233 4605 358 4662 Cor.
392 4622 502 4670 xm,
536 4605 614 4674 8).
645 4605 779 4673 Quid
824 4613 1005 4660 autem
1051 4607 1298 4661 relictum
1351 4617 1435 4661 est
1471 4607 1615 4676 quod
1645 4605 1712 4661 de
1741 4621 1833 4660 re-

233 4697 532 4768 sponsione
565 4696 792 4750 Romani
816 4688 1053 4766 episcopi
1081 4707 1316 4767 sperent,
1344 4714 1465 4752 cum
1496 4699 1568 4752 ita
1593 4699 1705 4766 jam
1733 4697 1833 4750 du-

228 4790 362 4842 dum
394 4787 681 4858 prazdictus
701 4789 1026 4842 venerabilis
1059 4788 1190 4858 Leo,
1210 4790 1618 4844 vehementibus
1644 4798 1698 4843 et
1718 4803 1838 4844 crc-

229 4881 348 4936 hris
377 4881 597 4936 omnino
629 4881 913 4935 sententiis
944 4896 1207 4936 coercens
1250 4883 1464 4937 illicitos
1494 4897 1675 4945 ausus,
1704 4881 1834 4934 insi-

230 4970 404 5026 diosis
442 4972 736 5026 prudenter
773 4971 1094 5056 occurrerit,
1127 4983 1185 5026 ut
1226 4988 1366 5026 nunc
1407 4973 1524 5026 eius
1553 4987 1834 5027 successo-

333 5153 350 5173 '
373 5143 542 5212 Quam
567 5151 917 5218 principatum
935 5151 1191 5218 generalis
1217 5151 1463 5206 Ecclesia:
1484 5151 1619 5206 dixit
1645 5151 1832 5205 Avitus

232 5215 640 5292 Viennensisjn
667 5215 899 5292 epistola
920 5215 988 5276 de
1015 5222 1321 5292 Symmachi
1352 5238 1504 5291 papae
1528 5222 1734 5290 judicio
1763 5221 1832 5274 ad

231 5301 520 5343 senatores
553 5287 726 5346 Urbis.
753 5291 828 5347 De
848 5308 916 5348 eo
940 5287 1118 5348 autem
1141 5292 1287 5360 quod
1310 5287 1486 5362 Vigilii
1511 5287 1832 5348 sententiam

315 5465 330 5495 ¹
359 5460 506 5536 _de.
537 5462 765 5536 Veron.,
791 5465 1070 5519 secundum
1096 5474 1316 5536 tempus.

313 5537 331 5566 θ
359 5532 506 5604 idem
536 5535 682 5600 cod.,
713 5545 1082 5604 exspectemus.

314 5605 334 5635 ³
364 5603 421 5658 In
443 5604 633 5658 eodem
676 5603 1024 5660 cod.’desunt
1051 5620 1114 5659 ea
1154 5606 1315 5659 verba
1355 5605 1700 5667 dubitatione,
1733 5606 1826 5658 vel.

313 5675 334 5706 ⁸
364 5673 508 5728 idem
526 5673 676 5742 cod.,
707 5675 824 5727 hinc
851 5672 1037 5729 Leonis
1066 5692 1244 5728 rursus
1276 5675 1457 5745 (forte,
1482 5676 1678 5742 verba).
1697 5675 1833 5745 Quae

239 5760 409 5814 porro
436 5745 598 5798 verba
627 5753 944 5814 sequuntur,
978 5746 1185 5800 lineolis
1213 5743 1471 5799 notantur
1501 5746 1660 5798 veluti
1694 5743 1833 5798 Leo-

245 5813 332 5872 nis
359 5816 414 5870 in
441 5822 631 5870 nostro
652 5813 838 5872 codice
869 5832 882 5868 :
916 5814 1210 5886 eademque
1241 5816 1462 5872 totidem
1494 5815 1759 5870 habentur
1780 5815 1834 5868 in

1936 3232 2148 3302 pacifici
2178 3245 2263 3288 est
2303 3235 2504 3302 animi,
2551 3236 2646 3290 sed
2691 3237 2934 3303 rebellis,
2967 3237 3179 3292 dicente
3219 3239 3478 3307 Apostolo
3515 3257 3526 3291 :

1946 3320 2124 3375 Verbis
2155 3325 2289 3375 enim
2321 3325 2632 3378 contendere
2661 3327 2730 3377 ad
2759 3326 2889 3378 nihil
2916 3338 2990 3378 est
3018 3328 3166 3394 utile,
3198 3330 3298 3380 nisi
3327 3329 3396 3380 ad
3424 3328 3531 3381 sub-

1933 3415 2214 3466 rersionem
2241 3415 2560 3468 audientium
2581 3415 2798 3482 (llTim.
2833 3434 2868 3480 t,
2905 3418 3016 3486 lli).
3049 3418 3182 3472 Nam
3210 3420 3254 3474 si
3285 3421 3531 3473 humanis

1934 3505 2371 3573 persuasionibus
2400 3522 2615 3576 semper
2651 3510 2958 3578 disceptare
2989 3511 3058 3564 sit
3089 3512 3312 3564 liberum
3334 3554 3347 3577 ,
3392 3529 3532 3565 nun-

1934 3610 2092 3663 quam
2116 3596 2304 3651 deesse
2335 3606 2608 3665 poterunt,
2634 3599 2725 3667 qui
2755 3601 2965 3653 veritati
2992 3603 3222 3655 audeant
3248 3605 3530 3660 result-are.

1935 3686 2002 3740 Et
2032 3703 2216 3741 revera
2247 3689 2368 3756 quis
2417 3689 2520 3740 erit
2548 3691 2841 3742 contentio.
2868 3707 2955 3743 um
2988 3700 3151 3758 atque
3181 3696 3531 3747 certaminum

1936 3779 2072 3843 linis,
2123 3781 2165 3834 si
2197 3779 2264 3833 de
2295 3781 2375 3834 his
2403 3795 2524 3848 quae
2572 3782 2735 3835 totius
2767 3781 3018 3836 Ecclesiae
3049 3785 3408 3838 consensione
3442 3787 3530 3836 lii--

1935 3879 2080 3923 mata
2127 3878 2254 3925 sunt
2295 3873 2462 3925 semel
2494 3873 2704 3927 licuerit
2746 3875 2886 3927 ferre
2929 3873 3224 3941 judicium?
3253 3875 3360 3930 Cur
3388 3879 3530 3931 enim

1937 3977 2044 4015 non
2074 3978 2259 4017 rursus
2279 3971 2334 4016 et
2354 3961 2528 4031 ipsum
2554 3963 2813 4030 judicium
2840 3964 3144 4032 judicetur?
3174 3964 3241 4019 Et
3261 3967 3383 4021 ideo
3408 3984 3530 4036 prun
3601 4017 3608 4023 .

1935 4051 2284 4104 dentissimus
2333 4052 2433 4116 vir,
2484 4052 2685 4106 nullam
2733 4054 2950 4124 penitus
3005 4055 3138 4108 dans
3189 4057 3530 4111 occasionem

1935 4142 2328 4209 quaerentibus,
2359 4142 2710 4196 denuntiabat
2743 4145 2928 4198 dicens
2973 4163 2985 4197 :
3032 4137 3174 4199 Nihil
3218 4163 3438 4215 prorsus
3469 4150 3532 4201 de

1935 4235 2075 4290 bene
2103 4234 2418 4302 compositis
2445 4243 2788 4288 retractetur.
2835 4235 2975 4303 Ergo
3002 4237 3046 4292 si
3090 4239 3241 4303 nihil,
3277 4255 3375 4292 nec
3407 4240 3531 4292 il!ul

1934 4326 2077 4394 quod
2099 4340 2319 4395 parvum
2365 4333 2584 4393 putatur
2609 4325 2842 4379 admisit.
2870 4326 2936 4381 Et
2965 4336 3142 4383 tamen
3180 4327 3265 4383 isti
3295 4329 3386 4398 qui
3421 4329 3526 4382 lto-

1935 4433 2155 4473 manum
2195 4417 2496 4470 antistitem
2528 4415 2845 4486 impugnare
2887 4433 3046 4486 posse
3075 4421 3316 4490 praeclari
3347 4422 3530 4475 deces-

1935 4511 2076 4565 soris
2104 4509 2182 4563 sui
2204 4507 2524 4561 sententiam
2545 4517 2784 4576 sperant,
2809 4509 3108 4576 gloriantur
3131 4511 3456 4567 offensiones
3479 4529 3536 4568 se

1937 4603 2005 4656 de
2028 4601 2115 4654 illa
2156 4599 2362 4671 synodo
2392 4600 2693 4668 sustulisse,
2726 4601 2967 4656 dicentes
2996 4604 3138 4672 quod
3165 4621 3261 4673 pro
3289 4620 3352 4659 ea
3382 4607 3534 4659 nolzis

1939 4691 2254 4762 Eutychiani
2279 4706 2493 4760 semper
2522 4694 2924 4748 communicare
2953 4695 3245 4759 noluerint,
3278 4696 3402 4762 quia
3438 4699 3480 4750 si
3515 4710 3536 4733 ο

1937 4784 2025 4838 vel
2054 4791 2200 4837 tanta
2232 4783 2318 4837 illa
2349 4783 2607 4852 synodus,
2653 4801 2755 4853 qua
2789 4787 3128 4840 numerosior
3156 4787 3259 4839 alia
3287 4802 3384 4855 pro
3421 4788 3538 4841 tiitei

1940 4874 2166 4928 veritate
2193 4889 2299 4927 non
2331 4871 2459 4938 fuit,
2491 4881 2599 4927 tam
2627 4873 2875 4928 diuturna
2913 4875 3325 4943 deliberatione,
3347 4876 3473 4928 stini
3516 4904 3533 4916 ι

1943 4969 2178 5040 tantibus
2220 4968 2382 5022 etiam
2414 4967 2788 5022 haereticorum
2828 4970 3372 5032 contradictionibus,
3423 4987 3534 5038 quae

1937 5159 2254 5216 ex5pectare
2301 5163 2359 5202 se
2413 5148 2630 5201 aiebant
2680 5145 3027 5216 damnatores
3065 5142 3222 5198 trium
3265 5142 3508 5212 capitulo

1937 5212 2079 5279 rum,
2111 5222 2262 5285 plura
2292 5219 2484 5272 iterum
2511 5217 2604 5270 lib.
2637 5231 2709 5280 tv,
2737 5229 2857 5282 cap.
2892 5212 2944 5266 3.

2012 5293 2040 5333 b
2070 5289 2253 5354 Forte,
2284 5289 2449 5359 quasi.

1940 5464 2167 5526 epistola
2211 5461 2408 5517 Leonis
2453 5459 2524 5514 Μ.
2557 5459 2622 5514 ad
2650 5459 2885 5514 Leonem
2935 5458 3261 5528 Augustum,
3305 5471 3424 5525 quae
3453 5467 3534 5512 est

1945 5534 2046 5586 153
2075 5535 2124 5586 in
2149 5533 2383 5587 editione
2408 5530 2698 5602 Quesnellii
2725 5531 2908 5602 [quam
2937 5531 3077 5602 typis
3106 5541 3295 5602 rursus
3316 5531 3532 5602 excudi~

1943 5620 2062 5657 mus
2094 5602 2265 5671 (Eutr.
2283 5603 2341 5672 )],
2364 5597 2532 5671 usQue
2553 5601 2620 5655 ad
2646 5597 2744 5655 illa"
2765 5597 3066 5672 verba,'tjui
3086 5597 3288 5653 veritati
3311 5598 3533 5652 audeant

1944 5674 2215 5796 Υϐῗιῗῖἕιῖι
2238 5741 2383 5814 cod.,
2426 5752 2541 5810 post
2573 5743 2861 5814 legitimas;
2913 5741 2986 5797 ita
3027 5739 3190 5796 etiam
3219 5737 3272 5792 in
3316 5736 3528 5794 laudata

1947 5813 2142 5869 Leonis
2165 5811 2414 5884 epistola.
