4114 6530
560 313 668 370 579

1678 300 1962 358 FiCUNN
2003 299 2194 353 EPISC
2258 295 2766 351 HERMIANENSIS

3766 293 3880 351 580

562 429 795 484 maxime
820 426 997 481 solent
1024 432 1078 479 tn
1101 422 1338 479 novitate
1362 419 1908 495 fen'ere,qnidqu:nn
1941 426 2158 488 pi-zcter-
2194 422 2234 477 Λ
2265 424 2429 482 atque
2468 413 2711 481 arguisse
2759 419 3109 477 monstratur,
3161 412 3263 466 nisi
3319 412 3464 483 quod
3511 412 3806 469 referretur
3881 416 3900 446 ³

564 524 640 577 ire
693 520 930 592 potuerit
973 518 1328 584 negligenter,
1373 514 1459 568 vel
1507 514 1793 583 pnedictus
1844 510 1984 575 Leo,
2036 525 2157 563 cum

562 612 725 666 toties
750 610 1056 678 pulsaretnr
1082 621 1150 661 ex
1180 605 1261 659 his
1282 619 1402 674 qum
1430 604 1498 658 ab
1535 618 1598 656 ea
1628 601 1921 657 constituta
1953 601 2167 654 fuerant

564 699 763 769 aliquid
793 706 1114 762 retractare,
1147 695 1319 751 nullas
1346 691 1655 764 hujusmodi
1686 692 1879 747 noxias
1904 690 2165 753 rationes,

565 789 905 845 verisimilem
927 787 1164 857 speciem
1189 785 1607 856 praetendentes,
1634 791 1690 838 et
1721 782 1959 848 audisse,
1989 789 2044 836 et
2065 781 2167 834 im-

564 879 749 933 mobili
784 879 1052 948 gravitate
1088 877 1419 945 disposuisse
1456 872 1758 930 credendus
1785 880 1900 939 est;
1931 870 2168 943 pruden«

565 972 770 1028 tissime
799 986 997 1026 cavens
1026 985 1095 1025 ne
1125 969 1283 1034 forte,
1315 968 1558 1039 qualibet
1579 968 1871 1021 occasione
1895 965 2045 1019 aditu
2075 979 2172 1033 pa-

567 1063 766 1117 tefacto
794 1062 934 1116 male
964 1061 1337 1131 pulsantibus,
1370 1061 1421 1113 in
1470 1058 1764 1114 Ecclesiam
1807 1058 2004 1112 Christi
2037 1056 2170 1110 insi—

566 1154 827 1207 diantium
870 1153 1020 1207 furor
1046 1153 1390 1221 irrumperet.
1442 1149 1610 1202 Porro
1662 1149 1713 1203 hi
1744 1150 1833 1218 qui
1865 1163 2026 1216 supra
2057 1161 2172 1199 mo-

568 1245 695 1296 dum
744 1251 873 1297 sunt
923 1243 1234 1310 diligentes,
1280 1241 1471 1295 nolunt
1514 1240 1627 1293 haec
1665 1238 1845 1292 omnia
1878 1235 2174 1307 pruilentize

571 1344 731 1404 atque
760 1334 987 1388 cautela:
1017 1333 1188 1400 magis
1215 1346 1377 1400 quam
1405 1330 1739 1398 negligentia:
1762 1328 2041 1397 deputare.
2067 1327 2175 1405 Sed

573 1426 700 1496 quid
734 1426 965 1486 facient,
1013 1424 1155 1493 quod
1202 1424 1379 1478 omnis
1410 1421 1676 1484 Ecclesia,
1712 1421 1819 1474 Deo
1850 1429 2172 1492 pnestante,

574 1518 781 1587 positos
816 1515 917 1569 sibi
963 1525 1197 1569 aeternos
1235 1512 1455 1567 Patrum
1495 1526 1715 1565 suorum
1762 1511 2022 1564 terminos
2069 1525 2176 1562 non

576 1608 810 1673 excedit,
832 1621 1061 1676 quorum
1081 1605 1320 1659 :emulari
1345 1597 1566 1673 exdptat
1594 1603 1972 1670 negligentiam
1998 1601 2179 1670 potius

573 1713 739 1767 quam
791 1697 1014 1750 istorum
1055 1695 1340 1751 obscuram
1387 1691 1945 1762 diligentiam?Cujns
1996 1700 2176 1745 autem

2269 503 2590 558 venerabilis
2621 503 2903 558 Anatolius
2934 513 2959 542 ⁸
2991 505 3624 575 Constantinupolitanus
3651 508 3879 577 episco-

2269 610 2369 664 pus
2390 595 2570 663 priore
2592 610 2754 664 quam
2785 593 3048 648 Maximus
3071 595 3439 652 Antiochenus
3465 597 3587 652 loco
3609 600 3823 655 sedisse
3857 619 3873 655 :

2269 687 2564 756 quomodo,
2581 688 2625 743 si
2646 687 2786 744 hanc
2805 686 2910 742 Ibae
2931 688 3241 758 epistolam,
3265 704 3386 759 qua:
3405 704 3525 746 cum
3546 690 3878 750 Nestoriana

2270 779 2466 832 dicitur
2493 779 2561 833 ad
2590 780 3028 848 causam‘utique
3066 779 3268 835 dicitur
3296 780 3417 836 lidei
3461 783 3754 853 pertinere,
3792 786 3882 840 vel

2274 869 2381 924 tale
2410 868 2612 938 aliqttid
2643 869 2786 938 quod
2818 869 2872 923 in
2915 871 3005 924 illa
3036 873 3243 942 synodo
3272 872 3554 927 recitatum
3586 889 3689 929 nec
3718 878 3881 929 dam-

2274 967 2456 1013 natum
2483 967 2633 1028 gesta
2657 960 2937 1015 continent
2962 961 3406 1016 anathematizari
3426 972 3517 1017 aut
3540 964 3734 1019 saltem
3764 966 3883 1020 dis-

2273 1052 2384 1106 cuti
2453 1058 2750 1120 pateretur,
2799 1065 2906 1105 non
2980 1052 3331 1121 semetipsum
3406 1054 3883 1122 praevaricatorem

2275 1143 2651 1207 constitueret,
2682 1142 3005 1197 dubitationi
3033 1142 3325 1213 subjiciens
3351 1158 3471 1212 quze
3499 1160 3557 1197 se
3575 1144 3688 1213 jam
3719 1147 3881 1200 dixe—

2275 1247 2361 1291 rat
2385 1236 2718 1307 approbasse
2737 1237 2768 1290 ?.
2790 1234 2858 1288 Et
2884 1236 3107 1304 idcirco,
3138 1237 3181 1291 si
3210 1238 3371 1290 etiam
3395 1238 3538 1291 nulla
3569 1240 3687 1306 ejus
3717 1239 3882 1294 inter-

2275 1328 2443 1383 dictio
2471 1328 2852 1398 praecessisset,
2878 1341 3053 1396 neque
3084 1327 3397 1397 imperatori
3438 1328 3605 1383 Leoni
3635 1345 3737 1400 pro
3759 1331 3886 1400 ipso

2276 1419 2508 1474 concilio
2537 1417 2909 1488 responderet,
2940 1417 3199 1487 perfectio
3233 1420 3657 1484 incrementum,
3690 1429 3748 1475 et
3785 1423 3886 1475 ad-

2274 1508 2564 1577 iectionem
2606 1508 2883 1579 plenitudo
2927 1523 3034 1563 non
3082 1510 3302 1580 recipit,
3352 1511 3457 1566 hoc
3499 1513 3884 1568 tantummodo

2281 1608 2692 1670 provocaretur,
2723 1599 2945 1669 quodin
2976 1599 3081 1655 illis
3107 1601 3275 1669 gestis
3294 1601 3464 1656 solam
3494 1601 3885 1658 Constantino-

2280 1693 2502 1762 politani
2551 1692 2791 1762 episcopi
2820 1692 3290 1762 praesumptionem
3337 1694 3590 1762 arguerit,
3631 1694 3886 1764 profectu

577 1788 808 1844 rationis
835 1788 987 1856 sequi
1024 1785 1285 1855 judicium
1315 1786 1642 1852 debeamus,
1681 1784 1814 1838 satis
1844 1784 1896 1837 in
1925 1792 2179 1853 promptu
2210 1789 2257 1848 B
2286 1783 2414 1837 nihil
2447 1785 2498 1836 in
2522 1783 2631 1847 eis,
2663 1783 2808 1852 quod
2840 1783 3215 1839 Nestorianum
3245 1785 3393 1841 credi
3423 1787 3624 1855 possit,
3656 1803 3883 1842 succes-

580 1889 681 1934 est.
716 1877 904 1932 Utrum
935 1878 1159 1930 istorum
1189 1877 1280 1946 qui
1311 1876 1910 1946 putaveruntquoniam
1940 1876 1985 1930 si
2010 1884 2182 1930 retra-

582 1977 831 2034 ctarent,
874 1968 986 2022 imo
1015 1967 1506 2036 reprehenderent,
1564 1967 1781 2020 Patrum
1831 1967 2178 2030 sententiam,

584 2058 844 2129 Acephali
868 2056 1333 2113 communicarent
1359 2055 1636 2123 Ecclesia,
1667 2056 1811 2125 quod
1840 2072 1949 2112 non
1980 2065 2062 2111 est
2084 2071 2181 2126 pe-

587 2152 730 2205 nitus
749 2150 1117 2215 subsecutum,
1140 2148 1286 2219 quod
1305 2149 1469 2204 etiam
1497 2149 1543 2204 si
1572 2158 1911 2218 sequeretur,
1933 2166 2040 2204 non
2067 2158 2186 2205 erat

580 2240 1028 2311 approbandum;
1059 2255 1129 2295 an
1158 2239 1540 2310 sapientissimi
1567 2239 1788 2308 Leonis,
1816 2241 1930 2309 qui,
1959 2242 2097 2294 sicut
2125 2242 2178 2295 in

584 2333 709 2387 aliis
744 2331 963 2400 scriptis
992 2329 1111 2399 ejus
1139 2329 1465 2395 ostenditur,
1498 2330 1704 2384 nullum
1755 2346 1854 2401 per
1890 2330 1992 2386 hoc
2031 2331 2186 2385 colli-

583 2422 774 2480 dendis
805 2421 1066 2477 Ecclesiis
1093 2421 1311 2476 modum
1341 2421 1499 2491 poni,
1547 2421 1643 2476 sed
1688 2421 1812 2475 data
1854 2422 2069 2477 licentia
2103 2438 2186 2477 re-

527 2496 538 2506 ’
585 2513 840 2579 bellandi,
871 2512 1086 2568 dilatari
1113 2512 1285 2580 magis
1322 2526 1483 2581 quam
1514 2513 1680 2583 sopiri
1710 2514 2007 2567 certamina
2048 2528 2186 2583 pra:-

580 2605 748 2661 dixit?
776 2603 922 2674 quod
959 2602 1225 2658 veraciter
1269 2616 1392 2657 esse
1435 2602 1672 2668 dictum,
1720 2603 1954 2658 evidenti
2000 2619 2183 2658 rerum

586 2698 763 2759 nitu,
793 2695 924 2764 quin
961 2694 1142 2766 potius
1170 2693 1359 2760 exitio,
1388 2694 1791 2764 comprobatur.
1838 2693 2013 2749 Credo
2042 2695 2185 2765 quod

587 2791 750 2841 etiam
781 2785 1083 2840 tacentibus
1105 2784 1261 2839 nobis
1283 2790 1545 2853 appareat
1562 2784 1689 2855 quid
1712 2783 1873 2838 fuerit
1895 2783 2187 2839 Providen-

590 2879 676 2931 tia:
704 2875 919 2939 divinas,
952 2874 1079 2944 quid
1110 2874 1425 2930 temeritatis
1452 2875 1720 2929 humanae.
1753 2874 1809 2929 Si
1838 2890 1967 2931 vero
1988 2876 2188 2930 beatis-

588 2981 756 3021 simus
794 2964 937 3035 Leo,
982 2964 1232 3035 quamvis
1258 2966 1578 3020 recentioris
1603 2967 1618 2998 ¹
1667 2967 1908 3029 concilii,
1952 2976 2008 3023 et
2041 2968 2188 3023 nulla

589 3070 718 3114 ante
765 3059 847 3114 sui
891 3057 1194 3114 decessoris
1221 3058 1521 3113 assertione
1550 3058 1777 3127 defensi,
1808 3060 2102 3130 quidquam
2133 3062 2187 3116 in

2283 1878 2420 1931 suris
2446 1876 2563 1946 ejus
2584 1877 2826 1931 relictum
2844 1877 3050 1946 judicio
3077 1877 3371 1934 videretur.
3399 1880 3663 1946 Quoniam
3696 1881 3739 1935 si
3772 1882 3887 1934 ira:-

2283 1969 2510 2023 reticum
2547 1967 2749 2039 aliquid
2777 1969 3159 2038 continerent,
3198 1970 3345 2039 quod
3374 1970 3610 2025 delatum
3639 1971 3705 2024 ad
3740 1972 3887 2026 illius

2282 2058 2470 2130 synodi
2517 2058 2773 2126 judicium
2827 2074 2932 2111 non
2975 2059 3306 2113 inveniretur
3360 2074 3480 2114 esse
3516 2060 3886 2125 damnatum,

2288 2149 2396 2204 Leo
2424 2142 2700 2219 hoc'prins
2728 2149 3171 2220 reprehenderet,
3205 2164 3329 2205 cum
3351 2150 3419 2204 ad
3440 2149 3556 2219 ejus
3576 2150 3888 2205 deferretur

2284 2256 2535 2295 examen.
2567 2240 2716 2295 Unde
2746 2242 2790 2295 si
2823 2249 3076 2309 tanquam
3105 2239 3428 2296 Nestoriana
3463 2240 3627 2296 debet
3654 2241 3726 2296 ab
3764 2258 3887 2296 unto

2286 2333 2444 2386 nibus
2468 2332 2555 2385 illa
2578 2331 2804 2401 epistola
2832 2329 3201 2398 condemnari,
3233 2345 3354 2401 quae
3381 2330 3449 2386 ab
3476 2332 3888 2387 accusatoribus

2287 2424 2535 2493 opposita
2570 2424 2674 2478 Iba:
2704 2425 2959 2494 episcopo
2988 2422 3153 2492 geStis
3181 2421 3526 2494 synodalibus
3548 2423 3888 2491 continetur,

2288 2532 2395 2570 non
2439 2515 2554 2585 ipsa
2595 2524 2806 2569 tantum
2837 2515 3099 2586 synodus.
3130 2531 3317 2569 verum
3348 2514 3511 2569 etiam
3540 2512 3650 2568 Leo
3689 2514 3887 2583 praesul

2288 2606 2597 2676 apostolici!
2625 2606 2767 2661 sedis
2791 2622 2823 2660 a
2848 2621 2957 2676 quo
2981 2608 3276 2676 approbata
3304 2613 3448 2672 sunt,
3480 2606 3671 2660 his-red
3703 2606 3886 2661 Nesto-

2289 2699 2453 2752 riante
2475 2697 2736 2752 cohibuit.
2762 2694 2863 2762 Qui
2888 2712 2994 2751 non
3024 2697 3139 2750 sola
3162 2696 3596 2751 consideratione
3617 2697 3886 2761 veritatis,

2218 2850 2221 2851 ν
2289 2787 2386 2843 sed
2415 2787 2578 2842 etiam
2618 2786 2970 2857 pnecedentis
2999 2783 3127 2842 facti
3158 2788 3236 2840 sui
3266 2794 3582 2855 argueretur
3606 2788 3883 2857 exemplo.

2289 2878 2423 2933 Nam
2461 2893 2583 2934 cum
2609 2878 2659 2932 ei
2698 2878 2887 2956 beatus
2926 2876 3212 2931 Flavianus
3255 2877 3884 2948 Constantinopolitanus

2288 2978 2441 3041 gesta
2468 2969 2753 3039 dirigeret,
2784 2969 2838 3022 in
2867 2968 3062 3037 quibus
3108 2967 3378 3039 Eutyches
3408 2969 3772 3040 interrogatus
3799 2984 3887 3026 re-

2291 3062 2508 3133 spondit
2536 3062 2721 3118 dicens
2750 3079 2764 3114 :
2800 3079 2820 3112 ι
2851 3058 3129 3116 Confiteor
3150 3075 3220 3114 ex
3246 3060 3451 3115 duabus
3490 3060 3701 3115 naturis
3725 3059 3889 3116 fuisse

585 3148 1033 3218 disceptationem
1060 3162 1321 3204 revocare
1351 3165 1458 3204 non
1485 3164 1673 3219 passus
1698 3159 1800 3215 est,
1824 3152 2097 3221 quomodo
2120 3153 2188 3206 ab
2217 3156 2262 3220 C
2292 3155 2578 3209 Dominum
2620 3164 2864 3209 nostrum
2910 3160 3038 3208 ante
3066 3153 3447 3207 adunationem
3466 3191 3481 3213 ,
3529 3161 3655 3222 post
3684 3154 3883 3207 adnua-

593 3239 676 3293 liis
701 3237 936 3293 creditur
958 3246 1186 3307 quartus
1224 3239 1470 3295 decimus
1497 3255 1783 3296 successor
1809 3242 1924 3311 ejus
1964 3251 2186 3303 sanctus

595 3324 817 3395 V'igilius
838 3342 1041 3382 novum
1069 3342 1227 3397 posse
1254 3328 1452 3396 aliquid
1465 3328 1743 3399 judicare?
1770 3333 2065 3399 pmsertim
2092 3333 2186 3388 illo

593 3415 806 3472 dicente
834 3433 849 3470 :
888 3435 908 3470 ε
940 3415 1101 3480 Nam,
1146 3416 1442 3473 secundum
1471 3418 1817 3489 Apostolum,
1866 3420 1911 3475 si
1939 3435 2059 3489 qua:
2087 3421 2185 3476 dc-

593 3507 764 3562 struxi
791 3506 905 3562 haec
927 3506 1160 3573 aedifico,
1190 3509 1660 3578 praivaricatorem
1690 3527 1778 3567 me
1805 3514 2100 3581 constituo,
2133 3524 2190 3571 et

594 3596 672 3653 eis
698 3611 788 3653 me
819 3596 1082 3654 ultionum
1106 3599 1509 3657 conditionibus
1551 3602 1754 3669 subdo,
1785 3618 1920 3672 quas
1958 3621 2067 3659 non
2097 3621 2188 3661 so-

594 3690 700 3744 lum
730 3691 1023 3746 auctoritas
1041 3690 1215 3747 beatae
1234 3695 1507 3750 memoriae
1526 3696 1784 3767 principis
1806 3696 2068 3767 Martiani,
2093 3701 2187 3756 sed

594 3781 757 3835 etiam
782 3794 883 3850 ego
911 3796 1030 3837 mea
1056 3780 1372 3840 defensione
1395 3787 1416 3817 '
1443 3785 1649 3841 firmavi
1668 3804 1683 3853 ;
1705 3806 1724 3840 ι
1753 3797 1809 3843 ut
1831 3798 1959 3859 pote
1977 3793 2069 3860 qui
2091 3808 2189 3847 no-

594 3880 747 3926 verat
774 3871 1092 3943 Apostolum
1137 3873 1244 3929 hoc
1268 3875 1470 3932 dixisse
1501 3895 1515 3930 :
1548 3877 1660 3933 Sed
1687 3879 1807 3933 licet
1838 3896 1933 3935 nos
1961 3892 2050 3935 aut
2092 3899 2190 3938 an-

519 4039 524 4046 .
595 3960 739 4031 gelu:
766 3960 833 4015 de
860 3961 988 4016 caelo
1014 3963 1332 4032 evangelth
1360 3965 1501 4020 vobis
1530 3978 1719 4035 pra’ter
1746 3984 1900 4039 quam
1922 3974 2189 4044 evangeli-

596 4066 774 4105 zamus
815 4049 984 4114 vobis,
1033 4053 1315 4106 anathema
1364 4055 1433 4107 sit
1482 4053 1624 4126 (Gal.
1656 4072 1708 4122 ι,
1750 4058 1828 4129 8).
1873 4059 2005 4115 Nam
2035 4065 2097 4128 si,
2134 4074 2192 4120 ut

595 4141 712 4211 ipse
739 4141 761 4172 ³
790 4142 980 4197 beatus
1008 4139 1121 4205 Leo
1151 4140 1583 4201 Cbalcedonensi
1620 4149 1873 4210 concilio,
1902 4161 2193 4221 postquam

596 4234 710 4304 ejus
730 4243 881 4304 gesta
908 4235 1168 4307 suscepit,
1192 4236 1471 4305 rescripsit
1496 4236 1521 4269 ’⁵
1544 4237 1731 4294 dicens
1760 4258 1774 4294 :
1812 4259 1831 4293 ι
1868 4240 1935 4296 Ει
1956 4242 2191 4300 fraterna

596 4327 937 4393 universitas,
965 4335 1023 4383 et
1041 4327 1284 4383 omnium
1306 4327 1542 4385 ﬁdelium
1563 4332 1725 4385 corda
1754 4346 2085 4401 cognoscant
2107 4351 2195 4391 me

599 4432 706 4471 non
734 4417 908 4472 solum
937 4432 1037 4488 per
1062 4416 1256 4474 fratres
1274 4419 1367 4488 qui
1387 4434 1561 4475 meam
1586 4422 1761 4477 vicem
1781 4427 2023 4479 exsecuti
2046 4435 2190 4487 sunt.

2291 3247 2493 3302 tionem
2521 3260 2652 3302 vero
2681 3260 2845 3300 unam
2895 3252 3144 3299 naturam
3171 3241 3464 3309 conﬁteor;
3498 3263 3515 3294 ι
3550 3243 3762 3298 relictis
3785 3243 3883 3298 eis-

2288 3341 2412 3397 dem
2456 3341 2641 3410 gestis,
2674 3340 2815 3393 idem
2860 3338 2944 3392 vir
2980 3336 3417 3405 religiosissimus
3445 3344 3501 3391 et
3529 3335 3883 3403 prudentissi-

2289 3448 2409 3488 mus
2425 3430 2537 3487 Leo
2561 3439 2860 3486 memorato
2880 3428 3139 3483 Flaviano
3162 3428 3237 3482 ita
3259 3428 3506 3483 rescribit
3529 3426 3725 3496 (Epist.
3755 3426 3843 3492 12)
3870 3444 3883 3479 :

2295 3540 2314 3574 ι
2350 3520 2518 3577 Miror
2545 3527 2658 3574 tam
2686 3519 2977 3573 absurdam
3007 3528 3226 3586 tamque
3258 3531 3566 3587 perversam
3599 3517 3886 3586 piofessio-

2290 3628 2437 3683 nem,
2460 3613 2604 3668 nulla
2629 3611 2985 3682 judicantium
3007 3606 3378 3681 increpatione
3400 3609 3807 3682 reprehensam,
3835 3616 3885 3663 ct

2290 3716 2596 3758 sermonem
2627 3700 2787 3755 nimis
2814 3699 3155 3767 insipientem
3200 3699 3273 3752 ita
3305 3698 3591 3763 emissum,
3618 3699 3773 3766 quasi
3807 3699 3885 3751 ni-

2291 3791 2366 3846 hil
2395 3789 2712 3856 offenderet,
2736 3804 2857 3845 esse
2881 3788 3122 3843 auditum
3149 3806 3164 3841 :
3193 3804 3316 3842 cum
3338 3789 3635 3858 tam—impie
3659 3788 3888 3843 duarum

2295 3891 2611 3937 naturarum
2654 3889 2784 3935 ante
2826 3879 3208 3935 adunationem
3248 3880 3555 3948 unigenitus
3599 3879 3695 3934 Dei
3729 3880 3889 3937 Filius

2292 3972 2457 4028 fuisse
2479 3971 2712 4037 dicatur,
2742 3986 2905 4040 quam
2934 3971 3157 4037 nefarie,
3184 3982 3469 4042 postquam
3496 3971 3731 4027 Verbum
3761 3988 3890 4028 caro

2294 4065 2495 4121 factum
2525 4075 2626 4132 εει,
2658 4074 2848 4119 natura
2879 4065 2933 4119 in
2982 4080 3048 4120 eo
3096 4064 3380 4133 singularis
3425 4064 3700 4119 asseritur.
3736 4064 3891 4131 Quod

2295 4175 2364 4216 ne
2403 4158 2671 4231 Eutyehes
2698 4159 2820 4214 ideo
2851 4159 2934 4213 vel
2979 4168 3147 4226 recte,
3177 4158 3259 4212 vel
3294 4155 3668 4222 tolerabiliter,
3702 4158 3891 4213 existi-

2294 4258 2407 4305 met
2433 4250 2660 4311 dictum,
2690 4248 2818 4318 quia
2855 4248 3000 4301 nulla
3034 4256 3211 4301 vestra
3239 4257 3321 4302 est
3350 4248 3617 4301 sententia
3645 4247 3894 4302 confuta-

2299 4350 2429 4405 tum,
2455 4339 2763 4395 dilectionis
2785 4347 2889 4394 tuse
2902 4339 3232 4407 diligentiam
3245 4352 3673 4401 commonemus,
3690 4338 3894 4392 charis-

2296 4433 2433 4488 sime
2454 4430 2645 4496 frater,
2670 4440 2727 4486 ut
2753 4432 2798 4486 si
2822 4446 2919 4501 per
2945 4429 3352 4499 inspirationem
3382 4428 3772 4483 misericordia:
3804 4429 3895 4483 Dei

599 4508 695 4564 sed
722 4511 888 4611 etiam
923 4514 1503 4619 pett-approbationem
1524 4525 1797 4583 gestorum
1825 4521 2190 4592 synodalium,
2220 4558 2273 4619 Β
2298 4524 2363 4579 ad
2393 4523 2820 4579 satisfactionem
2841 4538 3003 4579 causa
3026 4521 3361 4594 perducitur,
3391 4521 3760 4591 imprudentia
3794 4522 3885 4575 ho—

600 4599 877 4669 propriam
924 4601 1079 4657 vobis
1132 4606 1559 4662 communicasse
1613 4612 1936 4666 sententiam
1991 4614 2183 4685 (Epist.

600 4687 726 4761 65);
763 4707 782 4741 ι
818 4704 921 4745 nec
940 4691 1233 4762 quidquam
1273 4695 1326 4748 in
1356 4695 1557 4751 eisdem
1586 4700 1752 4766 gestis
1779 4702 2189 4772 reprehendisse

675 4938 700 4968 ³
739 4931 953 5013 in_actts
976 4931 1166 5013 synodi
1185 4931 1638 5013 Chalcedonensis
1660 4949 1782 5005 post
1815 4939 2025 5013 legatos
2052 4943 2194 5013 sedis

601 5000 917 5075 apostolica:
943 5000 1148 5075 primus
1178 5004 1407 5075 (rejecto
1453 5000 1706 5060 nimirum
1738 5016 1793 5061 et
1819 5000 2040 5063 ex'cluso
2069 5011 2192 5065 Dio-

598 5087 758 5127 scoro
789 5072 1170 5151 Alexandrino,
1191 5072 1197 5075 ⁷
1215 5089 1569 5151 c_ujus__causa
1617 5077 2039 5151 disceptabatur)
2067 5097 2193 5151 per-

601 5143 1128 5220 petuo__uomi_t_iatur
1176 5144 1568 5220 subscribitque
1609 5143 2029 5220 Anatdlius,iet'
2070 5143 2195 5220 post

600 5211 911 5288 Atiatolium
952 5211 1241 5288 Maximus
1264 5211 1652 5288 Antioclienus.
1702 5211 1913 5288 Nempe
1933 5211 2086 5274 huuc'
2102 5222 2193 5278 ille

602 5281 704 5357 sibi
728 5282 905 5336 locum
933 5282 1115 5357 deberi
1160 5284 1374 5357 volebat
1396 5298 1463 5337 ex
1491 5285 1710 5357 decreto
1737 5281 1921 5357 synodi
1961 5305 1998 5343 tt
2023 5303 2190 5357 gene-

603 5351 769 5425 ralis,
825 5367 945 5420 qua:
995 5353 1177 5407 sedem
1230 5351 1878 5425 Constantinopolitanam
1936 5351 2190 5416 Romanae

603 5422 905 5490 proximam
951 5431 1235 5479 statuerat.
1282 5423 1387 5477 Sed
1424 5422 1701 5480 decretum
1747 5428 1851 5483 hoc
1876 5428 2031 5485 sedes
2059 5448 2191 5501 apo-

681 5650 696 5680 ¹
728 5647 859 5704 Cod.
890 5649 1113 5716 Verum,
1143 5654 1311 5707 adhuc
1343 5656 1639 5709 recentiori.

679 5719 701 5749 '
733 5720 872 5788 idem
895 5721 1042 5788 cod.,
1073 5726 1425 5779 consensione.

682 5788 699 5817 ³
729 5786 875 5841 idem
903 5786 1050 5851 cod.,
1081 5805 1195 5845 cum
1222 5793 1353 5861 ipse,
1380 5803 1484 5851 etc.

2299 4617 2457 4672 minis
2486 4617 2722 4687 imperiti
2743 4616 2909 4671 etiam
2938 4614 3006 4669 ab
3036 4615 3137 4668 hac
3165 4628 3354 4669 sensus
3391 4615 3473 4667 sui
3515 4620 3668 4682 peste
3698 4627 3896 4682 purge-

2298 4716 2406 4762 tur.
2444 4725 2463 4759 ι
2500 4706 2671 4761 Velim
2711 4706 2893 4775 itaque
2922 4705 3134 4770 instrui,
3161 4704 3290 4774 quid
3312 4710 3502 4758 contra
3531 4701 3899 4773 Eutychianos

2300 4947 2489 4999 stolica
2513 4948 2996 5017 nonagnoscubat,
3020 4955 3078 5000 ut
3102 4947 3333 5001 alienum
3365 4962 3394 5000 a
3421 4948 3630 5017 synodo
3656 4946 3896 5009 Nicena.

2300 5030 2418 5086 (pne
2445 5015 2735 5070 secundum
2769 5022 2945 5070 locum
2973 5018 3233 5086 episcopo
3263 5015 3647 5086 Alexandrino,
3683 5020 3896 5072 tertium

2300 5085 2642 5159 antiocheno
2668 5086 2931 5159 decernit.
2976 5085 3291 5159 QuareLeo
3321 5085 3559 5159 pontifex
3586 5102 3713 5141 cum
3740 5105 3896 5159 syno-

2301 5153 2427 5226 dum
2449 5156 2938 5210 Clialceduneusem
2968 5153 3441 5226 approbareLVhoc
3463 5164 3627 5226 caput
3658 5153 3896 5226 excepit,

2299 5223 2604 5295 fastumque
2632 5235 2688 5280 et
2715 5226 2971 5281 ambitum
3003 5223 3234 5280 Anatolii
3256 5227 3438 5281 multis
3465 5223 3897 5283 ad'Marcian'um

2300 5294 2627 5367 Augustum,
2659 5296 2725 5348 ad
2752 5296 3058 5352 Anatolium
3085 5298 3256 5367 ipsum
3285 5306 3340 5351 et
3365 5298 3432 5351 ad
3464 5296 3758 5352 Maximum
3796 5300 3897 5351 An-

2300 5365 2611 5488 tiochenu‘m
2640 5366 2881 5421 epistolis
2919 5365 3210 5435 redarguit.
3246 5368 3361 5433 Qua
3391 5367 3457 5423 de
3486 5381 3548 5424 re
3574 5368 3773 5424 iterum
3806 5368 3894 5422 lib.

2300 5451 2351 5488 ν.
2380 5452 2500 5488 €30.
2569 5476 2582 5488 .

2299 5451 2351 5498 v,
2380 5452 2500 5504 cap.
2528 5451 2582 5489 4.

2380 5671 2402 5700 -‘
2428 5664 2569 5738 idem
2600 5668 2744 5726 cod..
2772 5671 3109 5738 rescripserit.

2378 5738 2402 5771 ⁸
2426 5735 2568 5791 Idem
2599 5739 2740 5801 ci:d.,
2776 5741 2911 5809 quod
2933 5735 3007 5793 ibi
3038 5741 3365 5811 retegentur.
