4114 6568
236 413 336 470 581
1161 402 1298 458 PRO
1339 399 1755 458 DEFENSIONE
1796 398 2014 454 TRIUM
2055 401 2370 456 CAPITUL.
2407 401 2528 457 LIB.
2576 403 2664 456 111.
3437 402 3544 455 582

236 524 504 594 possimus
530 519 751 583 referre,
785 533 905 572 cum
937 517 1214 573 dixerint:
1247 518 1352 572 Cur
1402 517 1508 570 Leo
1550 524 1748 572 vester.
1786 515 1836 568 in
1873 517 1916 576 Α
1949 513 2115 576 nefas,
2146 515 2287 584 quod
2333 514 2496 579 absit,
2547 515 2823 584 reliquerit
2865 515 3203 585 impunitum.
3254 515 3542 574 Confidunt

236 612 485 666 examine
509 618 783 678 gestorum
814 623 934 677 qua:
969 609 1108 678 apud
1136 608 1447 662 Flavianum
1479 617 1603 662 sunt
1634 607 1834 670 habita,

237 703 491 756 adversus
515 700 838 771 Eutyehem,
868 700 1008 753 sicut
1029 699 1259 768 (putatis,
1285 699 1533 767 diligens,
1566 699 1616 752 in
1643 713 1839 767 appro-

239 793 456 847 batione
481 800 758 858 gestorum
803 790 993 861 synodi
1045 788 1540 857 Chalcedonensis,
1582 789 1840 842 adversus

239 886 544 940 Nestorium
577 885 857 952 negligens
900 883 1190 946 invenitur,
1220 891 1282 938 ut
1310 882 1681 938 Nestorianam
1726 882 1840 951 cpi-

238 975 434 1030 stolam
457 975 826 1040 continuaret,
852 989 972 1043 quze
993 974 1188 1029 ibidem
1221 976 1553 1040 continetur,
1585 975 1684 1028 nisi
1716 974 1842 1042 quia

231 1066 778 1121 .:ontrario-Nestorii
821 1074 1232 1134 przeoccupatus
1259 1081 1463 1126 errore,
1498 1065 1725 1136 Eutychi
1757 1079 1842 1120 re-

233 1160 510 1213 sistebat?
538 1157 670 1211 Nam
697 1172 802 1226 qua
830 1157 897 1211 de
926 1172 1089 1212 causa
1134 1156 1529 1227 professionem
1559 1157 1701 1224 ejus,
1735 1171 1841 1224 qua

230 1253 260 1301 .l
280 1249 380 1303 ixit
411 1267 424 1300 :
466 1247 746 1302 Confiteor
774 1264 838 1301 ex
868 1247 1077 1302 duabus
1109 1248 1317 1301 nat-uris
1363 1247 1526 1301 fuisse
1557 1247 1842 1300 Dominum

239 1348 492 1392 nostrum
512 1345 638 1391 ante
660 1339 1064 1402 adunationem,
1085 1338 1152 1392 de
1171 1353 1276 1406 qua
1308 1338 1358 1392 in
1377 1338 1581 1406 judicio
1605 1338 1844 1392 Flaviani

245 1444 356 1484 non
383 1427 558 1482 fuerat
583 1436 885 1491 accusatus,
919 1429 1206 1483 absurdam
1238 1439 1393 1484 vocat
1433 1437 1596 1497 atque
1627 1444 1847 1498 perver-

243 1532 392 1582 sam,
439 1517 665 1586 culpans
693 1517 837 1585 quod
878 1518 1025 1572 nulla
1070 1519 1423 1586 iudicantium
1477 1520 1847 1589 increpatione

246 1609 580 1676 reprehensa
612 1608 791 1672 fuerit,
824 1623 943 1676 quae
983 1609 1080 1676 ipsi
1124 1610 1278 1664 nimis
1304 1609 1561 1678 insipiens
1591 1618 1646 1664 et
1683 1610 1845 1679 impia

248 1699 575 1753 uidebatur:
618 1698 990 1755 Nestorianam
1029 1717 1154 1755 vero
1184 1703 1489 1770 epistolam,
1524 1702 1589 1756 ad
1635 1702 1848 1756 concilii

244 1788 710 1848 Chalcedonensis
750 1804 976 1844 examen
1015 1791 1082 1845 ab
1125 1793 1529 1848 accusatoribus
1557 1791 1662 1847 lbm
1697 1793 1848 1848 dela-

1943 605 2214 670 equidem,
2267 621 2373 657 non
2421 605 2558 658 bene
2605 605 2902 660 sentientes
2930 606 2997 659 de
3047 606 3355 661 obedientia
3382 624 3542 676 quam

1945 692 2160 746 Christo
2202 695 2438 758 debetis,
2487 703 2542 746 ct
2587 692 2880 748 devotione
2918 711 3080 762 quam
3129 696 3397 750 cxhibetis
3428 701 3544 765 ejus

1947 785 2216 846 Ecclesiis,
2244 785 2385 852 quod
2416 793 2604 838 contra
2633 785 2871 852 vigorem
2898 801 2961 839 ac
2978 785 3242 854 justitiam
3273 802 3543 842 canonum

1947 877 2161 932 defendi
2209 886 2426 946 queant.
2483 878 2678 932 Verum
2709 879 2927 946 expedit
2967 879 3071 932 illis
3099 888 3341 932 metuere
3371 880 3547 948 potius

1947 985 2016 1024 ne
2037 969 2258 1023 forsitan
2282 970 2652 1039 experiantur,
2679 970 2904 1024 Domino
2921 979 3142 1039 regente
3167 986 3262 1027 cor
3286 982 3546 1038 vestrum,
3635 974 3640 980 ’

1947 1065 2229 1132 quodnon
2274 1062 2325 1116 in
2372 1063 2768 1131 patrocinium,
2819 1063 2914 1118 sed
2963 1064 3016 1118 in
3063 1065 3318 1120 ultionem
3370 1068 3548 1136 potius

1933 1154 2433 1222 transgressionnm
2479 1163 2797 1223 potestatem
2841 1155 3072 1226 desuper
3106 1157 3368 1214 habeatis.
3397 1159 3549 1212 Desi-

1953 1255 2082 1298 nant
2111 1245 2290 1312 itaque
2320 1253 2670 1298 temeratores
2699 1254 2935 1313 paternae
2961 1249 3239 1301 sententire
3282 1248 3333 1302 in
3367 1249 3550 1304 nescio

1951 1351 2060 1403 quo
2089 1335 2223 1388 asilo
2255 1335 2548 1396 conlidere,
2581 1337 2723 1404 quod
2755 1337 2834 1390 eis
2861 1353 2966 1391 non
3000 1337 3260 1392 Romulus
3285 1338 3546 1396 Christia-

1952 1444 2072 1491 nus,
2121 1429 2273 1496 cujus
2300 1428 2388 1489 ille
2417 1427 2557 1482 Deus
2585 1435 2668 1481 est
2697 1435 2870 1500 pater,
2900 1429 2988 1497 qui
3019 1429 3280 1484 veraciter
3307 1430 3539 1485 dicitur:

1955 1519 2211 1572 Dominus
2241 1521 2392 1588 fort-is
2440 1529 2488 1572 et
2535 1529 2741 1588 potens,
2789 1519 3042 1574 Dominus
3091 1533 3270 1590 potens
3318 1524 3370 1576 in
3416 1525 3550 1579 bello

1955 1610 2126 1681 (l’sal.
2163 1626 2312 1674 χχιιι,
2345 1610 2422 1679 8),
2473 1610 2569 1665 sed
2612 1611 2784 1666 inanis
2824 1627 2919 1665 sua
2966 1615 3201 1682 suspicio
3250 1614 3548 1670 fabricavit.

1955 1701 2066 1756 Nec
2097 1702 2149 1756 in
2190 1703 2282 1756 tali
2330 1700 2475 1756 facto
2505 1702 2572 1756 de
2609 1710 2787 1756 vestra
2817 1706 3174 1761 consensione
3205 1718 3549 1775 pralsmnant,

1957 1791 2212 1860 quoniam
2241 1791 2394 1846 vobis
2421 1793 2737 1862 subreptum
2765 1802 2867 1856 est,
2901 1793 2954 1847 in
2977 1794 3219 1863 plurimis
3244 1797 3548 1865 reipulilime

250 1892 386 1940 tam.
421 1878 602 1946 ibique
627 1879 904 1943 relectam,
937 1881 1244 1935 damnatam
1276 1899 1381 1938 non
1412 1883 1575 1939 fuisse
1594 1885 1848 1940 dissimu—
1884 1889 1928 1947 Β
1955 1881 2396 1951 dispositionibus
2423 1881 2724 1950 occupatis,
2757 1889 2814 1934 ut
2840 1885 3220 1938 consentirctis
3249 1886 3351 1940 hoc
3395 1885 3506 1940 ﬁeri
3535 1905 3547 1939 :

254 1971 349 2031 lat,
383 1984 544 2039 quam
573 1984 716 2026 nunc
745 1971 1264 2028 anathematizantes
1291 1975 1849 2030 anathematizandam

247 2059 364 2115 illic
390 2058 556 2116 fuisse
586 2062 869 2117 fatemini?
899 2063 1034 2118 Nam
1068 2065 1151 2120 vel
1178 2066 1244 2127 si,
1270 2067 1719 2134 quemadmodum
1751 2068 1852 2123 im—

251 2149 551 2218 prudenter
579 2151 833 2220 negastis,
869 2152 1174 2208 orthodoxa
1209 2156 1550 2222 pronuntiata
1582 2173 1687 2212 non
1710 2165 1855 2212 esset

249 2239 327 2292 ab
349 2239 723 2304 illoconcilio,
755 2242 998 2298 damnari
1030 2253 1208 2300 tamen
1237 2246 1438 2309 debuit,
1475 2262 1542 2302 ne
1569 2249 1850 2304 videretur

248 2331 630 2397 ignorantibus
667 2335 987 2404 approbata.
1031 2334 1167 2390 Cum
1215 2337 1375 2404 igitur
1424 2339 1717 2394 secundum
1759 2339 1857 2396 has

247 2418 537 2474 evidentes
563 2429 620 2474 et
648 2421 984 2478 inevitabiles
1013 2426 1251 2481 rationes
1279 2427 1640 2484 damnationis
1665 2433 1678 2461 ¹
1699 2430 1857 2500 hujus

252 2507 506 2577 epistolae
548 2518 753 2566 tantum
786 2513 930 2568 beati
961 2529 1178 2584 quoque
1206 2515 1403 2573 Leonis
1429 2519 1632 2575 crimen
1665 2537 1857 2591 neces-

263 2597 412 2651 sario
433 2608 814 2668 consequatur,
836 2603 962 2672 quid
991 2605 1061 2660 ab
1082 2607 1199 2678 istis
1220 2607 1287 2661 de
1305 2608 1503 2676 judicio
1528 2613 1858 2668 successoris

259 2687 389 2754 ejus
417 2698 764 2758 exspectetur
790 2693 1012 2764 ignoro,
1039 2695 1160 2765 nisi,
1191 2699 1334 2766 quod
1363 2699 1564 2755 dictum
1593 2703 1612 2733 ¹
1642 2717 1859 2772 quoque

269 2779 453 2845 magni
472 2781 675 2836 erroris
701 2791 804 2848 est,
848 2793 902 2838 et
943 2785 1088 2854 quod
1117 2803 1390 2857 nunquam
1417 2805 1639 2859 sperare
1675 2803 1868 2862 potue-

261 2875 390 2954 runt
417 2867 680 2936 haeretici,
722 2881 782 2926 ut.
820 2887 943 2928 cum
987 2889 1180 2944 magna
1219 2887 1275 2932 et
1320 2880 1610 2936 universali
1658 2883 1864 2954 synodo

261 2953 694 3014 Chalcedonensi
737 2960 876 3016 idem
919 2965 1334 3033 gloriosissimus
1380 2979 1570 3026 auctor
1589 2953 1752 3043 atque
1778 2974 1867 3027 de-

264 3049 450 3104 fensor
477 3050 594 3120 ejus
622 3049 734 3106 Leo
764 3052 1130 3111 damnaretur.
1164 3057 1273 3112 Sed
1299 3070 1500 3128 quanta
1528 3062 1870 3119 animadver-

262 3142 422 3200 sione
461 3142 532 3196 sit
574 3142 792 3211 dignum
823 3147 966 3215 quod
996 3148 1101 3203 hoc
1131 3167 1238 3205 non
1277 3159 1489 3208 tentare
1517 3163 1744 3221 tantum,
1776 3172 1869 3212 ve-

1956 1988 2078 2028 cum
2107 1972 2274 2026 multo
2303 1972 2531 2041 amplius
2561 1972 2686 2026 inde
2709 1987 2926 2041 quoque
2952 1974 3218 2041 plectendi
3249 1977 3375 2037 sint,
3409 1975 3558 2044 quod

1960 2064 2206 2119 volentes
2228 2062 2445 2132 objectu
2473 2072 2666 2118 vestra:
2696 2077 2944 2132 persona:
2972 2064 3285 2133 impunitam
3317 2082 3436 2120 esse
3464 2083 3543 2120 co-

1962 2155 2260 2210 hibentiam
2287 2169 2450 2224 quam
2477 2155 2822 2224 prtebuerunt
2849 2154 3135 2219 haereticis,
3168 2171 3274 2209 non
3306 2157 3554 2225 permise-

1964 2253 2093 2300 runt
2139 2245 2397 2299 insinuari
2436 2244 2588 2299 vobis
2617 2243 2835 2297 Patrum
2870 2243 3102 2300 decretis
3129 2260 3248 2299 esse
3289 2247 3562 2302 contraria

1959 2349 2080 2405 qua:
2120 2333 2346 2399 fiebant;
2403 2341 2462 2386 ut
2502 2349 2570 2389 eo
2599 2333 2782 2396 modo,
2829 2349 2926 2401 per
2970 2335 3348 2388 auctoritatem
3375 2343 3562 2389 vestrm

1961 2425 2356 2492 consensionis,
2373 2425 2532 2478 etiam
2557 2425 2753 2480 multos
2773 2425 2873 2478 sibi
2899 2426 3147 2480 conscios
3168 2437 3520 2494 aggregarent
3545 2444 3557 2477 :

1961 2527 2018 2572 et
2041 2515 2194 2586 quasi
2225 2515 2619 2569 multitudinem
2661 2523 2982 2582 sequeretur
3023 2517 3333 2586 impunitas,
3364 2532 3560 2570 secun-

1962 2609 2090 2665 dum
2115 2607 2260 2677 quod
2281 2607 2452 2661 visum
2481 2613 2567 2660 est
2595 2604 2810 2660 cuidam
2840 2607 3041 2672 dicere,
3075 2607 3335 2684 quidquid
3378 2608 3560 2659 multis

1963 2710 2223 2772 peccatur
2252 2700 2480 2754 inultum
2523 2706 2638 2762 est,
2671 2698 2848 2753 minus
2898 2698 3241 2753 attendentes
3273 2699 3416 2767 quod
3461 2714 3558 2752 nec

1966 2793 2148 2848 divino
2169 2791 2374 2859 judicio
2403 2791 2570 2860 possit
2595 2789 2940 2859 peccantium
2970 2789 3260 2844 multitudo
3284 2791 3557 2854 resistere,

1969 2898 2071 2939 nec
2110 2884 2346 2937 humano
2390 2895 2488 2950 per
2533 2879 2932 2933 multitudinem
2975 2880 3197 2934 illudere
3246 2881 3562 2934 temeritatis

1971 2981 2240 3029 auctores.
2277 2971 2408 3025 Nam
2456 2969 2638 3023 futuro
2676 2969 2910 3024 examini
2950 2969 3044 3023 Dei
3085 2970 3286 3024 relictis
3330 2971 3407 3023 eis
3446 2971 3557 3038 qui,

1970 3064 2058 3128 vel
2097 3062 2329 3119 factione
2377 3060 2592 3114 illorum
2631 3058 2866 3127 inducti,
2895 3059 2982 3114 vel
3007 3061 3360 3128 oppressione
3388 3062 3562 3114 coacti

1973 3167 2118 3225 sunt,
2151 3157 2388 3211 debitam
2422 3152 2749 3208 sententiam
2780 3151 2940 3206 iidem
2970 3151 3179 3206 factiosi
3209 3160 3563 3221 praesumpto-

266 3247 388 3286 rum
418 3233 580 3286 etiam
610 3233 678 3287 de
706 3249 1020 3292 successore
1065 3239 1182 3307 ejus
1211 3243 1326 3296 ausi
1364 3253 1490 3299 sunt
1525 3256 1860 3316 exspectare,
1891 3249 1937 3312 C
1969 3266 2056 3306 res
2084 3248 2386 3318 excipient,
2419 3253 2570 3300 tanto
2611 3243 2915 3312 graviorem
2935 3285 2950 3311 ,
2996 3251 3199 3313 quanto
3237 3243 3566 3313 plurioribus

265 3321 438 3390 ipsius
466 3321 884 3379 considerationi
929 3325 1274 3396 dimittimus,
1324 3348 1486 3402 quem
1538 3336 1704 3391 latere
1753 3355 1860 3393 non

268 3418 466 3483 potest,
497 3425 658 3480 quam
698 3414 932 3482 graviter
959 3416 1260 3475 offendatur
1289 3421 1553 3489 Ecclesia,
1581 3427 1623 3480 si
1657 3436 1858 3482 tantum

349 3592 366 3623 ¹
388 3589 525 3648 Cod.
559 3593 780 3660 Veron.,
809 3595 1212 3654 damnationem.

1967 3345 2271 3402 obfuerunt.

2043 3609 2063 3638 ³
2093 3605 2235 3660 ιὼιιιι
2266 3603 2411 3666 cod.,
2438 3600 2595 3654 dictu.

278 3739 3558 3764 MM

1427 3849 1773 3934 LIBER
1829 3793 2368 3933 TERTIUS.

1744 4004 2113 4017 —.———-—

804 4106 1036 4163 CAPUT
1062 4107 1348 4164 PRIMUM.

277 4226 437 4292 Quid
464 4222 721 4277 Theodori
753 4223 802 4276 Μ
814 4225 1100 4284 opsiteueni
1123 4225 1314 4292 scripta
1342 4241 1455 4278 cum
1484 4225 1744 4285 denotant,
1787 4242 1870 4294 sy-

352 4298 478 4349 nodi
525 4295 955 4348 Chalcedonensis
1006 4307 1051 4348 et
1100 4294 1287 4348 Leonis
1330 4313 1478 4365 pupm
1497 4295 1757 4366 judicium
1788 4310 1871 4347 re-

350 4368 685 4433 prehendunt.

355 4480 530 4553 Exigit
557 4495 587 4533 a
628 4479 783 4534 nobis
812 4479 992 4563 operis
1023 4493 1152 4533 cura
1197 4480 1430 4547 suscepti
1463 4489 1519 4532 ut
1544 4479 1686 4548 quod
1711 4494 1874 4546 supe—

283 4573 430 4629 riore
458 4571 598 4626 libro
613 4571 988 4626 demonstrare
999 4570 1282 4639 cmpimus,
1317 4569 1368 4622 in
1387 4570 1490 4622 isto
1509 4569 1877 4637 multipliciter

284 4661 637 4721 ostendamus
658 4703 672 4725 ,
705 4661 960 4730 quoniam
987 4661 1360 4716 haereticorum
1394 4661 1684 4729 compliccs
1706 4659 1882 4714 Theo-

285 4755 478 4809 dorum
495 4766 712 4821 quoque
735 4750 1173 4820 Mopsuestenum
1197 4750 1528 4819 episcopum,
1555 4749 1605 4802 in
1630 4747 1881 4803 Ecclesia-

289 4840 762 4914 pace'defunetum
795 4849 852 4897 et
879 4857 908 4895 a
938 4841 1137 4896 sanctis
1168 4839 1431 4903 Patribus,
1467 4841 1606 4894 sicut
1625 4839 1734 4907 jam
1764 4854 1882 4892 me-

286 4932 652 4995 moravimus,
693 4929 1073 4999 prtedicatum,
1116 4931 1169 4982 in
1209 4928 1632 4983 destructionem
1677 4942 1884 4996 magnae

282 5025 488 5101 synodi
517 5023 973 5079 Chalcedonensis
1001 5031 1161 5090 atque
1185 5022 1550 5074 institutorum
1574 5021 1715 5074 beati
1750 5019 1887 5072 Leo-

284 5119 398 5182 nis,
447 5113 778 5169 anathemati
826 5109 1195 5166 subdiderunt.
1236 5109 1302 5161 Et
1341 5110 1496 5178 quia,
1553 5117 1610 5161 ut
1651 5109 1702 5161 in
1732 5124 1885 5162 suum

287 5221 621 5262 consensum
669 5205 815 5258 leves
866 5201 1030 5258 corde
1065 5199 1301 5270 possent
1351 5201 1654 5264 adducere,
1705 5200 1887 5254 dicunt

288 5305 514 5356 beatum
570 5297 826 5369 Cyrillum
879 5295 1058 5365 aliqua
1107 5293 1344 5362 ejusdem
1385 5290 1652 5346 Theodori
1691 5291 1887 5360 scripta

290 5391 570 5460 culpasse,
594 5390 700 5444 hoc
713 5402 930 5457 quoque
956 5401 1010 5456 pi
1024 5386 1268 5449 abemus,
1287 5385 1430 5453 quod
1464 5383 1672 5437 etiamsi
1703 5398 1887 5437 verum

287 5485 362 5538 sit
388 5519 405 5546 ,
455 5487 645 5535 contra
675 5478 793 5547 ejus
821 5476 1147 5532 sententiam
1177 5474 1421 5534 fecerint,
1456 5472 1611 5541 cujus
1637 5472 1890 5541 exemplo

274 5571 773 5644 'prtcsumptionem
803 5583 952 5622 suam
972 5567 1204 5620 inaniter
1229 5577 1487 5618 excusare
1512 5570 1795 5617 conantur.
1821 5559 1892 5615 Ut

293 5659 750 5732 quemadmodum
769 5657 1044 5714 evidenter
1066 5659 1432 5727 apparuerunt
1454 5651 1601 5724 quod
1631 5648 1896 5706 fallaciter

371 5871 387 5888 ‘
426 5863 557 5920 Cod.
588 5864 811 5928 Veron.,
840 5860 1108 5914 indicium.

1973 4124 2034 4163 se
2059 4107 2424 4176 iactaverunt,
2457 4101 2528 4155 ob
2559 4098 2872 4169 injuriarum
2903 4095 3021 4167 ejus
3057 4097 3336 4166 dciorem,
3364 4096 3571 4167 episto-

1974 4200 2081 4252 lam
2106 4193 2431 4251 venerabilis
2479 4192 2584 4246 lba:
2629 4190 2934 4255 damnasse,
2987 4189 3062 4244 ita
3113 4203 3212 4244 suo
3260 4188 3573 4243 testimonio

1975 4287 2367 4344 convincantur
2390 4326 2405 4349 ,
2438 4291 2490 4336 et
2513 4283 2567 4334 in
2597 4278 2999 4334 damnationem
3031 4277 3300 4332 Theodori
3327 4285 3444 4344 ejus
3474 4278 3574 4331 im~

1978 4392 2241 4449 pugnasse
2258 4375 2541 4444 judicium.
2565 4370 2662 4426 Ubi
2684 4381 2864 4425 autem
2887 4369 3170 4424 docuimus
3192 4369 3447 4438 quoniam
3491 4371 3575 4423 vel

1981 4471 2024 4524 si
2055 4467 2302 4524 eamdem
2349 4463 2631 4533 epistolam
2687 4459 2926 4531 synodus
2967 4456 3423 4513 Chalcedonensis
3471 4473 3576 4511 non

1981 4559 2359 4630 pronuntiaret
2397 4553 2762 4612 orthodoxam
2786 4591 2802 4616 ,
2832 4549 3179 4604 nihilominus
3218 4549 3271 4604 in
3313 4549 3431 4618 ejus
3457 4565 3579 4604 eva-

1985 4651 2294 4707 cuationem
2337 4662 2436 4717 pro
2463 4644 2624 4699 laude
2654 4643 2924 4698 Theodori
2956 4643 3343 4705 damnaretur,
3378 4641 3448 4695 ibi
3480 4642 3581 4694 uti-

1987 4758 2094 4814 que
2136 4742 2294 4796 simul
2326 4729 2613 4795 ostensum'
2637 4745 2721 4791 est
2761 4736 2935 4805 ipsum
2979 4747 3197 4802 quoque
3236 4732 3580 4788 Theodorum

1986 4844 2275 4904 propterea
2320 4831 2484 4885 fuisse
2524 4829 2858 4884 damnatum.
2903 4823 3058 4879 Unde
3098 4835 3154 4878 et
3192 4823 3324 4878 illud
3368 4839 3582 4891 quoque

1991 4941 2213 4981 necesse
2239 4932 2324 4979 est
2351 4923 2525 4993 sequi,
2554 4919 2698 4989 quod
2713 4918 2875 4972 etiam
2905 4916 2974 4971 de
2998 4914 3305 4984 supradicta
3355 4914 3582 4982 epistola

1993 5014 2317 5069 venerabilis
2346 5013 2451 5067 Iba:
2489 5011 2601 5080 jam
2623 5009 2884 5070 diximus,
2919 5005 3172 5074 quoniam
3204 5003 3250 5056 si
3281 5002 3489 5056 dicatur
3519 5002 3583 5053 ad

1990 5106 2273 5159 veritatem
2306 5113 2468 5172 atque
2497 5102 2760 5170 judicium
2789 5101 2802 5129 ¹
2847 5097 3128 5150 catholicae
3160 5092 3282 5148 ﬁdei
3315 5093 3584 5161 pertinuere

1992 5197 2135 5266 quod
2155 5203 2459 5250 statuerunt
2487 5193 2603 5260 isti,
2636 5191 2877 5245 dicentes
2904 5206 2916 5240 :
2948 5207 2964 5238 ι
3001 5186 3059 5240 Si
3089 5186 3208 5254 quis
3224 5200 3332 5238 non
3364 5183 3584 5236 anathe-

1993 5288 2212 5341 matizat
2239 5285 2582 5341 Theodorum
2638 5277 2978 5350 Mopsuestiac
3002 5318 3018 5343 ,
3061 5284 3116 5330 et
3159 5275 3277 5343 ejus
3307 5274 3584 5341 dogmata,

1992 5392 2193 5446 eosque
2212 5378 2304 5445 qui
2331 5384 2422 5430 aut
2443 5373 2634 5428 similia
2667 5372 2713 5426 ei
2747 5375 3063 5438 sapuerunt,
3095 5373 3188 5420 aut
3208 5365 3448 5434 sapiunt,
3465 5377 3586 5417 ana~

1993 5471 2273 5536 themasit,
2313 5489 2332 5520 ι
2367 5469 2457 5522 illa
2484 5465 2719 5536 synodus
2748 5461 3018 5518 catholica
3061 5474 3168 5513 non
3196 5456 3360 5512 fuisse
3400 5454 3584 5510 ﬁrma—

1995 5561 2159 5626 bitur,
2189 5575 2308 5630 qua:
2338 5573 2445 5613 non
2468 5557 2617 5611 illum
2635 5553 2941 5620 damnavit,
2971 5566 3092 5606 cum
3123 5563 3191 5605 ex
3221 5546 3449 5618 epistola
3473 5559 3588 5598 me-

1999 5657 2210 5706 morata
2231 5647 2448 5705 recitari
2481 5643 2666 5700 Iaudes
2692 5643 3006 5712 dogmatum
3019 5640 3135 5710 ejus
3156 5637 3590 5695 audiretNerum
