4114 6558
594 326 704 384 5Βό

1666 331 1962 387 FACUNDI
2007 332 2223 391 EI’ISC.
2263 332 2774 424 IIERMIANENSIS

3800 332 3901 386 584

592 461 694 500 nec
723 447 832 501 Leo
910 460 1139 503 omauus
1180 455 1407 502 antistes
1434 447 1641 503 carebit
1670 448 1775 503 hoc
1798 449 2065 503 crimine:
2098 450 2189 519 qui
2220 456 2262 509 A
2294 451 2653 504 orthodoxam
2683 449 2947 520 synodum
2990 448 3200 513 facere,
3236 448 3604 519 cujuscunque
3632 458 3778 503 esset
3809 450 3898 502 illa

588 550 714 589 cum
755 543 907 606 gesta
960 540 1226 608 praedicta:
1254 539 1450 609 synodi
1489 554 1550 593 se
1587 538 1795 595 diceret
1830 541 2187 610 approbasse,

587 641 702 682 non
730 628 907 696 arguit
952 628 1098 697 quod
1140 628 1215 683 ibi
1247 628 1520 686 Theodori
1562 630 1748 686 laudes
1788 646 1894 686 non
1926 632 2193 687 invenerit

584 714 942 788 improbatas.
975 718 1091 776 Hoc
1119 728 1302 776 autem
1323 763 1339 789 ,
1368 723 1675 792 ubicunque
1704 723 1772 778 de
1804 724 1971 794 ipsius
1998 724 2189 796 synodi

586 809 1013 878 reprehensione
1034 814 1440 881 conquerimur,
1464 822 1685 883 oportet
1715 813 2018 880 advertere,
2049 830 2189 883 quo-

586 899 733 966 niam
759 914 869 955 non
897 901 1015 957 sine
1046 902 1304 972 praedicto
1334 903 1495 959 beato
1537 903 1723 960 Leone
1752 904 2021 975 culpatur.
2051 903 2189 971 Quid

591 992 752 1046 etiam
782 991 953 1057 illud,
986 993 1134 1061 quod
1163 994 1231 1050 de
1261 995 1422 1049 modo
1451 994 1623 1064 ipsius
1650 994 1801 1060 facti,
1823 1009 1933 1064 quo
1961 994 2189 1063 epistola

595 1081 685 1134 illa
710 1084 965 1139 damnata
996 1094 1098 1151 est,
1130 1087 1477 1157 prudentium
1509 1087 1709 1142 rationi
1737 1086 2188 1143 considerandum

593 1175 992 1244 proposuimus,
1020 1191 1199 1231 nonne
1227 1178 1280 1231 in
1305 1178 1759 1233 condemnatione
1773 1193 1989 1248 quoque
2012 1176 2191 1233 Theo—

590 1263 713 1319 dori
736 1265 900 1321 debet
927 1267 1165 1330 attendi,
1215 1269 1473 1338 quoniam
1505 1285 1605 1325 nec
1627 1269 1886 1326 adversus
1914 1285 2035 1323 cum
2057 1309 2072 1334 ,
2101 1270 2190 1325 vel

590 1357 633 1411 si
664 1357 909 1414 adhucin
936 1375 1172 1430 corpore
1185 1361 1429 1431 degeret,
1458 1372 1512 1417 et
1534 1364 1823 1419 haereticus
1843 1364 2186 1434 probaretur,

590 1449 718 1504 olim
761 1450 1086 1507 Nestoriano
1134 1468 1321 1509 errore
1350 1453 1608 1508 damnato
1635 1454 1736 1518 ,~in
1785 1470 1893 1523 quo
1928 1469 2189 1523 prmoecu-

590 1554 746 1615 palus
802 1544 964 1601 fuisse
1003 1546 1235 1611 dicitur,
1289 1555 1398 1601 tam
1451 1543 1743 1601 multorum
1805 1549 2187 1618 episcoporum

589 1641 751 1694 erat‘
779 1640 944 1708 quani
979 1641 1325 1705 sententiam,
1360 1656 1478 1709 qua:
1510 1655 1783 1709 nunquam
1815 1657 1914 1710 pro
1946 1650 2184 1694 veterum

589 1733 963 1789 haereticorum
993 1732 1345 1787 damnatione
1367 1775 1382 1798 ,
1428 1733 1526 1788 sed
1553 1733 1843 1801 aliquando
1893 1748 1994 1802 pro
2023 1748 2187 1786 novo-

588 1840 705 1880 rum
734 1824 1045 1880 exclusione
1087 1823 1186 1878 fuit
1229 1824 1533 1879 necessaria
1561 1866 1576 1891 ,
1616 1825 1660 1879 si
1704 1834 1878 1878 tamen
1921 1824 2186 1878 admoniti

586 1922 766 1969 errata
798 1915 1074 1984 corrigere
1102 1914 1517 1984 despexissent?
1547 1914 1673 1969 Ideo
1698 1930 1829 1969 vero
1861 1930 2002 1968 nunc
2031 1929 2175 1983 qua:-

584 2005 792 2059 sierunt
839 2004 1217 2059 haereticorum
1251 2002 1491 2058 fautores
1531 2005 1598 2058 ab
1629 2004 1920 2059 universali
1943 2003 2181 2059 Ecclesia

585 2097 900 2164 magistrum
929 2095 1163 2150 Nestorii
1197 2096 1533 2165 pronuntiari
1567 2096 1946 2161 Theodorum;
1973 2107 2031 2151 ut
2059 2097 2182 2165 quia

586 2186 743 2242 facile
764 2194 1068 2241 monstrare
1097 2195 1345 2256 possunt,
1382 2202 1489 2242 non
1517 2188 1693 2243 solum
1716 2187 1997 2259 epistolam
2022 2202 2185 2241 vene-

586 2277 769 2333 rabilis
794 2277 918 2341 Ibze,
950 2278 1136 2333 laudes
1161 2278 1277 2347 ejus
1298 2278 1690 2344 continentem,
1720 2294 1750 2333 a
1780 2270 2011 2350 synodo,
2038 2279 2184 2348 quod

584 2368 718 2425 false
740 2379 991 2438 negatum
1022 2378 1105 2424 est
1130 2370 1485 2442 approbatam
1507 2413 1522 2437 ,
1553 2385 1743 2424 verum
1773 2370 1938 2424 etiam
1968 2371 2183 2439 sapien-

583 2462 776 2517 tissimi
797 2460 1022 2517 Joannis
1053 2460 1401 2529 Antiocheni,
1434 2472 1489 2517 et
1512 2460 1804 2517 Orientalis
1838 2462 2054 2517 concilii
2090 2462 2182 2516 Iit-

585 2563 733 2610 teras
756 2595 771 2620 ,
802 2556 868 2610 ad
898 2557 1117 2610 beatum
1150 2553 1400 2610 Proclum
1442 2566 1496 2609 et
1523 2556 1907 2625 imperatorem
1930 2553 2184 2609 Theodo-

581 2649 721 2704 sium
748 2648 924 2717 datas,
949 2649 1001 2703 in
1019 2648 1214 2718 quibus
1237 2648 1377 2702 idem
1403 2647 1722 2703 Theodorus
1752 2648 1925 2702 multo
1953 2646 2184 2717 amplius

578 2749 667 2793 est
714 2738 980 2806 laudatus,
1041 2739 1203 2793 etiam
1258 2754 1356 2808 per
1408 2739 1514 2794 hoc
1554 2738 1868 2808 praedictam
1915 2737 2180 2807 synodum

581 2830 952 2887 Nestorianam
983 2846 1103 2885 esse
1135 2828 1428 2885 firmarent.
1471 2829 1604 2884 Nam
1636 2829 1808 2899 etipsa
1829 2828 2182 2898 subscriptio-

580 2924 666 2979 nis
702 2923 933 2978 formula
973 2938 1093 2993 quae
1123 2922 1246 2976 data
1289 2931 1371 2977 est
1416 2923 1470 2976 in
1503 2921 2017 2978 condemnationem
2044 2919 2182 2989 ejus-

578 3013 707 3069 dem
737 3012 1051 3079 Theodori,
1082 3027 1189 3066 non
1238 3010 1385 3066 aliud
1426 3010 1641 3066 videtur
1688 3010 1996 3075 ostendere,
2053 3024 2179 3064 cum

576 3108 777 3163 dictum
823 3114 953 3161 est:
997 3124 1014 3157 ι
1050 3104 1109 3160 Si
1154 3104 1275 3175 quis
1314 3120 1424 3159 non
1468 3103 1887 3158 anathematizat
1926 3101 2178 3156 Theodo-

2293 542 2522 610 epistola
2552 585 2560 598 .
2594 555 2715 610 qme
2756 539 2859 595 Iba:
2890 548 3144 609 tauquam
3178 554 3275 594 sua
3303 548 3424 594 erat
3446 538 3683 608 objecta,
3714 548 3797 606 ut,
3826 543 3898 592 ad

2294 629 2687 686 removendam
2714 632 2931 702 penitus
2961 632 3324 700 suspicionem
3349 671 3363 696 ,
3394 638 3616 700 cogeret
3642 631 3898 686 eumdem

2291 722 2439 777 lham
2470 722 2777 777 Nestorium
2815 724 3297 791 anathematizare,
3327 723 3483 792 cujus
3508 723 3560 777 in
3591 738 3658 778 eo
3689 722 3711 754 ⁸
3738 738 3900 778 men-

2295 813 2369 866 tio
2417 812 2555 867 facta
2622 822 2722 867 est.
2777 813 3062 879 Quomodo
3133 814 3296 882 igitur
3345 813 3605 884 praedicta
3655 814 3901 883 synodus

2291 901 2771 968 Chalcedonensis,
2802 905 2849 958 si
2888 919 3016 958 vere
3046 904 3352 959 orthodoxa
3401 904 3597 968 fuerat,
3629 913 3900 972 expetens

2291 994 2437 1048 Ibam
2486 995 2949 1071 anathematizare
2997 993 3325 1059 Nestorimn,
3385 1003 3441 1048 et
3488 993 3603 1062 ejus
3635 994 3895 1062 dogmata

2291 1100 2411 1154 qua:
2442 1101 2546 1139 non
2579 1086 2922 1148 laudaverat,
2948 1101 3056 1139 non
3085 1085 3348 1155 expetivit
3379 1093 3434 1137 ut
3456 1084 3688 1138 maxime
3711 1082 3901 1137 Theo-

2292 1177 2483 1230 dorum
2513 1176 2531 1206 δ
2554 1177 3070 1243 anathematizaret;
3102 1190 3260 1246 quem
3290 1174 3539 1231 audierat
3564 1173 3704 1244 apud
3735 1188 3797 1228 se
3823 1189 3895 1228 cx

2294 1278 2593 1324 memorata
2623 1270 2853 1340 epistola
2898 1269 3114 1325 recitari
3158 1270 3376 1323 beatum
3407 1282 3713 1336 praeconem
3745 1266 3897 1319 veri-

2295 1362 2418 1416 tatis
2449 1404 2463 1429 ,
2495 1371 2550 1416 et
2588 1360 2867 1416 doctorem
2896 1360 3149 1416 Ecclesia:
3172 1402 3187 1426 ,
3220 1368 3275 1415 et
3302 1361 3355 1415 in
3384 1375 3481 1415 sua
3507 1361 3618 1414 vita
3642 1360 3895 1430 colaphi-

2292 1470 2444 1510 zasse
2467 1454 2754 1510 haereticos
2771 1469 2869 1525 per
2894 1455 3182 1508 veritatem
3203 1469 3314 1508 sua:
3342 1451 3486 1519 ﬁdei,
3511 1462 3565 1507 et
3595 1460 3720 1522 post
3740 1468 3895 1505 mur-

2291 1551 2401 1598 tem
2431 1543 2693 1613 spiritalia
2723 1558 2871 1597 arma
2897 1543 2950 1598 in
2977 1543 3131 1599 libris
3159 1542 3397 1613 propriis
3428 1540 3684 1597 Ecclesiis
3717 1544 3739 1573 ⁸
3771 1541 3894 1595 reli~

2293 1637 2512 1705 quisse?
2539 1635 2622 1691 An
2646 1635 2985 1701 Theodorus,
3019 1636 3087 1691 de
3114 1635 3266 1705 cujus
3292 1635 3638 1705 blasphemiis
3678 1634 3893 1688 dixistis

2291 1727 2435 1795 quod
2459 1725 2661 1781 diaboli
2677 1727 3444 1796 transgredianturinsaniam,
3473 1735 3693 1796 propter
3711 1726 3893 1779 zelum

2223 1850 2265 1907 Β
2297 1818 2409 1884 Dei,
2431 1821 2572 1874 sicut
2604 1821 2624 1851 "
2644 1821 2903 1890 scriptum
2928 1828 3031 1883 est,
3066 1836 3172 1875 non
3194 1818 3369 1874 solum
3399 1820 3673 1891 propriam
3706 1820 3893 1873 cis-ita-

2296 1922 2404 1967 tem
2435 1913 2502 1966 ab
2546 1926 2732 1967 errore
2764 1912 2832 1967 ad
2863 1912 3147 1985 veritatem
3177 1913 3474 1976 convertit,
3512 1911 3606 1965 sed
3636 1918 3693 1965 et
3724 1910 3892 1975 longe

2236 1990 2242 1995 ’
2291 2004 2494 2073 positas
2519 2019 2615 2057 sua
2641 2004 2887 2057 doctrina
2914 2003 3167 2057 instruxit
3210 2000 3512 2057 Ecelesias?
3540 1999 3672 2066 Qua:
3700 2001 3891 2052 omnia

2290 2110 2410 2149 cum
2441 2111 2506 2149 ex
2537 2095 2766 2163 cpistola
2797 2093 3008 2162 objecta
3037 2093 3140 2147 Ibae
3166 2091 3402 2163 synodus
3429 2090 3894 2145 Chalcedonensis

2288 2186 2521 2250 audiret,
2554 2201 2660 2240 non
2692 2187 2869 2255 coegit
2895 2185 3143 2240 eumdem
3184 2184 3332 2238 Ibam
3360 2183 3435 2237 sic
3462 2181 3737 2235 laudatum
3759 2196 3893 2234 ana-

2289 2280 2640 2336 thematizare
2666 2280 3009 2335 Theodorum
3041 2299 3055 2311 ’
3085 2280 3155 2335 ob
3193 2281 3299 2335 hoc
3325 2278 3591 2350 profecto,
3620 2279 3750 2348 quia
3781 2278 3892 2332 Nc-

2287 2374 2441 2427 storii
2467 2374 2685 2443 impium
2704 2374 3002 2443 suscipiens
3024 2388 3286 2438 errorem,
3313 2373 3429 2441 ejus
3447 2372 3663 2441 quidem
3687 2388 3891 2427 nomen

2288 2464 2600 2525 occultavit,
2635 2462 2903 2518 Theodori
2929 2472 3106 2518 autem
3133 2462 3491 2532 Mopsuesteni
3514 2461 3774 2520 defendit.
3796 2463 3892 2530 qui

2287 2554 2544 2623 magister
2586 2554 2817 2609 Nestorii
2862 2553 2986 2618 fuit,
3036 2553 3487 2622 quemadmodum
3529 2552 3583 2606 in
3624 2552 3892 2621 prmdicto

2290 2645 2449 2712 libro,
2488 2645 2639 2716 cujus
2674 2646 3084 2701 diffinitionibus
3130 2644 3538 2715 subscripsistis,
3578 2644 3648 2699 de
3688 2644 3892 2699 talibus

2286 2738 2490 2795 dictum
2535 2748 2635 2794 est.
2677 2738 2805 2796 Ila‘c
2847 2755 2977 2795 cum'
3017 2740 3171 2793 nobis
3219 2739 3465 2808 opposita
3504 2737 3723 2802 fuerint,
3754 2737 3891 2807 quid

2285 2838 2471 2882 contra
2504 2828 2707 2884 referre
2734 2829 3051 2892 valebimus,
3083 2829 3128 2882 si
3158 2828 3490 2882 orthodoxus
3528 2843 3636 2882 non
3679 2835 3766 2881 est
3797 2828 3892 2898 qui

2286 2917 2574 2976 Theodoro
2603 2919 2944 2991 Mopsuestia:
2970 2928 3024 2975 et
3060 2921 3177 2989 ejus
3214 2920 3554 2988 dogmatibus
3598 2936 3709 2973 non
3756 2920 3889 2975 dicit

2254 3026 2255 3029 ‘
2285 3013 2612 3068 anathema?
2651 3011 2882 3067 Proinde
2923 3013 3221 3082 cognoscis,
3253 3012 3511 3080 Auguste,
3541 3012 3689 3081 quod
3720 3014 3775 3067 in
3804 3030 3889 3069 re-

2286 3094 2701 3174 prehensionem
2754 3104 2945 3175 synodi
3001 3103 3455 3158 Chalcedonensis
3512 3105 3627 3158 lucc
3686 3102 3889 3159 fuerint

576 3212 696 3252 rum
726 3196 1067 3266 Mopsuestia:
1105 3204 1160 3250 et
1207 3195 1325 3263 ejus
1364 3195 1650 3265 dogmata,
1690 3188 1976 3247 anathema
2006 3192 2105 3257 sit,
2143 3210 2165 3245 ι
2205 3225 2249 3285 C
2288 3199 2599 3263 const'tuta,
2631 3197 2711 3251 vel
2758 3198 2801 3252 si
2846 3198 3123 3252 recitatam
3170 3196 3525 3261 solummodo,
3570 3213 3679 3250 non
3718 3200 3889 3251 etiam

574 3285 720 3356 quod
781 3286 835 3340 in
888 3286 1087 3341 nullius
1133 3285 1376 3341 hazretici
1421 3285 1775 3340 damnatione
1830 3284 2172 3338 meminimus

573 3379 864 3448 contigisse
896 3397 909 3432 :
936 3388 994 3433 ut
1019 3379 1096 3432 illi
1125 3394 1344 3448 quoque
1372 3378 1661 3432 anathema
1684 3384 1889 3442 essent,
1922 3376 2013 3445 qui
2040 3391 2171 3430 ana-

572 3470 754 3526 thema
783 3472 832 3525 ei
862 3486 969 3524 non
998 3470 1258 3526 dicerent.
1292 3472 1571 3542 Siquidem
1622 3473 1920 3527 multorum
1952 3471 2172 3526 haereti-

569 3574 759 3616 corum
784 3561 982 3616 tnultos
1005 3569 1059 3616 et
1081 3561 1336 3630 dogmata
1363 3564 1552 3625 latent,
1578 3571 1632 3617 et
1658 3563 1897 3627 nomina,
1932 3562 2023 3633 qui
2046 3576 2170 3615 ana-

567 3654 751 3709 thema
776 3668 898 3709 esse
926 3669 1032 3709 non
1047 3654 1266 3719 debent,
1289 3655 1544 3723 quoniam
1576 3672 1683 3710 non
1711 3653 2170 3709 anathematizant

561 3762 663 3803 eos
688 3762 826 3817 quos
862 3748 1129 3802 nesciunt.
1164 3746 1288 3813 Sed,
1321 3738 1777 3817 quemadmodum
1805 3747 2008 3803 dictum
2060 3753 2165 3808 est,

564 3846 625 3893 ut
652 3838 725 3894 ad
755 3837 946 3910 synodi
983 3837 1449 3895 Chalcedonensis
1492 3839 1765 3908 injuriam'
1793 3835 2162 3908 pervenirent,

561 3947 684 4002 qua:
721 3947 841 3987 cum
870 3930 1014 4000 apud
1044 3946 1104 3985 se
1132 3932 1497 3987 recitarentur
1521 3947 1587 3987 ex
1616 3931 1846 4000 epistola
1878 3928 2165 3985 venerabi~

560 4023 626 4078 Iis
662 4022 767 4079 Ibte
807 4022 995 4079 laudes
1038 4023 1207 4092 ipsius
1239 4023 1541 4089 Theodori,
1574 4039 1752 4094 neque
1799 4023 1934 4093 ipsi,
1986 4036 2163 4092 neque

557 4114 902 4184 dogmatibus
930 4113 1047 4183 ejus
1067 4113 1205 4168 dixit
1231 4115 1543 4182 anathema,
1567 4124 1857 4186 propterea
1890 4113 2012 4169 talis
2034 4114 2161 4169 data

559 4214 645 4261 est
684 4214 875 4261 contra
921 4204 1374 4260 consuetudinem
1425 4215 1722 4276 contraque
1765 4206 2158 4261 humanitatem

547 4289 786 4351 formula
811 4295 1206 4361 subscri‘bendi,
1233 4298 1388 4366 quasi
1420 4313 1579 4353 nemo
1620 4299 1779 4353 aliter
1806 4299 2029 4368 probari
2066 4314 2161 4354 ca-

555 4386 785 4467 tholicus
817 4391 1024 4458 possit,
1077 4391 1179 4447 nisi
1208 4390 1594 4462 Mopsuesteno
1624 4391 1914 4447 Theodoro
1945 4401 2002 4445 et
2041 4392 2159 4460 ejus

553 4478 892 4546 dogmatibus
917 4483 1205 4536 anathema
1234 4484 1453 4539 dixerit.
1498 4485 1657 4552 Quod
1683 4485 1965 4539 decretum
1996 4482 2041 4537 si
2069 4498 2156 4537 re-

551 4567 801 4637 cipimus,
833 4569 963 4624 nihil
984 4571 1232 4642 estquod
1263 4574 1529 4630 haereticis
1554 4591 1653 4644 pro
1681 4574 1890 4645 synodo
1918 4572 2150 4628 Chalce-

549 4657 778 4714 donensi
832 4661 1163 4731 respondere
1206 4656 1503 4733 possimus,
1555 4682 1678 4720 cum
1726 4666 2013 4721 dixerint:
2059 4663 2149 4719 Sic

550 4749 700 4808 vobis
726 4750 900 4808 visum
928 4761 1011 4809 est
1039 4754 1188 4811 illam
1218 4757 1480 4828 synodum
1512 4771 1774 4813 excusare
1803 4758 1856 4811 in
1889 4757 2027 4811 libro
2057 4755 2145 4810 cui

543 4843 932 4911 censensistis,
967 4854 1026 4899 ut
1063 4843 1319 4903 diceretis
1341 4847 1489 4916 quod
1510 4888 1527 4913 ,
1580 4864 1686 4903 non
1716 4856 1972 4902 contenta
2004 4846 2145 4900 facta

543 4934 613 4990 ab
659 4935 752 4991 Iba
802 4936 1162 5006 denegatione
1212 4948 1436 5010 propter
1484 4939 1551 4992 ad
1597 4938 1785 4994 Marim
1833 4939 2140 5009 epistolam,

543 5040 721 5095 neque
750 5027 916 5081 etiam
959 5044 1059 5098 pro
1111 5043 1178 5083 eo
1226 5027 1367 5083 facta
1397 5028 1782 5085 testificatione
1821 5030 2144 5086 clericorum

543 5117 963 5188 Edessenorum,
1002 5119 1098 5175 sed
1145 5119 1473 5176 confirmans
1519 5121 1816 5191 judicatum
1872 5121 2050 5178 Photii
2089 5131 2148 5178 et

541 5206 819 5265 Eustachii
844 5210 895 5273 ³,
930 5208 1121 5278 petivit
1148 5208 1317 5273 Ibam,
1349 5210 1415 5265 ad
1440 5210 1867 5267 destructionem
1881 5221 1938 5268 et
1959 5214 2145 5269 exelu-

539 5300 747 5356 sionem
777 5300 847 5356 ad
889 5300 1077 5357 Marini
1126 5301 1305 5371 impias
1358 5302 1629 5372 epistolae,
1683 5307 2146 5361 anathematizare

539 5389 847 5446 Nestorium
878 5400 933 5446 et
959 5391 1078 5461 ejus
1099 5391 1375 5462 dogmata.
1407 5391 1479 5446 Et
1505 5407 1700 5448 revera
1741 5393 1821 5449 sic
1850 5397 2142 5465 oportebat

605 5563 625 5627 ζ
654 5552 790 5627 Cod.
823 5534 1208 5627 veron.,;opus
1229 5567 1360 5613 erat.

604 5622 628 5653 ¹
655 5621 990 5706 Ideni-cndu"
1034 5621 1445 5706 Edstqchii,_vel
1474 5629 1779 5699 Eustathii,
1834 5642 1894 5689 ut
1937 5634 2134 5706 legitur

536 5690 611 5820 Lat
638 5695 869 5816 cgncilio
921 5690 1522 5769 Constantinopolitano
1568 5719 1627 5768 ιι,
1654 5690 1890 5771 generali
1918 5690 2130 5774 v,’”¢6il

608 5803 630 5861 ί
655 5803 803 5888 Idem
832 5835 976 5905 cod.,
1007 5838 1060 5893 ίοι
1089 5853 1172 5906 ea,
1215 5812 1443 5909 epistola
1470 5840 1679 5900 scilicet
1705 5842 1808 5898 Iliae
1848 5847 2008 5916 paulo
2037 5864 2128 5904 su-

2282 3296 2558 3357 receptam
2601 3288 2669 3342 ibi
2716 3294 3068 3343 memoratam
3117 3288 3400 3358 epistolam
3436 3289 3788 3343 mentiamur.
3826 3289 3891 3345 Et

2278 3380 2402 3435 ideo
2431 3382 2725 3451 complices
2746 3382 3121 3436 hmretieorum
3151 3396 3244 3435 sua
3267 3382 3477 3436 ratione
3498 3396 3707 3450 suoque
3730 3382 3889 3436 testi-

2278 3474 2480 3538 monio,
2528 3474 2671 3529 sicut
2722 3473 2973 3540 diximus,
3021 3473 3416 3529 convincuntur
3460 3471 3720 3527 adversus
3772 3489 3889 3526 ma-

2274 3578 2434 3634 gnam
2466 3565 2729 3638 synodum
2762 3565 2887 3619 talia
2916 3564 3238 3620 decrevisse.
3270 3562 3401 3618 Nam
3428 3564 3491 3625 si,
3522 3572 3579 3617 ut
3612 3562 3888 3619 fallaciter

2273 3654 2521 3723 suadent,
2548 3654 2672 3710 inde
2695 3656 2715 3686 ⁷
2740 3670 2769 3708 a
2801 3654 2957 3709 nobis
2978 3662 3284 3718 excusetur,
3314 3652 3457 3722 quod
3485 3670 3590 3707 non
3619 3663 3887 3708 contenta

2273 3745 2728 3807 venerabilislbaa
2757 3746 2997 3816 episcopi
3027 3746 3314 3813 negatione
3346 3753 3566 3815 propter
3595 3746 3662 3800 ad
3686 3745 3887 3801 Marim

2272 3836 2579 3906 epistolam,
2614 3850 2792 3905 neque
2832 3836 2972 3891 facta
3004 3852 3103 3905 pro
3133 3850 3198 3891 eo
3232 3834 3609 3891 testificatione
3646 3836 3884 3891 clerico-

2268 3944 2390 3983 rum
2437 3928 2859 3997 Edessenorum,
2886 3915 3146 4002 expetivit
3183 3933 3251 3987 ab
3289 3931 3381 3986 illo
3410 3932 3887 3987 anathematizare

2268 4018 2600 4086 Nestorium,
2634 4036 2797 4091 quem
2824 4022 2879 4076 in
2921 4023 3035 4093 ipsa
3064 4022 3293 4092 epistola
3319 4038 3426 4078 non
3452 4022 3712 4084 laudavit.
3752 4025 3886 4079 inde

2270 4126 2379 4165 non
2418 4113 2623 4181 poterit
2651 4113 2916 4179 excusari,
2949 4114 3075 4183 quia
3105 4130 3212 4168 non
3242 4113 3501 4183 expetivit
3529 4120 3585 4167 ut
3615 4112 3884 4169 Theodo-

2265 4221 2384 4261 rum
2418 4207 2674 4272 maxime,
2700 4222 2823 4261 cum
2851 4207 2964 4263 suis
3007 4207 3081 4262 ibi
3114 4207 3454 4276 dogmatibus
3494 4206 3882 4275 prmdicalum,

2264 4298 2768 4367 anathematizaret,
2799 4314 2919 4355 cum
2949 4299 3247 4356 secundum
3277 4299 3411 4354 istos
3434 4314 3543 4354 non
3573 4299 3736 4356 aliter
3755 4316 3883 4371 pro-

2263 4390 2379 4444 bari
2401 4391 2705 4447 catholicus
2730 4392 2920 4462 possit.

2265 4554 2417 4619 Quod
2446 4554 2748 4608 Theodorus
2774 4565 2827 4607 ut
2868 4555 3106 4628 Νιδιονίἱ
3156 4557 3333 4628 (tortor
3361 4556 3597 4628 accusari
3626 4568 3873 4628 nequeat,

2333 4642 2447 4676 cum
2500 4637 2691 4678 rectam
2748 4627 2810 4679 de
2852 4625 3055 4679 Christo
3106 4626 3261 4694 ﬁdem
3296 4636 3479 4680 contra
3531 4625 3879 4682 Samosatam;

2320 4707 2371 4748 et
2401 4697 2627 4750 Nectarii
2648 4706 2875 4751 errorem
2897 4706 3094 4757 teneat;
3117 4706 3164 4751 et
3195 4700 3260 4751 de
3277 4698 3509 4767 symbolo
3531 4701 3677 4767 quod
3694 4698 3869 4754 Tlteo~

2324 4768 2445 4821 dari
2473 4768 2755 4821 dicebatur.

2328 4855 2467 4923 Quid
2507 4856 2671 4910 etiam
2714 4856 2847 4912 illud
2882 4855 3025 4925 quod
3071 4857 3343 4913 tinxerunt
3397 4857 3653 4914 eumdem
3683 4858 3866 4915 Theo-

2252 4948 2446 5002 dortnn
2493 4963 2524 5001 a
2566 4948 2728 5003 beato
2771 4946 2987 5011 Leone,
3029 4948 3178 5003 velut
3217 4948 3541 5018 magistrum
3593 4949 3867 5015 Nestorii,

2251 5038 2603 5094 denotatum?
2646 5037 2900 5108 Nunquid
2942 5040 3012 5094 ob
3059 5039 3204 5094 aliud
3244 5056 3338 5096 eos
3366 5049 3479 5094 tam
3510 5042 3867 5099 manifestum

2253 5131 2612 5196 mendacium,
2640 5130 2760 5186 sine
2789 5130 2899 5185 ullo
2936 5138 3189 5202 respectu
3219 5131 3443 5202 pudoris
3469 5134 3720 5197 humani,
3752 5138 3872 5190 for-

2253 5231 2396 5277 tasse
2433 5220 2760 5277 credendum
2798 5231 2900 5286 est,
2934 5222 3035 5277 nisi
3076 5231 3131 5276 ut
3181 5223 3347 5293 ipsius
3383 5224 3577 5295 synodi
3611 5241 3873 5289 causam,

2250 5311 2393 5382 quod
2424 5312 2498 5366 ibi
2537 5327 2639 5366 nec
2662 5312 2777 5382 ipse
2805 5313 3094 5368 damnatus
3121 5322 3227 5380 est,
3259 5329 3358 5369 nec
3386 5330 3507 5385 quae
3542 5315 3695 5370 illum
3720 5332 3861 5387 pra”-

2249 5404 2448 5460 dicavit
2466 5404 2717 5474 epistola,
2750 5421 2855 5460 non
2888 5405 3064 5460 solum
3093 5405 3351 5474 Nestorii,
3381 5404 3435 5461 id
3463 5414 3548 5462 est
3576 5407 3867 5478 catholici,

2242 5573 2424 5639 perius
2449 5572 2686 5628 laudata.

2315 5643 2333 5715 7⁵
2358 5643 2505 5715 idem
2535 5643 2682 5712 cod.,
2709 5642 3042 5715 Ilieodorum
3071 5640 3487 5715 Mopsueszeimm
3506 5684 3521 5697 _

2314 5714 2335 5743 ⁸
2357 5713 2499 5769 Idem
2524 5711 2673 5779 cod.,
2701 5711 2951 5769 Ecclesiae
2978 5714 3125 5783 ﬁliis.

2312 5783 2332 5814 ‘
2362 5783 2506 5853 Idem
2532 5784 2679 5853 cod.,
2709 5783 2841 5837 sicut
2864 5784 2954 5837 ibi.

2310 5854 2329 5885 '
2359 5852 2505 5910 Idem
2534 5854 2681 5921 cod.,
2715 5855 2847 5909 sicut
2877 5856 3137 5926 fallacuer
3165 5859 3384 5909 suadent
3405 5864 3457 5905 ut
3490 5864 3633 5919 inde,
3693 5862 3805 5905 tte.
