4114 6548
378 346 485 402 585
1241 345 1377 402 PRO
1416 344 1831 403 DEFENSlONE
1872 341 2088 401 TRIUM
2127 338 2443 399 CAPITUL.
2489 339 2611 396 LIB.
2656 338 2743 396 Ill.
3558 338 3666 396 586

382 476 565 517 verum
611 459 776 516 etiam
824 461 1002 530 magni
1048 462 1200 518 testis
1239 469 1485 531 gravaret
1522 462 1849 517 auctoritas?
1879 459 1971 517 Sic
2000 465 2051 525 Α
2077 457 2277 512 minem
2309 463 2541 517 tantum,
2576 469 2683 509 non
2719 453 2882 509 etiam
2924 452 3111 519 Deum,
3144 452 3341 507 dixerit
3369 451 3665 520 Christum,

377 555 522 612 enim
559 553 693 608 dixit
736 572 748 608 :
797 574 816 607 ι
865 554 1093 625 Oportet
1136 556 1297 626 igitur
1340 554 1623 612 manifeste
1673 554 1972 622 intelligere

375 648 503 720 quia
529 656 749 704 sanctus
771 647 900 712 Leo,
933 648 1261 704 conﬁrmans
1283 663 1349 703 ea
1377 662 1497 717 quae
1525 648 1578 702 in
1608 646 1823 718 Epheso
1852 655 1974 703 acta

375 748 501 798 sunt
525 738 784 795 adversus
806 738 1111 794 Nestorium
1142 754 1173 793 a
1201 748 1390 795 sancto
1411 738 1635 811 Cyrillo,
1660 748 1716 794 et
1742 739 1857 794 haec
1879 754 1976 793 cu-

376 830 566 888 stodiri
612 830 948 900 prmcipiens,
977 829 1198 909 deﬁnita
1239 829 1455 899 quidem
1493 836 1656 884 vocat
1690 828 1975 884 duodecim

357 921 612 993 capitula
633 922 811 977 sancti
834 920 1038 992 Cyrilli,
1062 921 1258 991 quibus
1278 920 1513 977 Nestorii
1535 920 1872 990 adjudicatus
1892 927 1996 976 est

378 1029 533 1069 error
561 1032 572 1065 :
604 1012 854 1069 doctores
897 1020 1076 1067 autem
1115 1013 1560 1081 anathematizat,
1596 1012 1831 1068 Nestorii
1859 1012 1979 1081 qui—

379 1108 504 1163 dem
543 1105 769 1160 Paulum
807 1104 1221 1161 Samosatenum
1251 1113 1306 1159 et
1338 1104 1684 1160 Theodorum
1726 1103 1979 1173 Mopsue-

368 1180 609 1264 ‘stenum,
643 1196 899 1269 Eutycbis
938 1204 1119 1252 autem
1160 1195 1516 1251 Manichaeum
1541 1207 1598 1252 et
1626 1197 1976 1267 Apolinarem

368 1282 595 1362 "impios,
638 1305 761 1346 cum
810 1289 1029 1360 probari
1085 1305 1193 1345 non
1245 1289 1417 1360 possit
1465 1290 1591 1359 quia
1631 1290 1975 1347 Theodorum

382 1384 815 1454 Mopsuestenum
842 1382 1034 1437 beatus
1064 1380 1175 1436 Leo
1206 1380 1523 1449 magistrum
1564 1380 1703 1435 dixit
1728 1394 1851 1435 esse
1872 1379 1979 1436 Ne-

377 1477 555 1532 storii.
586 1494 604 1526 ι
632 1473 737 1528 Sed
760 1473 1039 1544 proferant
1059 1473 1143 1528 vel
1164 1472 1470 1543 epistolam,
1492 1472 1580 1528 vel
1599 1487 1979 1542 quamcunque

380 1567 541 1624 aliam
580 1566 925 1636 scripturam,
970 1565 1026 1619 in
1069 1579 1175 1634 qua
1217 1563 1323 1621 hoc
1369 1579 1493 1620 eum
1530 1563 1733 1621 dixisse
1774 1563 1978 1621 conﬁr-

384 1668 550 1714 mant.
582 1658 719 1714 Nam
748 1666 805 1715 et
830 1658 1120 1728 oportebat
1140 1672 1237 1714 eos
1259 1671 1514 1727 promere
1535 1657 1627 1712 ubi
1657 1657 1762 1712 hoc
1787 1656 1979 1713 beatus

385 1752 494 1807 Leo
524 1752 744 1820 dixerit,
775 1752 822 1807 si
850 1764 1038 1807 verum
1067 1764 1128 1805 se
1154 1749 1340 1805 dicere
1375 1748 1742 1804 conﬁdebant.
1776 1747 1976 1803 Verum

2078 548 2169 616 qui
2194 555 2480 617 propterea
2506 546 2726 599 Paulum
2753 543 3167 599 Samosatenum
3192 542 3465 597 diabolum
3488 555 3671 615 vocat,

2081 648 2138 694 et
2162 638 2506 694 Theodorum
2543 646 2705 706 atque
2736 637 3082 692 Artemoncm
3121 637 3227 692 hoc
3263 635 3508 692 dicentes
3537 636 3673 693 fate-

2080 741 2169 787 tur
2195 747 2302 786 non
2333 746 2518 786 sanam
2551 739 2737 787 tenere
2765 732 3086 795 doctrinam,
3129 728 3223 785 sed
3262 728 3317 783 in
3356 743 3456 783 suo
3486 742 3675 784 errore

2079 826 2260 897 potius
2286 827 2586 895 aegrotare?
2605 824 2741 891 Quid
2768 826 2931 895 igitur
2960 826 3074 895 ipse
3101 823 3330 880 credidit
3349 839 3468 879 esse
3488 822 3674 880 Domi-

2080 935 2211 975 num
2240 917 2425 975 Iesum
2451 918 2760 974 Christum?
2789 919 2893 974 hoc
2922 917 3189 988 profecto,
3219 917 3366 987 quod
3406 917 3525 972 illos
3566 924 3673 971 non

2079 1012 2402 1082 cognovisse
2430 1011 2723 1081 redarguit,
2746 1010 2795 1066 id
2824 1021 2906 1066 est
2922 1010 3091 1066 Deum
3106 1009 3367 1078 Verbum,
3394 1018 3450 1063 et
3473 1009 3526 1062 in
3556 1008 3676 1063 sub-

2080 1107 2279 1163 stantia
2306 1104 2525 1176 propria
2556 1104 2751 1159 Filium
2777 1104 2891 1169 Dei,
2917 1104 3119 1174 quippe
3145 1116 3309 1173 quem
3340 1110 3395 1157 et
3422 1112 3548 1156 ante
3577 1116 3676 1155 sm-

2080 1200 2200 1256 cula
2218 1214 2288 1255 ex
2313 1197 2426 1254 Deo
2457 1195 2618 1253 Patre
2643 1206 2845 1252 aeterne
2865 1197 3010 1252 dicat
3029 1194 3354 1252 exstantem.
3380 1193 3498 1249 Non
3521 1206 3673 1262 ergo,

2081 1291 2223 1346 sicut
2253 1290 2306 1346 in
2347 1290 2775 1361 reprehensione
2814 1298 3017 1345 sancta:
3047 1289 3237 1362 synodi
3268 1286 3507 1357 ﬁngitur,
3540 1287 3679 1341 duos

2081 1382 2185 1437 iste
2207 1382 2457 1449 credidit,
2479 1390 2573 1437 aut
2593 1382 2728 1438 duos
2754 1381 2940 1438 docuit
2968 1380 3128 1449 ﬁlios,
3146 1380 3301 1450 quasi
3320 1379 3541 1445 alterius
3558 1377 3679 1432 sub-

2081 1474 2294 1529 stantiae
2322 1474 2510 1530 dicens
2538 1474 2816 1530 hominem
2840 1474 3135 1539 Christum,
3168 1482 3224 1529 et
3258 1473 3478 1527 alterius
3508 1470 3678 1526 Deum

2083 1565 2320 1621 Verbum
2347 1584 2360 1619 :
2391 1567 2507 1635 qui,
2540 1567 2683 1622 sicut
2710 1552 2827 1637 ejus
2854 1566 3016 1622 verba
3040 1566 3338 1631 declarant,
3369 1566 3543 1635 ipsum
3575 1562 3679 1616 Do-

2083 1660 2286 1715 minum
2325 1660 2510 1716 desum
2545 1660 2822 1717 Christum
2864 1676 2975 1715 non
3016 1673 3213 1731 purum
3258 1660 3553 1724 hominem,
3584 1655 3681 1713 sed

2084 1750 2247 1806 etiam
2276 1751 2447 1808 Deum
2478 1752 2715 1809 Verbum
2742 1767 2862 1808 esse
2891 1754 3176 1823 cognovit;
3215 1768 3316 1808 nec
3344 1751 3458 1808 sola
3486 1757 3680 1806 aucto-

385 1860 451 1900 ne
479 1845 584 1900 hoc
613 1845 835 1900 dubium
865 1844 1223 1914 relinquatur,
1248 1858 1349 1898 nos
1373 1842 1541 1913 ipsius
1569 1841 1844 1897 Theodori
1865 1857 1984 1897 ver-
2011 1833 2061 1893 Β
2086 1844 2249 1899 ritate
2277 1853 2373 1900 aut
2400 1845 2667 1914 dignitate
2695 1860 2962 1915 personzn,
2991 1847 3085 1902 sed
3121 1848 3174 1901 in
3214 1846 3518 1902 substantia
3552 1862 3681 1917 pto-

386 1936 467 1991 bis
506 1936 798 1991 doceamus
837 1944 1098 2006 quantum
1128 1935 1199 1990 ab
1225 1948 1411 1990 errore
1451 1932 1603 1989 Pauli
1640 1933 1981 1990 Samosateni

387 2029 547 2085 fuerit
573 2028 805 2097 alienus,
836 2029 951 2100 qui,
985 2028 1385 2102 tertiodecimo
1415 2027 1553 2083 libro
1579 2025 1787 2083 codicis
1819 2042 1981 2096 quem

386 2129 673 2198 mysticum
714 2123 1006 2194 appellavit
1030 2137 1081 2175 ιι
1115 2122 1351 2192 Angelus
1392 2122 1593 2178 diaboli
1640 2129 1745 2190 est,
1785 2122 1981 2191 inquit,

389 2218 774 2275 Samosateuus
829 2214 1044 2280 Paulus,
1093 2214 1185 2283 qui
1232 2229 1427 2284 purum
1480 2213 1753 2270 hominem
1801 2213 1985 2269 dicere

386 2308 727 2379 pnesumpsit
773 2307 1058 2362 Dominum
1106 2303 1290 2361 Iesum
1334 2305 1629 2371 Christum,
1670 2313 1728 2360 et
1768 2306 1986 2375 negavit

384 2403 731 2460 existentiam
769 2400 1068 2457 divinitatis
1108 2398 1413 2469 Uuigeniti,
1460 2412 1579 2468 quae
1608 2407 1692 2455 est
1728 2406 1857 2455 ante
1883 2414 1985 2455 ste-

389 2495 531 2552 eula.
568 2514 587 2546 »
620 2493 754 2549 item
784 2494 836 2548 in
862 2508 1029 2563 opere
1053 2493 1198 2561 quod
1227 2499 1415 2547 contra
1447 2490 1791 2560 Apolinarem
1816 2500 1840 2528 ⁸
1871 2492 1986 2546 edi—

391 2587 483 2650 dit,
512 2587 671 2642 tertio
700 2587 836 2641 libro
860 2586 932 2640 ita
955 2587 1169 2640 locutus
1184 2592 1267 2640 est
1291 2603 1304 2637 :
1330 2603 1349 2636 ι
1377 2582 1717 2639 Manifestum
1739 2592 1823 2638 est
1842 2583 1988 2639 enim

391 2684 532 2755 quod
561 2681 948 2739 Samosatenus
969 2679 1166 2735 Paulus
1194 2679 1483 2750 episcopus
1509 2677 1727 2748 quidem
1758 2676 1857 2732 fuit
1878 2676 1989 2731 An-

393 2778 656 2833 tiochenze
694 2775 948 2831 Ecclesia:
991 2773 1200 2829 Domini
1234 2772 1350 2839 Dei,
1380 2780 1438 2827 et
1464 2769 1777 2826 Theodori‘
1805 2780 1987 2827 autem

391 2878 447 2927 et
467 2870 778 2925 Artemonis
805 2866 831 2906 ιι
862 2882 1057 2922 errore
1086 2875 1376 2937 mgrotans,
1416 2864 1511 2934 qui
1541 2879 1733 2933 purum
1762 2866 1783 2896 '
1815 2865 1989 2920 homi-

388 2978 516 3019 nem
560 2961 813 3017 dixerunt
848 2975 968 3015 esse
1005 2960 1291 3015 Dominum
1330 2956 1513 3013 Jesum
1550 2957 1847 3027 Christum,
1878 2974 1989 3014 non

324 3044 327 3049 ’
392 3069 517 3112 eum
558 3060 950 3120 cognoscentes
989 3050 1156 3106 Deum
1196 3048 1454 3114 Verbum,
1493 3056 1550 3104 et
1594 3047 1649 3103 in
1684 3048 1989 3105 substantia

396 3146 613 3215 propria
645 3144 834 3201 Filium
863 3144 960 3199 Dei
990 3153 1117 3198 ante
1142 3143 1340 3199 saecula
1369 3157 1439 3197 ex
1459 3142 1574 3199 Deo
1600 3140 1765 3198 Patre
1782 3150 1988 3199 :eterno

2084 1934 2201 2004 pria
2229 1934 2399 1990 Deum
2426 1944 2483 1991 et
2509 1934 2704 1991 Filium
2740 1935 2859 2005 Dei,
2886 1938 3024 1992 sicut
3064 1938 3230 1992 etiam
3278 1937 3332 1991 in
3381 1937 3682 1993 Substautia

2084 2026 2304 2097 propria
2326 2027 2597 2083 hominem
2620 2035 2678 2082 et
2699 2027 2864 2083 ﬁlium
2886 2030 3140 2084 hominis.
3166 2028 3296 2096 Quae
3325 2032 3375 2084 iu
3399 2029 3484 2087 his
3507 2030 3683 2085 verbis

2087 2118 2323 2184 occasio,
2353 2133 2477 2190 qua:
2502 2120 2740 2190 suspicio
2772 2121 2944 2176 errori
2975 2120 3299 2177 Nestoriauo
3329 2123 3684 2192 relinquitur?

2086 2207 2227 2266 Ecce
2247 2218 2330 2269 est
2347 2219 2537 2281 aperta
2567 2218 2624 2267 et
2649 2212 2797 2267 omni
2823 2212 3176 2281 ambiguitate
3200 2230 3393 2270 carens
3414 2208 3685 2269 Theodori

2089 2299 2240 2367 fides,
2267 2319 2367 2372 pro
2390 2318 2495 2373 qua
2534 2304 2587 2359 in
2627 2305 2859 2376 epistola
2890 2308 3217 2362 venerabilis
3252 2308 3374 2369 lbte.
3407 2309 3545 2363 sicut
3572 2318 3628 2362 et
3655 2324 3689 2364 a

2058 2393 2416 2451 doctissimis
2452 2394 2725 2465 Patribus,
2757 2398 3031 2454 laudatur.
3062 2395 3181 2454 Non
3224 2408 3307 2455 est
3348 2400 3512 2470 igitur
3540 2401 3686 2469 quod

2058 2514 2063 2519 ο
2090 2486 2415 2559 Eutychiani
2447 2487 2515 2543 de
2553 2486 2882 2546 Nestoriano
2911 2490 3167 2559 dogmate
3204 2494 3468 2563 synodum
3500 2493 3685 2547 crimi-

2089 2587 2304 2645 nentur,
2345 2579 2470 2648 quia
2502 2580 2811 2650 praedictam
2851 2581 3157 2652 epistolam,
3196 2581 3382 2637 laudes
3415 2581 3687 2639 Theodori

2091 2672 2482 2736 continentem,
2529 2673 2891 2741 pronuntiavit
2918 2673 3304 2738 orthodoxam;
3340 2674 3478 2729 sicut
3506 2685 3684 2730 autem

2093 2777 2199 2817 non
2229 2771 2314 2817 est
2338 2762 2597 2818 dicendus
2625 2764 2973 2832 Manichmus,
3003 2765 3130 2834 quia
3161 2766 3213 2820 in
3241 2764 3341 2820 hoc
3375 2766 3688 2821 testimonio

2093 2854 2381 2911 Dominum
2409 2855 2591 2912 desum
2620 2857 2783 2912 Deum
2806 2858 3066 2928 Verbum,
3091 2858 3215 2914 etin
3242 2860 3542 2915 substantia
3568 2876 3690 2927 pro-

2096 2949 2209 3016 pria
2241 2948 2436 3003 Filium
2469 2948 2560 3005 Dei
2583 2994 2597 3016 ,
2645 2957 2770 3005 ante
2798 2950 2995 3005 saecula
3026 2962 3093 3005 ex
3145 2951 3255 3006 Deo
3288 2950 3442 3007 Patre
3490 2961 3691 3009 atterite

2092 3039 2369 3095 exstitisse
2410 3040 2728 3107 confessus,
2786 3041 2854 3097 de
2892 3042 3009 3112 ejus
3040 3042 3369 3099 humanitate
3408 3045 3689 3109 conticuit,

2097 3132 2170 3187 ita
2198 3133 2346 3187 velut
2384 3132 2615 3189 Nectarii
2645 3132 2836 3190 doctor
2869 3136 3111 3190 accusari
3144 3149 3250 3190 non
3282 3135 3471 3203 debet,
3505 3137 3595 3192 ubi
3624 3137 3693 3193 de

397 3246 722 3295 exstantem.
763 3256 782 3288 ι
816 3235 1065 3306 Nunquid
1102 3236 1245 3291 hunc
1277 3234 1402 3289 talia
1430 3234 1500 3289 de
1536 3232 1705 3290 Paulo
1733 3234 1992 3291 Samosa-
2023 3223 2069 3286 C
2097 3225 2218 3296 ejus
2247 3226 2578 3283 humanitate
2604 3228 2906 3298 disputans,
2947 3227 3015 3284 de
3046 3228 3333 3286 divinitate
3373 3242 3477 3286 nan
3516 3232 3693 3302 loqui-

398 3342 523 3387 tcno
565 3330 898 3399 loquentem,
930 3337 985 3383 et
1011 3327 1136 3382 talia
1174 3326 1243 3382 de
1277 3326 1497 3383 Christo
1540 3327 1850 3395 docentem,
1881 3327 1994 3384 Leo

400 3424 680 3478 Romanus
707 3437 829 3477 cum
862 3421 978 3491 ipso
1009 3418 1178 3475 Paulo
1206 3419 1487 3475 doctorem
1510 3418 1716 3476 diceret
1743 3435 1863 3475 esse
1890 3419 1996 3475 Ne-

399 3514 586 3568 stor-ii?
608 3512 716 3567 Sed
744 3511 831 3565 isti
856 3511 933 3566 sic
962 3509 1298 3566 conﬁdenter
1334 3509 1608 3571 allirmant
1636 3510 1997 3581 quodcunque

399 3604 693 3673 voluerint,
722 3603 874 3673 quasi
905 3603 1009 3657 hoc
1038 3602 1109 3656 sit
1134 3616 1321 3656 verum
1360 3601 1616 3670 probare,
1648 3602 1791 3671 quod
1831 3601 1996 3657 verba

399 3695 623 3764 jactare.
646 3695 911 3749 Cancrum
934 3693 1074 3747 absit
1098 3700 1155 3746 ut
1176 3692 1282 3746 hoc
1307 3691 1375 3746 de
1404 3692 1496 3746 illo
1516 3691 1856 3747 sanctissimo
1882 3692 1997 3747 viro

402 3786 719 3850 credamus;
769 3783 1026 3852 quoniam
1076 3782 1176 3838 etsi
1223 3782 1539 3838 Theodorus
1584 3782 1638 3837 in
1675 3782 1997 3853 quibusdam

400 3891 611 3932 errasse
637 3884 989 3942 monstretur,
1017 3892 1124 3931 non
1148 3875 1270 3930 ideo
1298 3876 1632 3932 mendaciter
1662 3877 1998 3933 accusandus

312 3991 321 3995 ·
401 3979 504 4036 est,
547 3970 600 4023 in
636 3968 833 4038 quibus
877 3968 1161 4037 culpabilis
1200 3983 1307 4022 non
1346 3977 1451 4022 est.
1493 3966 1594 4034 Qui
1635 3971 1778 4023 enim
1811 3983 1998 4038 repre—

403 4060 587 4115 hendit
616 4067 671 4116 et
699 4067 920 4115 accusat
949 4074 1190 4114 errorem
1230 4074 1338 4114 non
1380 4059 1767 4123 voluntarium,
1801 4060 1998 4115 volun-

403 4153 541 4207 tario
588 4150 872 4207 mendacio
915 4165 976 4206 se
1024 4149 1302 4219 implicare
1347 4165 1455 4205 non
1506 4150 1691 4217 debet,
1741 4150 2000 4220 quoniam

403 4244 659 4314 scriptum
682 4253 765 4298 est
788 4260 801 4296 :
830 4241 1022 4297 Perdes
1052 4257 1229 4295 omnes
1250 4242 1336 4312 qui
1364 4242 1646 4312 loquuntur
1672 4243 2002 4298 mendacium

405 4335 580 4407 (l'sal.
613 4350 665 4401 v,
698 4334 772 4405 7).
804 4332 923 4388 Νοιι
955 4340 1164 4386 tantum
1192 4347 1320 4387 vero
1347 4333 1607 4387 miramur
1636 4332 2003 4405 Eutychianos

404 4442 501 4497 per
524 4441 651 4480 suos
672 4424 937 4479 satellites
965 4424 1037 4477 ita
1073 4422 1308 4487 mentiri,
1334 4432 1595 4492 quantum
1622 4425 1766 4494 quod
1794 4424 1899 4481 illis
1925 4427 2004 4483 sic

404 4531 611 4575 temere
646 4526 702 4573 et
734 4518 817 4573 sic
846 4516 1004 4571 facile
1044 4516 1301 4570 creditur.
1332 4514 1618 4581 Quomodo
1650 4524 1832 4572 autem
1859 4518 2001 4574 idem

2099 3330 2222 3388 tur;
2274 3321 2508 3390 autnhi,
2540 3322 3024 3390 Apoliuarismrum
3074 3324 3446 3380 haereticorum
3475 3336 3694 3381 contra-

2096 3414 2332 3471 dictione
2364 3428 2611 3487 cogente,
2656 3426 2875 3473 naturas
2913 3419 3142 3487 amplius
3189 3418 3402 3488 dividit,
3448 3436 3606 3491 quam
3641 3433 3695 3476 nt

2100 3508 2375 3563 haerednm
2400 3510 2660 3579 ipsorum,
2678 3509 2728 3563 id
2753 3520 2834 3565 est
2864 3508 3343 3581 Eutyrhianorum,
3367 3512 3691 3568 calumniam

2099 3610 2284 3670 posset
2310 3600 2566 3672 effugere.
2601 3601 2801 3670 Accipe
2838 3616 2998 3671 porro
3037 3603 3147 3672 jam
3181 3613 3236 3659 et
3274 3604 3420 3660 aliud
3461 3619 3647 3660 eorum
3677 3605 3696 3638 ⁸

2099 3692 2460 3758 mendacium,
2489 3695 2630 3764 quod
2660 3694 2909 3751 similiter
2953 3697 3220 3750 ﬁnxerunt
3251 3696 3301 3750 in
3333 3699 3523 3752 eodem
3555 3698 3695 3752 libro

2099 3801 2198 3840 suo
2233 3785 2512 3842 dicentes:
2552 3805 2571 3839 σ
2610 3788 2835 3856 Oportet
2865 3789 3007 3843 enim
3055 3790 3321 3857 inspicere
3351 3792 3532 3845 animo
3572 3791 3696 3860 quia

2099 3876 2285 3932 dicens
2314 3877 2627 3946 Apostolus,
2657 3878 2744 3948 qui
2780 3892 3063 3946 personam
3092 3877 3248 3933 Verbi
3281 3877 3604 3950 signiﬁcavit
3644 3883 3697 3936 in

2103 3968 2197 4021 Dei
2227 3982 2347 4023 esse
2377 3970 2571 4033 forma,
2604 3970 2745 4040 quod
2777 3980 2861 4025 est
2892 3972 2943 4025 in
2978 3971 3208 4026 essen=ia
3260 3967 3436 4027 Patris
3472 3971 3697 4042 (Philip.

2102 4074 2160 4125 ll,
2183 4059 2263 4130 6),
2296 4075 2402 4115 non
2433 4061 2589 4127 dixit,
2621 4064 2744 4131 quia
2791 4064 2880 4132 qui
2914 4072 3032 4118 erat
3077 4065 3131 4119 in
3176 4063 3345 4119 forma
3374 4069 3513 4121 servi
3547 4082 3701 4121 accc-

2103 4152 2201 4221 pit,
2231 4163 2287 4206 ut
2336 4167 2441 4207 non
2488 4154 2852 4222 pra-existcnti
2883 4154 3085 4209 homini
3127 4155 3524 4211 demonstraret
3565 4156 3702 4211 Ver-

2104 4242 2232 4297 bum
2285 4246 2493 4299 unitum
2540 4247 2840 4301 secundum
2871 4245 3142 4301 Theodori
3200 4255 3256 4301 et
3294 4248 3521 4303 Nestorii
3555 4249 3702 4306 insa-

2107 4336 2291 4404 niam;
2326 4356 2346 4389 ι
2397 4352 2496 4393 nec
2527 4349 2705 4392 tamen
2747 4341 3036 4393 ostendunt
3081 4339 3168 4393 ubi
3200 4339 3518 4395 Tltnolorus
3559 4341 3703 4396 dixit

2105 4432 2227 4500 quia
2268 4432 2469 4487 homini
2518 4434 2879 4502 pra‘existenti
2915 4434 3118 4488 unitum
3164 4446 3246 4489 est
3277 4435 3535 4492 Verbum.
3597 4436 3703 4492 Nos

2109 4524 2292 4592 igitur,
2334 4524 2495 4578 etiam
2532 4525 2631 4578 hoc
2684 4524 2734 4578 in
2783 4525 3182 4580 denotationem
3239 4535 3399 4596 atque
3450 4529 3703 4583 invidiam

405 4612 723 4667 Theodorus
744 4610 961 4673 dicitur,
990 4607 1135 4679 quod
1160 4608 1433 4663 hominem
1466 4623 1680 4678 purum,
1713 4609 1766 4663 id
1789 4618 1871 4665 est
1894 4611 1998 4667 ho-
2030 4602 2084 4662 D
2108 4630 2314 4683 magna;
2342 4615 2531 4686 synodi
2567 4618 2899 4671 mendaciter
2937 4632 3033 4672 eos
3072 4619 3295 4684 dixisse,
3333 4620 3500 4690 'psius
3528 4621 3706 4675 Theo—

531 4747 632 4815 Qui
660 4746 931 4802 Theodori
962 4743 1326 4815 Mopsuesteni
1378 4743 1624 4799 laudibus
1652 4741 1852 4807 favent,
1880 4744 1996 4814 ejus

404 4829 597 4878 contra
621 4819 847 4873 Ariauos
866 4831 921 4872 et
945 4816 1336 4887 Apolinaristas
1360 4816 1655 4870 certamina
1683 4815 1996 4887 praedicant,

405 4903 469 4947 ut
496 4890 871 4945 Theodoretus
897 4885 1053 4943 liva
1082 4886 1330 4942 Historiae
1349 4924 1365 4949 ,
1389 4901 1508 4956 cap.
1546 4887 1645 4940 ult.
1678 4888 1798 4950 ε”εξ
1829 4885 1884 4941 δὲ
1913 4891 2001 4942 καὶ

408 4966 677 5035 τριάκιιντα
703 4963 754 5015 ἐν
782 4970 844 5036 τῇ
882 4957 1131 5035 προεδρίᾳ
1177 4959 1449 5036 dissipa-sv
1479 4957 1760 5036 E'rn._za_zrq'z
1804 4956 1998 5036 'Apsiou

409 5030 490 5088 κὰὶ
514 5036 751 5103 Εὐνομίου
774 5030 1223 5107 reparat-rogare;
1247 5030 1720 5107 φάᾏεξγγοςααέτρν
1735 5030 2002 5107 λῃστλοικρν

408 5096 756 5181 Ἀπολινάριὶοι)
815 5096 1269 5181 κᾶτσςγωγιξομςνοξ
1322 5096 1502 5170 λόχον.
1824 5096 2003 5181 operis

410 5170 685 5231 Theodori
714 5174 861 5243 (nam
892 5170 1037 5243 aliud
1064 5172 1355 5243 scripserat
1380 5178 1567 5243 contra
1592 5170 2003 5243 Apolinaristas)

409 5240 730 5303 meminere
748 5242 987 5314 synodus
1013 5240 1350 5314 vgeneralis
1364 5248 1419 5293 et
1444 5240 1698 5314 Leontius
1723 5240 2007 5314 Byzantius

409 5319 503 5372 lib.
535 5332 590 5370 ιιι
632 5307 821 5386 contra
858 5307 1163 5367 Nestorium
1209 5317 1274 5386 et
1310 5307 1631 5386 Eutychem.
1664 5307 2005 5386 ’anéiua'tpiq;

450 5404 576 5441 orro
619 5384 819 5441 Graecis
868 5393 1179 5439 constanter
1225 5380 1375 5441 dicti,
1436 5388 1543 5433 tam
1600 5381 1870 5448 antiquior
1898 5380 2007 5437 'ille

450 5404 576 5441 orro
619 5404 819 5441 URBCIS
868 5404 1179 5439 COIIStanter
1225 5404 1375 5441 uwtt,
1437 5404 1543 5433 tam
1600 5404 1870 5448 unuquwr
1917 5404 2003 5437 1th

410 5404 854 5528 Eliempolitauus
891 5454 981 5525 qui
1009 5454 1109 5528 s_u_b
1137 5452 1208 5506 Μ.
1236 5450 1454 5528 Aurelio
1478 5450 1630 5528 vixit,
1665 5451 1803 5528 apud
1831 5449 2003 5528 [Euse-

412 5520 598 5593 bium;
626 5528 716 5581 lib.
764 5543 835 5590 IV,
868 5520 986 5595 cap.
1021 5523 1254 5595 26,7tum
1285 5520 1570 5595 Laudiceni
1601 5523 1709 5576 duo
1752 5520 2002 5595 iu_Syria,

413 5590 644 5670 quorum
682 5596 884 5670 junior,
920 5590 968 5649 id
999 5606 1079 5651 est
1108 5594 1265 5670 ﬁlius,
1303 5593 1534 5670 limresis
1563 5602 1750 5670 auctor
1790 5590 2006 5670 fuit,_(_i_e

413 5662 520 5741 qua
552 5662 925 5739 Apol'inaristae
953 5666 1264 5736 nuncupati.
1298 5662 1403 5718 Pro
1449 5662 1772 5733 Apoliuariis
1802 5663 2006 5733 Apolli-

490 5807 505 5837 ‘
538 5804 669 5860 Cod.
708 5804 930 5869 Verum,
963 5799 1231 5855 Theodoti.
1275 5797 1483 5852 Falsam
1525 5795 1782 5851 Theodori
1809 5797 1995 5853 lectio-

415 5891 541 5934 nem
565 5875 815 5933 emendat
841 5871 1157 5929 Sirmondus
1196 5871 1249 5924 in
1272 5871 1549 5940 superiore
1580 5882 1707 5925 uota
1738 5870 1784 5920 δ.

704 5972 978 6036 Ρλτιιοι..
1028 5964 1279 6027 LXVII.

2106 4763 2263 4821 nares
2310 4748 2554 4819 plerique
2593 4748 2749 4821 apud,
2773 4748 2994 4806 Latinos
3016 4760 3233 4821 vocant,
3263 4754 3527 4809 diversam
3556 4756 3707 4813 vocis

2108 4819 2371 4887 originem
2405 4836 2507 4873 non
2538 4820 3051 4875 animadvertentes.

2181 4891 2208 4928 δ
2234 4888 2543 4959 Legendum
2571 4890 2840 4945 Theodoti.
2874 4891 2951 4946 De
2980 4889 3262 4948 Theodoto
3290 4895 3433 4948 enim
3463 4894 3709 4951 Coriario

2108 4974 2289 5016 sermo
2318 4970 2421 5027 est,
2445 4963 2536 5029 qui
2564 4963 2768 5030 primus
2785 4962 3058 5017 Christum
3088 4964 3288 5018 nudum
3316 4965 3587 5020 hominem
3610 4967 3723 5021 ἀοι,

2110 5031 2503 5103 ευίινβειιηψιθ
2541 5032 2611 5087 ob
2649 5047 2867 5087 causam
2893 5048 2945 5103 Ma
2979 5033 3193 5088 Victore
3239 5050 3377 5103 papa
3425 5036 3726 5103 damnatus,

2113 5111 2215 5155 est.
2254 5099 2428 5173 Victus,
2462 5112 2651 5157 auctor
2701 5102 2840 5171 apud
2890 5099 3207 5171 Eusebium,
3240 5099 3333 5159 "lib.
3366 5122 3398 5159 v
3436 5105 3706 5173 Historim,

2110 5188 2247 5250 cap.
2265 5172 2331 5225 27
2362 5191 2374 5225 :
2434 5176 2617 5250 Βίιετωρ
2654 5177 2739 5250 arcti
2763 5176 2956 5250 σιςυτέα
2985 5175 3225 5250 Θεὶδοτρν
3250 5181 3333 5230 τίν
3362 5179 3596 5250 ἀρχηγὸν
3623 5172 3710 5235 καί

2112 5248 2317 5318 πατέρα
2355 5254 2446 5305 τῆς
2475 5246 2772 5320 sipario-Lasso
2802 5247 3133 5320 ᾀπξοστᾳσιὶας
3169 5246 3574 5320 ἀπεκήρυξὲίτρς
3602 5271 3711 5304 κοι-

2115 5315 2318 5393 ηωνιᾴς,
2343 5315 2548 5393 πρῷτόν
2578 5318 2782 5370 εἰπόντα
2807 5315 2949 5393 ψιλὸν
2980 5316 3234 5393 ἄνθρωπον
3264 5315 3495 5392 Χριστόν.
3517 5317 3707 5393 :I'heo-

2111 5386 2224 5438 doti
2249 5386 2492 5439 haeresim
2513 5395 2729 5441 secutus
2750 5396 2833 5440 est
2853 5386 3108 5441 Artemon
3138 5405 3149 5451 ;
3183 5386 3489 5443 Artemonis
3515 5387 3710 5446 Paulus

2111 5456 2531 5532 Satnosatenus,_
2567 5466 2625 5509 ut
2677 5456 2817 5509 idem
2848 5466 3079 5532 auctor
3108 5456 3359 5532 afﬁrmat,
3391 5468 3446 5516 et
3474 5461 3710 5532 episcopi

2109 5503 2406 5649 566323.41};
2410 5503 3450 5596 titanasinadsueti$3511.33ei;
3458 5503 3620 5602 filii."
3619 5503 3711 5598 Cit",

2112 5612 2231 5666 cap.
2337 5640 2347 5651 .

2181 5798 2208 5869 ’ί
2229 5794 2371 5869 [dem
2405 5794 2552 5869 cod_.,
2578 5797 2665 5866 qui
2689 5798 2840 5868 primi
2873 5815 3076 5869 purum.

2192 5868 2212 5898 ³
2252 5865 2395 5922 Idem
2423 5866 2569 5932 cod.,
2594 5865 2741 5923 aliud
2773 5865 2973 5925 euidens
3002 5887 3196 5925 eorum.

3203 5968 3273 6027 19

3144 6050 3185 6061 Γ.
