4114 6494
489 197 590 272 δεῖ

1583 195 1880 254 FACUNDI
1923 194 2138 253 EPISC.
2174 191 2686 254 HERHIANENSIS

3682 194 3789 256 ’588

484 313 603 370 deri
649 313 829 370 verbis
859 313 1170 384 simpliciter
1217 313 1585 380 ostendamus,
1640 314 1730 382 qui
1787 327 1916 379 non,
1949 311 2089 368 sicut
2120 317 2166 374 Α
2192 311 2279 380 jus
2306 325 2600 380 cognomen
2633 310 2820 365 beatus
2852 309 3047 366 Petrus
3078 311 3355 380 apostolus
3378 311 3607 381 sumpsit
3628 327 3658 366 a
3685 311 3794 367 υσυ-

485 409 576 463 isti
600 408 933 478 contingunt,
969 417 1092 462 ante
1116 407 1229 476 jam
1257 406 1570 465 subsistenli
1605 405 1807 462 homini
1839 404 2081 461 Verbum

487 499 620 554 dixit
651 499 878 564 unitum,
911 499 1003 554 sed
1047 499 1113 554 ab
1159 499 1273 567 ipsa
1317 498 1367 552 in
1420 498 1608 554 matris
1649 506 1805 552 utero
1850 497 2087 567 plasma-

480 589 634 652 tione
681 591 914 648 hominis
958 601 1202 647 naturam
1252 607 1372 648 cum
1423 591 1520 648 Dei
1564 589 1739 648 ‘Verbi
1788 604 1983 647 natura
2031 592 2084 646 in

485 700 650 742 unam
687 685 995 742 substitisse
1037 701 1342 756 personam.
1393 685 1528 742 Nam
1579 683 1738 742 tertio
1782 684 1996 742 decimo
2019 685 2088 742 de

474 775 857 831 incarnatione
888 774 1047 843 libro,
1097 774 1178 830 sic
1214 775 1383 832 dicit:
1418 795 1441 828 ε
1499 776 1707 832 Bonum
1755 783 1841 829 est
1883 777 1938 830 in
1983 774 2087 830 hoe

484 867 608 924 loco
633 867 866 924 maxime
887 868 1211 924 concludere
1237 868 1364 940 quid
1389 869 1598 924 virtutis
1625 867 1859 924 habeant
1881 882 1944 923 ea
1965 883 2088 936 quae

479 959 628 1014 dicta
658 969 807 1026 sunt,
838 960 964 1016 sive
982 960 1314 1027 conversari,
1349 960 1464 1016 sive
1491 959 1772 1030 baptizari,
1805 961 1921 1016 sive
1959 975 2083 1015 eru-

484 1051 647 1123 ciﬁgi,
682 1053 796 1109 sive
825 1053 984 1120 mori,
1007 1055 1125 1111 sive
1144 1053 1361 1125 sepeliri
1385 1062 1442 1110 et
1467 1067 1770 1125 resurgere.
1799 1053 1917 1114 Non
1949 1067 2088 1125 puro

485 1140 792 1219 alicuith
818 1155 1137 1216 coaptantes
1164 1147 1371 1202 homini
1398 1145 1628 1204 dicimus
1661 1165 1674 1202 :
1725 1147 1829 1206 hoc
1853 1147 2001 1206 enim
2029 1147 2087 1202 in

486 1251 807 1309 unaquaque
834 1238 1102 1294 dictorum
1125 1239 1586 1296 demonstratione
1614 1239 1817 1298 addere
1839 1254 1946 1304 non
1973 1255 2089 1296 mo-

485 1344 692 1400 ramur,
729 1342 786 1387 ut
816 1333 1016 1390 nullam
1070 1333 1524 1390 calumniantibus
1551 1333 1890 1403 praebeamus
1947 1335 2088 1391 male

485 1424 741 1494 loquendi
784 1425 1162 1489 occasionem;
1214 1425 1308 1481 sed
1343 1425 1644 1486 inhabitato
1669 1426 1888 1495 quidem
1913 1440 1942 1481 a
1975 1426 2088 1483 Deo

486 1514 670 1573 Verbo
691 1517 759 1572 ab
788 1515 902 1586 ipsa
934 1518 987 1572 in
1029 1526 1185 1574 utero
1217 1518 1405 1574 matris
1436 1518 1832 1587 plasmatione;
1863 1519 2088 1578 inhabi-

488 1616 598 1663 tato
621 1624 776 1675 vero,
803 1624 907 1664 non
926 1609 1220 1665 secundum
1245 1625 1584 1666 communem
1611 1611 2084 1682 inhabitationem,

2193 406 2377 469 mino,
2430 415 2716 475 propterea
2765 403 3074 460 Nestorium
3131 405 3591 473 anathematizet,
3647 407 3793 476 quod

2194 497 2357 555 Verbi
2387 497 2684 566 carnisque
2715 504 2963 550 naturam
3012 495 3067 550 in
3120 496 3292 552 beata:
3322 494 3555 565 Virginis
3583 511 3798 553 conce-

2193 597 2372 665 ptione
2411 595 2735 664 sejungens,
2769 607 3042 664 unumque
3083 592 3359 648 Christum
3390 593 3441 646 in
3469 592 3606 649 duos
3644 593 3794 648 divi-

2189 689 2359 753 dens,
2407 686 2566 740 aliam
2595 684 2842 750 deitatie,
2895 695 2950 740 et
2981 685 3140 738 aliam
3173 684 3523 740 humanitatis
3558 685 3799 742 voluerit

2191 794 2313 836 esse
2361 792 2668 847 personam,
2723 790 2835 832 non
2877 787 3070 846 posset
3122 776 3268 832 velut
3317 775 3444 846 ejus
3475 777 3796 848 magistrum

2193 871 2538 927 Theodorum
2565 872 2949 935 condemnare,
2974 871 3070 938 qui
3089 868 3199 938 jam
3228 868 3430 924 dudum
3460 880 3797 938 praeverteris

2192 965 2363 1034 ipsius
2385 977 2629 1019 errorem
2657 961 2915 1028 Nestorii,
2929 971 3123 1018 contra
3137 959 3300 1017 docet
3317 960 3387 1015 ab
3415 961 3528 1030 ipsa
3551 960 3606 1016 in
3629 970 3794 1017 utero

2191 1057 2380 1113 matris
2410 1055 2767 1126 plasmatione
2810 1054 2906 1110 Dei
2941 1053 3100 1109 Verbi
3147 1062 3392 1109 naturam
3421 1068 3542 1109 cum
3575 1067 3637 1107 ea
3669 1067 3799 1123 quae

2191 1155 2573 1217 assumptaest
2603 1147 2656 1201 in
2687 1159 2847 1200 unam
2877 1145 3185 1200 substitisse
3211 1157 3521 1214 personam.
3578 1143 3648 1198 Et
3675 1142 3798 1198 hac

2190 1239 2410 1310 quidem
2433 1238 2752 1309 protulimus
2773 1236 2843 1294 de
2863 1236 3136 1293 Theodori
3162 1237 3400 1306 scriptis,
3426 1251 3494 1292 ex
3507 1236 3799 1292 occasione

2190 1328 2574 1385 cottvincendie
2616 1328 2870 1385 falsitatis
2923 1342 3115 1384 eorum
3165 1341 3304 1398 quos
3345 1337 3534 1398 aperte
3573 1325 3798 1385 mentiri

2193 1437 2302 1478 non
2335 1421 2540 1490 puduit,
2565 1420 2694 1477 dum
2721 1435 2820 1492 pro
2849 1420 2969 1490 ejus
2995 1433 3226 1490 persona
3255 1420 3538 1490 epistolam
3561 1434 3797 1476 venera-

2193 1512 2314 1568 bilis
2333 1512 2444 1567 lbm
2466 1521 2736 1568 conantur
2758 1513 3073 1578 excludere,
3099 1521 3154 1568 et
3177 1527 3275 1583 pro
3305 1513 3532 1583 epistola
3564 1527 3798 1569 venera-

2193 1603 2314 1659 bilis
2340 1604 2448 1660 lhm
2475 1603 2915 1660 Cbaleedonense
2943 1603 3254 1659 concilium.
3285 1604 3626 1675 Competenti
3657 1621 3797 1662 vero

489 1714 665 1769 neque
691 1700 845 1771 juxta
876 1715 995 1757 eam
1025 1718 1147 1772 qua:
1179 1701 1230 1757 in
1272 1703 1455 1762 multis
1484 1704 1804 1777 intelligunt
1829 1707 2082 1776 gramm,
2115 1705 2164 1766 Β
2191 1695 2313 1752 loco
2333 1703 2482 1753 tanta
2505 1703 2564 1752 et
2590 1696 2716 1751 talia
2737 1695 3095 1766 proﬁciemus,
3125 1696 3250 1752 utsi
3275 1711 3382 1752 non
3409 1697 3796 1766 Ipsos-calam—

489 1791 582 1848 sed
618 1791 778 1864 juxta
826 1793 1116 1860 quamdam
1168 1797 1551 1860 excellentem,
1601 1799 1899 1856 secundum
1928 1814 2090 1870 quam

489 1883 653 1938 ctiam
711 1883 939 1938 adunari
978 1885 1208 1941 dicimus
1255 1895 1510 1956 utrasque
1547 1898 1786 1954 naturas,
1829 1900 1884 1947 et
1933 1906 2092 1954 uitam

490 1974 639 2045 juxta
669 1975 1050 2031 adunationem
1079 1976 1324 2034 effectam
1367 1991 1490 2034 esse
1534 1994 1844 2050 personam.
1883 1999 1904 2035 ι
1957 1983 2094 2040 Ecce

493 2070 621 2124 dum
673 2069 924 2125 volumus
966 2071 982 2102 ⁸
1029 2069 1173 2126 aliud
1218 2086 1406 2128 eorum
1457 2073 1794 2132 mendacium
1840 2075 2088 2146 prodere,

493 2161 658 2216 etiam
687 2173 880 2216 omnes
923 2160 1033 2228 hic,
1079 2171 1170 2216 aut
1200 2176 1337 2234 pene
1364 2176 1580 2230 omnes,
1617 2178 1804 2222 eorum
1835 2165 2094 2224 adversus

486 2252 840 2316 Theodorum
869 2253 937 2310 de
965 2253 1336 2312 incarnatione
1361 2254 1563 2315 Christi
1602 2257 1906 2316 calumnias
1933 2259 2094 2317 vide-

492 2358 613 2400 mus
639 2344 906 2401 exclusas.
931 2344 1065 2402 Nam
1087 2357 1341 2405 accusant
1361 2363 1487 2405 eum
1506 2348 1606 2417 illi,
1643 2350 1786 2422 quod
1817 2350 2091 2411 hominem

494 2453 687 2506 purum
722 2438 919 2496 dixerit
963 2440 1258 2498 Christum.
1307 2441 1428 2514 Ipse
1457 2452 1638 2500 autem
1685 2445 1856 2503 dicit:
1909 2466 1928 2500 ι
1965 2448 2094 2506 Sive

491 2531 825 2596 conversari,
857 2531 970 2588 sive
1013 2532 1291 2604 baptizari,
1333 2535 1446 2592 sive
1474 2536 1717 2610 (δι’υεὶὒεί
1740 2580 1756 2606 ,
1785 2540 1900 2596 sive
1932 2544 2089 2612 mori,

492 2627 607 2680 sive
635 2624 849 2695 sepeliri
881 2633 936 2682 et
959 2639 1266 2698 resurgere,
1292 2644 1399 2686 non
1424 2644 1559 2699 puro
1581 2630 1744 2688 alicui
1775 2632 1890 2689 haec
1922 2649 2090 2705 coap-

493 2723 670 2769 tantes
701 2714 908 2772 homini
954 2716 1204 2774 dicimus.
1245 2739 1266 2772 ι
1301 2718 1355 2778 Si
1387 2731 1576 2778 autem
1606 2737 1713 2778 non
1755 2738 1888 2794 puro
1931 2727 2090 2782 alicui

498 2806 699 2862 homini
748 2807 865 2864 hinc
894 2817 1131 2879 coaptat,
1163 2811 1326 2884 igitur
1353 2812 1516 2868 etiam
1551 2813 1719 2871 Deum
1750 2818 2088 2885 conversari,

495 2909 549 2957 et
576 2901 856 2970 baptizari,
886 2909 942 2956 et
969 2901 1232 2973 crucifigi,
1272 2913 1328 2959 et
1357 2905 1516 2975 mori,
1549 2915 1604 2962 et
1633 2906 1871 2976 sepeliri,
1906 2919 1962 2964 et
2008 2925 2091 2964 re-

497 3007 716 3063 iurgi-re
749 2991 946 3053 fatetur
969 2993 1023 3049 in
1045 3007 1210 3050 carne
1238 3007 1509 3066 suscepta,
1537 3013 1799 3070 suamque
1819 3001 2090 3057 sollicitu-

2199 1789 2382 1847 niueos
2430 1798 2594 1861 atque
2635 1789 2874 1857 fallaces,
2912 1789 3048 1846 alios
3073 1797 3224 1846 certe
3253 1791 3527 1860 petiiteai,
3574 1790 3667 1861 qui
3713 1793 3798 1848 eis

2197 1882 2356 1938 l'acile
2381 1882 2747 1939 crediderunt.
2779 1881 2912 1950 Quis
2939 1891 3117 1938 autem
3145 1895 3574 1940 commemorare
3597 1883 3796 1954 possit,

2197 1987 2290 2031 aut
2333 1989 2522 2034 eorum
2551 1989 2746 2034 omnes
2774 1975 3062 2044 falsitates,
3113 1985 3208 2032 aut
3253 1977 3432 2034 omnia
3461 1992 3582 2049 qua
3613 1978 3667 2032 in
3699 1978 3799 2036 illo

2197 2069 2335 2126 libro
2359 2083 2548 2140 sparsa
2579 2079 2730 2138 sunt,
2760 2069 2830 2126 ad
2851 2071 3156 2142 augendum
3181 2072 3391 2127 crimen
3418 2071 3586 2142 ipsius
3614 2071 3801 2129 Theo-

2196 2162 2336 2228 dori,
2361 2171 2418 2219 et
2441 2163 2687 2233 epistola:
2712 2162 2821 2220 lba:
2859 2163 2916 2218 in
2947 2178 3050 2233 qua
3094 2163 3341 2220 laudatus
3367 2173 3472 2232 est,
3499 2175 3554 2220 ut
3583 2181 3652 2220 ex
3690 2166 3800 2223 huc

2197 2271 2405 2326 magna
2431 2257 2642 2330 synodo
2669 2259 3026 2316 suscitaretur
3067 2259 3285 2326 invidia,
3317 2259 3460 2328 quod
3501 2274 3620 2314 eam
3661 2273 3799 2330 pro-

2196 2351 2472 2406 nuntiavit
2509 2350 2911 2406 orthodoxam?
2949 2349 3080 2407 Nam
3112 2351 3228 2408 sive
3255 2366 3378 2408 cum
3419 2351 3672 2421 Nestorii,
3707 2355 3797 2410 vel

2195 2441 2379 2498 nescio
2405 2441 2561 2512 cujus
2583 2441 2733 2514 Cyri,
2779 2443 2894 2500 sive
2922 2457 3044 2499 cum
3075 2444 3298 2500 Joannis
3327 2444 3501 2500 Graeci
3534 2445 3556 2478 δ
3585 2444 3798 2502 faciunt

2195 2534 2548 2601 mentionem,
2592 2535 2782 2592 nolunt
2806 2551 2901 2591 eos
2931 2536 3050 2591 sine
3078 2537 3162 2591 his
3185 2537 3499 2601 conviciari,
3526 2537 3640 2594 sive
3667 2555 3796 2594 cum

2195 2627 2501 2684 testimonia
2547 2628 2828 2698 proferunt
2861 2629 3100 2696 Patrum,
3129 2630 3322 2685 nolunt
3371 2643 3464 2686 eos
3505 2631 3629 2687 sine
3655 2633 3797 2688 alte-

2195 2723 2311 2778 rius
2329 2737 2520 2779 eorum
2544 2723 2939 2794 vituperatione
2961 2723 3202 2780 laudare.
3229 2722 3423 2778 Adhuc
3441 2735 3621 2779 tamen
3645 2725 3796 2780 aliud

2193 2832 2449 2889 magnum
2483 2832 2549 2872 ac
2579 2817 2775 2888 duplex
2815 2832 3003 2872 eorum
3033 2817 3374 2873 mendacium
3424 2817 3796 2887 publicamus:

2195 2912 2336 2982 quod
2361 2910 2804 2968 Chalcedonense
2821 2911 3134 2978 concilium,
3154 2927 3263 2966 non
3290 2911 3544 2984 Ephesini
3563 2921 3798 2980 tantum,

2196 3019 2384 3060 verum
2407 3005 2572 3060 etiam
2597 3003 2766 3073 ipsius
2791 3003 3254 3059 Chalcedonensis
3273 3003 3477 3073 judicio
3501 3005 3671 3060 videri
3699 3021 3798 3060 no-

493 3085 675 3140 dincm
709 3094 1051 3144 monstrans:
1084 3106 1104 3140 ι
1137 3088 1249 3144 i-loc
1273 3089 1438 3156 enim,
1465 3091 1736 3162 inquit,in
1769 3110 1980 3166 unaqna
2004 3113 2089 3165 ine
2117 3090 2162 3150 C
2201 3096 2366 3152 labile
2391 3096 2696 3163 voluerunt,
2726 3095 3000 3151 dicentes:
3051 3114 3070 3147 ι
3101 3095 3377 3151 Theodori
3407 3095 3713 3167 symbolum
3745 3109 3800 3156 et

493 3179 760 3232 dictorum
792 3177 1254 3238 demonstratione
1309 3183 1513 3241 addere
1558 3201 1664 3244 non
1697 3202 1993 3251 moramur,
2039 3201 2096 3244 ut

499 3268 699 3322 nullam
754 3271 1211 3329 calumniantibus
1262 3277 1599 3343 praebeamus
1651 3281 1792 3335 male
1841 3280 2094 3350 loquendi

499 3361 859 3418 occasionem.
897 3382 914 3416 υ
950 3365 1014 3420 Et
1044 3381 1220 3436 neque
1242 3367 1626 3439 sicamputare
1653 3373 1828 3441 potuit
1851 3377 2096 3429 occaso-

502 3470 621 3509 nem
654 3457 1019 3526 quaerentibus
1065 3461 1426 3517 occasionem.
1479 3462 1611 3518 item
1663 3478 1922 3520 accusant
1971 3483 2093 3522 cum

502 3546 598 3615 illi,
625 3546 766 3618 quod
811 3547 1024 3604 beatam
1069 3550 1290 3607 Mariam
1324 3553 1488 3610 Deum
1517 3558 1770 3625 genuisse
1801 3558 2091 3628 negaverit.

503 3642 619 3708 Ipse
650 3649 826 3696 autem
857 3641 986 3697 dicit
1014 3644 1156 3712 quod
1191 3646 1257 3700 ab
1282 3645 1398 3714 ipsa
1420 3647 1475 3701 in
1503 3655 1656 3704 utero
1685 3650 1706 3680 ¹¹
1740 3649 2095 3720 plasmatione

504 3729 642 3788 Deus
671 3730 902 3788 Verbum
924 3734 1217 3794 adunatum
1249 3736 1352 3792 sibi
1380 3736 1656 3796 hominem
1685 3741 2090 3809 inhabitaverit,

500 3824 794 3880 secundum
833 3827 976 3894 quod
1015 3831 1341 3902 evangeliSta
1381 3833 1554 3889 dicit:
1603 3833 1825 3889 Verbum
1854 3852 1980 3890 caro
2011 3838 2094 3905 [a-

499 3927 636 3970 ctum
676 3928 774 3988 est,
809 3927 856 3972 et
887 3921 1133 3975 habitavit
1174 3923 1224 3976 in
1254 3923 1398 3978 nobis
1429 3923 1675 3994 (10mm,
1710 3925 1821 3996 id).
1853 3927 1982 3984 item
2007 3942 2096 3983 ac-

502 4023 698 4068 cusant
750 4027 878 4070 eum
938 4014 1014 4068 illi
1065 4013 1209 4085 quod
1247 4018 1328 4072 sic
1366 4017 1640 4076 habitasse
1685 4019 1880 4076 dixerit
1927 4021 2092 4076 Deum

503 4105 733 4161 Verbum
763 4106 816 4162 in
855 4118 1132 4178 assumpta
1159 4107 1394 4164 hominis
1419 4119 1633 4177 natura,
1667 4112 1806 4168 sicut
1836 4113 2096 4168 habitavit

498 4203 550 4255 in
586 4203 782 4259 'multis
824 4204 1028 4260 sanctis
1054 4213 1214 4274 atque
1257 4205 1553 4275 prephctis,
1605 4223 1712 4264 non
1742 4217 1801 4263 ut
1846 4210 2095 4266 adnue-tis

499 4295 737 4366 utrisque
770 4298 974 4351 naturis
998 4312 1101 4351 una
1135 4297 1287 4352 fieret
1312 4315 1378 4354 ex
1409 4314 1593 4354 carum
1622 4301 1949 4357 adunatione
1974 4320 2095 4373 per-

495 4401 648 4439 sona.
687 4387 804 4456 Ipse
832 4397 1009 4443 autem
1042 4388 1174 4444 dicit
1205 4406 1333 4446 eum
1372 4407 1478 4446 non
1509 4394 1807 4449 secundum
1853 4410 2093 4452 commu-

2202 3192 2254 3245 in
2293 3189 2506 3260 Epheso
2533 3189 2636 3245 sub
2664 3200 2852 3244 sancto
2875 3189 3079 3261 Cyrillo
3105 3189 3364 3261 synodus,
3396 3199 3451 3244 et
3478 3192 3530 3245 in
3565 3191 3799 3248 Chalce~

2199 3282 2344 3338 done
2371 3283 2904 3348 condemnaverunt,
2947 3291 3107 3352 atque
3149 3284 3483 3338 anathemati
3533 3283 3798 3339 subdide-

2201 3387 2324 3432 runt
2341 3391 2471 3431 cum
2492 3377 2866 3445 conscriptore
2893 3377 3048 3444 ejus;
3084 3396 3102 3428 ι
3133 3391 3254 3431 cum
3297 3377 3350 3430 in
3398 3375 3664 3446 Ephesius
3709 3391 3799 3446 sy-

2201 3468 2341 3523 nodo
2371 3476 2397 3506 δ
2435 3469 2704 3523 referatur
2743 3467 2959 3538 quidam
2995 3467 3215 3521 nomine
3243 3465 3542 3531 Charisius,
3575 3467 3799 3536 presby-

2202 3575 2280 3619 tor
2313 3571 2368 3617 ot
2398 3575 2713 3618 mconomus
2753 3559 3166 3628 Philadelphia,
3217 3560 3401 3614 nescio
3447 3573 3582 3626 quos
3629 3560 3799 3613 Anto-

2202 3657 2346 3710 nium
2369 3667 2423 3711 et
2454 3655 2718 3711 Jacobum
2747 3653 3094 3723 presbyteros
3124 3666 3411 3706 accusasse
3437 3651 3505 3705 de
3533 3650 3800 3706 societate

2201 3750 2448 3813 Nestorii,
2479 3759 2532 3804 et
2556 3748 2808 3803 docuisse
2835 3745 2978 3813 quod
3021 3759 3125 3799 non
3158 3743 3416 3798 Eccli-sim
3460 3743 3793 3813 symbolum,

2200 3843 2296 3896 sed
2328 3840 2468 3896 aliud
2494 3881 2509 3906 ,
2559 3838 2838 3894 conversis
2864 3836 3452 3891 Tessarcsczcdecatitis
3499 3835 3790 3902 haereticis,

2199 3934 2288 4003 qui
2318 3947 2425 3986 non
2448 3945 2570 3986 cum
2599 3929 2862 3996 Ecclesia,
2887 3928 2982 3982 sed
3004 3925 3407 3996 quartadecima
3438 3925 3557 3979 luna
3591 3927 3795 3994 pascha

2199 4027 2562 4090 celebrabant,
2595 4023 2966 4085 tradiderunt;
2999 4035 3100 4074 nec
3123 4021 3190 4072 ibi
3217 4020 3444 4084 dicatur,
3465 4019 3550 4072 vel
3580 4019 3650 4072 ab
3677 4019 3798 4084 ipso

2197 4119 2464 4183 Charisio,
2489 4117 2575 4172 vel
2614 4131 2642 4170 a
2686 4130 2980 4184 quoquam,
3011 4113 3144 4167 illud
3173 4111 3474 4182 symbolum
3520 4109 3797 4163 Theodori

2199 4212 2384 4266 fuisse.
2431 4211 2626 4264 Beatus
2663 4207 2900 4276 Cyrillus
2944 4205 3189 4259 scribens
3216 4201 3582 4258 Orientalibus
3611 4202 3703 4254 dic
3729 4211 3785 4254 t:

2204 4321 2223 4354 ι
2262 4302 2472 4357 Prolata
2502 4307 2588 4354 est
2643 4300 2694 4353 in
2745 4309 2928 4352 saneta
2975 4294 3180 4364 synodo
3213 4292 3480 4361 Ephesina
3525 4291 3796 4357 deﬁnitio,

2199 4395 2363 4449 veluti
2409 4408 2439 4446 a
2486 4391 2773 4447 Theodoro
2811 4387 3073 4458 deposita,
3122 4387 3281 4441 sicuti
3327 4384 3617 4440 offerentes
3648 4383 3798 4436 dice-

499 4495 622 4534 nein
653 4479 1038 4538 habitationem
1070 4483 1431 4551 inhabitasse,
1479 4488 1576 4542 sed
1621 4488 1772 4556 juxta
1801 4491 2090 4559 quamdam
2123 4489 2169 4548 Ι)
2198 4489 2363 4554 bant;
2409 4506 2427 4539 ι
2481 4501 2580 4542 nec
2625 4485 2859 4539 aflirmat
2883 4498 3003 4538 eam
3057 4480 3328 4536 Theodori
3365 4478 3528 4532 fuisse
3556 4495 3570 4544 ;
3604 4492 3798 4532 verum

491 4571 869 4637 excellentem,
897 4575 1195 4630 secundum
1223 4591 1380 4645 quam
1414 4577 1576 4632 etiam
1605 4579 1830 4634 adunari
1862 4582 2089 4638 dicimus

491 4673 750 4735 utrasque
789 4675 1005 4721 naturas
1028 4707 1044 4733 ,
1078 4677 1132 4722 et
1180 4681 1338 4722 unam
1369 4668 1519 4738 juxta
1549 4670 1927 4728 adunalionem
1961 4673 2092 4730 clie-

493 4766 637 4813 ctam
665 4773 786 4814 esse
811 4773 1118 4828 personam.
1148 4758 1249 4816 Ubi
1277 4761 1436 4816 simul
1464 4773 1518 4817 et
1547 4762 1674 4818 illud
1703 4764 1948 4818 attendat
1979 4767 2090 4832 pie-

493 4860 574 4904 tas
592 4853 1057 4921 vcstra,quoniam
1085 4852 1373 4909 conﬁctum
1390 4853 1412 4885 ³
1431 4853 1499 4908 de
1528 4854 1686 4909 beato
1717 4855 1918 4922 Leone,
1943 4859 2085 4926 quod

491 4943 836 5000 Theodorum
883 4945 1080 5001 dixerit
1119 4945 1396 5002 doetorem
1430 4946 1592 5004 fuisse
1665 4947 1920 5003 Nestorii.
1953 4948 2084 5004 Nam

489 5051 612 5090 cum
647 5036 786 5091 idem
840 5037 1030 5093 beatus
1059 5037 1168 5094 Leo
1214 5039 1458 5097 scribens
1488 5039 1722 5095 Maximo
1751 5041 2090 5097 Antiocheno

492 5126 686 5200 (Epist.
715 5126 808 5200 66)
833 5129 1023 5186 doceat
1051 5131 1305 5200 quoniam
1329 5133 1616 5186 catholica:
1644 5131 1767 5186 fidei
1795 5141 1968 5201 petra,
1999 5147 2094 5185 cn-

563 5322 589 5349 ι
629 5312 761 5379 Qum
791 5314 876 5368 hic
915 5325 1199 5367 narrantur
1230 5319 1442 5366 exstant
1481 5311 1531 5364 in
1580 5309 1792 5364 actione
1820 5309 1852 5360 li
1887 5308 2080 5379 synodi

491 5383 798 5450 Ephesinm,
830 5401 949 5438 cum
976 5385 1223 5450 exemplo
1245 5386 1485 5442 ἐκθέσεως
1508 5387 1598 5437 τοῦ
1631 5381 2080 5454 παραπλασθξντος

493 5455 778 5525 συμϐόλου,
809 5455 1072 5523 depravati
1103 5455 1255 5521 huius
1277 5454 1526 5523 sumi-oti;
1554 5453 1713 5522 quod
1737 5466 1919 5505 rursus
1957 5453 2078 5520 logi-

567 5616 582 5645 ¹
623 5613 756 5668 Cod.
797 5614 1020 5674 Verum,
1054 5614 1326 5666 minimus.

566 5690 582 5716 ²
630 5687 768 5739 idem
799 5688 944 5746 cod.,
975 5699 1117 5738 utero
1151 5689 1343 5736 utaris.

564 5761 587 5790 ε
625 5758 766 5813 idem
799 5758 942 5825 cod.,
977 5758 1252 5826 conﬁt-tum
1282 5769 1376 5810 est.

2203 4594 2379 4649 neque
2405 4593 2525 4632 cum
2541 4577 2657 4647 ejus
2680 4575 3072 4645 conscripiore,
3092 4581 3149 4626 ut
3173 4573 3260 4628 isti
3282 4571 3618 4640 cniiii..gunt,
3635 4569 3798 4626 refert

2198 4687 2320 4726 esse
2360 4673 2694 4734 damnatam,
2725 4668 2853 4737 quia
2879 4676 2936 4724 et
2977 4680 3080 4720 nec
3119 4663 3262 4734 juSte
3312 4663 3486 4718 ﬁeret.
3520 4662 3626 4715 Lex
3661 4661 3798 4715 enim

2199 4775 2395 4827 nostra,
2426 4762 2567 4817 sicut
2594 4762 2650 4815 in
2681 4761 2970 4829 Evangelia
2999 4760 3260 4828 scriptum
3309 4765 3412 4822 est,
3446 4773 3549 4809 non
3586 4757 3798 4823 judicat

2198 4855 2474 4923 hominem,
2504 4854 2602 4907 nisi
2623 4853 2846 4906 audierit
2877 4851 2939 4904 ab
2978 4867 3038 4905 eo
3069 4851 3234 4918 prius,
3259 4860 3307 4904 et
3351 4849 3643 4919 cognoverit
3671 4849 3799 4916 quid

2197 4947 2353 5016 faciat
2381 4941 2560 5016 (Joan.
2581 4959 2673 5009 vu,
2697 4942 2814 5013 51).
2846 4943 3056 4996 Falsum
3087 4956 3218 5011 ergo
3238 4952 3317 4995 est
3340 4955 3390 4995 et
3422 4939 3564 5010 quod
3589 4941 3729 5010 dixit
3751 4943 3796 5011 ⁵,

2197 5037 2339 5106 apud
2369 5036 2632 5101 synodum
2673 5034 2999 5104 Ephesinam
3038 5032 3309 5087 Theodori
3335 5031 3639 5103 symbolum
3665 5046 3793 5086 cum

2204 5145 2304 5187 suo
2339 5129 2604 5198 scriptore
2637 5128 2969 5183 damnatum.
3008 5125 3063 5180 In
3105 5125 3450 5182 Chalcedone
3482 5125 3642 5179 etiam
3687 5112 3795 5182 non

2191 5317 2274 5362 tur
2305 5309 2355 5362 iu
2403 5309 2611 5377 synodo
2645 5323 2673 5358 ν
2705 5308 2942 5376 generali
2964 5346 2978 5368 ,
3012 5306 3221 5361 actione
3248 5307 3299 5359 4.
3335 5305 3410 5360 Dc
3441 5304 3631 5359 eodem
3674 5321 3780 5358 no-

2189 5392 2298 5434 ster
2330 5383 2522 5435 iterum
2554 5394 2674 5447 cap.
2709 5379 2741 5430 Ξ)
2772 5378 2927 5446 hujus
2961 5377 3105 5431 libri.

2263 5603 2283 5635 ⁸
2327 5603 2378 5655 In
2408 5601 2612 5664 codice,
2640 5601 2757 5653 loco
2785 5606 2876 5655 τοῦ
2899 5600 3096 5662 (ἐνίησί,
3135 5599 3359 5652 habetur
3387 5595 3527 5649 aliud
3562 5595 3788 5650 verbum

2191 5677 2445 5736 deletum,
2478 5674 2629 5740 cujus
2660 5671 2738 5724 ius
2772 5681 3059 5736 [msh-cnim
3091 5671 3280 5724 “H.0th
3310 5679 3687 5740 apparent.....
3719 5678 3781 5721 τε.

2263 5748 2281 5778 ⁶
2324 5748 2465 5798 idem
2498 5745 2643 5811 cod,
2675 5743 2810 5812 quod
2839 5743 3100 5796 dixerunt.
