4114 6550
343 373 451 429 S89

1233 370 1357 428 Plit)
1398 369 1824 429 DEFENSIONL‘
1866 368 2080 428 TRIUM
2120 369 2437 428 CAPITUL.
2476 372 2599 426 LIB.
2645 372 2728 427 Ill.

3535 369 3637 423 5το

340 486 467 542 alibi
496 486 700 542 mentio
725 486 765 541 Τ
773 484 996 543 heodori
1026 488 1169 544 facta
1195 497 1301 554 est,
1331 487 1431 543 nisi
1462 487 1553 543 ubi
1605 485 1929 565 excpisuiln
1964 488 2013 544 Α
2038 493 2163 554 gnat
2203 485 2242 546 ¹,
2275 483 2363 553 qui
2414 483 2657 539 scribens
2706 480 2952 565 iuvenali
3010 480 3497 553 Illerosolymitano
3525 482 3643 551 epi-

345 578 667 635 venerabilis
692 576 797 633 lbee
822 581 1105 635 recitatum
1118 587 1203 635 est
1226 594 1422 635 nomen
1445 579 1582 648 ejus.
1600 578 1943 649 Cognoscant

346 674 531 741 itaque
578 684 642 725 se
671 671 808 727 nihil
838 670 955 727 suis
996 672 1432 742 subreptionibns
1480 669 1792 744 profecisse,
1824 672 1943 742 qui-

340 763 447 821 bus
472 760 726 819 obtinere
751 762 931 817 conati
960 771 1085 818 sunt
1116 772 1174 819 ut
1197 762 1657 819 Chalcedonensis
1706 762 1943 834 synodus

337 853 441 909 sibi
494 852 766 907 contraria
810 850 1108 920 videretur,
1160 854 1468 924 approbans
1500 852 1786 922 epistolam
1829 853 1946 908 lau-

341 943 563 999 dantem
588 939 959 1008 Theodorum,
991 956 1153 1013 quem
1178 957 1305 1001 eum
1334 942 1582 1015 symbolo
1605 941 1946 1001 damnaverit

343 1050 467 1093 suo.
496 1035 579 1092 Ex
605 1036 690 1091 bis
719 1034 935 1105 quidem
967 1037 1100 1093 satis
1128 1050 1398 1109 superque
1440 1037 1741 1109 produntur
1763 1036 1943 1093 fauto-

346 1144 436 1184 res
470 1127 875 1195 hereticorum,
926 1127 1065 1183 sicut
1117 1128 1397 1200 epistolam
1446 1128 1771 1185 venerabilis
1816 1127 1944 1191 Ibat,

341 1222 411 1274 ita
441 1218 603 1276 etiam
637 1217 984 1275 Theodorum
1032 1218 1468 1290 Mopsuestenum
1493 1220 1840 1289 episcopum,
1886 1218 1945 1273 in

342 1310 762 1367 destructionem
791 1310 985 1382 synodi
1012 1311 1477 1369 Chalcedonensis
1502 1321 1561 1369 et
1584 1312 1928 1369 decretorum

344 1416 500 1472 papae
532 1402 749 1466 Leonis,
788 1416 818 1456 a
849 1416 956 1472 quo
985 1402 1229 1472 ejusdem
1259 1403 1451 1476 synodi
1498 1409 1648 1475 gesta
1689 1413 1814 1461 sunt
1836 1416 1937 1472 ap-

343 1494 592 1562 probata,
619 1492 945 1549 anathemati
992 1494 1324 1551 subdidisse.

967 1625 1195 1683 CAPUT
1230 1626 1314 1682 Ill.

334 1721 494 1791 Quod
543 1717 869 1773 Theodorum
921 1719 1153 1789 imperite
1192 1730 1442 1788 arguant,
1487 1719 1632 1790 quod
1679 1717 1945 1773 Christum

340 1798 343 1801 ‘
410 1794 464 1844 in
496 1792 731 1857 passione
772 1792 1081 1861 formidasse
1110 1800 1157 1844 et
1212 1792 1470 1844 turbatum
1515 1792 1677 1858 fuisse
1730 1791 1945 1859 dixerit,

2047 589 2211 646 scopo
2239 576 2367 631 dicit
2410 574 2601 646 (Epist.
2628 556 2773 646 78).:
2813 599 2829 628 ι
2878 576 3037 631 Utere
3090 576 3269 645 igitur,
3320 574 3483 630 frater
3513 573 3643 628 cha—

2051 665 2287 730 rissime,
2323 667 2693 722 invictissimis
2726 667 3008 722 catholicae
3040 666 3164 722 lidei
3195 667 3557 732 dueumentis,
3592 676 3645 719 et

2045 758 2496 828 evangelistarum
2552 757 2990 828 praedicationem
3041 770 3351 813 sanctorum
3402 758 3642 813 locorum

2047 845 2103 901 in
2148 848 2341 916 quibus
2375 847 2528 917 degis
2558 846 2941 905 testiﬁcatione
2978 848 3227 905 del‘ende.
3276 848 3432 920 Apud
3463 856 3515 905 te
3558 858 3645 903 est

2049 938 2348 1010 Bethleem,
2381 940 2436 996 in
2466 954 2571 1013 qua
2600 941 2847 998 salutifer
2874 941 3144 998 Davidica:
3176 941 3412 1013 Virginis
3455 951 3643 1015 partus

2050 1034 2258 1105 illuxit,
2279 1050 2398 1108 quae
2428 1035 2726 1093 involutum
2758 1037 2949 1108 pannis
2973 1035 3113 1093 inter
3143 1037 3421 1108 angustias
3466 1035 3647 1091 diver-

2047 1125 2177 1182 sorii
2202 1139 2445 1196 prresepe
2473 1128 2731 1197 suscepit.
2763 1126 2918 1198 Apud
2948 1136 3004 1182 te
3031 1134 3116 1183 est
3156 1126 3426 1182 declarata
3454 1124 3524 1179 ab
3548 1139 3642 1179 an-

2048 1217 2200 1288 gelis,
2235 1216 2455 1272 adorata
2493 1230 2523 1271 a
2551 1218 2744 1289 magis,
2785 1227 2839 1274 et
2883 1232 2983 1289 per
3026 1220 3319 1274 multorum
3363 1217 3643 1272 inlantium

2051 1319 2255 1366 mortes
2281 1310 2349 1365 ab
2377 1308 2595 1366 Herode
2627 1312 2852 1382 qumsita
2882 1309 3181 1368 Salvatoris
3214 1308 3459 1367 infantia.
3489 1311 3646 1381 Apud

2053 1410 2106 1458 te
2134 1409 2250 1466 est,
2283 1400 2375 1457 ubi
2421 1402 2648 1471 pueritia
2679 1401 2801 1472 ejus
2831 1401 3088 1471 adolevit,
3136 1401 3224 1457 ubi
3277 1400 3642 1457 adolescentia

2050 1494 2362 1561 maturavit,
2416 1502 2472 1549 et
2527 1507 2624 1563 per
2652 1493 2831 1549 omnia
2871 1496 2893 1527 ³
2924 1495 3256 1551 incrementa
3287 1507 3548 1563 corporea
3593 1492 3646 1546 in

2058 1588 2230 1641 virum
2276 1588 2567 1657 perlectum
2597 1588 2711 1644 veri
2761 1588 2997 1645 hominis
3036 1597 3225 1643 natura
3255 1587 3504 1659 profecit,
3538 1601 3645 1639 non

2051 1685 2172 1738 sine
2214 1684 2336 1739 cibo
2379 1683 2720 1747 esuritionis,
2756 1700 2863 1741 non
2906 1685 3025 1741 sine
3054 1699 3244 1742 somno
3287 1683 3508 1758 quietis,
3540 1700 3646 1739 non

2053 1773 2171 1830 sine
2202 1772 2329 1829 ﬂetu
2375 1775 2769 1843 miserationis,
2799 1790 2900 1833 nec
2943 1776 3061 1832 sine
3092 1792 3290 1847 pavore
3321 1775 3646 1830 formidinis.

408 1879 526 1942 cunt
554 1864 787 1921 Christus
816 1873 869 1917 et
908 1872 1163 1933 martyres
1192 1864 1259 1916 sd
1300 1872 1517 1916 mortem
1541 1878 1596 1917 re
1640 1863 1752 1931 ipsa
1787 1861 1942 1930 περὶ·
1977 1884 2019 1942 Β
2056 1863 2207 1921 Unus
2237 1866 2381 1921 enim
2412 1876 2574 1937 atque
2608 1867 2746 1923 idem
2778 1876 2883 1939 est,
2912 1868 3005 1939 qui
3032 1876 3087 1923 et
3118 1869 3171 1924 in
3202 1867 3295 1924 Dei
3325 1868 3493 1923 forma
3516 1882 3645 1937 cpe-

411 1934 607 1989 derint.

414 2042 566 2102 Nunc
592 2041 682 2099 illa
714 2040 1052 2113 proferamus
1088 2042 1142 2098 in
1172 2042 1367 2113 quibus
1388 2042 1553 2098 etiam
1582 2042 1725 2099 beati
1754 2040 1941 2113 Cyrilii

344 2135 713 2193 testimonium
749 2150 849 2191 suo
887 2135 1294 2191 convincuntur
1331 2135 1678 2205 impugnasse
1714 2132 1942 2203 judicio.

345 2226 480 2284 Nam
520 2225 860 2284 afﬁrmantes
887 2227 1061 2297 ipsum
1086 2241 1213 2284 esse
1241 2236 1518 2283 auctorem
1566 2226 1751 2282 nescio
1790 2225 1947 2294 cujus

347 2322 532 2393 operis
559 2330 611 2390 ι,
645 2322 698 2377 in
725 2336 833 2392 quo
860 2321 1035 2391 aliqua
1064 2320 1238 2377 sancti
1269 2320 1487 2378 Diodori
1516 2317 1799 2374 Tarsensis
1827 2314 1977 2389 epi-'

337 2416 491 2486 scopi
529 2431 596 2471 ac
622 2416 893 2471 Theodori
932 2415 1077 2471 dicta
1101 2415 1405 2485 culpantur,
1441 2428 1639 2483 negare
1678 2429 1786 2469 non
1817 2428 1944 2483 pos-

336 2520 465 2568 sunt
491 2510 622 2581 quin
654 2510 724 2565 ibi
756 2509 955 2565 dixerit
985 2526 1002 2565 :
1036 2526 1060 2561 ς
1091 2508 1289 2579 Scripti
1320 2520 1448 2565 sunt
1476 2524 1508 2563 a
1540 2522 1736 2580 magno
1762 2507 1945 2565 Theo-

340 2601 477 2658 doro
503 2602 763 2657 adversus
784 2603 1109 2657 Arianorum
1131 2610 1190 2658 et
1214 2601 1678 2656 Eunomianorum
1707 2599 1947 2655 hzereses

343 2695 529 2765 viginti
542 2693 683 2751 forte
703 2702 758 2749 et
780 2694 960 2750 adhuc
984 2694 1213 2764 amplius
1238 2692 1381 2760 libri,
1406 2704 1459 2749 et
1480 2694 1583 2748 alia
1610 2701 1809 2763 prater
1824 2692 1941 2748 huic

338 2786 651 2856 evangeliea
682 2794 739 2843 et
767 2785 1069 2856 apostolica
1100 2786 1301 2856 scripta
1330 2787 1717 2855 interpretatus
1744 2792 1845 2840 est.
1881 2784 1951 2840 Et

343 2878 449 2935 hos
473 2877 696 2949 quidem
742 2878 957 2935 labores
986 2877 1170 2934 nullus
1196 2891 1362 2933 ausus
1388 2874 1483 2933 est
1521 2877 1826 2948 increpare,
1851 2874 1946 2931 sed

343 2967 543 3027 dextro
565 2968 789 3027 decreto
818 2970 1091 3028 honorare
1116 2969 1356 3025 studium
1400 2979 1672 3025 rectorum
1718 2968 1949 3038 dogma-

344 3073 461 3121 ttun
480 3063 631 3133 quod
663 3064 718 3119 in
744 3064 825 3121 eis
851 3072 958 3120 est.
1001 3082 1019 3114 ι
1054 3063 1146 3120 isti
1172 3071 1305 3118 vero
1336 3077 1367 3119 e
1388 3062 1671 3119 contrario
1694 3061 1948 3119 eumdem

347 3157 697 3215 Theodorum
728 3156 786 3215 in
832 3156 1108 3227 Evangelii
1141 3155 1483 3227 expositione
1514 3154 1944 3226 reprehendunt,

2051 1966 2201 2015 ratus
2228 1967 2310 2013 est
2339 1959 2593 2016 miracula
2624 1975 2815 2032 magna
2841 1962 3080 2029 virtutis,
3112 1971 3166 2018 et
3194 1962 3249 2017 in
3295 1961 3470 2019 forma
3502 1962 3645 2017 servi

2052 2049 2220 2106 subiit
2246 2050 2508 2106 szevitiam
2543 2052 2829 2123 passionis.
2866 2070 2885 2104 ι
2920 2054 2975 2109 Si
3005 2069 3135 2125 ergo
3160 2054 3226 2109 de
3269 2055 3427 2109 nobis
3478 2054 3644 2109 haere-

2050 2141 2145 2196 tici
2171 2150 2422 2212 quarunt
2452 2155 2550 2197 cur
2579 2157 2687 2198 non
2716 2152 2771 2199 et
2797 2144 3039 2200 Leonem
3070 2144 3491 2213 condemnemus
3513 2161 3647 2217 ρηο-
3706 2146 3711 2151 “

2048 2231 2347 2298 dicentem,
2373 2240 2430 2288 et
2450 2233 2732 2305 praedicari
2762 2247 3063 2306 cogentem,
3089 2237 3233 2306 quod
3262 2236 3510 2291 Christus
3539 2250 3647 2290 rion

2050 2324 2170 2380 sine
2213 2340 2411 2394 pavore
2458 2324 2762 2382 formidinis
2805 2327 2974 2382 subiit
3024 2328 3285 2383 saevitiam
3349 2328 3648 2397 passionis,

2050 2418 2180 2487 quid
2211 2418 2664 2488 respondebimus
2708 2420 2997 2477 Theodoro
3030 2437 3174 2476 nunc
3218 2437 3314 2493 pro
3348 2422 3438 2477 tali
3467 2423 3487 2454 ³
3513 2414 3648 2479 ceu-

2050 2510 2287 2566 lessione
2316 2511 2591 2579 damnato,
2626 2514 2728 2567 nisi
2767 2521 2859 2567 aut
2884 2511 3085 2569 Leonis
3114 2529 3237 2570 esse
3264 2515 3415 2570 illam
3446 2515 3650 2585 epistu-

2053 2602 2160 2658 lam
2192 2601 2537 2673 dent-gemus,
2571 2604 2637 2659 ad
2661 2605 2879 2661 solitum
2911 2606 3254 2663 mendacium
3285 2608 3305 2637 ⁸
3331 2609 3651 2680 confugien-

2049 2703 2135 2751 tes
2162 2694 2447 2761 auxilium,
2484 2703 2580 2751 aut
2619 2706 2674 2752 et
2716 2699 2892 2767 ipsum
2936 2698 3177 2755 Leonem
3213 2716 3334 2756 cum
3362 2701 3650 2759 Theodoro

2053 2787 2417 2843 concedamus
2462 2802 2584 2846 esse
2610 2790 3011 2847 damnandum?
3044 2791 3125 2849 En
3155 2794 3333 2865 qualia
3371 2794 3423 2848 in
3461 2794 3650 2850 defen-

2052 2878 2264 2933 sionem
2305 2879 2523 2936 concilii
2546 2877 3026 2950 Chalcedonensis,
3070 2893 3122 2940 et
3153 2883 3380 2940 Romani
3430 2885 3650 2950 Leonis,

2052 2971 2367 3041 conscripta
2411 2972 2692 3041 dicuntur,
2738 2990 2859 3046 quas
2906 2990 3004 3031 nos
3051 2992 3155 3032 suo
3208 2977 3545 3049 praejudicio,
3593 2990 3652 3035 et

2054 3063 2228 3134 ipsam
2267 3064 2555 3136 synodum,
2595 3073 2652 3123 et
2697 3067 2932 3124 Leonem
2971 3071 3228 3126 damnare
3277 3072 3648 3142 compellunt:

2052 3165 2111 3215 et
2139 3158 2230 3230 qui
2260 3173 2360 3230 pro
2384 3159 2480 3218 Dei
2506 3160 2701 3217 timore
2727 3161 2925 3218 talibus
2959 3163 3231 3220 noluerint
3249 3164 3565 3235 admisceri,
3593 3174 3652 3222 et

346 3255 405 3311 in
429 3267 538 3324 quo
563 3251 780 3308 labores
801 3252 942 3321 ejus,
965 3248 1212 3321 quisquis
1241 3257 1328 3306 est
1348 3256 1537 3306 auctor
1566 3247 1713 3303 illius
1742 3248 1947 3319 operis.
1979 3260 2025 3324 ρ
2054 3250 2112 3308 in
2162 3252 2423 3309 Ecclesiae
2480 3252 2793 3325 prajudicio
2845 3259 3141 3325 composita
3181 3272 3304 3314 esse
3337 3259 3645 3325 docuerint,

348 3344 597 3415 perhibet
616 3344 759 3416 quod
783 3345 962 3400 nullus
988 3357 1153 3399 ausus
1173 3342 1336 3399 fuerit
1360 3339 1669 3413 increpare,
1691 3343 1785 3397 sed
1808 3341 1943 3396 dex-

346 3451 439 3497 tro
466 3439 643 3510 potius
691 3439 962 3493 honorare
1004 3436 1261 3491 decreto:
1317 3444 1374 3491 et
1416 3433 1545 3489 hinc
1574 3447 1697 3490 eum
1724 3433 1945 3503 impium

346 3540 565 3596 vocant,
594 3529 739 3600 quod
768 3528 1060 3585 Dominum
1089 3528 1145 3582 in
1172 3527 1447 3597 passione,
1471 3535 1529 3582 et
1555 3524 1875 3581 formidasse
1894 3522 1944 3591 δ,

344 3634 402 3682 et
422 3623 697 3681 turbatum
720 3634 843 3677 esse
866 3619 1089 3688 dixerit,
1117 3620 1192 3673 ita
1222 3627 1280 3674 ut
1309 3618 1414 3674 hoc
1435 3631 1649 3688 quoque
1667 3617 1907 3673 dicerent
1933 3635 1946 3671 :

349 3734 374 3773 s
411 3717 707 3773 Horremus
730 3713 896 3771 etiam
930 3714 1108 3769 solum
1135 3714 1453 3769 memoriam
1482 3710 1945 3782 blasphemiarum

346 3808 487 3880 ejus,
532 3817 589 3864 et
632 3808 749 3862 Deo
796 3806 1166 3877 supplicamus
1208 3815 1267 3863 ut
1309 3805 1467 3861 nobis
1510 3804 1611 3859 {lat
1656 3804 1946 3874 propitius,

344 3902 491 3973 quod
540 3901 762 3957 omnino
798 3900 853 3955 in
886 3900 1065 3971 lingua
1120 3899 1246 3954 talia
1280 3897 1613 3954 sustinemus
1643 3905 1951 3952 asserentes

346 3995 621 4065 trepidare
642 3995 695 4050 iu
712 3993 961 4063 passione
986 4007 1108 4047 eum
1141 4005 1324 4062 posse,
1353 3990 1445 4061 qui
1474 3989 1588 4044 suis
1614 3986 1831 4044 lamulis
1858 3989 1949 4058 qui

350 4102 451 4156 pro
492 4087 611 4157 ejus
640 4086 855 4140 nomine
884 4086 1204 4156 martyrium
1246 4091 1603 4153 susceperunt
1656 4082 1817 4138 talem
1849 4084 1948 4137 (lo-

351 4180 496 4233 navit
520 4178 769 4247 gratiam,
788 4187 845 4232 ut
863 4192 984 4231 cum
1011 4174 1205 4245 gaudio
1226 4184 1281 4228 et
1312 4173 1734 4244 promptitudine
1758 4182 1815 4228 et
1840 4174 1950 4227 ala-

344 4271 541 4325 critate
562 4270 840 4339 passiones
856 4269 942 4323 adi
960 4277 1102 4323 rent.
1129 4286 1149 4319 s
1178 4267 1304 4323 Haec
1323 4276 1502 4322 autem
1525 4267 1875 4337 reprehensio
1897 4277 1954 4323 et

347 4365 640 4422 detestatio
700 4365 1027 4433 scriptorum
1079 4361 1353 4417 Theodori
1407 4376 1592 4416 sanam
1643 4361 1948 4417 doctrinam

348 4462 490 4516 beati
535 4457 732 4516 Lectus
772 4458 966 4530 synodi
1006 4455 1467 4512 Chalcedonensis
1493 4455 1729 4512 auctoris
1777 4455 1951 4525 impu-

2054 3342 2201 3414 digni
2231 3342 2486 3399 dicuntur
2516 3344 2539 3376 ⁸
2560 3345 2769 3413 exsilio,
2809 3344 2956 3418 digni
2990 3348 3326 3406 carceribus.
3378 3349 3520 3405 Nihil
3552 3367 3651 3406 au-

2056 3446 2163 3491 tem
2195 3434 2424 3501 mirum;
2468 3452 2591 3491 nam
2625 3437 2747 3493 talia
2780 3452 2998 3508 semper
3042 3441 3278 3496 mundus
3302 3442 3551 3512 arguenti
3596 3457 3657 3499 se

2056 3526 2311 3583 retribuit
2339 3528 2573 3584 veritati.
2617 3528 2756 3597 Quid
2784 3546 2950 3601 porro
2980 3540 3084 3599 est,
3116 3534 3261 3603 quod
3292 3535 3347 3589 itt
3377 3536 3568 3591 eodem
3596 3536 3657 3591 li-

2060 3622 2159 3672 bro
2196 3620 2254 3674 in
2300 3634 2410 3690 quo
2451 3620 2774 3679 Theodorus
2805 3623 3004 3679 dicitur
3034 3626 3232 3682 diaboli
3288 3636 3659 3699 transgressus

2058 3711 2349 3778 insaniam,
2376 3714 2499 3783 quia
2530 3714 2815 3770 Dominum
2844 3728 3087 3773 nostrum
3116 3720 3167 3774 in
3192 3720 3447 3790 passione
3474 3722 3659 3777 formi-

2048 3802 2216 3860 dasse
2245 3812 2301 3860 et
2320 3805 2594 3861 turbatum
2622 3820 2743 3863 esse
2768 3810 3049 3864 coitfessus
3070 3818 3176 3874 est,
3206 3811 3659 3884 Athanasiusap—

2061 3900 2341 3968 probatur,
2388 3900 2533 3970 quod
2582 3898 2636 3954 in
2668 3900 2809 3956 libro
2861 3905 3020 3957 tertio
3066 3902 3332 3959 adversus
3370 3904 3604 3961 Ariauos
3635 3920 3655 3943 υ

2059 3987 2303 4043 scribens
2333 3990 2401 4045 de
2447 3990 2873 4059 pr0prietatnbus
2921 3992 3151 4048 duarum
3191 3992 3393 4051 Christi
3442 4007 3659 4050 natura-

2059 4095 2201 4147 rum,
2225 4080 2326 4136 ltoc
2348 4082 2510 4137 etiam
2533 4081 2707 4137 dicat:
2736 4100 2755 4134 ‹
2781 4083 2986 4139 Etenim
3014 4085 3315 4154 perturbari
3335 4087 3512 4143 Cul'ttis
3537 4103 3659 4158 pro-

2059 4173 2235 4244 prium
2262 4182 2347 4228 est
2376 4193 2389 4228 :
2417 4184 2738 4243 potestatem
2768 4186 2947 4230 autem
2982 4177 3182 4233 habere
3214 4179 3452 4247 ponendi
3480 4189 3536 4235 et
3563 4193 3656 4233 su-

2061 4265 2242 4319 mendi
2273 4267 2489 4334 quando
2523 4268 2636 4321 vult
2674 4252 2934 4334 animam,
2984 4285 3091 4323 non
3130 4282 3213 4325 εει
3248 4271 3351 4325 hoc
3384 4271 3660 4341 propino:

2058 4360 2311 4426 hominis,
2364 4359 2461 4415 sed
2520 4359 2679 4416 Verbi
2733 4363 2947 4416 virtutis
2988 4364 3109 4417 est?
3160 4382 3178 4413 ι
3218 4363 3357 4418 Ecce
3408 4366 3511 4432 ipsi
3553 4382 3661 4420 non

2056 4453 2207 4519 alibi,
2240 4454 2335 4509 sed
2367 4452 2420 4507 in
2462 4452 2649 4508 eodem
2684 4453 2840 4518 libro,
2892 4456 3239 4510 immemores
3288 4457 3390 4523 sui,
3428 4457 3663 4512 fatentur

474 4618 778 4687 scripserat
796 4615 1050 4686 Cyrillus,
1080 4621 1139 4687 ut_
1163 4621 1349 4687 aucuir
1375 4621 1460 4669 est
1484 4613 1788 4687 Liberatus,
1809 4628 1929 4682 cap.
1963 4614 2012 4673 ο
2110 4612 2139 4651 b
2180 4613 2450 4687 Theodori
2477 4612 2640 4668 verba
2661 4613 2740 4687 in
2767 4614 2901 4667 hinc
2933 4614 3264 4669 sententiam
3302 4630 3369 4671 ex
3422 4616 3565 4672 libro
3594 4632 3651 4672 tu

347 4688 436 4754 10,
471 4684 783 4743 ιτεδίὶὶθιοοδ
812 4684 1071 4742 adxersus
1117 4684 1413 4739 Diodorum
1452 4694 1506 4740 et
1550 4684 1929 4753 Theodorum,

342 4760 499 4829 quasi
554 4759 856 4815 Nesmriani
905 4756 1173 4829 dogmatis
1221 4767 1492 4829 auctores.
1546 4754 1712 4829 cujus
1756 4756 1938 4829 operis

344 4826 645 4901 fragmenta
695 4826 1085 4901 recitantnr'jn
1131 4827 1344 4901 actione
1371 4826 1405 4881 5
1442 4826 1631 4898 synodi
1663 4826 1936 4901 ejusdem;

339 4898 502 4974 atque
532 4903 586 4974 in
618 4904 699 4956 has
728 4902 817 4955 sila
847 4916 969 4974 quae
992 4899 1274 4974 Facundus
1297 4909 1709 4974 commorat,
1729 4899 1843 4974 hoc
1870 4898 1937 4974 ti»

343 4968 461 5029 ιιιῘο
484 4991 497 5028 :
522 4972 603 5028 Ex
624 4974 849 5027 secundo
866 4968 1011 5025 libro
1037 4969 1218 5041 Cyrilli
1247 4970 1492 5041 episcopi
1502 4968 1855 5041 Alexandria,
1876 4969 1942 5041 de

338 5062 400 5100 eo
445 5046 581 5115 quod
625 5060 756 5097 unus
800 5053 873 5096 est
911 5038 1182 5115 Christus,
1226 5038 1797 5115 cotttra'tlteodorum.
1831 5039 1939 5095 Sed

336 5111 501 5184 longe
524 5116 835 5184 discrepans
865 5125 921 5167 et
945 5113 1154 5168 diversa
1200 5122 1284 5184 est
1311 5112 1502 5181 synodi
1546 5111 1741 5176 lectio,
1772 5113 1845 5184 ita
1875 5119 1934 5164 ut

340 5182 687 5242 Tuéudurum
708 5182 1076 5254 perstringunt
1099 5182 1285 5254 Cyrilli
1314 5185 1498 5248 verba,
1526 5198 1649 5253 qua:
1677 5184 1778 5254 hoc
1812 5183 1933 5236 loco

339 5261 409 5312 ad
439 5258 556 5327 ejus
578 5253 819 5323 laudem,
851 5267 1123 5327 postrema
1147 5253 1298 5324 parte
1324 5254 1559 5327 omissa,
1585 5253 1931 5327 transferun-

2042 4696 2233 4756 contra
2262 4684 2607 4756 Apolinarem
2660 4685 2825 4740 habet
2873 4687 3110 4756 synodus
3161 4689 3374 4743 actione
3417 4689 3478 4753 4,
3511 4704 3660 4743 num.

2051 4755 2113 4829 il
2145 4754 2252 4829 :Et
2280 4755 2335 4809 in
2362 4772 2571 4824 magna,
2605 4756 2801 4825 inquit,
2828 4754 3171 4829 trepidatione
3200 4773 3290 4823 per
3316 4769 3515 4829 tempus
3547 4777 3665 4825 pas-

2049 4828 2206 4881 sionis
2236 4828 2540 4880 constitutus
2572 4829 2899 4899 apparitione.
2927 4828 3102 4898 angeli
3140 4828 3336 4899 indiget
3368 4828 3667 4893 can/ortan-

2046 4901 2119 4953 tis
2147 4914 2263 4951 estut
2287 4899 2354 4950 ad
2386 4899 2688 4969 patiemiam
2709 4910 2753 4951 et
2785 4898 3117 4969 tolerantiam
3141 4898 3519 4953 imminentium
3558 4917 3661 4952 ma-

2052 4969 2248 5025 larum.
2275 4968 2467 5038 Angeli
2488 4969 2649 5023 etiam
2678 4968 2955 5024 Christum
2980 4968 3329 5024 confortantis
3359 4971 3665 5025 orationem

2053 5038 2368 5121 efﬂuxerat,
2402 5040 2571 5121 cujus.
2588 5040 2786 5121 ibidem
2821 5051 2906 5095 est
2931 5039 3138 5121 mentio
3162 5057 3311 5121 num.
3342 5043 3399 5104 ὁ,
3425 5053 3479 5121 et
3519 5044 3664 5110 apud

2054 5112 2363 5178 Leontium,
2394 5111 2483 5181 qui
2511 5111 2855 5166 Theodorum
2889 5126 2954 5165 ex
2989 5111 3091 5166 hoc
3121 5112 3295 5180 capite
3328 5112 3510 5166 multis
3534 5129 3666 5169 exa-

2041 5184 2180 5253 gitat
2207 5184 2305 5240 lib.
2336 5199 2413 5249 tu,
2446 5197 2569 5250 cap.
2610 5182 2699 5235 57.

2118 5266 2141 5293 ο
2186 5255 2326 5311 lulra
2353 5254 2575 5317 iterum,
2601 5254 2702 5308 sub
2736 5250 2897 5308 ﬁnem
2930 5252 3090 5321 hujus
3132 5266 3289 5321 cap.;
3322 5262 3583 5307 ceterum
3612 5252 3666 5307 in

343 5323 595 5385 turfb'ic
640 5330 781 5382 enim
827 5323 1060 5381 habent:
1090 5326 1228 5391 Quos
1268 5327 1474 5396 quidem
1523 5323 1724 5379 labores
1773 5324 1935 5396 uallet
2043 5324 2270 5395 vulgatis
2300 5326 2474 5381 oratio
2517 5324 2667 5396 estid
2705 5333 2895 5378 contra
2940 5324 3376 5388 Arianos;'alter
3407 5339 3536 5396 vero
3565 5324 3661 5392 qui

335 5403 529 5469 aliquis
556 5402 844 5466 increpare,
878 5399 1038 5465 magis
1069 5407 1241 5469 autem
1266 5395 1562 5461 honoraret,
1588 5398 1631 5449 si
1656 5399 1840 5469 inesset
1866 5395 1939 5449 eis

2044 5400 2288 5465 sentitur
2337 5395 2623 5451 Athanasii
2659 5399 2843 5461 locus,
2891 5399 3240 5466 depromptus
3283 5404 3367 5449 est
3403 5408 3492 5466 ex_
3520 5395 3662 5466 libra

340 5464 641 5542 dog'tmuann
660 5464 933 5543 rectitude.
957 5464 1186 5525 Laudari
1213 5469 1290 5522 ait
1316 5469 1552 5537 potuisse
1580 5465 1941 5543 libros_'l‘be_o-

2053 5464 2163 5542 περἰ
2200 5475 2291 5528 τῆς
2335 5470 2584 5543 ἐνσὰρκου
2627 5468 2922 5543 impasci“;
2948 5473 3038 5522 τοῦ
3070 5464 3199 5522 eice
3228 5466 3419 5540 Λόγου.
3463 5464 3539 5523 οε
3565 5465 3666 5519 htt-

339 5538 494 5605 dori,
538 5544 582 5597 si
612 5543 743 5597 nihil
781 5541 929 5609 pravi
973 5543 1261 5607 docerent;
1295 5554 1416 5595 mox
1442 5552 1572 5596 vero
1601 5538 1845 5611 quadam
1877 5538 1933 5593 in

344 5615 428 5669 his
457 5613 621 5684 impia
643 5627 766 5670 esse
798 5614 1166 5668 demonstrat.

422 5777 439 5808 ¹
477 5774 555 5832 Co
576 5778 612 5831 l.
640 5776 791 5843 Velz,
822 5780 1146 5847 impugnant.

416 5848 440 5880 ²
484 5848 539 5902 1η
567 5849 757 5904 eodem
788 5848 912 5903 cod.
943 5849 1099 5902 deest
1125 5849 1183 5905 τὸ
1210 5863 1404 5900 omnia.

419 5919 443 5953 ³
482 5920 628 5977 Idem
655 5923 803 5990 cod.,
824 5923 940 5991 jam
966 5935 1062 5990 pro
1095 5921 1219 5986 tati,
1248 5931 1354 5973 ets.

2059 5536 2209 5593 mum
2240 5550 2423 5592 natura
2454 5536 2691 5607 suscepta
2724 5536 2760 5588 tt
2798 5536 2989 5592 Verbo.

3568 5714 3652 5801 τί

2134 5766 2152 5796 ⁴
2196 5765 2338 5821 Idem
2365 5764 2482 5821 cod.
2496 5806 2509 5829 ,
2545 5763 2819 5817 mendacii.

2137 5840 2159 5869 ⁵
2196 5838 2342 5892 ldcttt
2371 5838 2516 5903 cod.,
2547 5838 2826 5891 ducantur.
3288 5852 3325 5885 ο
