4114 6544
442 235 573 301 ῖῢῦι

1576 229 1871 289 FACUNDi
1914 226 2127 285 EPISC.
2173 220 2687 281 IIERMIANENSIS

3683 218 3787 276 593'

436 368 439 371 ‘
468 358 621 431 quod
645 358 835 415 beatus
867 353 1192 412 Athanasius
1236 349 1498 406 veraciter
1527 349 1580 403 in
1611 346 1866 417 passione
1897 343 2079 400 Domi-
2112 347 2158 405 Α
2185 354 2395 411 cunque
2437 354 2628 395 sanum
2668 335 2913 406 sapiunt,
2962 337 3310 406 evangelistis
3364 339 3535 408 potius
3582 340 3789 410 ingesta

480 470 609 510 num
636 452 835 507 dixerit
861 465 981 506 esse
1006 448 1294 503 turbatum.
1315 444 1425 499 Cur
1448 456 1579 513 ergo
1602 441 1705 495 sibi
1722 438 2003 504 contrarii,
2032 438 2084 491 in

481 561 590 616 quo
609 538 965 599 Athanasium
990 538 1240 610 probant,
1271 548 1330 591 ut
1358 548 1552 606 magno
1577 532 1810 589 concilio
1834 529 2086 601 prasjudi-

484 644 628 703 cent,
644 633 993 690 Theodorum
1018 627 1315 685 damnant?
1332 624 1434 696 Qui
1452 626 1643 680 beatus
1661 622 1990 679 Athanasius
2016 622 2086 681 ita

485 737 695 784 locutus
722 736 799 781 est
831 713 995 778 etiam"
1020 723 1073 778 in
1107 722 1247 777 libro
1275 734 1438 792 quem
1463 719 1533 775 de
1556 718 1821 789 Trinitate
1852 713 2090 770 conscri-

486 819 619 889 psit:
643 836 659 867 ε
686 814 922 871 Verbum
953 816 1097 869 enim
1128 822 1182 868 et
1204 804 1375 868 Filius
1407 810 1498 866 Dei
1522 823 1738 879 semper
1758 816 1875 862 erat
1904 805 2089 861 Domi—

484 927 587 966 nus
621 910 783 977 Deus,
807 918 864 965 et
888 924 993 965 non
1027 915 1146 978 post
1168 905 1572 962 crucifixionem
1596 896 1778 958 'factus
1802 909 1887 956 est
1910 898 2092 954 Domi-

469 1015 586 1058 ‘nus
608 996 788 1056 ~.lesus
838 997 1084 1055 Christus
1105 1041 1120 1066 ,
1153 996 1271 1065 scd,
1316 1006 1374 1052 ut
1424 994 1669 1066 prmdixi,
1701 993 2092 1049 humanitatem

460 1084 603 1169 ejus
632 1090 807 1153 effecit
835 1096 1088 1152 divinitas
1124 1096 1409 1151 Dominum
1439 1102 1494 1150 et
1541 1094 1728 1148 Deum.
1774 1090 1839 1145 Et
1879 1087 2094 1160 quando

474 1186 617 1247 dicit
645 1208 659 1244 :
694 1187 873 1256 Pater,
902 1188 1217 1259 sipossfbile
1257 1197 1352 1252 est,
1385 1196 1608 1241 transeat
1636 1200 1667 1236 a
1697 1198 1778 1239 me
1800 1184 1940 1236 satia:
1968 1182 2095 1246 iste;

487 1290 833 1337 verumtamen
868 1297 987 1335 non
1032 1296 1143 1335 mea
1185 1278 1321 1334 von
1342 1287 1419 1333 tes
1450 1274 1573 1348 ﬁat,
1607 1277 1697 1332 sed
1725 1286 1816 1328 tua
1843 1288 1863 1329 :
1884 1273 2098 1344 spiritus

491 1377 983 1447 quidempromptus
1009 1386 1105 1441 est,
1128 1391 1247 1430 caro
1268 1384 1443 1429 autem
1468 1373 1680 1445 inﬁrma
1702 1369 1917 1444 (Matth.
1951 1384 2095 1435 xxvi,

462 1462 468 1470 ’
491 1462 727 1538 59,“),
754 1468 891 1523 duas
930 1461 1232 1523 veluntates
1258 1466 1346 1522 hic
1374 1465 1609 1521 ostendit
1634 1482 1646 1517 :
1672 1463 1960 1518 humanam
1981 1460 2100 1529 qui-

499 1561 623 1615 dem
646 1575 766 1630 qua:
797 1564 878 1613 εει
909 1557 1110 1626 carnis,
1144 1559 1301 1612 aliain
1344 1571 1474 1611 vero
1502 1570 1623 1626 qua:
1651 1565 1731 1609 est
1763 1551 2012 1616 deitatis;
2045 1558 2100 1605 et

479 1651 733 1706 humana
775 1648 991 1720 quidem
1035 1657 1253 1717 propter
1290 1647 1655 1703 infirmitatem
1685 1644 1864 1699 carnis
1889 1649 2103 1696 reettSat

2191 449 2312 490 esse
2355 441 2704 502 cognoscant.
2732 431 2788 486 Si
2816 440 2996 487 autem
3030 432 3320 501 recipimus
3347 433 3478 488 istos
3503 434 3789 491 dicentes:

2189 523 2469 594 Quomodo
2491 537 2627 593 opus
2652 522 2877 578 habebat
2906 521 3079 591 angeli
3106 523 3298 579 solatio
3324 526 3639 594 angelorum
3662 540 3798 595 ope-

2192 619 2375 675 rator?
2411 626 2471 672 ut
2514 616 2714 671 nullius
2755 630 2876 671 eum
2919 614 3202 673 credamus
3232 618 3283 671 in
3314 627 3561 688 suscepta
3602 628 3797 675 natura

2190 709 2405 780 eguisse
2434 706 2637 773 solatii,
2666 706 2970 777 apostolum
3000 721 3213 777 quoque
3255 708 3477 763 Paulum
3518 724 3624 764 non
3656 710 3803 765 reci-

2194 801 2404 870 piemus
2441 800 2707 874 dicentem
2742 815 2757 855 :
2798 798 2976 855 Nostis
3009 800 3141 856 enim
3179 802 3401 872 gratiam
3432 801 3639 857 Domini
3666 802 3803 857 less

2193 896 2410 965 Christi,
2456 895 2703 967 quoniam
2749 904 2958 965 prapter
3006 910 3093 950 vos
3139 911 3327 966 egenus
3360 898 3524 967 factus
3555 907 3651 963 est,
3678 915 3802 950 (um

2195 1001 2318 1047 esset
2343 991 2504 1055 dives,
2534 999 2588 1044 ut
2619 989 2977 1057 illiusinopia
3013 1005 3102 1042 vos
3140 989 3323 1044 divites
3350 993 3524 1045 essetis
3554 992 3639 1059 (Η
3673 993 3798 1046 Cor.

2176 1100 2312 1153 .vttt,
2344 1082 2423 1155 9).
2457 1081 2565 1138 Sed
2596 1080 2932 1152 refragantes
2962 1080 3211 1136 omnibus
3238 1097 3358 1149 quae
3384 1080 3451 1136 de
3479 1082 3570 1137 illo
3598 1083 3801 1151 ειτὶριει

2199 1186 2342 1243 sunt,
2389 1175 2632 1231 dicemus
2667 1173 2830 1229 etiam
2880 1187 2979 1228 nos
3010 1190 3026 1226 :
3058 1172 3338 1239 Quomodo
3385 1189 3519 1243 opus
3565 1174 3805 1228 habt-bat

2204 1266 2453 1322 mammis
2478 1273 2534 1321 et
2556 1265 2695 1319 lacte
2718 1270 2963 1319 materno
3000 1265 3152 1332 panis
3180 1264 3530 1335 angelorum?
3551 1274 3645 1319 aut
3667 1282 3805 1335 quo-

2204 1357 2362 1413 modo
2385 1372 2518 1427 opus
2551 1356 2779 1411 habebat
2802 1354 3049 1410 humanis
3071 1356 3212 1412 nlnis
3235 1365 3289 1411 et
3312 1357 3432 1411 sinu
3460 1359 3681 1426 gestari,
3705 1357 3804 1426 qui

2202 1450 2341 1521 gerit
2387 1450 2567 1503 omnia
2613 1447 2779 1504 verbo
2823 1447 3034 1502 virtutis
3072 1449 3221 1502 suas?
3251 1458 3344 1503 aut
3370 1450 3637 1519 quomodo
3665 1466 3809 1518 Opus

2206 1540 2437 1596 habebat
2464 1554 2680 1609 somno,
2705 1539 2791 1607 qui
2826 1553 2929 1592 non
2960 1537 3216 1593 dormitat
3243 1540 3550 1596 custodiens
3577 1542 3807 1596 Jerusa-

2206 1633 2347 1689 lem?
2375 1632 2446 1687 Ut
2483 1630 2551 1686 ita
2585 1630 2694 1701 jam
2731 1629 2896 1685 verbo
2927 1640 3080 1684 tenus
3108 1629 3241 1687 duas
3266 1631 3507 1689 dicamus
3537 1634 3658 1703 ejus
3686 1649 3813 1690 esse

499 1718 828 1814 passionem,
860 1740 1118 1795 divinitas
1148 1740 1265 1811 ejus
1296 1749 1539 1811 prompta
1578 1746 1683 1793 est.
1722 1756 1740 1789 ι
1777 1733 1910 1792 Cum
1941 1734 2105 1805 igitur
2136 1718 2178 1777 Β
2209 1735 2465 1793 naturas,
2498 1726 2661 1781 rebus
2693 1725 2822 1793 ipsis
2858 1734 3185 1779 evacuantes
3224 1726 3369 1794 quod
3411 1726 3725 1795 proﬁtemur
3754 1727 3813 1781 in

466 1843 717 1913 sanctus
767 1836 1095 1889 Athanasius
1151 1833 1286 1888 duas
1339 1832 1645 1887 voluntates
1694 1829 2008 1898 profiteatur
2051 1827 2104 1883 in

501 1929 741 1997 Christo,
774 1928 1064 1983 humanam
1094 1928 1308 1998 quidem
1340 1934 1560 1998 piopter
1588 1923 1953 1979 inﬁrmitatem
1983 1936 2105 1977 car-

504 2022 587 2077 nis
613 2031 952 2078 recusantem
981 2020 1308 2091 passionem,
1341 2018 1498 2073 aliam
1533 2032 1659 2073 vero
1688 2017 1824 2088 ejus,
1851 2029 1970 2086 qua:
1994 2014 2109 2070 dei-

503 2113 628 2169 tatis
657 2121 761 2179 est,
793 2120 1121 2184 promptam,
1150 2111 1352 2167 rescire
1379 2110 1488 2181 jam
1519 2110 1717 2165 debent
1759 2106 2107 2179 Eutyt-biani,

504 2206 784 2275 quoniam,
816 2206 955 2260 sicut
992 2216 1074 2260 est
1111 2218 1448 2274 consequens
1479 2204 1609 2259 utsi
1643 2201 1791 2271 juste
1828 2201 2113 2256 dannatur

482 2310 607 2368 ‘pt‘o
659 2297 746 2353 tali
797 2295 1139 2353 confessione
1200 2295 1558 2359 Theodorus,
1619 2293 1892 2349 Romanus
1941 2293 1957 2324 '
2004 2291 2113 2347 Leo

486 2404 614 2444 non
664 2390 835 2460 possit
880 2387 1115 2452 absolvi,
1158 2387 1232 2442 ita
1274 2387 1580 2443 necessario
1626 2399 1728 2441 nec
1773 2386 1910 2456 ipse,
1950 2398 2111 2455 quem

502 2479 753 2535 venerari
783 2495 844 2535 se
874 2478 1059 2534 dicunt
1086 2480 1129 2545 ³,
1152 2477 1481 2533 Athanasius
1507 2477 1835 2534 absolvatur.
1861 2474 1967 2533 Sed
1989 2474 2114 2545 quid

508 2588 607 2643 ego
631 2576 698 2627 de
721 2570 1016 2626 Athanasio
1054 2571 1265 2639 loquar,
1298 2569 1516 2641 quando
1546 2583 1645 2624 nec
1678 2569 1822 2639 ipsos
1845 2564 2116 2636 evangeli-

484 2674 618 2720 ‘stas
641 2664 952 2719 dubitarunt
988 2662 1282 2728 incessere,
1308 2676 1429 2717 cum
1471 2676 1564 2732 per
1593 2660 1865 2717 Theodori
1894 2659 2117 2715 damna-

487 2755 711 2812 tionem
755 2755 823 2811 ad
856 2755 1019 2811 'beati
1048 2753 1268 2811 'Leonis
1315 2764 1371 2811 et
1420 2754 1615 2825 synodi
1663 2753 2118 2811 Chalcedonensis

490 2846 763 2918 'injuriain
804 2847 1048 2915 tendant,
1085 2846 1228 2918 quod
1276 2846 1561 2916 epistolam
1605 2846 1732 2914 Ibat,
1777 2845 1963 2901 laudes
2001 2843 2119 2915 ejus

488 2940 907 3005 'continentcm,
941 2938 1310 3009 pronuntiavit
1349 2938 1738 2994 orthodoxam?
1764 2937 1898 2993 Nam
1929 2952 2119 2994 rursus

514 3029 803 3085 Theodoro
848 3028 1226 3101 Apolinaristis
1268 3029 1575 3097 resistente,
1623 3030 1740 3100 qui,
1793 3028 1933 3085 sicut
1979 3045 2121 3085 nunc

2210 1833 2360 1886 voce,
2394 1819 2534 1873 sicut
2558 1817 2718 1874 etiam
2750 1816 3191 1872 Chalcedonense
3222 1818 3519 1873 concilium
3544 1833 3647 1873 nos
3677 1818 3817 1874 dici-

2210 1927 2331 1968 mus
2354 1914 2644 1976 honorare,
2672 1909 2826 1979 cujus
2852 1911 3131 1965 sententiae
3158 1924 3533 1980 repugnamus.
3566 1910 3684 1965 Non
3708 1928 3819 1966 au-

2213 2014 2319 2063 tem
2364 2004 2610 2061 dicerent
2650 2003 2941 2073 Evangelia
2988 2002 3303 2059 resistentes
3341 2020 3355 2062 :
3387 2004 3669 2070 Quomodo
3706 2014 3820 2059 tre-

2214 2098 2431 2170 pidabat
2459 2094 2787 2167 passionem,
2830 2097 2919 2165 qui
2958 2096 3071 2151 suis
3113 2094 3324 2152 famulis
3353 2097 3440 2164 qui
3470 2108 3565 2166 pro
3594 2099 3823 2153 nomine

2214 2191 2385 2260 ipSius
2407 2190 2726 2259 martyrium
2756 2196 3111 2258 susceperunt
3134 2189 3292 2243 talem
3316 2189 3451 2242 dona
3463 2188 3534 2242 vit
3559 2191 3821 2257 gratiae,

2214 2296 2347 2347 cum,
2366 2279 2560 2352 gaudio
2587 2287 2645 2334 et
2672 2278 3093 2348 promptitudine
3118 2286 3175 2333 et
3211 2278 3489 2334 alacritate
3513 2280 3664 2334 adire
3693 2295 3823 2350 pas-

2217 2373 2419 2438 siones,
2448 2372 2493 2427 si
2525 2379 2617 2426 aut
2647 2370 2913 2437 homines,
2941 2379 3032 2425 aut
3059 2370 3246 2425 saltem
3291 2380 3348 2424 ut
3387 2369 3714 2434 hominibus,
3750 2375 3826 2429 de

2219 2465 2381 2521 rebus
2413 2463 2759 2533 loquerentur
2801 2462 3065 2516 humanis.
3109 2460 3250 2528 Quid
3292 2463 3455 2531 ergo?
3506 2478 3611 2516 non
3656 2465 3827 2532 tropi-

2196 2559 2487 2617 .daverunt
2514 2567 2778 2629 martyres
2803 2557 2972 2613 mori?
2994 2571 3167 2627 neque
3192 2556 3416 2611 naturali
3446 2556 3639 2612 allecti:
3670 2573 3827 2612 com-

2220 2655 2353 2711 moti
2402 2662 2735 2723 expaverunt
2777 2651 2846 2705 ad
2882 2660 3150 2711 mortem.
3198 2665 3335 2720 quas,
3365 2651 3548 2715 utique
3594 2666 3702 2707 non
3752 2668 3829 2707 et

2222 2758 2439 2816 natura,
2460 2746 2558 2805 sed
2578 2746 2903 2817 ex'peccatis
2929 2745 3392 2815 supplicium-est?
3421 2746 3484 2801 Et
3512 2747 3585 2801 ita
3606 2762 3704 2802 eos
3724 2762 3830 2815 ape

2192 2845 2522 2902 ..fnturorum
2559 2844 2740 2900 3vcum
2780 2843 2976 2916 gaudio
3014 2854 3178 2914 atque
3216 2841 3495 2897 alacritate
3536 2840 3831 2911 passiones

2198 2938 2385 2995 .adire
2405 2936 2702 3000 credimus,
2734 2943 2793 2991 ut
2830 2935 3136 2991 nullatenus
3177 2933 3527 3001 trepidatione
3556 2932 3833 2987 malorum

2223 3028 2574 3102 pmentiom
2616 3027 3002 3085 moverentur?
3046 3041 3155 3083 non
3188 3027 3410 3097 utique,
3454 3040 3578 3080 nam
3625 3026 3836 3081 vellent

492 3112 858 3191 ‘Eutychiani,
880 3092 1188 3176 'humanam
1220 3119 1273 3174 in
1305 3116 1520 3175 Christo
1561 3092 1817 3177 volebant
1857 3135 2123 3177 evacuarc
2148 3092 2337 3180 chon
2369 3137 2465 3193 per
2493 3127 2722 3178 mortem
2752 3119 2821 3176 ad
2849 3119 2983 3176 illud
3010 3135 3117 3191 quo
3148 3092 3440 3176 tendebant
3470 3120 3757 3189 pervenire
3787 3120 3836 3173 si

520 3221 786 3279 naturam,
815 3221 867 3267 et
890 3213 1102 3267 dicente
1126 3212 1192 3266 ad
1216 3212 1714 3283 comprobationcm
1740 3214 1911 3284 ipsius
1936 3213 2125 3269 huma-

522 3320 604 3357 na:
634 3302 835 3359 Christi
866 3314 1096 3375 naturae,
1126 3303 1290 3377 quod,
1332 3305 1647 3363 imminente
1672 3308 1957 3377 passionis
1994 3308 2123 3364 arti-

512 3397 666 3463 culo,
701 3408 756 3451 et
802 3397 1095 3467 impensius
1124 3399 1319 3463 oravit,
1356 3408 1409 3454 et
1449 3398 1517 3455 ab
1557 3399 1752 3470 angelo
1794 3399 2127 3456 confortatus
2158 3432 2175 3473 ι

523 3498 626 3555 est,
660 3488 855 3544 dicitur
881 3489 949 3543 ab
981 3488 1096 3543 istis
1122 3508 1136 3547 :
1167 3507 1187 3541 ι
1220 3489 1507 3558 Quomodo
1528 3504 1664 3561 Opus
1683 3490 1919 3548 habebat
1948 3490 2127 3560 angeli

518 3580 724 3637 solatio
765 3581 1078 3652 angelorum
1117 3582 1402 3649 ojerator?
1452 3583 1590 3637 sicut
1631 3584 1918 3653 Apostolus
1947 3583 2075 3640 dicit
2112 3602 2123 3638 :

504 3673 667 3741 'Quia
691 3676 743 3727 in
776 3676 888 3742 ipso
928 3684 1099 3728 creata
1137 3684 1258 3729 sunt
1295 3676 1469 3729 omnia
1501 3691 1616 3745 qua:
1651 3677 1703 3730 in
1735 3676 1899 3741 caelis,
1931 3686 1981 3730 et
2015 3691 2131 3745 qua:

523 3772 577 3823 in
602 3779 753 3833 terra,
788 3768 1006 3823 visibilia
1037 3776 1084 3822 et
1113 3768 1392 3824 invisibilia
1424 3768 1645 3837 (Coloss.
1680 3785 1719 3835 ι,
1756 3766 1868 3839 16).
1905 3768 1971 3823 Et
1998 3766 2133 3838 adji-

525 3860 677 3917 ciunt
700 3863 864 3916 etiam
892 3860 1048 3930 illud,
1080 3862 1221 3932 quod
1254 3876 1414 3933 supra
1447 3861 1812 3925 meminimus,
1844 3862 2085 3916 dicentes
2116 3878 2129 3913 :

528 3961 637 4009 Ant
661 3953 929 4025 quomodo
966 3954 1271 4024 trepidabat
1312 3955 1618 4024 passionem
1653 3954 1742 4023 qui
1778 3955 1892 4009 suis
1924 3954 2136 4011 famulis

531 4044 623 4114 qui
658 4059 754 4114 pro
786 4044 1006 4100 nomine
1040 4044 1207 4115 ipsius
1243 4048 1559 4117 martyrium
1588 4057 1943 4116 susceperunt
1976 4047 2133 4104 talem

533 4138 754 4193 donavit
798 4138 1061 4209 gratiam,
1114 4153 1235 4193 cum
1274 4132 1471 4209 gaudio
1516 4150 1570 4195 et
1624 4140 2048 4209 promptitudine
2085 4149 2139 4197 et

533 4232 814 4288 alacritate
857 4233 1008 4289 adire
1052 4234 1363 4302 passiones?
1399 4253 1418 4286 ι
1448 4235 1577 4301 Qua:
1607 4235 1786 4288 omnia
1817 4249 1923 4289 non
1952 4244 2138 4290 contra

533 4323 913 4390 Theodorum,
955 4339 1058 4379 nec
1104 4334 1290 4379 contra
1334 4326 1618 4395 epistolam
1669 4325 1992 4380 venerabilis
2036 4325 2140 4381 Iba:

536 4432 654 4486 qua:
668 4415 1010 4472 Theodorum
1038 4418 1295 4487 laudavit,
1320 4435 1419 4475 nec
1445 4429 1630 4474 contra
1663 4418 1875 4473 beatum
1902 4418 2137 4474 Leonem

2231 3224 2471 3287 possent.
2520 3212 2750 3280 Propter
2777 3212 2881 3269 hoc
2908 3212 3072 3268 etiam
3119 3212 3235 3281 ipse
3268 3211 3525 3265 Dominus
3557 3210 3720 3265 Petro
3746 3210 3838 3265 di-

2194 3362 2205 3383 ,
2230 3311 2345 3367 xit:
2376 3313 2562 3375 Amen,
2592 3323 2767 3375 amen,
2800 3307 2917 3363 diro
2942 3307 3032 3361 tibi
3062 3321 3082 3361 :
3107 3303 3238 3361 Cum
3262 3321 3397 3360 esses
3414 3305 3614 3374 junior,
3650 3306 3836 3375 cinge-

2231 3405 2320 3460 ιω
2343 3413 2411 3471 te,
2439 3412 2491 3459 et
2527 3401 2829 3457 ambulabos
2857 3402 2944 3457 ubi
2969 3401 3204 3466 volebas;
3234 3415 3352 3456 cum
3378 3409 3553 3454 autem
3581 3402 3836 3466 δεκαετῆ,

2232 3491 2471 3548 extendes
2496 3507 2678 3548 manus
2707 3500 2843 3556 tuas,
2868 3500 2918 3547 et
2946 3491 3085 3547 alius
3104 3500 3155 3547 te
3182 3492 3348 3563 cinget
3366 3500 3415 3545 et
3435 3491 3583 3546 ducet
3605 3506 3708 3561 quo
3730 3508 3839 3545 non

2231 3590 2329 3644 vis.
2362 3586 2478 3643 Hoc
2517 3595 2691 3641 autem
2734 3586 2891 3652 dixit,
2936 3586 3093 3641 sicut:
3122 3583 3450 3656 evangelista
3491 3597 3590 3638 nos
3623 3584 3839 3652 docuit,

2233 3679 2530 3750 significans
2556 3694 2659 3749 qua
2694 3685 2857 3734 morte
2883 3676 3262 3745 clariﬁcoturus
3289 3686 3416 3731 esset
3455 3674 3621 3729 Deum
3650 3674 3837 3738 (Joan.

2239 3787 2355 3837 XXI,
2405 3770 2497 3835 ts.
2543 3769 2657 3841 19).
2700 3769 2941 3825 Audiunt
2984 3768 3253 3825 dicentem
3294 3767 3586 3824 Veritatem
3628 3785 3641 3819 :
3688 3768 3842 3823 Alius

2237 3863 2416 3935 cinget
2444 3872 2497 3919 et
2527 3862 2689 3919 ducet
2717 3876 2823 3933 quo
2853 3876 2958 3916 non
2992 3863 3092 3927 vis,
3122 3870 3175 3916 et
3219 3860 3320 3930 ipsi
3360 3860 3568 3929 jactant
3605 3859 3843 3913 inaniter

2240 3956 2384 4026 quod
2405 3956 2549 4010 nulla
2569 3954 2669 4011 fuit
2697 3955 2749 4009 in
2779 3954 3104 4025 martyribus
3128 3952 3416 4023 trepidatio
3440 3954 3730 4022 passionis.
3752 3952 3845 4007 Sic

2242 4058 2467 4122 possunt
2486 4049 2670 4106 dicere
2694 4048 2948 4119 quoniam
2976 4058 3031 4102 et
3060 4048 3105 4101 si
3134 4047 3416 4117 quisquam
3447 4046 3627 4101 lethali
3661 4047 3846 4100 ulcere

2242 4144 2311 4200 de
2350 4143 2459 4199 vita
2504 4142 2825 4211 desperans,
2855 4140 3158 4209 spondente
3195 4141 3409 4195 medico
3448 4139 3587 4208 quod
3618 4139 3667 4193 ei
3704 4138 3848 4190 ferro

2246 4238 2415 4308 possit
2460 4236 2747 4293 restituere
2790 4235 3097 4297 sanitatem,
3144 4233 3218 4287 ita
3264 4246 3364 4301 spe
3416 4230 3609 4284 futurae
3654 4230 3849 4284 salutis

2244 4329 2493 4401 gaudeat,
2528 4338 2585 4383 ut
2625 4335 2947 4399 praesentem
2986 4324 3246 4381 sectionis
3284 4322 3588 4379 molestiam
3626 4337 3737 4375 non
3768 4337 3849 4375 τες

2249 4421 2521 4477 formidet.
2564 4419 2823 4475 Attendat
2862 4419 2884 4451 ⁸
2922 4434 3051 4475 vero
3083 4420 3208 4488 quid
3251 4418 3412 4473 etiam
3463 4414 3661 4470 Paulus
3710 4415 3851 4470 dicat

538 4509 628 4577 qui
653 4510 850 4563 similia
880 4510 1083 4574 docuit,
1106 4511 1200 4567 sed
1230 4512 1406 4580 potius
1438 4523 1624 4567 contra
1656 4513 1920 4567 Joannem
1948 4522 2005 4566 et
2036 4513 2140 4566 Lu-
2175 4500 2226 4563 Ι)
2251 4513 2551 4584 apostolus,
2581 4512 2650 4568 de
2688 4511 2801 4581 ipsa
2846 4520 3019 4568 morte
3064 4509 3310 4578 corporis
3344 4509 3568 4577 loquens
3601 4522 3616 4559 :
3647 4505 3853 4561 Srimus

540 4616 659 4657 eam
684 4602 1044 4670 evangelistas
1075 4602 1144 4656 ihi
1170 4603 1437 4657 dixerunt.
1469 4604 1602 4658 Nam
1626 4614 1681 4660 et
1716 4605 1952 4659 Joannes
1982 4604 2147 4661 refert

541 4697 815 4750 dicentem
849 4696 1132 4749 Dominum
1163 4713 1176 4749 :
1207 4696 1362 4750 Nunc
1392 4697 1564 4750 animo
1594 4714 1707 4751 mea
1739 4698 1943 4751 turbata
1972 4707 2076 4764 est;
2101 4706 2148 4751 et

542 4787 669 4855 quid
709 4786 918 4839 dicunt?
960 4785 1137 4851 Peter,
1178 4787 1413 4855 salvi/ica
1455 4804 1533 4843 me
1573 4805 1636 4843 ex
1668 4790 1796 4843 hora
1834 4789 1932 4842 hac
1964 4786 2143 4861 (Joan.

544 4894 641 4944 xu,
670 4877 786 4947 27).
833 4878 897 4932 Et
948 4878 1117 4933 Lucas
1160 4888 1336 4934 autem
1370 4898 1384 4933 :
1416 4882 1669 4952 Apparuit
1713 4882 1791 4935 illi
1834 4882 2048 4953 angelus
2087 4882 2149 4936 de

545 4972 673 5025 celo
710 4970 1009 5040 confortans
1058 4988 1173 5024 rum
1194 4989 1215 5035 ;
1240 4980 1287 5026 et
1330 4975 1500 5044 factus
1547 4975 1601 5027 in
1643 4976 1853 5046 agonia,
1899 4975 2151 5043 prolixius

546 5064 728 5116 orabat
757 5078 776 5116 :
801 5073 846 5116 et
875 5063 1040 5132 factus
1070 5074 1141 5117 est
1170 5065 1333 5118 sudor
1362 5068 1473 5137 ejus
1510 5067 1643 5120 sicut
1684 5078 1842 5139 gutta:
1885 5068 2154 5137 sanguinis

548 5157 867 5212 decurrentis
908 5159 962 5212 in
1003 5166 1191 5212 terram
1227 5158 1380 5229 (Luc.
1428 5175 1561 5226 uti,
1593 5160 1686 5225 45,
1726 5159 1843 5230 44).
1868 5161 2154 5228 'Quocirca

532 5250 896 5320 gravissimas
924 5251 1042 5306 illas
1067 5253 1448 5317 contumelias,
1474 5268 1607 5322 quas
1629 5252 1916 5307 Theodoro
1940 5265 2158 5323 propter

551 5340 691 5396 hanc
718 5345 1037 5397 sententiam
1065 5344 1428 5413 ingesserunt,
1463 5346 1710 5399 volentes
1735 5360 1798 5401 ex
1831 5346 1910 5399 eis
1943 5347 2156 5400 beatum

556 5430 786 5487 Leonem
814 5442 869 5487 et
904 5433 1342 5490 Chalcedonense
1387 5437 1660 5490 maculare
1690 5436 2006 5502 concilium,
2034 5437 2149 5506 qui-

630 5624 644 5652 ι
688 5614 817 5670 le.
846 5616 1069 5676 Veram.
1102 5624 1252 5668 etiam
1286 5615 1570 5669 Romanus.

627 5688 647 5717 ¹
689 5687 829 5741 Idem
860 5688 1005 5749 end.,
1039 5674 1109 5738 ita
1147 5688 1431 5739 necessario
1462 5687 1692 5757 sequitur
1724 5697 1777 5741 ut
1809 5674 2081 5742 Theodoro
2110 5698 2155 5741 et

562 5754 726 5811 Leone
750 5760 1026 5823 dammis,
1061 5774 1148 5811 nec
1178 5759 1285 5828 ipse
1311 5774 1479 5831 quem,
1512 5754 1619 5813 etc.

2252 4607 2385 4663 enim
2413 4605 2658 4677 quoniam
2685 4605 2729 4657 si
2756 4604 3003 4658 terrestris
3037 4602 3219 4665 domus
3248 4609 3424 4655 nostra
3460 4601 3615 4671 hujus
3654 4600 3853 4653 habita-

2253 4701 2406 4756 tionis
2431 4699 2767 4765 dissolvatur,
2794 4699 2931 4768 quod
2955 4698 3347 4765 wdiﬁcationem
3366 4712 3433 4751 ex
3451 4695 3558 4748 Deo
3579 4696 3855 4749 habeamus

2254 4791 2461 4846 domum
2489 4806 2591 4844 non
2617 4805 2775 4842 manu
2804 4791 2991 4858 factam
3013 4799 3261 4841 aeternam
3287 4788 3340 4838 in
3370 4787 3527 4839 cretis.
3566 4784 3705 4837 Nam
3733 4797 3779 4838 et
3808 4787 3855 4837 in

2255 4884 2353 4938 hoc
2371 4883 2749 4953 ingemiscimus
2777 4881 3146 4935 habitationem
3169 4887 3395 4933 nostram
3419 4894 3530 4947 qua:
3550 4877 3614 4930 de
3636 4880 3766 4930 casm
3793 4884 3857 4929 est

2259 4975 2557 5046 superindui
2588 4974 2873 5044 cupientes,
2904 4974 2948 5028 si
2977 4966 3149 5045 tamen
3177 4982 3226 5025 et
3254 4971 3438 5034 vestiti,
3478 4986 3579 5022 non
3621 4970 3750 5023 nudi
3782 4971 3859 5022 in-

2260 5071 2545 5125 veniamur.
2591 5067 2733 5122 Nam
2758 5077 2805 5121 et
2834 5067 2922 5136 qui
2948 5081 3123 5120 sumus
3164 5066 3219 5118 in
3258 5063 3613 5129 tabernaculo,
3638 5059 3859 5132 ingemi-

2261 5162 2449 5217 scimus
2471 5160 2689 5233 gravati,
2715 5176 2774 5214 eo
2796 5159 2935 5229 quod
2965 5158 3205 5211 nolumus
3233 5155 3533 5225 exspoliari,
3562 5154 3651 5209 sed
3678 5170 3855 5223 snper-

2262 5255 2454 5321 vestiri,
2484 5263 2539 5307 ut
2578 5251 2913 5307 absorbeatur
2956 5251 3174 5305 mortale
3216 5250 3310 5303 hoc
3344 5268 3376 5302 a
3405 5250 3505 5302 vita
3535 5246 3625 5318 (II
3656 5249 3778 5303 Cor.
3814 5262 3859 5311 ν,

2265 5346 2407 5417 1-4).
2442 5345 2735 5415 Apostolus
2778 5345 2960 5414 itaque
3000 5344 3243 5408 domum,
3285 5342 3399 5397 sive
3442 5340 3862 5403 tabernaculum,

2268 5452 2469 5494 vocans
2498 5450 2718 5506 corpus,
2751 5436 2883 5492 dicit
2920 5435 3062 5507 quod
3103 5449 3169 5490 eo
3209 5433 3377 5489 nollet
3418 5433 3709 5504 exspoliari
3734 5448 3748 5498 ;
3778 5428 3863 5483 sed

2345 5619 2366 5689 ἕ
2405 5618 2549 5673 idem
2577 5619 2722 5681 cod,
2759 5620 3051 5689 futurorum
3077 5617 3345 5670 bonorum.

2347 5688 2368 5720 “
2412 5692 2552 5745 Ideni
2584 5692 2682 5745 ("od
2715 5733 2728 5757 ,
2756 5688 3038 5745 attendant.
