4114 6546
403 492 507 551 ωδ

1272 489 1407 548 PRO
1438 488 1870 549 DEFENSIONE
1910 492 2129 551 TRIUM
2168 492 2483 552 CAPITUL.
2528 491 2655 550 ΗΒ.
2699 492 2780 549 ΠΕ

3605 494 3712 553 594

405 604 520 662 ﬂeri
562 610 760 675 potest,
791 611 846 660 et
881 602 1231 672 supervcsﬁri
1276 604 1456 675 potius
1497 605 1918 674 immortalitate,
1948 615 2006 663 ut
2033 618 2085 678 Α
2110 616 2278 663 tuum.
2308 609 2373 665 Et
2403 610 2618 679 quidem
2661 608 3062 680 perturbatione
3107 609 3209 666 hoc
3254 621 3477 680 cogente
3505 611 3708 683 dicere,

403 701 467 755 ad
495 712 616 755 eam
645 711 751 751 nou
777 696 1025 767 corporis
1048 696 1439 778 exspoliatione
1471 701 1745 755 transiret.
1772 700 1875 756 Sed
1909 715 2002 758 ne-

405 791 517 845 scio
545 789 671 858 quid
706 789 910 855 dicunt,
939 790 1065 860 quia
1094 774 1399 861 martyres,
1423 790 1619 860 quibus
1646 791 1850 847 dictum
1879 803 2008 865 est:

408 879 538 938 Cum
565 894 737 936 autem
761 890 1127 951 persequentur
1157 887 1244 934 vos
1279 882 1332 934 in
1370 883 1576 937 ciuitate
1615 883 1734 952 ista,
1770 884 1931 956 fugite
1959 885 2013 940 in

405 974 563 1029 aliam
592 973 805 1045 (Matth.
836 990 893 1042 x,
925 973 1044 1043 25),
1070 990 1176 1029 non
1210 975 1552 1044 trepidabant
1583 978 1740 1044 mori,
1776 978 1883 1033 imo
1909 990 2006 1034 tre-

409 1066 667 1136 pidabant
694 1062 803 1121 non
831 1065 991 1121 mori.
1020 1066 1255 1131 Nollent,
1284 1068 1330 1123 si
1372 1067 1487 1122 ﬁeri
1520 1081 1700 1137 posset
1726 1070 1766 1134 ³,
1790 1070 1885 1125 sed
1914 1086 2011 1125 na-

411 1159 568 1213 turali
617 1173 728 1214 sum
787 1159 1047 1213 voluntati
1095 1158 1428 1213 voluntatem
1482 1159 1577 1214 Dei
1631 1160 1919 1237 devotione
1960 1170 2015 1219 et

408 1250 719 1307 obedientia
761 1250 1143 1321 prmferebant.
1184 1250 1334 1319 Quod
1383 1261 1436 1306 et
1478 1252 1567 1308 illa
1614 1252 1772 1308 verba
1806 1253 2014 1309 Domini

414 1344 880 1415 signiticaverunt,
926 1344 1122 1413 quibus
1158 1344 1284 1399 dum
1328 1344 1534 1401 diceret
1568 1361 1584 1404 :
1620 1345 1795 1412 Pater,
1832 1347 1878 1401 si
1917 1348 2012 1415 vis,

412 1437 634 1505 transfer
663 1434 878 1489 calicem
918 1435 1071 1489 istum
1106 1451 1137 1489 α
1160 1452 1259 1505 me,
1296 1437 1369 1491 ibi
1410 1437 1590 1493 statim
1629 1438 1933 1509 subjunxil,
1962 1450 2015 1495 et

412 1528 490 1583 ait
522 1545 533 1580 :
572 1527 932 1583 Verumtamen
963 1545 1066 1584 non
1095 1545 1207 1584 mea
1236 1533 1495 1600 voluntas,
1518 1533 1608 1586 sed
1628 1542 1717 1587 tua
1739 1534 1830 1600 ﬁat
1863 1534 2012 1605 (Luc.

411 1634 548 1686 χιιι,
580 1618 693 1689 42).
723 1619 873 1687 Quod
902 1635 1032 1689 ergo
1070 1621 1146 1676 ait
1173 1636 1188 1675 :
1222 1619 1399 1675 Nolite
1435 1623 1612 1677 timere
1643 1640 1729 1679 eos
1763 1626 1849 1695 qui
1878 1626 2015 1680 occi-

415 1717 543 1771 dunt
572 1733 781 1787 corpus,
813 1718 1040 1772 animam
1067 1727 1235 1773 autem
1267 1735 1368 1772 non
1395 1728 1608 1788 possunt
1636 1720 1897 1787 occidere;
1927 1720 2018 1774 sed

412 1810 583 1880 potius
608 1825 726 1864 eum
759 1810 929 1863 timete
956 1810 1044 1879 qui
1070 1819 1233 1881 potest
1260 1811 1487 1865 animam
1512 1820 1558 1865 et
1588 1826 1774 1879 corpus
1804 1812 2019 1881 perdere

414 1902 468 1953 in
511 1898 793 1972 gehennam
826 1898 1041 1971 (Matth.
1076 1915 1139 1965 x,
1214 1900 1339 1969 28),
1365 1915 1472 1957 non
1500 1899 1631 1955 illud
1658 1900 1803 1970 quod
1829 1910 2017 1957 contra

2113 715 2145 756 e
2174 702 2444 758 contrario
2493 702 2657 758 dico:
2689 701 2941 759 Gloriﬁca
2989 718 3188 757 nomen
3238 711 3410 769 tuum,
3454 703 3559 759 hoc
3603 714 3709 773 est,

2114 797 2240 853 dum
2271 813 2389 854 eam
2420 799 2484 855 ad
2509 814 2725 855 crucem
2755 813 2770 851 :
2797 798 2939 869 quod
2969 798 3194 854 multum
3220 797 3326 855 hoc
3348 799 3491 868 quod
3523 785 3711 859 huma-

2117 905 2242 943 num
2273 899 2356 945 est
2386 890 2741 955 demonstrat,
2773 898 2829 945 et
2854 898 3097 944 naturain
3124 905 3228 944 non
3254 889 3526 945 volentem
3550 894 3711 955 mori,

2115 981 2210 1036 sed
2242 982 2526 1049 praesentis
2561 983 2770 1036 avidam
2802 983 2943 1047 vitm,
2985 981 3277 1037 05tendens
3316 982 3569 1051 quoniam
3604 1000 3710 1039 non

2116 1081 2234 1127 erat
2259 1072 2466 1128 alienus
2494 1073 2561 1127 ab
2588 1073 2837 1128 humanis
2874 1072 3232 1144 passionibus.
3261 1073 3541 1143 Quomodo
3564 1076 3708 1133 enim

2118 1180 2214 1221 nec
2240 1165 2424 1222 bibere
2443 1166 2650 1222 crimen
2674 1178 2775 1229 est.
2802 1182 2976 1237 neque
2997 1166 3257 1232 dormire,
3278 1168 3357 1225 sic
3379 1183 3552 1238 neque
3577 1184 3713 1237 pra:-

2117 1260 2282 1315 sentis
2304 1259 2424 1314 vitae
2448 1259 2648 1315 habere
2676 1259 3024 1315 desiderium.
3048 1260 3296 1315 Christus
3319 1268 3497 1314 autem
3517 1275 3715 1330 corpus

2119 1353 2374 1408 mundum
2406 1368 2435 1405 a
2466 1353 2701 1421 peccatis
2748 1351 2955 1416 habuit,
2984 1367 3093 1407 non
3122 1368 3149 1406 a
3179 1353 3485 1407 carnalibus
3520 1367 3712 1408 neces-

2118 1443 2367 1500 sitatibus
2393 1446 2726 1514 expeditum,
2758 1445 2990 1514 alioquin
3020 1460 3118 1500 nec
3145 1460 3341 1514 corpus
3372 1446 3487 1501 fuit.
3525 1465 3546 1500 ι
3574 1446 3716 1501 Nun-

2118 1535 2243 1605 quid
2276 1536 2683 1604 Mopsuestenus
2713 1535 3052 1599 Theodorus,
3082 1538 3171 1607 qni
3199 1538 3250 1591 in
3273 1538 3410 1593 beati
3443 1537 3638 1592 Leonis
3663 1550 3718 1597 ct

2119 1625 2310 1697 synodi
2333 1625 2793 1683 Chalcedonensis
2822 1626 3191 1697 praeiudicium
3212 1631 3623 1695 condemnatur,
3650 1630 3716 1683 ad

2120 1716 2466 1772 asserendam
2511 1715 2713 1771 Christi
2765 1717 3172 1785 humanitatem,
3209 1718 3346 1773 sicut
3386 1718 3505 1790 ejus
3534 1721 3719 1779 condi-

2120 1808 2357 1878 scipulus
2386 1808 2573 1864 beatus
2601 1809 2860 1877 Joannes,
2890 1810 3037 1866 mille
3067 1811 3275 1867 timoris
3318 1826 3630 1883 argumenta
3663 1815 3717 1868 in

2123 1897 2292 1966 ipsius
2340 1900 2591 1968 passione
2631 1900 2913 1955 confessus
2957 1910 3072 1967 eSt;
3118 1910 3211 1956 aut
3256 1901 3451 1957 alicubi
3492 1904 3561 1959 ab
3604 1905 3716 1972 eis,

416 1998 661 2044 naturam
704 2000 789 2046 est
826 1991 1133 2061 imperavit,
1166 2000 1225 2047 ut
1266 1991 1555 2047 humanam
1599 2000 1833 2048 mentem
1871 1992 2019 2048 nulla
2048 1997 2100 2058 Β
2125 1988 2577 2061 quemadmodum
2622 1990 2723 2046 iste
2771 1991 3059 2060 praeclarus
3099 1992 3290 2047 doctor
3333 1993 3610 2059 Ecclesiae,
3643 1997 3719 2051 sic

417 2083 609 2138 mortis
652 2083 940 2153 trepidatio
972 2092 1239 2154 tangeret,
1282 2084 1521 2154 alioquin
1550 2101 1706 2141 suum
1747 2084 2020 2142 diceretur

418 2178 763 2248 itupugnasse
796 2186 1150 2248 praeceptum,
1181 2193 1303 2233 cum
1334 2179 1449 2248 ipse
1472 2178 1630 2235 daret
1652 2179 1723 2235 de
1745 2178 1868 2250 fuga
1889 2193 2023 2235 con-

417 2275 635 2341 silium;
661 2272 786 2343 sed,
808 2283 864 2328 ut
893 2273 1054 2328 timor
1079 2272 1272 2329 timore
1301 2273 1630 2340 vinceretur,
1654 2273 1821 2329 dixit:
1844 2273 2022 2328 Nolite

417 2383 503 2422 eos
542 2367 725 2421 timere
760 2365 847 2436 qui
887 2365 1124 2420 occidunt
1152 2350 1360 2432 corpus.
1387 2363 1514 2421 ldeo
1552 2374 1770 2420 secutus
1795 2362 2014 2433 adjecit,

418 2461 508 2513 sed
529 2461 700 2531 potius
721 2476 836 2518 eum
867 2459 1032 2514 timete
1052 2459 1140 2529 qui
1171 2466 1333 2528 potest
1361 2458 1588 2512 animam
1616 2467 1662 2512 et
1686 2472 1876 2526 corpus
1906 2472 2021 2528 per-

422 2550 541 2603 dere
566 2550 620 2603 in
649 2550 955 2619 gehennam.
986 2546 1125 2616 Quid
1157 2555 1339 2604 autem
1378 2547 1508 2605 hinc
1545 2548 1709 2602 etiam
1744 2544 2014 2603 condisci-

421 2644 579 2712 pulus
609 2641 849 2711 praedicti
878 2641 1240 2710 Mopsuesteni
1271 2639 1566 2706 Theodori,
1598 2648 1816 2696 sanctus
1843 2639 2009 2695 Joan-

427 2752 523 2793 nes
577 2736 1204 2807 Constantinopolitath
1240 2734 1438 2792 dixerit
1491 2733 1857 2790 advertamus.
1912 2731 2017 2802 Qui

423 2842 699 2897 exponens
738 2828 987 2883 eumdem
1026 2828 1202 2883 locum
1249 2826 1524 2897 Evangelii
1559 2824 1856 2885 secundum
1881 2823 2023 2881 Mat-

427 2921 661 2986 thxum,
720 2919 801 2975 sic
855 2920 985 2975 ait:
1032 2937 1050 2971 ι
1094 2918 1218 2990 lpse
1273 2918 1491 2990 quidem
1550 2917 1806 2975 intentius
1863 2925 2022 2982 orat,

424 3014 792 3073 nevideatur
844 3015 1117 3070 simulatio
1163 3029 1285 3071 esse
1340 3012 1653 3084 negotium,
1697 3020 1756 3069 et
1794 3010 2027 3069 sudores

426 3103 671 3160 deﬂuunt
698 3113 918 3173 prepter
942 3096 1189 3161 eamdem
1221 3105 1415 3161 iterum
1445 3116 1664 3160 causam
1696 3119 1712 3159 :
1737 3110 1794 3159 et
1824 3116 1895 3160 ne
1923 3101 2028 3158 hoc

418 3196 611 3269 dicant
636 3196 898 3263 haeretici,
930 3197 1183 3268 quoniam
1206 3195 1493 3252 simulabat
1523 3194 1796 3266 agoniam,
1823 3193 1949 3250 ideo
1975 3203 2030 3251 et

426 3287 654 3344 sudores
683 3290 823 3345 sicut
851 3298 1017 3360 guttae
1047 3288 1344 3360 sanguinis,
1369 3297 1424 3345 et
1448 3289 1675 3361 angelus
1714 3287 2029 3345 confortans

2126 2083 2395 2138 turbatum
2438 2099 2501 2139 ac
2544 2084 2919 2154 perturbatum
2954 2086 3006 2139 in
3054 2087 3305 2155 passione
3332 2088 3719 2162 Cltristumdi-

2128 2173 2278 2230 xisse
2309 2174 2564 2243 probatus
2590 2183 2694 2243 est,
2728 2185 2783 2229 ut
2822 2175 2985 2231 etiam
3024 2176 3401 2235 liberationem
3430 2194 3717 2250 qua‘reret,

2126 2266 2172 2322 si
2204 2265 2422 2336 quidem
2448 2275 2591 2322 esset
2618 2265 2888 2337 effugere;
2912 2276 2967 2325 et
2995 2268 3100 2323 alia
3131 2270 3297 2325 multa
3325 2286 3444 2342 quae
3477 2284 3720 2329 naturam

2124 2356 2243 2427 ejus
2288 2357 2575 2413 humanam
2619 2374 2729 2414 non
2774 2358 3043 2416 volentem
3094 2363 3253 2428 mori,
3294 2364 3388 2419 sed
3441 2367 3724 2435 praesentis

2125 2449 2336 2506 avidam
2387 2449 2511 2507 vita:
2555 2451 2793 2508 Joannes
2842 2454 3118 2511 insinuare
3167 2466 3393 2515 testatur
3422 2464 3722 2531 :.quoniam

2126 2542 2268 2598 sicut
2293 2550 2481 2612 potare
2510 2544 2715 2603 crimen
2750 2560 2855 2601 non
2887 2554 2990 2615 est,
3024 2562 3199 2618 neque
3234 2548 3493 2619 dormire,
3524 2554 3595 2607 ita
3626 2569 3726 2610 nec

2127 2630 2454 2689 desiderium
2504 2632 2703 2690 habere
2746 2636 2870 2691 vitae
2919 2639 3237 2707 przesentis?
3265 2640 3525 2711 Quodque
3554 2643 3725 2713 majus

2126 2735 2237 2794 εει,
2270 2734 2326 2782 et
2353 2726 2711 2797 quorumdam
2742 2727 2902 2782 modo
2932 2728 3091 2801 [forte
3119 2730 3537 2803 quodammodo]
3567 2738 3721 2788 novi-

2128 2817 2217 2872 tite
2247 2817 2507 2889 doctrina:
2538 2822 2983 2891 peremptorium,
3015 2822 3068 2878 in
3098 2822 3202 2878 hoc
3221 2838 3370 2879 suam
3400 2827 3724 2881 sententiam

2127 2905 2333 2962 claudit
2355 2908 2646 2975 :Quoniam
2672 2910 2785 2965 haec
2805 2911 3145 2982 passionibus
3164 2913 3363 2969 Christi
3384 2914 3721 2985 subtrahere,

2129 3000 2264 3058 nihil
2294 3010 2378 3058 est
2403 3001 2545 3071 aliud
2573 3017 2732 3073 quam
2761 3004 2930 3072 ipsam
2965 3006 3211 3074 corporis
3236 3006 3587 3063 substantiam
3611 3008 3727 3078 ejus

2129 3093 2420 3165 denegare,
2450 3110 2571 3151 cum
2600 3095 2729 3151 dicit
2759 3114 2772 3151 ε
2802 3115 2821 3149 ι
2859 3096 3106 3155 Christus
3131 3107 3309 3154 autem
3337 3113 3531 3169 corpus
3572 3116 3727 3155 mun-

2129 3187 2258 3246 dum
2284 3201 2315 3242 a
2346 3188 2582 3257 peccatis
2610 3188 2818 3259 habuit,
2851 3202 2960 3244 non
2986 3205 3021 3244 a
3045 3190 3351 3249 carnalibus
3393 3193 3727 3249 necessitati-

2130 3281 2233 3338 bus
2269 3281 2607 3350 expeditum,
2647 3281 2886 3352 alioquin
2928 3296 3105 3353 neque
3148 3298 3345 3354 corpus
3383 3283 3507 3340 fuit.
3536 3303 3555 3337 ι
3588 3285 3729 3354 Quid

424 3395 550 3436 eum
577 3380 846 3461 apparuit,
872 3391 926 3438 et
948 3381 1097 3437 mille
1120 3380 1327 3436 timoris
1355 3387 1693 3450 argumenta.
1728 3379 1797 3434 Et
1821 3394 1892 3435 ne
1909 3379 2030 3450 quis
2058 3386 2108 3453 ε
2136 3381 2317 3431 autem
2349 3389 2451 3444 ego
2480 3375 2582 3429 alia
2610 3372 2678 3428 de
2704 3373 2806 3429 hac
2828 3389 2908 3441 re,
2940 3374 3024 3430 vel
3054 3375 3454 3445 prmdictornm,
3480 3377 3567 3433 vel
3593 3378 3730 3434 alio-

429 3471 571 3526 dicat
600 3472 886 3528 verborum
917 3488 1038 3528 esse
1072 3472 1408 3543 figmentum,
1441 3481 1724 3542 propterea
1750 3479 1805 3525 et
1829 3471 2024 3535 oratio,

2133 3485 2257 3527 rum
2284 3469 2670 3525 venerabilium
2700 3469 2920 3525 Patrum
2953 3470 3263 3526 testimonia
3292 3472 3582 3540 proferam,
3604 3488 3730 3529 eum

429 3574 484 3621 et
514 3564 696 3620 dicere
722 3565 939 3649 quidem
966 3583 980 3621 :
1005 3565 1064 3622 Si
1092 3565 1347 3636 possibile
1377 3573 1481 3630 est,
1508 3571 1769 3632 transeat,
1793 3564 2030 3620 ostendit
2126 3563 2241 3634 jam
2281 3563 2385 3619 sibi
2423 3562 2757 3618 sufﬁcienter
2784 3562 2837 3618 in
2867 3564 3059 3620 eodem
3083 3577 3181 3619 suo
3213 3564 3350 3620 libro
3381 3564 3482 3636 ipsi
3510 3580 3732 3636 respon-

432 3658 855 3725 nutnanitatem;
897 3659 1077 3714 dicere
1114 3672 1241 3714 vero
1273 3676 1286 3711 :
1323 3657 1723 3713 Verumtamen
1750 3670 1857 3712 non
1891 3656 2032 3711 sicut

430 3764 531 3821 ego
564 3750 703 3819 volo,
733 3751 829 3805 sed
862 3750 1002 3805 sicut
1027 3761 1105 3816 tu,
1136 3749 1372 3805 ostendit
1398 3747 1669 3819 quomodo
1694 3762 1790 3817 per
1817 3746 2033 3802 virtutis

430 3840 665 3897 studium
698 3849 753 3896 et
783 3841 1091 3910 patientiam
1125 3842 1440 3907 doceamur,
1479 3848 1538 3897 et
1570 3840 1882 3896 retrahente
1928 3853 2031 3895 nos

432 3942 644 4001 natura,
686 3932 943 4002 subsequi
985 3932 1176 3988 Deum.
1223 3952 1241 3985 ι
1277 3934 1379 4000 Qui
1433 3932 1597 3988 etiam
1634 3931 1686 3987 in
1726 3939 2034 3987 commento

432 4024 577 4096 quod
608 4024 660 4079 in
690 4023 914 4081 Joannis
944 4024 1295 4093 Evangelium
1332 4024 1477 4089 fecit,
1508 4023 1746 4094 capitulo
1772 4023 2035 4092 vigesimo

435 4131 617 4185 sexto,
659 4118 814 4189 cujus
853 4127 937 4175 est
975 4119 1186 4175 initium
1219 4136 1232 4172 :
1266 4118 1366 4187 Qui
1414 4130 1560 4174 amat
1602 4121 1837 4174 animam
1881 4133 2033 4175 suam

434 4211 623 4282 perdet
660 4227 802 4279 eam,
844 4211 918 4266 ita
955 4211 1166 4267 locutus
1204 4222 1331 4267 est:
1367 4229 1386 4264 ι
1426 4211 1494 4266 Ut
1530 4226 1636 4265 non
1674 4211 1854 4266 dicant
1894 4224 2035 4280 quo-

428 4307 578 4361 niam
629 4306 781 4375 ipse,
816 4305 1029 4360 alienus
1066 4319 1098 4359 a
1135 4304 1412 4361 doloribus
1460 4303 1707 4358 humanis
1756 4304 2034 4368 existens,

430 4399 593 4464 facile
623 4399 691 4455 de
714 4408 892 4455 morte
924 4399 1355 4469 philosophatur,
1379 4406 1433 4451 et
1464 4397 1684 4466 periculi
1714 4409 1907 4464 expers
1937 4409 2039 4450 nos

430 4491 711 4561 admonet,
744 4491 984 4547 ostendit
1021 4491 1145 4561 quia
1182 4498 1238 4545 et
1285 4489 1535 4559 agoniam
1582 4495 1803 4557 propter
1833 4485 2040 4541 utilita-

436 4594 544 4640 tem
594 4599 698 4638 nou
749 4592 1009 4640 recusat:
1045 4585 1162 4637 haec
1201 4590 1381 4636 autem
1426 4578 1845 4649 dispensationis
1886 4584 2035 4645 sunt,

436 4691 545 4730 non
574 4676 909 4742 divinitatis;
938 4684 1223 4745 propterea
1253 4674 1328 4727 ait
1352 4688 1367 4727 :
1397 4671 1555 4726 Nune
1580 4671 1755 4723 anima
1786 4685 1901 4724 mea
1929 4678 2041 4723 tur-

2132 3658 2330 3725 derint,
2352 3657 2524 3712 sancti
2546 3655 2824 3714 Athanasii
2840 3656 3205 3712 testimonium
3227 3667 3415 3713 eontra
3436 3673 3515 3725 se,
3542 3674 3731 3726 quem-

2131 3750 2419 3807 admodum
2467 3765 2630 3821 supra
2680 3750 3054 3815 meminimus,
3109 3751 3475 3820 profercntes,
3525 3752 3579 3806 in
3625 3768 3732 3822 quo

2133 3843 2208 3897 ait
2233 3859 2248 3900 :
2284 3859 2311 3896 ι
2338 3840 2551 3898 Etenim
2584 3839 2887 3911 perturbari
2916 3841 3096 3895 carnis
3124 3840 3400 3909 proprium
3430 3851 3546 3908 est;
3582 3852 3732 3910 pote-

2134 3943 2332 3991 statem
2377 3944 2557 3991 autem
2598 3934 2800 3990 habere
2833 3932 3067 4003 ponendi
3112 3942 3166 3987 et
3206 3933 3482 4001 sumendi,
3520 3935 3735 4001 quando

2136 4028 2271 4096 vult,
2309 4026 2568 4097 animam,
2615 4040 2724 4081 non
2773 4034 2855 4092 est
2904 4025 3009 4080 hoc
3048 4023 3322 4093 proprium
3350 4024 3606 4091 hominis,
3638 4028 3733 4081 sed

2143 4121 2301 4178 Verbi
2326 4121 2536 4178 virtutis
2558 4128 2663 4177 est.
2700 4138 2721 4175 ι
2753 4119 2891 4187 Quid
2919 4120 3080 4190 igitur
3108 4119 3241 4175 lbi’e
3264 4120 3556 4185 contrario,
3583 4122 3735 4187 quasi

2136 4214 2339 4286 aliquid
2382 4229 2657 4285 magnum,
2687 4214 2874 4269 dicunt
2919 4213 3137 4269 beatum
3183 4213 3534 4268 Athanasium
3564 4214 3616 4266 in
3644 4226 3736 4267 eo-

2137 4307 2261 4363 dem
2288 4307 2448 4362 tertio
2475 4305 2736 4362 adversus
2746 4303 2974 4360 Arianos
2992 4303 3156 4369 libro,
3171 4302 3242 4358 de
3258 4301 3475 4357 Christo
3490 4302 3693 4357 dixisse
3722 4319 3734 4355 :

2145 4414 2164 4447 ι
2202 4395 2373 4463 Quem
2419 4395 2560 4450 Deus
2599 4395 2843 4450 existens
2891 4392 3229 4461 formidaret,
3261 4401 3354 4447 aut
3380 4406 3479 4447 cur
3505 4402 3734 4447 inertem

2142 4488 2567 4557 pertimesceret,
2591 4486 2719 4542 dum
2748 4494 2894 4543 esset
2919 4486 3034 4554 ipse
3062 4486 3193 4552 vita,
3224 4493 3279 4540 et
3308 4485 3443 4540 alios
3466 4499 3535 4540 ex
3566 4496 3740 4539 tnortu

2143 4580 2410 4648 liberans;
2452 4588 2543 4635 aut
2581 4578 2852 4649 quomodo
2888 4577 3077 4634 dicens
3109 4595 3124 4633 :
3154 4578 3333 4633 Nolite
3374 4577 3567 4633 timere
3593 4578 3738 4632 orci-

2142 4673 2359 4728 dentem
2402 4686 2625 4741 corpus,
2674 4670 2792 4740 ipse
2830 4670 3177 4726 formidaret?
3222 4688 3243 4725 ι
3292 4670 3593 4740 intelligant
3639 4671 3741 4724 hoc

437 4768 555 4821 bata
591 4778 667 4822 est
711 4766 892 4839 (Joan.
920 4783 1016 4834 xu,
1041 4767 1157 4837 27).
1188 4764 1461 4834 Alioquin,
1495 4763 1593 4817 nisi
1624 4762 1725 4816 hoc
1750 4769 1853 4826 est,
1880 4776 2038 4830 quam
2064 4776 2122 4838 Ι)
2144 4778 2266 4820 eum
2318 4764 2612 4819 secundum
2662 4762 2780 4832 ejus
2835 4762 3171 4818 divinitatem
3224 4761 3427 4818 dixisse
3483 4761 3740 4816 adversus

438 4853 876 4932 consequentiam
926 4861 1083 4916 habet
1131 4859 1274 4928 quod
1316 4857 1518 4913 dictum
1561 4863 1667 4920 est,
1712 4864 1765 4911 et
1810 4855 2037 4911 dicere:

439 4951 621 5018 Pa'er,
663 4954 891 5021 salviﬁea
926 4968 1006 5006 me
1035 4968 1100 5006 ea:
1128 4952 1223 5005 hac
1254 4950 1420 5004 hora?
1440 4948 1523 5004 sic
1547 4946 1872 5015 perturbari,
1904 4954 1961 5000 ut
1987 4954 2042 5009 et

447 5048 822 5104 [herationem
867 5057 1167 5117 quaereret,
1217 5045 1261 5098 si
1311 5042 1527 5113 quidem
1573 5047 1720 5096 esset
1765 5038 2041 5111 effugere?

443 5140 569 5194 llarc
615 5150 822 5195 natura:
867 5139 1117 5194 humana:
1149 5134 1475 5190 infirmitatis
1499 5141 1645 5199 sunt,
1675 5133 1770 5187 sed
1804 5147 1912 5187 non
1945 5131 2040 5186 ha-

442 5230 546 5286 beo
581 5232 703 5301 quid
749 5232 939 5296 dicant,
978 5229 1173 5299 inquit,
1222 5210 1591 5282 liberationem
1625 5238 1890 5293 poscens:
1919 5240 2039 5294 pro-

444 5333 553 5392 pter
575 5325 670 5376 hoc
698 5324 720 5355 ³
750 5324 861 5377 ueni
907 5324 960 5376 in
1006 5321 1185 5375 horam
1213 5319 1380 5383 hanc;
1403 5316 1554 5386 quasi
1584 5315 1788 5369 diceret
1817 5330 1834 5369 :
1869 5314 1962 5369 Vel
1993 5314 2041 5369 si

444 5415 722 5470 turbamur
761 5429 828 5470 ac
874 5412 1279 5483 perturbamur,
1329 5423 1435 5463 non
1483 5406 1749 5477 fugiamus
1790 5413 2039 5462 mortem.

440 5506 574 5560 Nam
603 5520 656 5563 et
698 5522 799 5578 ego
833 5522 976 5561 nunc
998 5503 1372 5573 perturbatus,
1419 5514 1526 5553 non
1572 5498 1693 5553 dico
1722 5498 2035 5568 ut‘fugiam;

441 5598 599 5654 decet
628 5599 770 5653 enim
802 5599 943 5653 ferre
974 5596 1115 5667 quod
1147 5592 1480 5664 supervenit.
1512 5589 1775 5644 Non‘dico
1801 5607 1812 5643 :
1846 5588 2040 5646 Libera

445 5707 530 5746 me
572 5707 636 5745 ex
674 5690 803 5745 hora
837 5691 967 5756 hac;
1000 5690 1093 5745 sed
1136 5686 1299 5757 quid?
1329 5684 1507 5751 Pater,
1541 5681 1775 5753 glori/ica
1801 5680 1821 5712 ³
1850 5698 2034 5738 nomen

517 5921 529 5949 '
556 5916 920 5973 Cod.\leron.,
940 5921 987 5966 rt
1013 5929 1111 5963 non
1131 5910 1261 5963 πιοιὶ
1286 5907 1493 5967 nollent,
1520 5906 1561 5957 si
1586 5905 1698 5974 ﬁcri
1716 5914 1903 5974 posset,
1927 5915 2031 5960 etc.

513 5992 537 6023 ε
558 5988 702 6045 idem
728 5988 875 6054 cod.,
903 5994 1109 6055 propter
1133 5982 1228 6035 hoc
1251 5981 1404 6045 enim,
1431 5990 1535 6035 etc.

2145 4855 2397 4921 Arianos,
2423 4853 2513 4922 qui
2542 4867 2606 4908 ea
2637 4867 2757 4923 qua:
2787 4851 3137 4908 humanitatis
3166 4851 3378 4907 fuerant
3401 4851 3467 4905 ad
3493 4851 3741 4906 divinita-

2146 4947 2213 5001 tis
2246 4945 2368 5015 ejus
2403 4944 2653 5014 injnriatn
2698 4945 3112 5001 transferebant.
3145 4944 3278 4998 Nam
3322 4942 3595 5013 quomodo
3631 4958 3740 4996 non

2143 5036 2316 5091 solum
2348 5037 2400 5090 in
2440 5035 2630 5092 eodem
2675 5050 2859 5105 opere,
2904 5036 3002 5092 sed
3050 5035 3105 5089 in
3151 5033 3340 5091 eodem
3393 5037 3556 5088 etiam
3604 5035 3741 5089 libro

2146 5136 2433 5195 utrumque
2460 5127 2698 5183 diceret?
2736 5127 2839 5183 nisi
2879 5126 3020 5181 forte
3062 5126 3297 5183 similem
3340 5127 3460 5182 istis
3497 5127 3739 5180 Athana—

2148 5221 2288 5276 sium
2314 5221 2606 5285 credimus,
2638 5228 2697 5275 ut
2724 5220 2758 5286 i;
2780 5234 2839 5275 se
2868 5235 3083 5289 quoque
3104 5220 3312 5274 dicatur
3337 5221 3409 5273 ita
3442 5220 3545 5274 sibi
3574 5219 3740 5275 fuisse

2150 5313 2471 5368 contrarius.
2515 5311 2630 5367 Hoc
2670 5320 2724 5365 et
2763 5310 2831 5366 de
2874 5312 3101 5366 aliorum
3153 5311 3472 5367 testimoniis
3520 5311 3739 5367 Patrum

2150 5405 2380 5462 dixerim
2415 5420 2537 5476 qua:
2580 5404 2651 5460 ibi
2688 5420 2746 5460 se
2784 5405 3122 5475 congessisse
3156 5414 3345 5460 contra
3370 5406 3742 5476 evangelicam

2150 5500 2477 5555 sententiam
2506 5501 2821 5571 gloriantur.
2846 5501 2980 5557 Sunt
3009 5508 3063 5555 et
3100 5500 3200 5555 alia
3233 5502 3396 5556 multa
3424 5501 3483 5555 in
3503 5500 3621 5569 ipso
3644 5515 3743 5557 eo-

2147 5605 2265 5645 rum
2292 5592 2434 5646 libro
2449 5592 2642 5660 quibus
2670 5594 2989 5663 semetipSos
3021 5593 3352 5664 impugnant,
3384 5593 3608 5648 adversa
3638 5592 3739 5646 sibi

2151 5685 2445 5757 loquentes,
2478 5700 2599 5754 quae
2633 5700 2772 5737 nunc
2806 5687 3053 5756 persequi
3095 5687 3311 5758 longum
3334 5694 3436 5753 est,
3466 5695 3518 5743 et
3554 5684 3744 5750 melius

2222 5907 2238 5937 ³
2280 5907 2422 5963 Idem
2451 5905 2597 5971 cod.,
2629 5905 2877 5972 clari/ica.
3273 5843 3309 5878 .
