4114 6560
457 354 560 411 533

1499 353 1802 414 FACUNDI
1840 353 2049 414 EPlStJ.
2082 347 2590 458 HE‘BMIANENSIS

3645 345 3758 402 53b

419 461 432 471 '
457 468 608 524 vobis
637 469 984 541 relinquimus
1011 467 1304 541 arguenda,
1342 469 1596 541 quoniam
1647 468 1751 525 hoc
1792 469 2050 525 facillime
2085 471 2131 528 A
2163 480 2280 521 ram
2319 464 2725 532 subsistentem,
2774 472 2828 520 et
2879 463 3118 520 omnium
3163 479 3283 536 qua:
3323 474 3449 520 sunt
3476 465 3754 535 Opificem,

458 559 570 615 ﬁeri
601 569 821 630 potest:
850 569 908 617 et
935 559 1062 616 illud
1091 575 1225 631 opus
1253 573 1283 614 a
1313 559 1552 631 quolibet
1581 560 1911 616 elaboratum
1938 575 2050 613 ma-

454 651 537 720 gis
563 654 741 707 ornari
768 651 928 708 debet
955 651 1110 707 titulo
1138 650 1370 707 nominis
1399 650 1583 718 vestri,
1627 663 1724 722 per
1762 648 1905 721 quod
1934 646 2052 704 cal-

459 743 565 798 lide
583 743 884 813 excogitata
909 744 962 799 in
991 742 1363 816 prmjudicittm
1395 755 1600 813 magna:
1631 740 1824 812 synodi
1848 740 2054 796 falsitas

458 833 746 890 refellitur.

1067 923 1297 982 CAPUT
1339 924 1427 979 IV.

459 1041 614 1111 Quod
662 1039 996 1096 Theodorum
1043 1042 1300 1096 immerito
1339 1042 1736 1106 calumnirntur,
1801 1041 1948 1112 quasi
1999 1041 2053 1092 in

523 1113 844 1181 expositione
897 1113 1128 1167 historiae
1175 1116 1486 1168 centurionis
1536 1112 1800 1168 Christum
1861 1127 2052 1180 purum

525 1186 787 1238 [nantium
805 1199 918 1239 esse
943 1186 1195 1240 docuerit.

525 1295 680 1352 Nune
701 1295 847 1350 aliud
879 1296 1204 1366 aperiamus,
1237 1297 1288 1350 in
1317 1309 1424 1364 quo
1464 1293 1656 1350 iterum
1685 1309 1783 1350 suo
1809 1295 2052 1350 testimo-

457 1388 548 1444 nio
575 1389 989 1457 convincuntur,
1023 1387 1164 1444 beati
1209 1388 1418 1458 Cyrilli,
1449 1387 1592 1456 quod
1637 1394 1850 1442 secutos
1879 1400 1939 1442 se
1962 1385 2049 1455 ja-

455 1490 625 1546 ctattt,
673 1481 1018 1551 impugnasse
1054 1479 1336 1550 judicium,
1378 1489 1522 1543 eum,
1564 1478 1632 1532 aii
1677 1477 2049 1548 prmjudicium

458 1588 666 1644 magna:
690 1572 903 1644 synodi,
937 1573 1189 1627 similiter
1219 1571 1466 1626 eumdem
1493 1571 1836 1628 Theodorum
1861 1569 2053 1624 crimi-

449 1673 653 1721 ‘nantur
697 1667 1140 1734 interpretantem
1180 1663 1527 1733 Evangelium
1569 1662 1864 1718 secundum
1913 1660 2047 1714 Mat-

458 1759 656 1813 thaeum
689 1758 889 1813 dixisse
921 1776 938 1810 ι
973 1756 1096 1827 quia
1121 1755 1417 1820 Christum,
1449 1769 1556 1810 non
1583 1765 1832 1825 tanquam
1857 1750 2048 1809 F'iiium

2155 557 2362 612 adierat
2401 553 2668 611 centurio.
2720 551 2846 609 Hatc
2877 569 2943 608 ex
2987 569 3176 610 eorum
3225 554 3360 612 libro
3410 556 3463 610 in
3507 564 3758 613 nostrum

2157 646 2551 704 transtulimus.
2597 644 2665 701 Et
2707 643 2835 700 licet
2858 642 2910 699 in
2959 643 3044 700 his
3086 645 3247 700 etiam
3293 646 3474 701 verbis
3497 661 3617 717 qua:
3657 660 3760 716 pro

2155 752 2255 794 suo
2283 737 2436 802 libitu
2466 746 2910 806 composuerunt,
2959 751 3064 792 non
3098 737 3314 807 penitus
3336 737 3613 793 obscurari
3658 753 3759 808 po-

2155 829 2320 885 tuerit
2349 825 2580 884 dicentis
2617 829 2870 896 intentio,
2916 829 3196 898 quoniam,
3235 829 3376 884 sicut
3404 829 3608 884 dictum
3641 837 3754 898 est,

2157 933 2265 976 non
2295 931 2450 972 suam
2481 916 2662 985 ﬁdem,
2694 916 2790 973 sed
2819 916 3272 972 existimationem
3306 919 3357 972 in
3395 917 3474 972 eis
3501 917 3761 990 ignoran-

2155 1015 2224 1068 tis
2259 1010 2594 1069 centurionis
2632 1010 2923 1079 expressit,
2972 1017 3150 1065 tamen
3197 1018 3255 1064 ut
3305 1010 3407 1065 hoc
3449 1011 3762 1065 erident‘us

2155 1113 2436 1176 appareat,
2468 1105 2676 1175 integra
2726 1102 2894 1172 ipsius
2941 1101 3214 1158 Theodori
3256 1103 3417 1157 verba
3465 1117 3758 1170 ponamus.

2160 1214 2182 1250 ι
2209 1196 2557 1268 Supplicabat
2593 1204 2776 1250 autem
2821 1195 2895 1261 ei,
2927 1194 3122 1264 inquit,
3156 1204 3209 1250 ut
3261 1205 3472 1250 curaret
3503 1211 3757 1266 puerum.

2157 1293 2236 1348 Ad
2278 1305 2440 1363 quem
2469 1289 2728 1344 Dominus
2755 1289 2925 1344 dicit:
2953 1287 3066 1361 Ego
3098 1287 3316 1344 veniens
3354 1289 3555 1344 curabo
3600 1304 3754 1345 eum.

2157 1384 2446 1455 Propterea
2489 1381 2724 1437 maxime
2772 1381 2888 1450 ipse
2933 1381 3227 1448 promptius
3270 1381 3350 1437 ire
3390 1381 3658 1451 promisit,
3698 1389 3760 1434 ut

2155 1477 2329 1531 virtus
2363 1475 2696 1530 centurionis
2742 1488 2864 1528 cum
2915 1472 3110 1545 refugit
3162 1485 3467 1544 app-areret.
3516 1476 3755 1539 Etenim,

2156 1586 2262 1623 non
2291 1584 2408 1624 sum
2439 1568 2653 1638 dignus,
2683 1567 2832 1631 dicit,
2869 1573 2926 1621 ttt
2956 1566 3124 1621 intres
3171 1569 3272 1622 sub
3309 1577 3505 1622 tectum
3538 1583 3756 1634 meum;

2155 1664 2314 1731 igitur
2359 1659 2526 1716 verbo
2566 1669 2770 1714 tantum
2821 1657 2926 1724 dic,
2975 1670 3029 1714 et
3087 1659 3187 1714 hoc
3231 1674 3424 1714 curtre
3459 1658 3755 1716 “sufﬁciet.

2157 1753 2395 1810 Primum
2430 1753 2595 1824 igitur
2619 1751 2980 1809 reverentiam
3023 1751 3276 1817 multam,
3307 1752 3544 1808 secundo
3569 1762 3756 1807 autem

461 1851 550 1904 Dei
581 1859 630 1920 ο,
665 1859 718 1904 ct
745 1860 868 1904 ante
899 1864 1110 1904 omnem
1144 1851 1464 1903 existentem
1510 1855 1834 1912 creaturam,
1866 1855 1919 1902 et
1958 1861 2052 1902 eo-
2083 1865 2129 1924 B
2162 1849 2446 1902 maximam
2489 1846 2649 1903 iidem
2677 1845 2933 1901 ostendit.
2971 1843 3174 1900 D‘einde
3216 1857 3272 1900 et
3312 1861 3432 1900 eum
3465 1847 3754 1916 prudentia

457 1955 574 1992 rum
604 1955 726 2008 quae
752 1943 877 1993 sunt
905 1939 1175 2010 opiﬁcem,
1209 1939 1344 1992 adiit
1383 1937 1626 1992 centurio
1659 1949 1756 2006 pro
1787 1937 1937 2005 pueri
1964 1936 2045 1990 sui

457 2032 652 2086 salute.
694 2049 713 2082 ι
751 2029 806 2083 1η
849 2030 952 2086 hoc
990 2041 1169 2085 autem
1220 2031 1456 2098 capitulo
1503 2030 1664 2084 etiam
1711 2027 2048 2084 fraudulenta

459 2121 666 2175 falsitas
699 2133 887 2175 eorum
915 2121 1048 2193 satis
1083 2128 1325 2190 apparet.
1361 2119 1489 2174 Nam
1522 2119 1646 2174 inde
1674 2118 1741 2174 ab
1769 2119 1846 2174 eis
1874 2117 2050 2174 Theo-

459 2211 628 2270 dorus
655 2220 957 2278 accusatur,
985 2211 1131 2266 unde
1170 2211 1340 2282 magis
1377 2211 1536 2266 debet
1571 2212 1640 2264 ab
1677 2225 1864 2266 eorum
1889 2223 2049 2266 accu-

458 2303 668 2358 satione
692 2302 929 2358 defendi.
970 2304 1086 2358 Non
1133 2303 1297 2371 enim,
1334 2303 1475 2358 sicut
1516 2304 1742 2373 tingunt,
1771 2311 2050 2373 exponens

460 2394 602 2449 hunc
630 2393 812 2450 locum
849 2393 1144 2465 Evangelii,
1175 2394 1303 2465 quid
1337 2396 1454 2465 ipse
1481 2395 1550 2450 de
1578 2397 1795 2452 Christo
1823 2396 2057 2453 sentiret

457 2485 714 2550 ostendit,
741 2486 836 2540 sed
867 2488 1046 2555 potius
1071 2485 1199 2558 quid
1242 2489 1489 2544 centurio
1531 2489 1602 2544 de
1633 2488 1730 2544 illo
1761 2490 2047 2559 putaverit.

457 2574 575 2632 lino
609 2584 662 2632 et
701 2577 833 2648 quid
875 2579 991 2648 ipse
1030 2579 1257 2635 sentiret
1291 2577 1545 2635 ostendit.
1590 2577 1724 2636 Nam
1782 2582 1873 2652 qui
1923 2593 2052 2638 cen-

457 2667 728 2724 turionem
763 2669 920 2737 dixit,
957 2670 1100 2739 quod
1140 2670 1444 2743 ignorantia
1475 2672 1492 2703 ¹
1526 2686 1633 2728 non
1679 2683 1735 2727 ut
1777 2674 1970 2739 Deum,
1997 2681 2053 2728 et

455 2771 586 2813 ante
613 2774 830 2816 omnem
867 2761 1190 2817 uiuentem
1238 2773 1576 2830 creaturam,
1603 2773 1659 2818 et
1699 2777 1888 2820 eorum
1932 2777 2052 2834 quae

454 2859 584 2906 sunt
623 2852 899 2922 opiﬁcem,
937 2849 1214 2908 Christum
1259 2853 1473 2926 adierit,
1516 2855 1706 2925 procul
1743 2855 1906 2913 dubio
1937 2857 2052 2929 ipso

456 2957 562 2998 non
612 2942 887 3008 hominem
936 2943 1351 3015 tantummodo,
1399 2946 1542 3004 sicut
1589 2947 1900 3018 Nestorius,
1954 2951 2050 3008 sed

455 3035 618 3091 etiam
671 3035 882 3104 Deum,
923 3046 981 3094 et
1025 3047 1154 3094 ante
1209 3050 1424 3096 omnem
1471 3039 1794 3098 existentem
1840 3048 2053 3100 creatu-

457 3140 578 3184 ram
600 3165 619 3194 ,
646 3139 702 3184 et
739 3142 928 3185 eorum
965 3143 1088 3200 qua
1124 3132 1262 3186 'auut
1302 3129 1586 3202 opiﬁcem,
1618 3131 1891 3190 Christum
1929 3147 2053 3192 esse

2155 1939 2314 1994 fidem
2348 1939 2622 2009 propriam
2655 1946 2964 1993 monstrans
2993 1953 3006 1990 :
3031 1933 3164 1990 Nam
3202 1943 3259 1990 et
3297 1950 3398 2005 ego
3429 1934 3590 1991 homo
3628 1951 3755 1990 sum

2151 2032 2254 2086 sub
2284 2038 2568 2100 potestate,
2604 2029 2811 2084 habens
2842 2027 2942 2084 sub
2968 2043 3054 2084 me
3081 2025 3301 2091 milites,
3338 2039 3390 2082 et
3417 2027 3537 2082 dico
3581 2028 3709 2082 huic
3737 2049 3752 2083 :

2155 2119 2320 2186 Vade,
2363 2129 2418 2175 et
2470 2119 2650 2186 vadit;
2684 2127 2742 2174 et
2791 2119 2938 2172 alio:
2966 2117 3124 2182 Veni,
3173 2129 3226 2172 et
3274 2118 3448 2182 venit;
3493 2127 3547 2172 et
3588 2132 3757 2172 servo

2153 2227 2275 2269 meo
2307 2211 2451 2269 :Fac
2477 2212 2602 2280 hoc,
2643 2221 2699 2270 et
2739 2211 2886 2268 facit.
2940 2210 3246 2268 Prudentia:
3285 2211 3430 2265 enim
3470 2221 3606 2278 erat,
3654 2226 3752 2276 se-

2154 2303 2390 2360 cundum
2423 2303 2689 2359 rationem
2718 2315 2836 2373 quae
2870 2302 2917 2358 ei
2950 2302 3255 2368 videbatur,
3287 2302 3408 2356 talia
3435 2301 3660 2358 credere
3680 2303 3756 2358 de

2153 2390 2396 2450 Christo.
2441 2391 2614 2448 liomo
2640 2391 2786 2448 enim
2823 2401 2878 2448 et
2908 2406 3041 2463 ego;
3067 2394 3162 2448 sed
3197 2401 3373 2447 tamen
3400 2405 3630 2463 quorum
3659 2408 3754 2448 ae-

2157 2487 2278 2557 cepi
2305 2496 2646 2558 potestatem,
2679 2485 2872 2542 horum
2901 2499 3019 2541 sum
3045 2487 3295 2542 dominus
3322 2504 3333 2539 :
3359 2501 3478 2556 qum
3510 2485 3639 2540 mihi
3669 2486 3754 2542 vi-

2153 2579 2370 2648 dentur,
2403 2592 2465 2635 ea
2495 2578 2630 2634 fiunt
2669 2593 2700 2635 a
2733 2579 2870 2635 meis
2913 2576 3190 2648 subjectis.
3222 2577 3363 2650 Ergo
3394 2577 3528 2633 nihil
3572 2578 3753 2635 abre

2154 2681 2260 2741 est,
2282 2679 2337 2728 et
2366 2682 2417 2728 te
2445 2672 2584 2727 hanc
2599 2681 2846 2727 sumente
2873 2685 2903 2726 a
2925 2672 3034 2726 Deo
3056 2679 3397 2739 potentatem,
3428 2671 3594 2726 verbo
3625 2675 3749 2726 tan—

2153 2771 2272 2820 tum
2285 2759 2514 2832 iubente
2545 2759 2744 2832 expelli
2769 2763 3068 2833 passiones.-
3099 2761 3282 2832 Neque
3319 2763 3463 2818 enim
3498 2771 3752 2832 tanquam

2156 2853 2252 2911 Dei
2278 2853 2501 2920 Filium,
2534 2861 2589 2909 et
2621 2863 2746 2910 ante
2771 2865 2988 2910 omnem
3013 2864 3314 2910 creaturam
3340 2854 3750 2918 subsistentem,

2155 2951 2215 3005 et
2243 2949 2483 3004 omnium
2511 2961 2632 3019 qua
2657 2956 2781 3004 sunt
2803 2946 3074 3018 opiﬁcem,
3103 2945 3312 3002 adierat
3335 2945 3600 3002 centurio.
3626 2943 3753 3003 tiae

2155 3022 2300 3096 enim
2331 3053 2510 3111 neque
2545 3037 2936 3109 discipulorum
2979 3047 3097 3093 erat
3125 3045 3253 3092 tunc
3293 3035 3435 3092 scire
3461 3045 3588 3093 ante
3621 3051 3753 3092 cru-

2155 3146 2299 3201 cem,
2348 3131 2488 3190 uicut
2531 3131 2588 3188 in
2625 3131 2850 3202 reliquis
2896 3129 3266 3197 ostendemus,
3314 3127 3543 3185 Domino
3591 3129 3750 3200 adju-

456 3221 730 3292 eognovit.
773 3222 1058 3290 Quomodo
1099 3229 1284 3279 autem
1316 3223 1417 3295 ipsi
1457 3234 1739 3294 consuete,
1775 3236 1932 3296 prout
1957 3238 2053 3281 νο·
2077 3247 2124 3310 c
2157 3236 2337 3296 vante,
2368 3223 2638 3292 subtilius,
2672 3224 2769 3281 sed
2794 3232 3044 3295 tanquam
3073 3223 3344 3279 hominem
3374 3236 3468 3292 per
3495 3222 3751 3280 virtutem

459 3313 699 3378 inerunt,
750 3321 1062 3382 corruptam
1111 3312 1380 3372 Theodori
1429 3317 1754 3373 sententiam
1801 3317 1857 3372 in
1913 3317 2061 3375 libro

459 3417 560 3466 suo
607 3403 902 3472 posuerint,
940 3405 1309 3474 ostendemus,
1351 3421 1416 3464 ac
1458 3408 1660 3466 deinde
1695 3410 1966 3483 quomodo
1993 3425 2054 3468 se

458 3497 693 3554 habeant
713 3497 832 3568 ejus
850 3497 1012 3553 verba
1032 3499 1332 3556 secundum
1350 3501 1674 3572 scriptorum
1702 3514 2050 3562 monumenta

462 3589 804 3657 docebimus,
861 3599 922 3644 ut
965 3592 1023 3646 in
1079 3593 1183 3647 ttae
1237 3608 1343 3648 una
1393 3605 1722 3664 cognoscere
1761 3597 1788 3628 θ
1824 3597 2053 3654 valeatis

459 3692 652 3752 quanta
686 3699 782 3754 per
809 3685 944 3740 alias
983 3684 1102 3756 eius
1149 3687 1450 3744 sententias
1477 3688 1804 3746 immiserint
1851 3692 2054 3761 impor-

458 3788 587 3834 tuna
618 3792 738 3848 qua
766 3778 858 3834 ille
885 3792 996 3832 non
1023 3779 1177 3845 dixit,
1211 3789 1413 3850 quanta
1453 3781 1818 3838 subtraxerint
1847 3789 2048 3853 Oppor-

456 3879 590 3923 tuna
612 3883 735 3938 quat
760 3869 918 3924 dixit.
949 3869 1044 3924 Sic
1068 3871 1216 3924 enim
1237 3870 1490 3926 dixerunt
1514 3890 1526 3923 :
1557 3890 1576 3923 ι
1609 3870 1713 3927 Sed
1734 3881 1790 3927 et
1813 3873 2054 3928 residuas

458 3958 732 4014 Theodori
753 3959 1119 4030 blasphemia
1142 3962 1305 4016 simili
1332 3965 1718 4018 convincamus
1746 3965 1926 4019 modo.
1964 3965 2055 4021 Di-

458 4050 534 4105 cit
560 4051 705 4106 enim
736 4052 852 4120 ipse
891 4051 1092 4120 impius
1121 4051 1463 4119 Theodorus,
1497 4053 1755 4109 adversus
1784 4053 2053 4110 Christum

458 4141 762 4207 insaniens,
804 4149 860 4196 et
890 4155 1070 4211 neque
1091 4141 1162 4196 ab
1189 4155 1256 4196 ec
1278 4142 1419 4196 facta
1443 4143 1713 4198 mirabilia
1743 4151 1998 4214 tanquam
2023 4160 2054 4200 a

461 4233 574 4288 Dcu
604 4233 750 4290 facta
773 4233 936 4300 dans,
965 4234 1306 4290 centurionis
1343 4247 1532 4291 vocem
1561 4249 1730 4306 quam
1766 4237 1837 4291 ad
1876 4237 2055 4293 Domi-

459 4337 587 4377 tium
621 4322 791 4392 dixit,
839 4323 898 4379 in
933 4325 1088 4394 pueri
1127 4323 1431 4392 curatione,
1469 4327 1745 4382 contrarie
1788 4326 2056 4398 interpre-

461 4423 584 4468 tans
609 4414 666 4468 in
701 4415 992 4484 Evattgciio
1036 4417 1340 4474 πωπω»
1379 4414 1644 4473 Joannem
1671 4417 1848 4474 ’dieit
1893 4414 2049 4473 inec:

461 4505 612 4560 liene
655 4507 854 4577 adjecit
894 4508 1024 4564 illud
1057 4508 1228 4564 εκεῖ»
1264 4518 1321 4565 et
1363 4525 1465 4580 ego
1493 4513 1659 4568 hante
1689 4525 1833 4584 sunt,
1862 4515 2053 4584 quasi:

2155 3318 2410 3390 adeptum
2441 3333 2475 3374 ε
2496 3315 2610 3375 Deo
2644 3316 2904 3388 maiorem
2931 3329 3092 3388 quam
3123 3323 3208 3372 est
3250 3313 3482 3371 hominis
3511 3321 3754 3385 potesta-

2158 3417 2290 3467 tem.
2341 3407 2497 3468 Unde
2539 3411 2593 3467 ei
2639 3408 2810 3466 dixit:
2833 3407 2968 3464 Nam
3004 3417 3062 3466 et
3092 3423 3194 3480 ego
3224 3407 3385 3464 homo
3413 3422 3555 3463 sum.
3585 3425 3603 3460 ι
3639 3406 3753 3462 Hoc

2155 3502 2320 3559 modo
2346 3513 2408 3559 se
2445 3501 2651 3560 habent
2692 3503 2858 3560 verba
2888 3503 3179 3560 Theodori.
3226 3499 3344 3556 Jam
3385 3513 3530 3557 nunc
3565 3497 3753 3555 confer

2156 3591 2488 3667 utrumque'
2512 3594 2653 3650 sicut
2681 3602 2734 3651 te
2773 3594 2994 3667 dignum
3031 3601 3136 3661 est,
3170 3593 3486 3665 imperator,
3517 3600 3576 3648 et
3602 3590 3756 3646 inve-

2157 3685 2283 3741 nies
2309 3697 2508 3756 quanta
2532 3685 2602 3742 ab
2643 3686 2724 3742 eis
2750 3683 2946 3740 fuerint
2977 3685 3279 3755 supposita,
3307 3693 3362 3739 et
3390 3692 3590 3754 quanta
3626 3682 3754 3736 sub-

2157 3784 2344 3843 tracta,
2371 3791 2441 3834 ne
2461 3777 2663 3832 veritas
2684 3782 2990 3848 appareret.
3018 3776 3252 3832 Maxime
3271 3783 3472 3840 autem,
3496 3773 3615 3842 quis
3644 3787 3754 3827 non

2158 3867 2338 3924 videat
2375 3868 2500 3940 quia
2531 3883 2636 3923 non
2666 3867 2737 3923 ob
2777 3868 2919 3923 aliud
2969 3865 3357 3922 subtraxerunt
3382 3865 3521 3936 quod
3570 3864 3642 3919 ibi
3665 3863 3755 3918 di-

2158 3968 2304 4016 ctum
2351 3968 2474 4016 est:
2504 3976 2528 4013 ε
2553 3961 2858 4017 Prudentia
2889 3963 3030 4016 enim
3068 3971 3208 4028 erat,
3253 3960 3546 4016 secundum
3588 3960 3754 4014 ratio-

2159 4065 2286 4108 nem
2312 4066 2436 4122 quae
2472 4053 2526 4107 ei
2551 4052 2857 4120 videbatur,
2888 4054 3013 4107 tata
3061 4049 3287 4107 credere
3333 4052 3400 4106 de
3428 4048 3693 4116 Christo;
3725 4068 3748 4105 ι

2156 4144 2266 4198 nisi
2301 4149 2359 4198 ut
2389 4143 2442 4198 in
2482 4142 2588 4198 illis
2632 4144 2810 4198 verbis
2836 4141 3170 4198 centurionis
3195 4141 3216 4174 ⁸
3241 4142 3543 4212 ignorantis
3572 4139 3763 4197 existi-

2157 4239 2471 4302 mationem,
2513 4250 2671 4304 quam
2713 4251 2864 4292 suam
2893 4236 3074 4304 fidem,
3124 4235 3402 4292 videretur
3432 4235 3757 4298 Theodorus

2157 4331 2755 4404 magis'extrressisse;
2784 4332 2868 4386 vel
2915 4329 3048 4385 illud
3093 4340 3394 4386 extremum
3439 4329 3586 4399 quod
3633 4341 3756 4398 per-

2159 4425 2370 4495 tingere
2389 4423 2704 4491 notuerunt,
2739 4422 2838 4478 ubi.
2859 4425 2935 4477 ait
2963 4441 2980 4477 :
3008 4443 3025 4474 ι
3059 4421 3182 4477 llaec
3213 4423 3357 4478 enim
3399 4435 3575 4493 neque
3602 4417 3761 4485 disci-

2158 4516 2410 4587 pulorum
2440 4526 2560 4572 erat
2605 4524 2734 4571 tunc
2764 4517 2904 4571 scire
2929 4525 3052 4569 ante
3074 4529 3312 4581 crucem,
3352 4514 3492 4570 sicut
3531 4514 3758 4569 inferius

463 4597 906 4700 Nunt-mirabile,
937 4601 982 4654 si
1022 4601 1168 4655 istud
1198 4616 1360 4670 posse
1382 4605 1570 4670 habes,
1600 4603 1787 4672 homo,
1817 4617 1940 4660 cum
1979 4606 2056 4662 sis
2081 4634 2134 4700 ι)
2161 4605 2535 4674 ostendemus,
2585 4605 2816 4661 Domino
2841 4606 3149 4675 adjuvanto,
3194 4604 3479 4661 subtilius?
3507 4623 3528 4659 ι
3553 4601 3756 4676 Collige

460 4691 731 4761 accipiens
751 4707 786 4746 ι
806 4693 950 4758 Deo;
980 4695 1239 4764 quoniam
1276 4709 1376 4766 ego
1404 4707 1527 4750 cum
1557 4697 1665 4750 sim
1693 4698 1877 4765 homo,
1911 4700 2058 4754 aeci-
2081 4691 2119 4700 ⁷
2162 4702 2346 4770 itaque
2376 4700 2579 4770 pariter
2607 4715 2729 4754 cum
2764 4700 2846 4753 his
2874 4701 3056 4754 verbis
3077 4701 3239 4754 tinem
3260 4699 3562 4766 sententis,
3594 4707 3649 4754 et
3675 4697 3755 4753 ius

461 4784 548 4852 pio
567 4783 911 4849 obediesttes,
943 4787 1110 4841 semel
1142 4787 1349 4842 habent
1370 4787 1598 4856 jubendi
1639 4796 1961 4858 potestatem
1993 4802 2054 4848 ut

460 4879 705 4945 voluero,
737 4892 834 4948 per
855 4881 1035 4934 dantis
1059 4877 1506 4936 muniﬁcentiam.
1539 4880 1767 4951 Propter
1793 4885 1932 4953 quod
1963 4885 2050 4940 ni-

463 4970 629 5025 bilab
651 4984 714 5025 re
740 4980 846 5038 est,
873 4980 1009 5027 teet
1041 4973 1184 5027 hanc
1213 4981 1462 5028 sumente
1493 4988 1522 5026 a
1563 4973 1675 5029 Deo
1706 4983 2045 5044 potestatem,

459 5064 628 5120 verbo
667 5072 888 5120 tantum
931 5063 1163 5136 iubente
1208 5065 1405 5135 expelli
1458 5066 1756 5133 passiones.
1790 5086 1808 5120 ι
1867 5067 2051 5137 Neque

459 5157 602 5213 enim
631 5165 886 5229 taon
937 5157 1033 5214 Dei
1067 5157 1288 5226 Fila»,
1333 5166 1391 5213 et
1417 5166 1542 5214 ante
1581 5171 1802 5214 omnem
1841 5165 2055 5213 creatu-

534 5350 562 5380 ε
601 5340 699 5397 llic
725 5343 887 5398 etiam
919 5345 1070 5400 locus
1098 5345 1237 5400 inter
1269 5355 1464 5401 caetera
1511 5344 1788 5400 Theodori
1824 5343 2057 5399 reiectus

463 5425 547 5467 est
576 5414 628 5467 in
660 5415 852 5484 synodi
883 5431 912 5468 v
936 5417 1150 5472 actione
1175 5418 1232 5482 4,
1262 5433 1408 5472 num.
1442 5418 1508 5481 5;
1533 5416 1631 5470 sed
1655 5416 1756 5468 alia
1783 5421 1869 5470 est
1892 5414 2055 5469 inter-

467 5485 715 5552 pretatiu,
745 5485 878 5540 sicut
911 5495 964 5540 et
1006 5485 1058 5542 in
1101 5486 1274 5558 Vigiiii
1305 5487 1633 5554 Constituto,
1655 5499 1800 5557 ,cap.
1845 5484 1934 5552 55,
1972 5484 2054 5538 his

540 5679 552 5707 ¹
597 5671 728 5728 Cod.
765 5671 980 5732 Veron,
1013 5687 1100 5741 per
1124 5671 1482 5741 ignorantiam.

537 5751 554 5814 ξ
589 5746 728 5798 Idem
756 5743 908 5808 eod.
936 5743 1093 5814 facile
1119 5759 1440 5814 aagttoscere.

537 5811 554 5842 ³
588 5818 727 5869 idem
758 5815 904 5877 cod,
937 5811 1262 5877 illatthtrtitn,
1296 5816 1502 5868 scilicet
1527 5827 1645 5880 (τοι),
1675 5826 1766 5863 vut
1790 5819 1840 5863 et
1862 5825 1937 5862 ιχ.

537 5892 558 5920 ⁵
581 5891 724 5948 idem
750 5884 898 5952 cotl.,
925 5897 1078 5939 curm.

2160 4795 2344 4849 venies
2375 4793 2744 4860 Theodorum,
2776 4793 2864 4862 qui
2897 4789 3194 4856 Christum,
3233 4806 3338 4846 non
3374 4801 3626 4862 tanquam
3660 4792 3758 4846 ho.

2162 4886 2359 4941 minem
2382 4899 2476 4954 per
2506 4883 2756 4939 virtutem
2789 4884 3044 4954 adeptum
3072 4899 3102 4938 a
3135 4885 3246 4940 Deo
3285 4886 3564 4955 majorem,
3595 4897 3756 4955 quam

2161 4985 2244 5032 est
2277 4976 2458 5032 homin
2486 4991 2533 5044 ς,
2570 4981 2911 5046 potestatem,
2941 4977 3036 5032 sed
3065 4990 3251 5031 verum
3285 4976 3376 5031 Dei
3405 4975 3596 5030 Filium
3635 4989 3757 5031 cre-

2159 5067 2320 5132 didit,
2377 5078 2434 5120 et
2479 5075 2608 5121 ante
2641 5078 2862 5121 onmem
2907 5075 3214 5122 creaturam
3263 5067 3670 5132 subsistentem,
3705 5074 3757 5123 ct

2167 5160 2416 5215 omnium
2437 5174 2554 5229 quat
2583 5167 2711 5214 sunt
2753 5161 3021 5229 opificem.
3053 5158 3184 5216 Nam
3214 5159 3486 5230 quomodo
3510 5157 3753 5215 diceret:

2163 5342 2348 5396 verbis
2376 5357 2390 5398 :
2423 5340 2534 5396 Nec
2564 5343 2702 5397 enim
2728 5349 2976 5412 tanquam
3020 5341 3166 5396 Filio
3188 5337 3301 5408 Dei,
3328 5349 3376 5395 et
3403 5346 3526 5396 ante
3557 5340 3754 5396 univer-

2159 5429 2273 5467 sum
2300 5423 2595 5495 creatorem
2622 5413 2857 5468 ean’scenti
2870 5453 2890 5480 ,
2920 5420 2969 5466 ct
3005 5414 3226 5468 creatori
3249 5429 3433 5468 emus
3468 5428 3586 5486 qua
3611 5422 3756 5482 sunt,

2161 5494 2372 5539 αοεεδαι
2400 5494 2650 5540 centurio.

2242 5666 2260 5696 ⁵
2283 5665 2422 5718 Idem
2450 5664 2567 5718 cod.
2583 5709 2594 5730 ,
2627 5677 2859 5733 utraque.

2239 5737 2260 5768 ⁶
2283 5735 2424 5789 Idem
2457 5737 2600 5798 eod.,
2634 5752 2733 5788 non
2759 5750 2857 5786 tam
2887 5737 3211 5791 centurionis.

2238 5811 2254 5840 τ
2279 5808 2335 5861 in
2368 5809 2556 5882 eodem
2589 5808 2730 5872 cod.,
2767 5808 3003 5866 deestxi
3035 5821 3217 5876 magis.
