4114 6540
447 404 549 461 597'

1330 394 1465 453 PRO
1503 388 1936 453 DEFENSIONE
1970 393 2183 452 TRIUM
2222 394 2538 453 CAPITUL.
2584 392 2711 453 LIB.
2753 397 2836 454 111.

3631 403 3745 464 598

444 514 553 571 Nec
578 508 965 579 discipulorum
1015 514 1130 562 erat
1158 512 1287 562 tunc
1328 507 1470 563 scire
1500 516 1624 563 ante
1650 521 1889 572 crucem,
1941 506 2041 560 nisi
2078 509 2119 566 Α
2152 513 2431 581 epistolam
2456 514 2777 569 venerabilis
2806 514 2927 581 lbae,
2955 529 3111 586 quam
3132 519 3370 589 synodus
3395 523 3731 594 approbavit,

443 603 561 658 hinc
601 602 719 671 ipse
757 601 940 666 sciret,
986 607 1042 653 et
1080 597 1375 667 discipulos
1402 611 1614 666 quoque
1654 608 1773 667 post
1819 609 2034 652 crucem

445 694 693 751 crederet
718 688 1078 759 cognovisse?
1103 687 1233 755 Quis
1259 702 1419 757 perm
1450 689 1673 743 istorum
1700 696 1872 742 tantas
1897 689 2039 742 trau-

447 790 544 845 des
570 782 956 851 mendaciaque
995 793 1101 834 non
1132 777 1385 834 horreat?
1413 780 1469 835 Si
1516 788 1623 833 non
1667 779 2041 833 consideratur

446 876 589 948 quod
621 875 884 943 scriptum
912 881 1016 937 est,
1051 871 1243 924 Perdcs
1273 886 1448 925 omnes
1475 872 1567 941 qui
1595 873 1875 937 loquuntur
1902 886 2041 923 men-

451 968 658 1023 dacium
701 965 874 1036 (Psat.
909 980 963 1030 v,
990 962 1072 1033 7),
1124 971 1178 1017 et
1206 963 1365 1016 timor
1392 963 1487 1017 Dei
1528 963 1912 1025 contemnitur,
1945 976 2042 1031 pro

451 1059 689 1114 humano
723 1056 913 1111 saltem
941 1054 1170 1124 pudore,
1213 1052 1306 1123 qui
1341 1052 1503 1108 facile
1532 1054 1863 1123 deprehendi
1893 1060 2073 1126 poteg

451 1154 595 1216 rant,
628 1147 917 1204 manifesto
965 1145 1246 1200 mendacio
1285 1145 1586 1201 debuerant
1634 1144 1947 1210 abstinere;
1990 1153 2043 1201 et

453 1252 632 1298 tamen
659 1242 731 1296 de
759 1242 878 1311 ipso
904 1236 1194 1294 Theodoro
1234 1237 1517 1307 loquentes
1543 1238 1762 1293 dicunt:
1794 1255 1813 1289 ι
1843 1237 2042 1293 llorre-

453 1347 576 1388 mus
601 1333 763 1387 etiam
795 1333 972 1386 solam
1004 1329 1319 1384 memoriam
1350 1329 1806 1399 blasphemiarum
1827 1328 1968 1399 ejus,
1992 1337 2045 1385 et

458 1423 571 1479 Deo
600 1422 984 1493 supplicamus,
1023 1429 1084 1477 ut
1123 1421 1279 1476 nobis
1330 1422 1419 1475 flat
1451 1420 1714 1491 propitius
1741 1422 1885 1492 quod
1928 1430 2046 1476 ont-

458 1516 587 1572 niuo
616 1517 668 1569 in
706 1515 886 1585 lingua
933 1514 1055 1568 talia
1101 1514 1449 1570 sustinemus.
1487 1532 1506 1566 ›
1536 1512 1748 1581 Quanta
1769 1515 2046 1570 conscien-

463 1612 552 1665 tiae
576 1609 855 1675 sanctitas,
885 1617 939 1664 et
964 1616 1167 1678 quanta
1192 1606 1506 1663 sinceritas!
1532 1606 1817 1674 Quomodo
1838 1620 1898 1663 se
1926 1623 2048 1677 pro-

459 1703 586 1757 bant
612 1699 1069 1771 blasphemiarum
1098 1714 1219 1769 quae
1246 1698 1315 1753 ab
1353 1698 1457 1753 alio
1485 1697 1644 1755 diem
1672 1708 1801 1754 sunt
1825 1699 2049 1756 horrere

460 1793 800 1858 memoriam,
843 1792 939 1863 qui
976 1800 1123 1846 tanta
1170 1804 1289 1859 qua!
1332 1805 1438 1845 non
1485 1798 1612 1846 sunt
1663 1791 1811 1847 dicta
1850 1790 2050 1847 contin-

2156 605 2376 673 indigne
2404 618 2501 673 pro
2530 604 2684 659 laude
2713 604 2986 661 Theodori
3019 606 3182 664 fuisse
3214 608 3543 667 damnatam.

2776 828 3002 887 CAPUT
3043 832 3106 887 V.

2152 958 2310 1037 ριρᾴ
2362 964 2499 1037 falso
2546 961 2874 1037 Theodorum
2917 975 3180 1031 accusent,
3225 966 3375 1036 quasi
3402 984 3739 1037 personarum

2224 1030 2687 1107 Trinitatemrum
2727 1034 2957 1091 Sabellis
2998 1030 3519 1107 negaritfummiquc
3564 1040 3741 1096 Patris

2222 1112 2269 1157 et
2302 1101 2432 1159 Filii
2460 1115 2505 1158 et
2530 1105 2764 1174 Spiritus
2790 1109 2957 1161 sancti
2982 1101 3252 1176 personam
3281 1126 3391 1165 esse
3412 1101 3668 1166 docuerit.

2223 1239 2359 1305 Quid
2392 1241 2553 1295 etiam
2580 1241 2721 1309 quod
2755 1256 2905 1310 aeque
2932 1238 2999 1296 ad
3032 1245 3460 1315 exaggerandam
3485 1247 3739 1302 invidiam

2153 1344 2352 1387 sancta:
2387 1332 2596 1401 synodo
2636 1331 2912 1403 injuriam,
2962 1334 3016 1387 in
3066 1349 3169 1405 qua
3218 1335 3346 1392 dum
3387 1338 3742 1394 recitarentur

2154 1424 2346 1478 laudes
2374 1424 2540 1493 ipsius
2567 1423 2862 1493 Theodori,
2886 1426 3375 1484 anathematizatus
3401 1443 3505 1483 non
3534 1440 3639 1496 est,
3662 1430 3743 1485 di-

2152 1524 2279 1571 cunt
2309 1530 2433 1571 eum
2475 1508 2793 1571 Trinitatem
2826 1530 3041 1587 quoque
3087 1533 3331 1588 negasse,
3367 1527 3421 1574 et
3445 1518 3600 1591 juxta
3649 1518 3744 1577 Sa-

2154 1606 2370 1662 bellium
2396 1624 2554 1663 unam
2580 1608 2775 1678 Patris,
2808 1620 2861 1665 et
2885 1609 3028 1675 Filii,
3061 1610 3372 1688 etSpiritus
3404 1613 3578 1680 sancti
3623 1628 3744 1669 cre-

2152 1702 2353 1758 didisse
2376 1704 2701 1772 personam?
2725 1702 2976 1774 Nunquid
3004 1711 3057 1758 et
3087 1703 3187 1759 hoc
3214 1712 3399 1760 contra
3428 1706 3443 1736 ¹
3470 1706 3613 1761 beati
3641 1705 3744 1777 Cy-

2153 1794 2259 1849 rilli
2292 1795 2616 1851 sententiam
2647 1794 2855 1864 dicunt,
2886 1796 2929 1851 si
2966 1796 3083 1866 ipse
3103 1794 3154 1850 in
3183 1790 3277 1851 illo
3306 1812 3473 1867 opere
3499 1798 3741 1868 quaedam

457 1886 623 1958 ειμιῑῖ
676 1892 769 1939 aut
797 1881 1066 1954 quomodo
1112 1883 1191 1937 eis
1238 1896 1351 1936 non
1399 1881 1720 1951 propitiatur
1765 1880 1934 1946 Deus,
1974 1883 2043 1936 ita
2081 1900 2125 1961 Β
2155 1888 2354 1956 scripta
2408 1888 2579 1942 sancti
2623 1886 2863 1954 Diodori,
2904 1896 2958 1943 et
3005 1887 3253 1956 discipuli
3298 1888 3414 1957 ejus
3451 1888 3741 1953 Theodori,

458 1977 777 2046 simpliciter
796 1991 861 2032 ac
899 1977 1163 2031 veraciter
1199 1974 1636 2029 invocatns‘tlsti
1678 1982 1807 2029 sunt
1835 1974 1925 2044 qui
1953 1972 2050 2029 do-

456 2080 583 2126 cent
630 2085 848 2135 novarn,
880 2079 933 2124 et
962 2077 1069 2123 tam
1102 2068 1265 2121 Leoni
1296 2066 1565 2131 Romano,
1608 2067 1782 2121 donec
1823 2066 2047 2131 advixit,

460 2176 618 2231 quam
648 2162 745 2216 toti
780 2161 1042 2233 hactenus
1084 2158 1343 2213 Ecclesiae
1387 2158 1710 2226 incognitam
1740 2159 2047 2213 veritatem.

461 2254 814 2325 Abjiciantur,
844 2255 1092 2320 obsecro,
1140 2253 1297 2317 tales,
1330 2261 1385 2307 et
1430 2253 1781 2323 profugentur
1811 2255 1881 2307 ab
1909 2256 2054 2309 auri-

459 2348 558 2404 bus
588 2349 803 2414 vestris,
837 2362 934 2402 nec
963 2348 1043 2402 eis
1070 2346 1207 2399 ultra
1237 2346 1307 2399 sit
1328 2345 1556 2400 liberum
1590 2345 1744 2400 titulo
1771 2346 1939 2401 vestri
1964 2362 2053 2399 no-

461 2440 619 2495 minis
640 2454 738 2495 sua
770 2440 1053 2494 mendacia
1096 2445 1423 2507 praenotare.
1456 2437 1590 2492 Nam
1634 2437 1679 2491 si
1710 2438 1846 2493 hanc
1887 2436 2057 2491 mani-

463 2532 651 2588 festam
673 2531 940 2588 Theodori
972 2533 1036 2588 de
1058 2532 1374 2588 centurione
1403 2530 1751 2597 sententiam,
1781 2547 1875 2601 per
1896 2547 2053 2600 quam

459 2626 630 2695 magis
656 2640 801 2692 enm,
830 2622 1101 2694 quomodo
1132 2625 1573 2691 prorniseramus,
1617 2623 1951 2678 ostendimus
1983 2622 2052 2676 ab

463 2729 649 2771 corum
691 2715 1034 2771 accusatione
1060 2713 1298 2782 defendi,
1330 2714 1409 2768 sic
1460 2713 1799 2786 impudenter
1830 2730 2050 2769 accusa-

459 2817 670 2873 verunt,
717 2808 793 2863 sic
824 2807 947 2862 aliis
987 2806 1281 2875 suppositis
1328 2806 1567 2876 quidem,
1611 2806 1731 2861 aliis
1762 2822 1892 2862 vero
1934 2808 2057 2863 sub-

463 2899 667 2968 tractis,
692 2900 984 2957 obscurare
1017 2900 1195 2955 conati
1245 2907 1388 2965 sunt,
1439 2910 1498 2957 ut
1540 2916 1601 2954 ea
1646 2902 1701 2956 in
1728 2902 2056 2957 contrarium

461 3008 678 3049 sensum
707 3009 848 3049 θωνα
882 2994 1323 3064 interpretatione
1347 3002 1753 3060 converterent;
1780 2994 1906 3065 quid
1939 2994 2058 3050 illos

461 3087 514 3142 in
564 3087 772 3143 ueteris
836 3087 1028 3142 fecisse
1077 3084 1404 3141 credendum
1460 3093 1567 3155 est,
1620 3086 1709 3141 ubi
1769 3084 2059 3155 praedictus

462 3177 796 3245 Theodorus,
830 3178 1210 3249 Apolinaristis
1242 3178 1640 3247 contradicens,
1675 3180 1916 3249 quaedam
1940 3176 2083 3236 cer-~

2152 1976 2365 2048 culpat?
2397 1976 2530 2033 Nam
2562 1978 2866 2049 quicunque
2903 1976 2993 2043 sit,
3030 1978 3341 2033 testiﬁcatur
3371 1976 3575 2034 interea
3607 1996 3742 2047 quo-

2154 2074 2295 2129 niam
2318 2073 2635 2130 Theodorus
2663 2074 2927 2129 adversus
2954 2072 3279 2128 Arianorum
3304 2084 3360 2131 et
3380 2073 3743 2130 Eunomiana-

2155 2183 2273 2223 rum
2304 2166 2539 2223 haereses
2567 2165 2754 2237 viginti
2796 2173 2850 2221 et
2881 2167 3110 2235 amplius
3139 2168 3307 2221 libros
3346 2163 3742 2236 irreprehensi-

2156 2259 2336 2315 biliter
2365 2255 2611 2329 scripsit;
2637 2258 2776 2329 quod
2804 2273 2908 2312 non
2938 2259 3095 2313 aliter
3118 2266 3315 2328 posset,
3348 2259 3451 2313 nisi
3480 2259 3744 2314 confitens

2158 2350 2474 2405 Trinitatem
2502 2367 2514 2403 :
2540 2350 2795 2418 quoniam
2826 2358 2879 2404 et
2907 2351 3219 2420 evangelica
3263 2361 3422 2420 atque
3450 2350 3754 2418 apostolica.

2158 2445 2354 2512 scripta
2389 2449 2532 2496 recte
2579 2443 2966 2510 interpretatus
3014 2450 3117 2507 est,
3173 2444 3224 2496 in
3271 2442 3465 2512 quibus
3513 2453 3567 2497 et
3616 2443 3745 2497 Mat-

2161 2534 2328 2586 tlrams
2382 2534 2703 2601 praecepisse
2760 2533 3043 2587 Dominum
3095 2528 3513 2590 reiert:Euntes
3574 2537 3747 2591 docete

2160 2638 2331 2677 omnes
2356 2634 2551 2694 gentes,
2581 2623 2895 2696 baptizrmtes
2926 2643 3012 2677 eos
3042 2626 3092 2679 in
3125 2627 3329 2679 nomine
3363 2624 3556 2692 Patris,
3586 2641 3631 2681 et
3663 2627 3745 2682 Fr-

2160 2714 2240 2781 lii,
2269 2726 2316 2769 et
2350 2714 2576 2784 Spiritus
2620 2717 2784 2770 sancti
2816 2715 3030 2785 (Matth.
3081 2733 3264 2782 xxvut,
3300 2718 3414 2787 19).
3460 2718 3524 2772 Et
3552 2720 3747 2774 Paulus

2161 2807 2450 2862 Corinthiis
2480 2808 2615 2863 dixit
2643 2827 2653 2861 :
2679 2806 2861 2863 Gratia
2884 2808 3095 2861 Domini
3125 2811 3285 2863 nostri
3308 2809 3435 2864 Jcsu
3461 2811 3670 2877 Christi,
3703 2823 3746 2865 et

2163 2898 2389 2955 Charitas
2436 2900 2553 2967 Dei,
2610 2910 2657 2954 et
2706 2902 3095 2956 communicatio
3146 2904 3311 2957 sancti
3351 2900 3602 2972 Spiritus,
3633 2922 3747 2959 cum

2162 2995 2395 3049 omnibus
2421 2994 2563 3049 vobis
2597 2993 2681 3066 (Il
2708 2992 2829 3050 Cor.
2857 3010 2972 3061 xm,
3008 2996 3119 3067 15),
3155 3008 3209 3051 et
3232 2998 3490 3065 similia‘,
3518 3015 3613 3069 per
3631 3016 3748 3070 qua)

2164 3085 2318 3141 nobis
2362 3086 2414 3140 in
2443 3086 2766 3157 evangelicis
2813 3096 2973 3157 atque
3015 3088 3325 3157 apostolicis
3354 3089 3570 3158 scriptis
3618 3089 3748 3144 insi-

2165 3187 2323 3234 nuata
2352 3187 2437 3233 est
2464 3177 2721 3235 Trinitas.
2756 3180 2886 3234 Cum
2930 3180 3090 3251 igitur
3118 3180 3253 3247 btec,
3289 3191 3346 3236 ut
3374 3181 3576 3250 dicunt,
3622 3184 3748 3239 bea-

464 3275 624 3329 tative
656 3274 821 3344 magis
846 3289 1004 3343 quam
1035 3273 1278 3328 modeste
1304 3282 1566 3343 cauteque
1594 3272 1805 3328 locutus
1836 3274 1953 3329 est?
1977 3274 2053 3328 Ac
2083 3292 2129 3354 ρ
2168 3278 2254 3327 tus
2303 3268 2537 3343 Cyrillus
2586 3270 2929 3327 Theodorum
2979 3272 3520 3343 irreprehensibiliter
3585 3291 3750 3353 expo-

464 3367 509 3419 si
541 3365 681 3421 beati
719 3364 928 3437 Cyrilli,
971 3365 1423 3435 quemadmodum
1447 3362 1676 3434 jactant,
1715 3379 1812 3419 eos
1844 3372 2056 3421 teneret

463 3457 777 3526 auctoritas,
803 3472 908 3512 non
940 3457 1114 3512 solum
1143 3456 1451 3528 evangelica
1490 3454 1691 3527 scripta
1722 3457 1861 3512 male
1893 3455 2056 3514 fuisse

467 3561 496 3602 a
520 3547 807 3603 Theodoro
836 3550 1185 3619 interpretata
1217 3564 1322 3603 non
1355 3550 1620 3615 dicerent,
1655 3548 1706 3603 in
1740 3550 1937 3619 quibus
1967 3548 2058 3606 ille

467 3639 734 3711 perhibet,
767 3639 906 3695 sicut
944 3638 1234 3707 affirmant,
1269 3639 1482 3697 labores
1509 3639 1630 3711 ejus
1657 3640 1861 3694 nullum
1892 3639 2057 3696 fuisse

465 3744 655 3787 ausum
696 3731 997 3801 increpare,
1030 3731 1125 3788 sed
1170 3732 1360 3789 dextro
1388 3730 1607 3787 decreto
1636 3732 1904 3788 honorare
1946 3746 2058 3788 Stu-

465 3822 612 3880 dium
660 3835 931 3883 rcctorum
979 3822 1286 3895 dogmatum
1313 3825 1455 3895 quod
1508 3824 1561 3879 in
1592 3824 1671 3880 eis
1706 3834 1825 3892 est;
1872 3840 2055 3880 verum

468 3915 632 3971 etiam
668 3930 1004 3988 quaecunque
1037 3919 1089 3971 in
1115 3917 1237 3974 aliis
1267 3916 1511 3987 ejusdem
1541 3914 1814 3973 Theodori
1844 3918 2060 3989 scriptis

467 4006 660 4063 similia
685 4023 793 4063 non
824 4009 1122 4079 culparent,
1156 4008 1251 4065 sed
1286 4008 1463 4079 potius
1481 4022 1542 4065 se
1572 4008 1857 4064 crederent
1883 4008 2061 4065 minus

466 4114 652 4156 eorum
680 4102 945 4158 rationem
977 4101 1216 4172 potuisse
1242 4114 1605 4172 cognoscere;
1635 4113 1725 4167 ne,
1755 4099 1949 4156 talibus
1982 4109 2061 4156 te-

468 4208 616 4249 mere
647 4193 983 4265 improbatis,
1017 4200 1416 4265 eonsequenter
1455 4201 1509 4249 et
1540 4192 1632 4247 illa
1660 4207 1780 4263 qum
1811 4190 1865 4247 in
1912 4190 2060 4247 labo-

467 4285 615 4340 ribus
646 4285 766 4356 ejus
796 4301 825 4341 a
858 4287 1015 4342 beato
1050 4284 1254 4357 Cyrillo
1286 4284 1579 4357 approbata
1607 4298 1728 4341 esse
1762 4299 1866 4339 non
1899 4283 2062 4341 dene-

465 4388 613 4449 gant,
662 4380 887 4451 culpare
942 4395 1040 4451 pro
1084 4379 1440 4435 similitudine
1481 4379 1813 4435 viderentur.
1866 4378 1923 4435 Si
1968 4393 2062 4433 au-

467 4481 573 4528 tem
600 4475 724 4543 quia
752 4472 1099 4529 Nestorianus
1131 4488 1286 4529 error
1315 4471 1615 4540 Christum,
1650 4489 1757 4529 non
1805 4481 2056 4543 tanquam

470 4564 565 4622 Dei
595 4565 813 4633 Filium,
855 4575 911 4623 et
937 4577 1061 4622 ante
1105 4580 1319 4622 omnem
1366 4575 1668 4621 creaturam
1714 4564 2058 4628 existentem,

2162 3361 2337 3419 suisse
2366 3360 2666 3431 perhibent,
2697 3363 2970 3433 quomodo
3001 3377 3107 3417 non
3151 3372 3336 3418 contra
3367 3363 3483 3434 ejus
3514 3366 3751 3421 testimo-

2162 3454 2310 3509 nium
2363 3455 2662 3509 ailirmatur
2717 3456 2859 3524 quod
2920 3454 3059 3510 idem
3108 3454 3425 3511 Theodorus
3476 3457 3751 3527 negaverit

2162 3543 2500 3610 Trinitatem,
2530 3556 2585 3599 et
2610 3558 2766 3599 uuam
2800 3545 2961 3600 trium
2991 3546 3239 3601 docuerit
3271 3561 3391 3602 esse
3432 3549 3751 3617 personam?

2170 3654 2187 3689 ι
2222 3635 2482 3692 Dixerunt
2502 3636 2678 3692 enim:
2703 3636 3107 3703 Verumtamen,
3140 3648 3195 3692 ut
3225 3655 3412 3695 omnes
3439 3640 3751 3708 Christiani,

2163 3728 2439 3784 Theodori
2470 3728 2729 3783 insaniant
2761 3738 3172 3799 cognoscentes,
3222 3747 3326 3786 non
3371 3731 3752 3788 circumferan-

2163 3829 2249 3875 tur
2277 3821 2452 3890 impiis
2484 3820 2628 3875 illius
2657 3819 2941 3885 doctrinis,
2977 3836 3135 3889 parva
3166 3837 3230 3877 ex
3257 3823 3375 3891 ejus
3402 3820 3752 3894 blasphemiis

2166 3910 2509 3979 conscriptis,
2544 3910 2597 3963 in
2630 3911 2862 3964 conficto
2891 3911 2960 3965 ab
2991 3926 3056 3965 eo
3085 3911 3354 3981 symbolo,
3385 3915 3637 3981 praesenti
3661 3930 3754 3971 no-

2166 4009 2281 4057 stro
2312 4001 2601 4056 indidimus
2634 4000 2792 4068 libro,
2816 4017 2936 4071 quae
2962 4010 3212 4057 constant
3241 4003 3292 4057 in
3318 4003 3446 4073 ipsis
3483 4006 3755 4060 sermoni-

2165 4093 2265 4150 bus
2291 4111 2303 4147 :
2327 4091 2657 4150 Conﬁtemur
2687 4093 2898 4150 Patrem
2928 4104 2953 4132 ἰ
2982 4096 3276 4165 perfectum
3310 4112 3564 4167 persona,
3588 4109 3642 4152 et
3668 4098 3757 4153 Fi-

2166 4186 2296 4242 lium
2349 4188 2615 4253 similiter,
2672 4198 2723 4240 et
2783 4187 3040 4256 Spiritum
3090 4200 3332 4243 sanctum
3384 4188 3580 4242 ibidem
3608 4188 3649 4244 ³.
3692 4188 3758 4248 Et

2168 4279 2285 4334 haec
2312 4278 2525 4350 quidem
2557 4277 2871 4335 Theodorus
2900 4278 3116 4349 impius.
3149 4280 3372 4345 Oportet
3409 4288 3586 4334 autem
3616 4280 3758 4334 audi-

2169 4381 2339 4428 torem
2367 4372 2637 4440 inspicere
2665 4370 2786 4441 quia
2810 4372 2861 4425 in
2891 4380 3074 4426 sancta
3104 4370 3382 4426 Trinitatis
3412 4386 3641 4443 persona
3673 4373 3759 4428 di-

2169 4480 2296 4521 cens
2325 4464 2574 4519 similiter
2617 4472 2673 4518 et
2701 4463 2900 4519 ibidem
2925 4461 2968 4531 ⁸,
2993 4478 3157 4519 unam
3197 4478 3484 4534 personam
3514 4465 3761 4522 ostendi-

2172 4566 2258 4613 tur
2289 4557 2471 4612 dicere
2503 4555 2665 4611 trium
2697 4556 2973 4611 nominum
3006 4565 3206 4612 sanctce
3237 4555 3537 4623 Trinitatis,
3568 4571 3759 4613 secun-

468 4668 522 4712 et
564 4658 802 4712 omnium
837 4672 958 4728 qua:
985 4667 1110 4713 sunt
1154 4656 1403 4728 opiﬁcem
1431 4657 1627 4723 credit,
1659 4657 1782 4712 ideo
1811 4656 2060 4712 Theodo-
2089 4678 2142 4738 Ι)
2170 4652 2295 4706 dum
2345 4647 2563 4705 Sabellii
2610 4646 2894 4703 insaniam.
2931 4666 2949 4700 ›
2985 4648 3248 4715 Quoniam
3287 4665 3420 4719 ergo
3466 4649 3758 4710 dixerunt;

469 4762 586 4805 rum
629 4751 1149 4817 condemnaverunt,
1184 4751 1331 4806 velut
1368 4750 1564 4806 similia
1597 4753 1917 4822 sapientem,
1961 4768 2060 4809 ne-

469 4842 702 4898 cessario
731 4845 969 4915 sequitur
1001 4854 1059 4898 ut
1079 4847 1200 4914 quia
1229 4846 1485 4914 probatus
1515 4854 1598 4901 est
1637 4845 1778 4901 idem
1813 4846 2063 4904 Theodo-

470 4949 581 5001 rus,
614 4935 886 4991 Christum
919 4934 1011 4991 Dei
1041 4935 1255 5001 Filium,
1290 4944 1343 4992 et
1368 4946 1491 4992 ante
1513 4953 1725 4993 omnem
1756 4949 2056 4995 creaturam

469 5029 873 5095 subsistentem,
913 5038 968 5082 et
1007 5031 1244 5083 omnium
1287 5044 1407 5099 quae
1435 5039 1559 5084 sum
1603 5032 1850 5100 opiticem
1880 5031 2061 5087 credi-

471 5117 634 5184 disse,
667 5120 848 5189 inique
874 5118 1033 5175 fuerit
1075 5119 1487 5183 condemnatus,
1527 5120 1679 5189 quasi
1709 5119 1938 5176 Nestorii
1961 5120 2061 5176 do—

471 5220 605 5277 ctor,
631 5210 784 5282 Cujus
819 5213 989 5267 errori
1016 5212 1241 5266 multum
1282 5211 1496 5267 videtur
1527 5212 1693 5267 fuisse
1733 5213 2056 5268 contrarius.

469 5305 660 5360 Cernis
686 5306 882 5377 itaque,
931 5306 1017 5377 pie
1062 5306 1330 5375 princeps,
1362 5305 1654 5374 quomodo,
1689 5304 1735 5360 si
1765 5306 1918 5361 nobis
1958 5305 2059 5360 alia

470 5394 791 5463 defuissent,
836 5397 938 5452 hoc
968 5413 1072 5452 uno
1118 5395 1250 5450 satis
1283 5395 1476 5451 idonee
1516 5397 1855 5463 duceremus,
1897 5398 2058 5452 etiam

542 5571 565 5600 ⁸
597 5562 652 5617 1η
699 5563 905 5634 synodo
945 5564 1236 5632 Ephesina,
1287 5564 1378 5618 ubi
1420 5575 1634 5619 exstare
1673 5565 1909 5620 diximus
1960 5564 2064 5621 hoc

471 5635 772 5710 symbolum
800 5652 813 5687 :
842 5638 1208 5708 Ὀμοὶογοῦμεν
1229 5636 1515 5710 δέ-Ποςτέρα
1558 5639 1743 5691 τέλειον
1770 5642 2064 5710 προσώπῳ,

470 5711 553 5760 καὶ
574 5708 683 5762 rte»
712 5706 916 5777 opoiwg,
951 5706 1039 5761 καί
1060 5706 1257 5777 Πνεῦμα
1287 5707 1339 5763 δὲ
1367 5706 1503 5780 ἀνι-ον
1528 5706 1937 5768 ὡσαύτωςίίδῐό
1963 5709 2060 5761 illi-

545 5870 560 5898 ¹
586 5868 715 5922 Cod.
754 5870 970 5932 Veron.,
1006 5886 1103 5922 non
1132 5874 1326 5924 conh'a.

545 5942 563 5971 ’
586 5940 729 5996 idem
766 5941 907 6006 (θύη
945 5944 1101 5995 multa
1129 5943 1336 5996 δὶηιὶίίίε.

2167 4744 2391 4811 Oportet
2430 4748 2609 4797 autem
2642 4740 2938 4795 auditorem
2970 4740 3259 4811 inspicere,
3305 4756 3411 4796 non
3462 4740 3591 4795 mihi
3633 4756 3763 4796 cou-

2168 4833 2447 4890 temnendi
2479 4833 2748 4903 videntur,
2787 4833 2905 4903 sed,
2934 4844 2991 4889 ut
3034 4842 3375 4901 monuerunt,
3425 4833 3757 4904 inSpicienda

2168 4926 2322 4981 nobis
2350 4936 2513 4995 atque
2540 4924 2828 4995 aperienda
2859 4933 2985 4980 sunt
3012 4932 3067 4980 et
3111 4924 3197 4979 illa
3230 4924 3393 4979 verba
3422 4939 3541 4993 qua:
3578 4924 3761 4979 dicunt

2168 5032 2289 5074 esse
2314 5016 2582 5073 Theodori
2616 5026 2670 5073 et
2701 5017 2939 5087 ipsorum
2969 5014 3164 5087 quibus
3194 5030 3256 5070 ea
3288 5013 3537 5070 refellere
3569 5015 3757 5073 volue-

2170 5118 2316 5177 runt,
2371 5116 2431 5164 ut
2461 5108 2702 5179 dignosci
2732 5107 2984 5164 facillime
3024 5115 3182 5177 queat
3213 5105 3309 5175 qui
3338 5107 3511 5177 magis
3541 5106 3763 5162 videane

2168 5213 2257 5258 tur
2286 5204 2434 5274 loqui
2466 5204 2759 5259 secundum
2806 5201 3135 5259 Sabellium:
3169 5209 3346 5255 utrum
3375 5200 3485 5269 ille,
3517 5203 3762 5274 quisquis

2167 5307 2268 5363 est,
2300 5298 2385 5366 qui
2421 5296 2594 5350 dixit:
2627 5314 2645 5346 ι
2674 5294 3012 5350 Conﬁtemur
3058 5292 3271 5349 Patrem
3314 5291 3607 5363 perfectum
3641 5311 3763 5366 pcr~

2170 5410 2323 5459 sena,
2352 5400 2407 5448 el
2438 5371 2655 5446 Filium.
2682 5390 2952 5455 similiter,
2998 5399 3054 5445 et
3098 5387 3353 5459 Spiritum
3387 5398 3628 5444 sanctum
3661 5391 3763 5446 ibi-

2156 5554 2309 5625 Idem,
2340 5560 2479 5627 quod
2509 5569 2587 5613 est
2616 5556 2755 5625 apud
2784 5553 3118 5627 Facundum,
3152 5552 3604 5627 suspicarillceat
3633 5554 3765 5627 scri-

2176 5624 2322 5703 ptum
2359 5624 2924 5703 tuisse_itidem,_quod
2963 5634 3046 5682 est
3097 5627 3368 5689 ὡσαύτως.
3401 5624 3602 5698 Synodi
3629 5640 3659 5681 ν
3687 5626 3738 5679 in

2178 5699 2410 5773 ierpres,
2442 5700 2621 5752 eodem
2650 5699 2822 5751 modo.

2249 5872 2266 5899 ³
2293 5866 2432 5919 Idem
2464 5863 2609 5927 cod.,
2642 5861 2832 5916 itidem.

2246 5942 2263 5971 λ
2290 5939 2430 5994 Μυκη
2464 5936 2607 6002 cod.,
2638 5933 2834 5988 itidem.
