4114 6550
355 333 460 393 599

1433 337 1727 397 FACUNDl
1761 338 1971 398 EPISC.
2014 338 2528 401 HERMIANENSIS

3542 348 3656 405 600

356 449 478 505 dem
500 449 549 515 ‘;
586 467 605 502 ι
639 464 706 504 an
738 451 848 518 isti,
884 450 973 522 qui
1003 450 1227 509 dicunt:
1256 451 1485 523 Oportet
1522 463 1701 509 autem
1740 454 1948 510 audito-
1978 459 2027 518 Α
2056 466 2363 513 asset-uerat
2391 457 2617 513 alterius
2644 470 2767 513 esse
2799 456 3138 527 substantiae,
3169 466 3227 515 et
3257 473 3363 516 non
3403 461 3651 532 ejusdem

357 553 474 594 rem
509 539 773 611 inspicere
799 543 926 613 quia
974 542 1027 596 in
1060 553 1261 599 sanciat
1300 544 1580 602 Trinitatis
1609 560 1838 615 persona
1868 547 1951 602 di-

360 645 490 686 cens
520 632 769 688 similiter
798 642 853 689 et
900 634 1098 690 ibidem
1122 637 1167 690 '.
1200 636 1266 690 ili
1305 636 1450 692 enim
1483 638 1654 709 magis
1697 638 1954 694 videntur

360 721 511 789 juxta
540 721 762 779 Sabellii
804 738 1071 792 errorem,
1102 740 1262 795 quem
1293 727 1446 797 quasi
1478 729 1831 798 redarguunt,
1868 729 1951 786 lo-

362 815 480 884 qui,
514 815 604 885 qui
643 816 829 872 dicunt
854 817 908 873 in
938 829 1124 874 sancta
1152 819 1434 875 Trinitatis
1471 836 1722 891 persona,
1765 830 1820 877 et
1848 836 1953 877 non

360 910 499 964 sicut
540 910 741 965 veritas
798 911 980 978 habet,
1008 912 1061 968 in
1107 923 1308 970 sancte
1362 915 1641 970 Trinitatis
1688 915 1954 985 personis.

364 998 490 1055 llaec
518 1011 693 1056 autem
722 1002 871 1072 prius
901 1003 1303 1060 inconsiderate
1337 1005 1637 1075 loquentes,
1670 1015 1856 1074 postea
1881 1006 1960 1061 la-

363 1093 559 1147 borant
582 1094 893 1161 ostendere,
910 1104 968 1150 et
994 1094 1171 1158 nobis,
1202 1106 1454 1166 tanquam
1478 1096 1602 1151 hinc
1623 1097 1953 1165 dubitemus,

365 1187 600 1256 probare
631 1195 896 1242 conantur
934 1188 1077 1256 quod
1108 1197 1219 1242 tres
1250 1203 1498 1257 persona:
1528 1188 1656 1253 sint,
1691 1188 1872 1255 Pater,
1905 1197 1961 1244 et

365 1277 559 1344 Filius,
590 1288 643 1333 et
672 1277 906 1348 Spiritus
934 1288 1170 1336 sanctus.
1208 1278 1414 1349 Quibus
1442 1280 1547 1334 hnc
1574 1294 1674 1349 ego
1702 1293 1961 1348 compen-

367 1368 519 1423 diose
549 1368 874 1437 respondeo,
917 1370 1059 1439 quod
1099 1369 1239 1425 istud
1284 1369 1613 1440 symbolum,
1644 1368 1697 1423 in
1729 1383 1834 1439 quo
1861 1384 1960 1423 ne-

366 1468 547 1527 gatam
576 1458 863 1528 perhibent
892 1459 1235 1525 Trinitatem,
1268 1460 1505 1530 priorum
1537 1458 1846 1517 testimonio
1878 1457 1960 1512 af-

368 1548 615 1605 ﬁrmetur
642 1564 751 1607 non
773 1564 896 1606 esse
918 1549 1193 1605 Theodori
1221 1568 1235 1604 :
1260 1551 1387 1619 quia
1416 1549 1731 1604 Trinitatem
1764 1563 1964 1619 negare

369 1658 478 1698 non
508 1651 712 1713 posset,
745 1658 904 1713 quem
935 1643 1125 1698 beatus
1148 1642 1406 1715 Cyrillus,
1436 1651 1495 1697 ut
1532 1642 1733 1710 ferunt,
1767 1642 1964 1697 adver-

368 1752 467 1791 sus
506 1735 829 1791 Arianorum
879 1744 933 1791 et
977 1734 1436 1791 Eunomianorum
1489 1733 1727 1788 hiereses
1776 1732 1961 1802 viginti

2056 548 2213 618 cujus
2243 559 2326 605 est
2346 548 2546 615 deitas,
2574 556 2634 606 ut
2660 560 2837 605 tamen
2866 564 2987 607 eam
3028 550 3200 607 solam
3239 562 3429 609 contra
3458 554 3654 612 Nesto-

2058 644 2198 700 rium
2232 652 2411 714 neget,
2442 642 2591 698 velut
2620 643 2674 697 in
2706 644 2923 713 propria
2955 658 3206 714 persona,
3233 659 3357 701 esse
3388 646 3655 715 divisam,

2058 743 2314 807 tanquam
2343 737 2522 793 sciens
2564 736 2631 791 ad
2663 751 2823 792 unam
2853 752 2923 793 ex
2953 738 3221 795 Trinitate
3248 741 3655 798 subsistentiam

2062 830 2356 896 pertinere.
2386 828 2540 895 Quod
2564 829 2609 884 si
2642 838 2696 883 et
2728 828 2843 886 hate
2871 829 3028 886 nobis
3066 845 3133 887 es
3160 830 3248 887 his
3274 847 3394 901 quae
3433 833 3658 903 scripsit

2060 919 2365 975 testimonia
2397 920 2717 986 defuissent,
2748 930 2806 977 et
2846 921 2953 977 alia
2982 923 3148 978 multa
3174 939 3294 994 qum
3314 936 3500 994 postea
3532 941 3657 995 pro-

2062 1012 2320 1075 feremus,
2371 1012 2577 1082 pudere
2622 1012 2811 1069 debuit
2858 1013 2979 1083 ejus
3020 1026 3363 1073 accusatores
3405 1027 3512 1072 tam
3559 1018 3658 1072 ab-

2062 1103 2228 1160 Surda
2278 1105 2493 1176 sibique
2540 1106 2812 1164 contraria
2860 1105 2930 1161 de
2955 1123 3279 1180 quocunque
3319 1110 3655 1180 contingere.

2050 1197 2197 1265 .Nam
2241 1213 2363 1255 cum
2420 1199 2524 1269 ipsi
2567 1200 2748 1256 dicant
2794 1201 2938 1272 quod
2986 1202 3303 1258 Trinitatem
3357 1203 3659 1271 negaverit.

2067 1298 2318 1359 tauquam
2369 1291 2512 1347 Deus
2559 1292 2855 1359 solitarius,
2906 1308 3005 1349 nec
3046 1292 3239 1348 Filium
3291 1293 3506 1358 habeat,
3554 1308 3660 1350 nec

2065 1383 2324 1455 Spiritum
2364 1394 2628 1451 sanctum,
2674 1396 2863 1441 contra
2913 1386 3109 1442 iterum
3158 1386 3258 1457 ipsi
3297 1387 3484 1443 dicunt
3512 1389 3661 1458 quod

2068 1475 2202 1531 duos
2228 1474 2603 1545 prardicaverit
2630 1476 2789 1533 ﬁlios.
2820 1476 2931 1534 Sed
2964 1480 3234 1549 quomodo
3275 1489 3329 1534 et
3370 1495 3533 1534 unum
3563 1496 3663 1535 ne-

2069 1581 2250 1638 gasse,
2281 1575 2338 1623 et
2378 1568 2514 1622 duos
2545 1567 2871 1637 prmdicasse
2914 1568 3145 1633 dicatur,
3180 1570 3388 1638 ignoro.
3438 1570 3663 1624 Ridicu-

2070 1659 2205 1723 lum,
2240 1661 2327 1729 pie
2348 1659 2662 1729 imperator,
2684 1661 2997 1731 ridiculum,
3033 1660 3128 1717 sed
3156 1660 3469 1717 dolendum.
3524 1662 3663 1718 Ecce

2072 1752 2261 1822 quales
2290 1767 2448 1821 nugae
2477 1763 2627 1818 sunt,
2655 1754 2849 1824 quibus
2874 1753 3221 1810 subscribere
3252 1764 3519 1822 coguntur
3539 1756 3663 1824 epi-

371 1826 509 1881 ποτίθ
547 1837 613 1925 εξ.
643 1826 819 1881 adhuc
867 1826 1102 1925 amplius
1154 1826 1322 1925 Ῑῖδξοδ
1368 1833 1425 1925 εξ
1466 1825 1570 1925 ima
1623 1834 1820 1925 Ρτεξδιθτ
1848 1824 1965 1880 hinc
1995 1840 2041 1901 B
2067 1843 2236 1914 scopi,
2269 1853 2326 1899 et
2348 1842 2451 1899 nisi
2478 1842 2729 1925 fecerint,
2754 1844 2901 1915 digni
2941 1845 3132 1900 exsilio
3155 1844 3486 1915 iudicantur.
3522 1846 3665 1904 Ecce

371 1915 677 1987 evangelica
720 1925 777 1973 et
804 1916 1099 1987 apostolica
1153 1916 1355 1985 scripta
1402 1916 1814 1984 interpretatum
1845 1926 1968 1969 esse

372 2009 596 2075 indicat,
626 2018 676 2065 et
703 2009 804 2064 hos
830 2008 1047 2077 quidem
1075 2008 1290 2064 labores
1316 2008 1432 2073 ejus
1455 2007 1658 2062 nullum
1684 2006 1847 2061 fuisse
1873 2021 1969 2061 au—

374 2115 496 2155 sum
527 2100 828 2170 increpare,
859 2100 956 2155 sed
983 2100 1174 2155 dextro
1196 2100 1415 2156 decreto
1437 2098 1705 2155 honorare
1732 2098 1967 2154 studium

377 2202 651 2247 rectorum
682 2191 993 2262 dogmatum
1023 2191 1167 2259 quod
1200 2191 1253 2247 itt
1297 2192 1377 2246 eis
1406 2199 1509 2247 est.
1556 2190 1798 2260 Denique
1825 2190 1969 2245 idem

379 2281 705 2341 Theodorus
734 2283 788 2340 in
836 2283 1061 2357 epistola
1092 2283 1160 2339 ad
1201 2282 1503 2338 Artemium
1546 2281 1969 2338 Alexandrinum

378 2374 761 2451 presbyterum
783 2376 1038 2443 secunda,
1055 2375 1135 2432 sic
1159 2375 1289 2433 dicit
1309 2392 1321 2435 ;
1354 2393 1371 2426 ι
1403 2375 1551 2447 Quos
1567 2372 1804 2445 oportuit
1829 2373 1973 2429 scire

379 2465 507 2535 quia
535 2466 767 2532 Patrem,
798 2475 852 2521 et
883 2465 1101 2532 Filium,
1133 2476 1188 2521 et
1208 2466 1463 2535 Spiritum
1495 2473 1741 2522 sanctum
1773 2464 1971 2523 adora-

379 2572 523 2623 mus,
551 2557 606 2611 in
636 2556 755 2612 istis
782 2558 1019 2613 divinam
1052 2567 1107 2615 et
1140 2567 1395 2613 aeternam
1419 2566 1474 2613 et
1502 2558 1796 2614 increatam
1825 2572 1975 2615 com-

383 2651 520 2720 pleri
548 2650 793 2712 dicentes
825 2650 1164 2709 Trinitatem.
1197 2651 1460 2721 Quoniam
1500 2650 1740 2721 ejusdem
1784 2666 1973 2707 essen-

383 2744 471 2800 tia:
501 2754 583 2799 est
610 2744 1032 2815 unumquodque
1079 2744 1294 2811 horum,
1338 2743 1443 2800 hoc
1483 2752 1570 2798 est
1611 2753 1828 2798 aeternae
1856 2758 1976 2799 out-

382 2843 533 2894 nium
581 2838 844 2894 factorum
888 2854 1086 2905 causa},
1138 2849 1194 2893 et
1222 2851 1412 2894 revera
1452 2836 1666 2897 divinae.
1704 2836 1769 2891 Et
1812 2836 1972 2892 Pater

384 2947 493 2985 non
527 2939 749 3000 propter
789 2929 960 2996 aliud,
991 2928 1087 2984 sed
1127 2937 1348 2999 propter
1377 2925 1648 2997 propriam
1681 2926 1971 2980 essentiam

382 3022 691 3077 adorandus
725 3032 826 3077 est.
863 3020 939 3076 ita
968 3020 1130 3075 etiam
1155 3028 1210 3075 et
1244 3018 1433 3083 Filius,
1465 3032 1571 3071 non
1603 3030 1700 3086 pro
1727 3015 1834 3074 alio
1874 3015 1977 3072 hoc

385 3113 680 3182 accipiens,
713 3112 812 3169 sed
839 3112 961 3179 quia
993 3110 1138 3166 illius
1175 3120 1232 3167 et
1261 3110 1381 3165 talis
1410 3106 1660 3165 essentia;
1696 3116 1799 3176 est,
1834 3109 1975 3164 circa

2069 1934 2309 2004 adquod
2368 1936 2794 1992 conﬁrmandum
2848 1935 3134 1992 adducitur
3178 1937 3340 1995 etiam
3390 1938 3665 1996 Romanus

2071 2026 2377 2096 episcOpus,
2412 2042 2481 2084 ne
2507 2027 2635 2098 quid
2666 2029 2910 2084 inausum
2942 2028 3214 2086 videretur
3240 2028 3525 2086 ambitiosa
3553 2030 3669 2087 hae-

2073 2118 2365 2174 reticorum
2396 2118 2680 2190 subreptio
2704 2119 3006 2191 reliquisse.

2687 2274 2914 2334 CAPUT
2955 2278 3041 2334 Vl.

2077 2387 2242 2463 Quod
2260 2387 2563 2446 Theodorus
2591 2394 2890 2461 praphetias
2912 2395 2975 2448 de
3000 2394 3206 2451 Christo
3235 2378 3336 2451 non
3381 2400 3666 2463 evacuarit,

2145 2460 2243 2514 etsi
2274 2463 2483 2539 aliquas
2530 2460 2975 2539 interdumgetiam
3021 2468 3288 2539 moraliter
3309 2483 3569 2539 exponat;
3618 2460 3669 2527 et

2146 2533 2286 2602 quod
2308 2543 2600 2589 constanter
2619 2551 2660 2589 τι
2688 2536 2885 2607 Cyr-illo
2916 2538 3162 2594 laudatus
3186 2540 3271 2594 sit.

2155 2646 2351 2703 Verum
2383 2648 2542 2703 etiam
2582 2657 2639 2705 et
2678 2648 2824 2705 aliud
2854 2650 3038 2720 accipe
3058 2689 3075 2717 ,
3106 2651 3158 2705 in
3188 2666 3296 2721 quo
3339 2652 3586 2708 similiter
3613 2662 3671 2707 ut

2076 2741 2312 2812 amplius
2343 2742 2634 2805 notabilem
2666 2742 2908 2800 lacerent
2949 2759 3195 2815 magnam
3225 2744 3520 2815 synodum,
3554 2754 3674 2800 tan-

2078 2848 2239 2904 quam
2270 2850 2377 2889 non
2408 2835 2566 2891 unius
2597 2841 2801 2896 tantum
2830 2834 3075 2901 haeresis,
3104 2845 3194 2891 aut
3217 2835 3465 2898 duarum,
3491 2837 3673 2892 crimi-

2080 2924 2238 2981 nibus
2281 2924 2579 2981 involutum
2610 2925 2951 2982 Theodorum
2988 2926 3193 2983 laudari
3240 2928 3517 2997 pertulerit
3546 2926 3589 2996 ³,
3618 2936 3675 2985 et

2080 3015 2216 3083 sibi,
2263 3026 2315 3072 et
2342 3016 2548 3089 judicio
2575 3016 2719 3077 beati
2749 3018 2955 3093 Cyrilli,
2985 3032 3083 3075 suo
3113 3019 3421 3076 testimonio
3449 3019 3675 3075 convin~

2082 3118 2278 3163 cuntur
2308 3123 2429 3167 esse
2455 3110 2733 3177 contrarii,
2785 3111 3027 3167 dicentes
3054 3111 3301 3168 eumdem
3331 3112 3677 3172 Theodorum

384 3220 546 3276 quam
595 3205 926 3277 congruebat
974 3204 1089 3282 haec
1130 3201 1366 3274 impleri.
1419 3201 1680 3258 Similiter
1717 3201 1879 3256 etiam
1924 3211 1979 3257 et
2008 3218 2055 3282 ρ
2086 3209 2364 3270 amputare
2393 3216 2608 3274 quoque
2650 3217 2841 3259 omnes
2871 3204 2924 3259 in
2962 3203 3179 3260 Christo
3228 3204 3396 3263 laetas
3440 3207 3676 3275 prophe-

386 3296 648 3366 Spiritum
698 3309 943 3353 sanctum
987 3280 1227 3366 ejusdem
1274 3294 1523 3350 essentia:
1563 3301 1977 3364 cognoscentes,

388 3401 612 3461 propter
642 3389 915 3459 propriam
947 3389 1238 3445 essentiam
1288 3387 1597 3442 adoramus.
1648 3386 1738 3443 Sic
1784 3396 1840 3443 et
1871 3394 1982 3444 tres

388 3496 649 3551 personas
678 3482 930 3549 dicimus,
959 3494 1391 3551 unamquamque
1416 3478 1730 3550 perlectam,
1765 3488 1820 3536 et
1838 3480 1982 3549 ejus-

387 3574 511 3636 dem
542 3572 813 3637 esseutiae,
846 3583 1063 3627 aeternae
1088 3586 1152 3627 ac
1179 3571 1395 3640 divinze,
1426 3580 1481 3626 et
1511 3586 1697 3627 eorum
1744 3587 1862 3641 qua:
1893 3571 1985 3627 fa-

387 3672 472 3718 cta
503 3671 628 3717 sunt
669 3676 884 3717 causam
916 3662 1243 3725 arbitrantes
1284 3676 1428 3727 esse,
1460 3671 1515 3717 et
1546 3671 1656 3718 tres
1695 3662 1984 3717 adoramus

390 3767 673 3825 personas,
712 3753 868 3807 unius
896 3767 990 3808 eas
1036 3752 1284 3809 essentia
1313 3752 1596 3808 credentes
1626 3767 1813 3807 revera
1844 3752 1983 3807 divi-

391 3859 494 3901 nae.
527 3842 811 3913 Quomodo
842 3845 1020 3912 itaque
1060 3844 1315 3912 possibile
1362 3854 1446 3899 est
1492 3854 1737 3915 quartam
1790 3860 1986 3913 perso-

392 3950 513 3995 nam
544 3950 708 4013 super
741 3937 837 3990 has
864 3935 1067 3990 addere
1097 3937 1242 3989 illam
1275 3952 1395 4005 qua:
1426 3946 1707 4003 assumpta
1731 3945 1816 3990 est
1842 3938 1986 3991 Servi

388 4027 655 4081 formam?
689 4041 848 4097 quam
903 4040 1079 4096 neque
1108 4026 1352 4101 ejusdem
1393 4027 1708 4087 substantia:
1752 4027 1984 4081 arbitra-

390 4134 512 4180 mur
541 4132 683 4188 esse,
715 4120 801 4175 cui
833 4132 1007 4195 neque
1048 4128 1271 4188 prepter
1314 4133 1374 4172 se
1404 4118 1583 4174 cultus
1612 4119 1859 4188 debetur,
1894 4134 1987 4176 ne-

390 4228 497 4281 que
536 4223 756 4283 prepter
809 4213 1080 4289 propriam
1128 4211 1423 4275 essentiam
1471 4212 1670 4269 debere
1714 4213 1988 4279 smcipere

388 4304 761 4360 adorationem
813 4306 1178 4383 agnoscimus,
1212 4320 1385 4383 neque
1427 4306 1597 4375 ipsam
1648 4305 1817 4360 solam
1848 4304 1988 4373 apud

390 4411 450 4460 se
479 4397 653 4453 divise
684 4398 737 4451 in
769 4399 982 4469 propria
1012 4413 1242 4469 persona
1287 4398 1599 4468 adoramus,
1633 4398 1789 4453 siculi
1817 4398 1984 4453 dividi

389 4505 510 4545 eam
543 4499 754 4560 putant.
788 4510 807 4543 ι
844 4492 1221 4563 Nunquidnam
1268 4500 1389 4561 post
1437 4492 1630 4548 horum
1663 4506 1991 4551 commemo-

2086 3292 2189 3347 tias
2216 3301 2261 3348 ⁸.
2295 3292 2466 3367 Quem
2496 3308 2618 3351 cum
2663 3293 2903 3365 indigne,
2946 3295 3093 3352 velut
3123 3312 3218 3366 pro
3244 3296 3462 3352 Judaica
3490 3299 3672 3365 impie-

2085 3392 2216 3453 tate,
2251 3384 2644 3453 damnaverint,
2673 3385 2913 3442 dicentes
2940 3387 3083 3458 quod
3111 3402 3218 3443 non
3246 3388 3415 3444 Deum
3439 3388 3678 3445 credide-

2087 3482 2161 3536 rit
2189 3478 2460 3535 Christum
2491 3479 2542 3550 ιι,
2576 3496 2764 3537 rursus
2792 3496 2861 3538 es
2908 3481 3135 3542 adverso
3163 3484 3324 3538 etiam
3358 3482 3680 3539 Manichzeo-

2086 3588 2205 3628 rum
2249 3572 2297 3627 ei
2329 3573 2533 3629 crimen
2562 3572 2883 3646 impingunt,
2915 3590 3050 3645 quos
3094 3575 3344 3633 novimus
3378 3575 3540 3630 Vetus
3574 3592 3680 3629 non

2087 3665 2333 3734 accipere
2349 3663 2775 3722 Testamentum.
2805 3666 2937 3721 Nam
2967 3666 3139 3723 Judaei
3167 3682 3381 3738 quoque
3408 3665 3681 3723 Christum

2090 3772 2184 3828 per
2214 3758 2505 3828 pr0phetas
2544 3759 2919 3816 annuntiatum
2952 3774 3075 3816 esse
3104 3774 3211 3818 non
3240 3759 3509 3834 denegant
3536 3776 3552 3815 :
3584 3758 3682 3812 sed

2089 3849 2264 3904 adhuc
2302 3866 2424 3905 eum
2452 3858 2738 3906 venturum
2781 3858 3126 3921 exspectant,
3158 3866 3317 3921 quem
3341 3851 3553 3906 venisse
3584 3865 3683 3903 nos

2087 3942 2381 3997 credimus.
2404 3941 2502 3997 Cui
2527 3957 2657 3997 vero
2677 3944 2750 3999 sit
2770 3943 2851 3998 vel
2875 3957 3061 4012 parum
3087 3941 3403 4011 intelligenti
3426 3940 3683 3996 credibile

2090 4043 2150 4088 ut
2179 4034 2393 4089 dicatur
2417 4034 2705 4105 episcopus
2735 4034 2787 4089 in
2815 4033 3055 4089 Ecclesia
3098 4033 3363 4088 catholica
3389 4030 3685 4087 credidisse

2089 4142 2153 4183 ac
2188 4126 2436 4182 docuisse
2465 4127 2605 4197 quod
2649 4125 2787 4182 nihil
2830 4125 3314 4198 prtenuntiaveriut
3359 4123 3429 4178 de
3471 4121 3685 4176 Christo

2091 4223 2401 4291 prophetae,
2434 4230 2489 4276 et
2532 4220 2584 4276 in
2612 4221 2729 4293 ejus
2756 4220 3135 4277 communione
3166 4217 3467 4279 mansisse?
3500 4216 3688 4286 Neque

2091 4313 2257 4385 enim,
2286 4314 2427 4369 sicut
2456 4316 2746 4369 multorum
2766 4312 3178 4381 haereticorum,
3210 4312 3452 4367 occultus
3484 4310 3570 4365 hic
3597 4325 3686 4365 er-

2090 4426 2180 4466 ror
2206 4418 2309 4473 est,
2340 4418 2432 4464 aut
2459 4409 2636 4479 aliqua
2666 4407 3134 4463 verisimilitudine
3157 4405 3450 4469 coloratus,
3484 4412 3541 4458 ut
3579 4416 3687 4458 non

2094 4502 2269 4572 primo
2297 4501 2575 4571 religiosas
2600 4514 2759 4554 aures
2787 4498 3026 4554 oll‘endat
3052 4497 3271 4564 auditu,
3311 4512 3434 4552 cum
3467 4495 3686 4561 dicitur,

391 4589 655 4650 rationem
684 4590 890 4657 jactare
919 4589 1140 4663 debent,
1166 4607 1195 4644 a
1223 4590 1512 4645 Theodoro
1541 4591 1841 4662 symbolum
1866 4606 1988 4646 esse
2018 4594 2069 4654 D
2097 4593 2227 4647 nihil
2272 4591 2340 4646 de
2368 4591 2584 4646 Christo
2614 4591 2967 4661 prophetasse
3001 4590 3316 4660 prophetas.
3348 4588 3461 4643 [loc
3489 4588 3691 4658 quippe

392 4682 679 4737 roniictuut
720 4683 772 4735 in
804 4696 913 4752 quo
944 4690 1186 4751 negatam
1216 4693 1464 4735 asserunt
1488 4682 1847 4737 Trinitatem?
1880 4683 1986 4737 Aut

392 4777 474 4836 vel
510 4792 607 4831 nos
641 4776 888 4831 dubitare
916 4776 1178 4839 debemus
1207 4777 1412 4843 sanctis
1453 4774 1705 4839 Patribus
1739 4777 1983 4843 credere,

392 4871 533 4945 qqu
571 4869 780 4923 alienus
808 4868 967 4932 fuerit
991 4883 1020 4922 a
1048 4882 1208 4929 sensu
1238 4867 1509 4923 Nestorii?
1533 4867 1664 4922 Nam
1696 4868 1748 4927 in
1785 4868 1884 4924 hoc
1908 4880 1987 4924 te-

391 4962 645 5021 stimonio
678 4978 782 5015 non
816 4964 988 5018 solum
1022 4970 1131 5020 tres
1153 4977 1412 5031 personas
1436 4971 1491 5017 et
1517 4962 1832 5019 Trinitatem
1857 4977 1985 5016 con-

393 5055 599 5121 ﬁtetur,
650 5053 886 5124 Patrem,
940 5064 995 5109 et
1027 5054 1243 5122 Filium,
1292 5060 1348 5109 et
1394 5054 1654 5123 Spiritutn
1699 5064 1982 5117 sanctum;

392 5148 486 5208 sed
517 5150 677 5202 etiam
711 5157 869 5221 negat
890 5164 1013 5204 esse
1045 5146 1301 5219 possibile
1343 5148 1487 5202 velut
1517 5156 1761 5216 quartam
1797 5161 1985 5214 perso-

393 5253 518 5299 nam
548 5254 709 5316 super
740 5224 834 5293 has
867 5240 1067 5303 addere
1092 5239 1239 5293 illam
1273 5254 1391 5317 quze
1428 5247 1703 5306 assumpta
1733 5246 1816 5301 est
1845 5239 1989 5303 servi

394 5333 615 5395 formam
643 5351 657 5389 :
684 5350 842 5406 quam
883 5334 961 5389 sic
990 5342 1178 5392 contra
1208 5332 1552 5403 Apolinarem
1589 5342 1643 5387 et
1691 5332 1987 5403 Eutychem

465 5521 491 5559 ³
531 5514 610 5574 Ad
656 5515 758 5571 hoc
789 5524 955 5585 caput
1009 5519 1280 5584 pertinent
1308 5530 1424 5585 qua:
1471 5512 1522 5567 in
1554 5512 1743 5567 eadem
1772 5512 1985 5567 actione

393 5587 583 5656 synodi
611 5585 873 5640 habentur
904 5604 1049 5640 num.
1074 5588 1144 5644 20
1174 5600 1225 5642 et
1253 5585 1622 5656 sequentibus.

466 5652 495 5693 ³
534 5656 590 5709 lu
623 5656 798 5711 edicto
827 5657 1130 5722 Justiniaui,
1164 5674 1310 5711 num.
1332 5650 1396 5711 Ἠ
1430 5674 1441 5709 ;
1476 5654 1603 5711 Οὐδέ
1633 5659 1731 5733 γὰρ
1762 5650 1884 5709 εἶναι
1904 5655 1986 5709 τὸν

469 5816 485 5851 ⁸
511 5814 645 5870 Cod.
679 5814 899 5879 Verum,
924 5815 1117 5868 itidem.

469 5888 655 5949 gIdem
684 5887 829 5963 cod.,
858 5885 1049 5943 itidem.

2094 4695 2179 4740 est
2221 4698 2486 4737 evacuare
2532 4696 2723 4736 omnes
2766 4681 2820 4735 in
2867 4679 3085 4735 Christo
3135 4678 3303 4733 factas
3349 4677 3688 4747 prephetias,

2094 4775 2237 4845 quod
2262 4774 2496 4843 jactatur
2522 4774 2712 4827 iecisse
2740 4771 3081 4827 Theodorus.
3111 4768 3365 4837 Quamvis
3390 4771 3567 4839 itaque
3591 4783 3688 4823 sua

2096 4876 2288 4936 sponte
2327 4866 2467 4935 quod
2501 4864 2587 4918 hic
2614 4863 2682 4919 de
2714 4863 2806 4918 illo
2829 4862 3119 4917 conﬁctum
3153 4872 3236 4917 est
3264 4860 3581 4917 incredibile
3612 4859 3693 4914 vi-

2096 4960 2306 5025 deatur,
2351 4967 2527 5013 tamen
2558 4966 2615 5012 et
2658 4956 2760 5011 hoc
2787 4956 3083 5011 secundum
3128 4955 3274 5024 ipsos
3316 4964 3501 5009 contra
3545 4953 3690 5009 beati

2098 5048 2283 5121 Cyrilli
2314 5050 2635 5104 sententiam
2657 5047 2870 5103 dicitur.
2900 5050 3031 5102 Nam
3056 5048 3097 5100 si
3123 5062 3310 5101 omnes
3333 5046 3383 5101 in
3415 5046 3688 5102 Christum

2100 5144 2267 5198 factas
2316 5140 2625 5211 prophetias
2676 5139 2992 5194 Theodorus
3040 5138 3365 5209 amputavit,
3402 5153 3509 5193 non
3542 5147 3693 5193 recte

2097 5234 2404 5305 evangelica
2427 5232 2623 5304 scripta
2656 5231 3037 5301 interpretatus
3062 5241 3176 5297 est,
3208 5231 3259 5284 in
3288 5229 3487 5300 quibus
3519 5227 3692 5283 Lucas

2100 5327 2383 5390 Dominum
2413 5326 2615 5380 d.xisse
2639 5330 3030 5378 commemorat
3056 5338 3069 5375 :
3105 5319 3232 5376 ιιωε
3255 5329 3374 5374 sunt
3401 5320 3551 5374 verba
3575 5335 3693 5390 qua:

2094 5513 2273 5637 Epist;
2302 5510 2447 5577 eeo'v.
2494 5509 2609 5566 Nec
2655 5509 2790 5571 enim
2844 5509 2966 5573 dicit
3019 5507 3316 5573 Theodorus
3369 5506 3537 5571 Deum
3585 5524 3691 5563 esse

2154 5594 2374 5637 trtstum.

2154 5594 2374 5638 trtstum.

2171 5809 2187 5838 '
2232 5808 2371 5868 idem
2404 5806 2552 5872 cod.,
2577 5804 2898 5876 pertulerint,
