4114 6484
223 366 323 424 8ϋὶ

1070 364 1204 421 PRO
1244 359 1671 421 DEFENSIONE
1720 357 1940 415 TRIUM
1978 357 2296 416 CAPITUL.
2337 358 2466 415 LIB.
2496 359 2582 414 lll.

3377 362 3484 417 60?.

222 485 425 539 locutus
451 497 563 538 sunt
590 481 660 535 ad
701 496 813 549 vos,
844 496 959 536 cum
986 480 1160 537 adhuc
1183 498 1338 538 essem
1368 482 1621 536 vobiscum
1644 494 1663 535 :
1689 494 1812 548 quo-
1844 477 1890 538 A
1920 477 1973 531 in
2002 485 2235 550 utroque
2264 477 2580 533 Theodorus
2624 484 2680 533 et
2725 490 2830 532 non
2878 477 3103 534 alterum
3123 520 3139 545 ,
3178 492 3301 535 esse
3346 475 3505 530 docet

222 578 363 632 niam
386 591 586 629 necesse
605 585 675 629 est
696 573 897 647 impleri
922 576 1094 628 omnia
1120 591 1232 646 qut:
1254 576 1444 645 scripta
1465 584 1584 629 sunt
1609 576 1661 628 in
1685 574 1812 627 libro

226 667 419 739 Moysi,
444 678 490 722 et
515 665 809 735 PrOpItetis,
836 675 883 719 et
909 664 1137 721 Psalmis
1158 668 1221 720 de
1242 683 1321 725 me
1345 665 1498 737 (Luc.
1522 681 1670 731 xxiv,
1695 665 1809 733 Η).

226 761 334 818 Sed
360 775 533 831 neque
558 760 874 830 Apostolum
900 772 1047 817 recte
1066 764 1337 833 exposuit,
1360 778 1392 833 q
1407 761 1450 818 .ti
1478 762 1532 817 in
1552 762 1815 832 Epistola-

225 868 342 908 rum
385 866 603 908 suarum
647 852 911 923 principio
952 852 1083 908 dicit
1122 871 1137 907 :
1183 853 1382 909 Paulus
1423 870 1595 908 servus
1624 854 1814 909 Clu-isti

222 946 373 1015 Iesu,
404 955 608 1002 vocatus
623 947 906 1017 apostolus,
935 957 1230 1018 segregatus
1251 949 1305 1002 in
1333 947 1667 1021 Evangch'um
1696 947 1811 1015 Dei,

222 1040 361 1109 quod
388 1050 505 1095 ante
527 1041 830 1108 promiserat
859 1056 952 1109 per
971 1041 1242 1112 prapltetas
1265 1056 1383 1095 suos
1400 1083 1413 1107 ,
1441 1041 1495 1094 in
1525 1041 1814 1110 Scripturis

220 1131 413 1185 sanctis
440 1131 504 1183 de
535 1129 673 1185 Filio
699 1146 827 1196 suo,
866 1147 953 1201 qut
980 1132 1147 1201 factus
1171 1142 1242 1185 est
1266 1133 1311 1185 ei
1336 1146 1401 1186 ea:
1437 1132 1626 1186 semine
1650 1132 1813 1185 David

222 1221 499 1275 secundum
523 1236 730 1275 carnem
752 1219 932 1291 (Rom.
953 1236 993 1286 I,
1020 1221 1105 1292 l);
1140 1230 1195 1277 et
1219 1222 1323 1275 alia
1350 1231 1600 1277 sexcenta
1630 1222 1815 1287 hujus-

222 1312 406 1381 modi,
455 1312 651 1382 quibus
700 1312 857 1382 plena
900 1321 1027 1367 sunt
1069 1311 1374 1381 evangelica
1420 1320 1477 1368 et
1518 1314 1815 1382 apostolica

220 1406 443 1474 scripta.
475 1402 612 1472 Quid
654 1412 835 1458 autem
882 1402 1023 1459 idem
1060 1403 1376 1459 Theodorus
1421 1404 1475 1459 in
1506 1414 1812 1460 commento

221 1494 480 1566 Epistolas
503 1495 566 1551 ad
592 1495 862 1549 Romanos
886 1495 1198 1564 praedictum
1221 1496 1511 1566 capitulum
1535 1510 1813 1565 exponens

221 1586 443 1656 dixerit,
474 1586 815 1641 attendamus
844 1605 856 1641 :
894 1606 911 1639 ι
945 1588 1009 1642 Et
1039 1588 1290 1657 quoniam
1320 1601 1515 1641 novum
1547 1587 1811 1656 quoiam-

221 1678 383 1733 modo
402 1692 527 1733 esse
546 1677 824 1733 videbatur
843 1678 986 1748 quod
1003 1678 1071 1733 ab
1089 1678 1170 1733 eis
1187 1678 1252 1734 de
1271 1677 1487 1733 Christo
1508 1678 1809 1745 dicebatur,

220 1767 487 1841 adjungit,
519 1770 656 1841 quod
684 1779 803 1824 ante
829 1771 1129 1841 promiserat
1160 1787 1249 1840 per
1274 1770 1548 1841 prophetas
1575 1786 1717 1836 suos,
1744 1786 1809 1824 ex

1919 568 2110 622 Fi'ium
2140 569 2256 625 Dei.
2287 568 2400 623 Non
2426 569 2585 639 igitur
2608 569 2834 623 alterum
2861 582 2983 624 esse
3011 582 3236 637 persona
3266 568 3348 621 vel
3378 569 3505 621 sub-

1914 659 2181 730 sistentia,
2210 661 2348 715 sicut
2368 661 2677 728 Nestorius,
2708 661 2931 717 credidit
2960 661 3255 715 secundum
3284 674 3500 714 carnem

1915 769 1981 810 ex
2011 757 2218 811 semine
2247 755 2413 809 David
2442 756 2641 813 factum
2662 798 2678 825 ,
2722 765 2780 812 et
2806 758 3031 812 alterum
3075 756 3369 811 secundum
3394 754 3500 807 dei-

1918 855 2077 899 tatem
2112 846 2301 901 Filintn
2335 847 2457 914 Dei,
2490 848 2581 918 qui
2626 859 2678 903 et
2719 847 3010 905 secundum
3041 861 3289 913 carnem,
3335 854 3390 901 ct
3419 861 3498 901 se-

1915 940 2151 995 cundum
2180 941 2465 1007 deitatem,
2514 942 2762 996 eumdem
2804 941 2997 997 Filiqu
3029 940 3159 995 dicit
3189 940 3500 1010 Apostolum

1916 1035 2253 1103 cognovisse.
2281 1035 2433 1092 Unde
2460 1045 2678 1093 secutus
2698 1037 2929 1105 adjecit:
2959 1038 3083 1092 Duze
3105 1037 3249 1093 enim
3275 1048 3500 1103 naturae,

1915 1142 2082 1182 unum
2115 1137 2293 1182 autem
2336 1129 2589 1197 quiddam
2637 1130 2972 1185 connexione
3019 1129 3403 1201 intelliguntur.
3442 1131 3504 1185 Et

1917 1220 2163 1289 quamvis
2191 1220 2359 1274 altera
2401 1221 2471 1274 sit
2510 1221 2779 1289 hominis,
2831 1221 3000 1276 altera
3037 1237 3168 1275 vero
3216 1221 3308 1277 Dei
3347 1222 3505 1276 Verbi

1918 1321 2137 1379 natura,
2164 1322 2494 1369 concurrunt
2538 1324 2714 1369 tamen
2757 1315 2809 1368 in
2842 1329 3007 1369 unum
3051 1315 3254 1384 ambas,
3285 1326 3505 1386 propter

1916 1403 2335 1472 assumptionem
2365 1414 2420 1459 et
2468 1413 2686 1474 prapter
2728 1407 3106 1461 adunationem
3144 1423 3263 1476 qua:
3308 1423 3373 1462 et
3420 1422 3508 1460 as-

1916 1496 2223 1565 sumptione
2251 1494 2391 1551 facta
2421 1509 2519 1552 est.
2559 1498 2777 1553 Fatetur
2805 1508 3007 1565 autem,
3038 1499 3331 1554 secundum
3364 1500 3506 1567 Apo-

1914 1585 2146 1652 stolum,
2179 1588 2320 1657 quod
2359 1598 2485 1643 ante
2528 1587 2668 1642 Deus
2717 1606 2811 1658 per
2860 1591 3150 1661 prephetas
3199 1592 3506 1661 promiserit

1915 1672 2210 1744 Chrismm,
2238 1686 2292 1732 et
2319 1678 2441 1748 quia
2470 1678 2538 1732 de
2571 1678 2706 1733 Filio
2733 1671 2850 1751 ejus
2874 1683 3147 1752 propheta:
3171 1682 3335 1737 locuti
3358 1691 3505 1738 sunt.

1916 1768 2033 1824 Non
2063 1785 2194 1841 ergo
2226 1782 2453 1828 evacuat
2495 1774 2599 1829 iste
2626 1788 2815 1829 omnes
2842 1772 3011 1831 factas
3056 1778 3111 1831 in
3141 1775 3358 1831 Christo
3385 1791 3507 1845 pro-

222 1861 504 1931 prophetia
548 1862 735 1917 volens
774 1862 1036 1918 doctrinae
1084 1863 1453 1945 antiquitatem
1488 1863 1808 1917 .ostendere.
1845 1851 1887 1908 Β
1918 1861 2149 1930 phetias.
2202 1863 2344 1917 Sane
2373 1868 2494 1934 quia
2524 1880 2708 1919 verum
2737 1876 2821 1919 est
2861 1866 3260 1935 impugnatores
3306 1874 3508 1921 sanctae

224 1951 376 2010 Unde
400 1963 455 2010 et
479 1954 827 2023 magniﬁcans
877 1953 1213 2025 prophetiam
1232 1996 1248 2021 ,
1298 1955 1436 2011 bene
1463 1954 1728 2026 adjunxit,
1757 1954 1814 2007 in

220 2044 506 2116 Scripturis
530 2047 738 2101 sanctis.
770 2046 955 2117 Neque
976 2048 1119 2102 enim
1145 2048 1397 2114 litteram,
1424 2050 1507 2104 vel
1537 2047 1814 2104 characte-

222 2151 338 2192 rem
368 2147 612 2194 sanctum
644 2138 859 2193 volebat
885 2139 1093 2208 dicere;
1126 2141 1221 2197 sed
1251 2141 1586 2211 prophetiam
1618 2140 1810 2209 ipsam,

219 2243 344 2298 qua:
382 2237 503 2284 erat
537 2229 741 2299 Spiritu
784 2240 970 2287 sancto
1012 2233 1396 2288 revelationem
1423 2234 1505 2287 eis
1552 2233 1811 2289 donante.

220 2320 397 2390 Ipsam
438 2336 567 2392 ergo
594 2322 929 2392 prophetiam
961 2331 1110 2379 recte
1136 2325 1217 2379 sic
1256 2323 1568 2393 appellavit.
1599 2323 1690 2379 Sic
1713 2324 1730 2357 ι
1760 2331 1816 2376 et.

219 2413 345 2470 alibi
370 2413 505 2469 dixit
532 2431 544 2467 :
581 2414 762 2469 Omnis
790 2414 1065 2485 Scriptura
1091 2415 1335 2469 divinitus
1375 2414 1634 2485 inspirata
1672 2415 1815 2468 utilis

220 2514 292 2557 rst
324 2502 413 2574 (Il
442 2503 575 2558 Tim.
614 2505 717 2575 tu).
759 2503 897 2571 Quid
948 2505 1130 2574 itaque
1172 2505 1291 2560 istm
1319 2505 1547 2560 dicunt?
1572 2506 1635 2560 de
1671 2502 1815 2558 Filio

220 2599 356 2667 ejus.
389 2596 455 2651 Et
480 2597 734 2666 quoniam
762 2610 1050 2653 commune
1092 2607 1177 2652 est
1215 2596 1306 2651 ﬁlii
1336 2610 1570 2660 nomen,
1600 2606 1653 2649 et
1691 2610 1813 2650 cum

220 2690 292 2744 de
314 2688 594 2744 divinitate
619 2688 841 2759 dicitur,
871 2688 1033 2745 etiam
1059 2687 1124 2743 de
1152 2687 1485 2743 humanitate
1510 2686 1771 2756 accipitur
1796 2703 1813 2742 :

221 2779 562 2836 manifestius
594 2782 808 2851 aperire
833 2781 1020 2839 volens
1046 2781 1193 2836 unde
1218 2781 1267 2836 ei
1298 2796 1440 2835 nunc
1468 2780 1652 2836 dicere
1691 2796 1816 2851 pro-

221 2872 456 2942 positum
487 2872 592 2937 sit,
621 2872 704 2927 vel
731 2872 884 2942 cujus
928 2872 1005 2928 rei
1034 2872 1206 2942 gratia
1252 2870 1634 2942 pr0phetarum
1666 2871 1817 2927 testi-

221 2964 460 3021 monium
489 2964 771 3035 adiunxit:
804 2961 906 3028 Qui
947 2964 1112 3033 [actus
1154 2972 1228 3017 est
1255 2964 1300 3016 ei
1325 2978 1388 3017 ea:
1419 2964 1607 3017 semine
1646 2961 1817 3016 Dauid

223 3041 500 3112 secundum
530 3073 752 3122 carnem,
781 3066 966 3125 aperte
991 3055 1205 3125 quidem
1242 3055 1535 3110 ostendens
1561 3055 1814 3127 quoniam

223 3150 294 3204 de
322 3160 598 3219 assumpto
640 3150 855 3206 homine
896 3165 1202 3205 setmouem
1232 3149 1464 3217 inducit;
1495 3160 1673 3205 tamen
1718 3164 1816 3205 nec

1916 1954 2106 2024 synodi
2135 1955 2205 2009 ob
2232 1955 2335 2011 hoc
2363 1956 2433 2012 de
2462 1957 2552 2011 illo
2581 1958 2679 2012 ista
2706 1956 2941 2027 jactare,
2974 1959 3115 2030 quod
3161 1963 3214 2014 in
3247 1961 3510 2029 interpre-

1918 2059 1967 2102 ta
1997 2048 2120 2104 ione
2151 2049 2480 2104 Psalmornm
2506 2052 2750 2121 quaedam
2779 2053 3054 2108 moraliter
3085 2054 3401 2121 exposuisse
3430 2054 3511 2107 di-

1917 2154 2091 2213 catur,
2123 2160 2242 2216 quae
2270 2147 2324 2201 in
2351 2145 2621 2201 Christum
2653 2148 2824 2219 magis
2863 2147 3004 2203 dicta
3034 2147 3234 2202 debent
3262 2147 3510 2219 intelligi,

1917 2247 1977 2292 ut
2024 2253 2127 2292 non
2178 2238 2528 2295 discutiamus
2572 2239 2842 2308 quomodo
2880 2239 2985 2309 ipsi
3013 2254 3073 2295 ea
3106 2240 3416 2308 posuerint,
3459 2248 3513 2295 et

1918 2330 2190 2399 quomodo
2215 2331 2285 2383 ab
2313 2330 2405 2385 illo
2433 2340 2560 2386 sunt
2589 2329 2611 2362 ⁸
2642 2332 2848 2399 posita;
2878 2346 3052 2401 neque
3073 2331 3183 2401 jam
3223 2331 3513 2399 probemus

1917 2420 2060 2489 quod
2095 2422 2191 2476 ista
2222 2436 2310 2476 res
2338 2420 2651 2476 barreticum
2692 2437 2799 2475 non
2840 2420 3031 2488 faciat,
3072 2436 3193 2477 cum
3225 2437 3371 2490 saepe
3401 2422 3513 2476 Iau-

1917 2511 2096 2567 dabile
2119 2511 2412 2581 judicetur,
2452 2511 2498 2565 si
2527 2512 2687 2567 etiam
2720 2510 2995 2567 moraliter
3024 2519 3362 2579 exponantur
3391 2527 3512 2578 qua:

1919 2604 2238 2675 prophetico
2266 2603 2407 2658 dicta
2435 2613 2560 2659 sunt
2589 2619 2605 2658 :
2638 2602 2721 2657 his
2759 2604 3045 2659 terminum
3075 2604 3513 2659 contentionibus

1921 2697 2048 2750 dant
2074 2712 2193 2766 quae
2220 2696 2240 2728 '
2272 2696 2412 2750 idem
2458 2694 2774 2750 Theodorus
2815 2694 2867 2759 in
2896 2694 3035 2751 libro
3072 2694 3141 2749 de
3178 2694 3432 2762 allegoria
3459 2701 3514 2746 et

1921 2785 2144 2841 historia
2196 2801 2355 2855 quem
2408 2795 2591 2840 contra
2641 2785 2926 2855 Origenem
2975 2784 3189 2853 scripsit
3236 2783 3411 2853 (unde
3461 2790 3514 2836 ct

1925 2879 2104 2934 odium
2147 2876 2594 2947 Origenianorum
2624 2872 2870 2946 incurrit)
2898 2874 3028 2929 dicit
3065 2873 3131 2928 ad
3162 2872 3461 2928 Cerdonem
3496 2891 3510 2927 :

1928 2988 1948 3021 ι
1986 2969 2100 3038 Ego
2121 2967 2338 3037 quidem
2360 3006 2375 3032 ,
2404 2965 2545 3035 quod
2577 2974 2758 3020 nostra
2783 2966 2863 3020 sic
2890 2965 3075 3020 laudes
3096 3008 3109 3033 ,
3149 2978 3253 3017 non
3281 2962 3368 3016 alii
3398 2963 3512 3017 cui-

1919 3062 2064 3130 piam
2091 3058 2320 3129 imputo,
2350 3062 2509 3130 quam
2533 3058 2782 3112 amicitiasI
2813 3072 2970 3125 quam
3012 3056 3151 3110 circa
3183 3070 3283 3110 nos
3314 3054 3511 3121 habes,

1920 3169 2080 3225 quam
2112 3153 2274 3209 etiam
2304 3153 2355 3207 in
2380 3151 2561 3206 multis
2586 3160 2649 3206 et'
2670 3150 2878 3221 magnis
2908 3149 3070 3203 rebus
3094 3163 3310 3218 semper
3332 3157 3516 3203 osten-

221 3241 521 3298 diviuitatis
565 3243 819 3299 indicium
858 3258 964 3297 non
1006 3242 1360 3312 signiﬁcatum
1393 3242 1627 3312 reliquit.
1662 3241 1719 3296 lu
1748 3256 1814 3296 eo
1840 3228 1887 3293 C
1920 3245 2083 3312 dixti;
2126 3254 2181 3300 et
2217 3244 2450 3299 maxime
2475 3244 2727 3313 quoniam
2756 3242 2777 3272 ⁶
2807 3257 2870 3296 ea
2912 3255 3033 3309 qua:
3068 3239 3263 3310 scripta
3296 3250 3423 3296 sunt
3461 3240 3517 3294 in

222 3337 370 3393 enim
408 3337 552 3406 quod
600 3336 838 3403 addidit,
883 3337 1159 3392 secundum
1204 3352 1437 3404 carnem,
1485 3334 1818 3391 sufﬁcienter

219 3430 460 3486 ostendit
487 3431 613 3501 quia
637 3440 688 3485 rt
719 3430 875 3485 aliter
905 3431 1001 3485 lilii
1030 3428 1473 3500 signiﬁcationem
1501 3431 1652 3483 novit
1671 3430 1818 3482 acci-

224 3535 384 3591 pere,
413 3520 676 3590 siquidem
724 3522 1017 3577 secundum
1059 3520 1162 3575 hoc
1199 3521 1306 3575 scit
1342 3533 1464 3575 eum
1507 3533 1572 3575 es
1616 3518 1819 3573 semine

227 3613 395 3669 David
424 3613 645 3679 factum,
681 3623 928 3685 tanquam
958 3612 1251 3669 secundum
1284 3611 1428 3668 aliud
1459 3627 1564 3665 non
1593 3611 1665 3665 ita
1694 3625 1817 3665 eum

224 3719 580 3776 cognoscens.
602 3706 730 3761 Dum
753 3706 895 3761 cnim
920 3715 1144 3773 natur-rc,
1170 3721 1335 3760 unutn
1357 3714 1535 3759 autem
1564 3702 1817 3774 quiddatn

224 3797 560 3852 comtexione
591 3797 899 3867 intelligunt
928 3800 971 3852 ³.
999 3798 1181 3852 Altera
1207 3797 1421 3866 quidem
1448 3803 1534 3851 est
1558 3795 1816 3862 assumpti

226 3888 484 3953 hominis,
513 3889 680 3946 altera
704 3904 832 3945 vero
856 3888 950 3944 Dei
978 3888 1159 3944 Verbi.
1189 3889 1528 3944 Concurrunt
1556 3895 1736 3941 autem
1764 3886 1817 3939 in

225 3995 391 4038 unum
420 3980 593 4035 amba:
622 3989 842 4049 propter
870 3981 1327 4049 assumptionem,
1361 3988 1417 4034 et
1444 3988 1658 4049 propter
1686 3977 1820 4031 adu-

225 4074 522 4140 nationem,
552 4088 671 4142 quae
701 4087 764 4128 ex
797 4073 1164 4141 assumptione
1191 4071 1329 4127 facta
1379 4080 1495 4136 est,
1546 4086 1703 4141 quam
1750 4070 1818 4125 ad

226 4167 396 4221 Deum
428 4164 449 4197 ³
501 4164 663 4221 habet
700 4165 842 4221 servi
890 4164 1080 4220 forma.
1116 4184 1134 4217 ›
1186 4165 1324 4220 Ecce
1366 4164 1718 4227 Theodorus,
1765 4170 1821 4217 tt

226 4257 523 4327 prophetas
547 4257 617 4312 de
645 4256 873 4312 Domino
901 4257 1121 4311 Christo
1153 4256 1391 4321 locutos,
1425 4266 1477 4311 et
1505 4256 1678 4325 ipsum
1712 4255 1820 4308 Do-

225 4350 432 4403 minum
478 4348 752 4403 Christum
783 4347 1057 4403 hominem
1090 4349 1375 4403 conﬁtetur
1404 4357 1460 4404 et
1492 4348 1660 4403 Deum
1687 4366 1701 4406 :
1727 4347 1819 4418 qui

226 4442 307 4494 sic
335 4438 652 4508 Apostolum
689 4438 819 4493 dicit
847 4438 1106 4494 doctrinae
1150 4453 1260 4493 sua:
1303 4439 1673 4508 antiquitatem
1718 4455 1820 4509 per

225 4530 560 4600 prOphetiam
612 4529 667 4584 in
695 4528 912 4584 Christo
959 4525 1154 4583 factam
1201 4528 1520 4599 ostendere,
1571 4537 1627 4583 ut
1655 4531 1816 4584 etiam

224 4622 370 4677 dicat
395 4626 539 4692 quod
567 4622 656 4676 ﬁlii
696 4638 925 4688 nomen,
955 4638 1074 4678 cum
1104 4622 1171 4678 de
1191 4622 1477 4677 divinitate
1501 4622 1718 4689 dicitur,
1750 4622 1817 4678 de

225 4713 560 4769 humanitate
603 4728 817 4784 quoque
859 4706 1183 4783 accipiatur;
1213 4722 1267 4768 et
1306 4712 1427 4782 quia
1466 4727 1589 4766 cum
1631 4712 1700 4768 de
1725 4726 1816 4767 as-

224 4814 440 4874 sumpto
479 4804 697 4859 homine
744 4820 1051 4859 sermonem
1109 4804 1347 4873 inducit,
1394 4818 1493 4858 nec
1523 4804 1819 4859 divinitatis

226 4897 487 4954 indicium
511 4912 619 4952 non
658 4896 1013 4968 signiﬁcatum
1046 4896 1292 4963 reliquit;
1323 4896 1572 4966 quodque
1598 4905 1679 4951 est
1707 4896 1819 4951 evi-

224 4990 465 5053 deutius,
490 4999 546 5043 et
571 4990 712 5059 quod
740 4989 884 5043 nulla
910 4999 1091 5058 posset
1131 4989 1183 5042 in
1212 4988 1422 5042 devium
1455 5002 1672 5043 sensum
1704 5003 1820 5041 ma-

226 5084 368 5154 ligna
411 5082 857 5151 interpretatione
886 5081 1158 5146 converti,
1190 5080 1320 5136 dicit
1347 5081 1487 5151 quod
1532 5081 1820 5151 Apostolus

224 5177 420 5232 Filium
450 5175 545 5231 Dei
594 5177 889 5231 secundum
933 5190 1148 5229 carnem
1181 5175 1394 5243 quidem
1424 5174 1558 5229 sciat
1599 5190 1723 5229 eum
1752 5189 1817 5229 ex

224 5270 437 5325 semine
465 5268 628 5324 David
656 5267 890 5334 factum,
922 5277 1171 5339 tanquam
1200 5268 1493 5324 secundum
1523 5268 1665 5322 aliud
1712 5285 1817 5324 non

225 5364 298 5417 ita
325 5377 450 5418 eum
499 5376 867 5432 cognoscens,
919 5362 970 5416 id
1019 5370 1138 5427 est,
1186 5361 1480 5416 secundum
1537 5359 1815 5416 deitatem.

226 5452 482 5522 Quamvis
511 5450 690 5525 itaque
717 5453 1009 5510 secundum
1042 5451 1185 5507 aliud
1214 5461 1267 5509 et
1291 5450 1456 5519 aliud,
1485 5468 1607 5509 emn
1632 5461 1817 5509 tamen

302 5660 320 5693 ⁸
360 5658 474 5714 Cod
508 5661 735 5721 Veram,
763 5660 916 5714 sicut.

302 5730 324 5801 ἢ
365 5731 509 5785 ldum
533 5733 680 5795 cod.,
712 5730 1082 5801 intelliguntur.

304 5800 325 5830 ³
368 5801 509 5855 Idem
540 5801 684 5864 cod.,
713 5800 887 5855 Deam
914 5800 1145 5858 Veritum.

305 5872 325 5905 θ
367 5872 511 5932 Idem
535 5872 681 5941 cod.,
712 5874 832 5931 situ.

1922 3338 2166 3395 Psalmos
2225 3337 2482 3404 miraris,
2545 3352 2663 3407 quae
2729 3336 2893 3391 etiam
2963 3335 3135 3402 prima
3195 3343 3515 3390 cancrorum

1920 3430 2160 3487 omnium
2187 3426 2520 3499 scripsimus.
2559 3426 2673 3482 Non
2705 3436 2884 3481 autem
2913 3435 3169 3496 quantam
3196 3431 3518 3494 oportuerat

1922 3522 2209 3579 habuimus
2233 3521 2380 3575 circa
2424 3520 2580 3574 istam
2630 3534 2743 3574 rem
2792 3519 3157 3588 diligentiam;
3200 3517 3514 3586 passieuim

1920 3630 2109 3672 sumus
2132 3626 2468 3685 quaecunque
2493 3611 2834 3681 incipientes,
2863 3620 2920 3666 ut
2942 3611 3142 3676 evenit,
3172 3610 3224 3662 in
3251 3610 3515 3678 imperitia

1923 3708 2195 3766 scribendi
2224 3704 2523 3764 constituti.
2557 3703 2831 3773 Siquidem
2864 3713 2917 3757 et
2949 3702 3143 3756 multas
3190 3702 3518 3756 immutatio-

1922 3818 2022 3861 nes
2050 3805 2142 3858 illo
2170 3811 2412 3871 tempore
2451 3814 2572 3867 quas
2602 3805 2785 3852 nostra
2826 3803 2953 3849 sunt
2981 3805 3350 3862 susceperunt,
3384 3807 3517 3863 quas

1924 3913 2032 3953 non
2062 3906 2143 3951 est
2174 3891 2455 3964 przesentis
2498 3889 2753 3959 temporis
2782 3901 3070 3952 enarrare;
3110 3900 3177 3939 ex
3208 3900 3311 3954 qua
3357 3899 3516 3938 causa

1923 3988 2092 4057 magis
2120 3985 2453 4055 negligenter
2475 3997 2505 4037 a
2532 3980 2686 4036 nobis
2714 3977 3008 4048 composita
3039 3984 3164 4031 sunt
3191 3976 3438 4046 plurima,
3462 3985 3518 4029 et

1922 4078 2159 4134 maxime
2186 4076 2277 4130 illa
2318 4089 2436 4146 quae
2486 4073 2658 4143 prima
2703 4080 2850 4127 sunt.
2884 4089 2902 4122 ι
2939 4068 3081 4124 Ecce
3110 4068 3191 4122 vel
3224 4069 3267 4122 si
3301 4068 3516 4121 lucreti-

1922 4182 2047 4221 cum
2077 4165 2319 4221 facerent
2361 4178 2422 4218 ea
2466 4177 2586 4233 quas
2616 4162 2671 4215 in
2712 4162 2803 4216 illo
2834 4158 3292 4230 reprehenderunt
3338 4159 3519 4211 inter-

1925 4266 2168 4330 pretante
2198 4256 2516 4311 Psalterium
2536 4296 2549 4317 ,
2586 4255 2702 4323 ipse
2730 4260 2903 4307 semet
2945 4259 3241 4305 retractans
3270 4248 3514 4305 eamdem

1925 4348 2422 4419 interpretationem
2452 4361 2602 4399 suam
2633 4344 2920 4413 displicere
2944 4342 3046 4397 sibi
3072 4342 3288 4408 fatetur,
3307 4350 3360 4397 et
3386 4340 3519 4395 levia

1924 4442 2241 4499 conﬁdentis
2268 4438 2649 4496 adolescentiae
2678 4438 2820 4493 dicta
2862 4436 3169 4491 maturioris
3197 4439 3367 4489 mtatis
3396 4451 3522 4505 gra-

1926 4536 2089 4589 vitate
2136 4532 2380 4601 castigat.
2413 4529 2579 4599 Magis
2610 4530 2772 4599 igitur
2814 4529 2976 4583 etiam
3012 4527 3067 4582 in
3116 4528 3217 4582 hoc
3248 4528 3365 4597 ipso
3399 4542 3517 4594 [ποι

1847 4605 1900 4666 D
1925 4626 2165 4691 handus,
2200 4638 2299 4679 nec
2328 4630 2533 4678 tantum
2567 4620 2854 4690 vituperari
2898 4635 2994 4690 pro
3025 4634 3232 4687 errore,
3263 4627 3521 4688 quantum

1926 4719 2089 4774 debet
2129 4732 2224 4786 pro
2256 4714 2594 4770 correctione
2621 4713 2863 4782 laudari,
2907 4714 3089 4767 divina
3132 4711 3404 4780 Scriptura
3436 4710 3521 4762 di-

1926 4823 2116 4869 cente:
2149 4810 2252 4877 Qui
2281 4809 2492 4870 labitur,
2525 4809 2614 4862 sed
2641 4822 2742 4861 non
2771 4820 2836 4859 ea:
2863 4805 3071 4869 animo;
3114 4812 3162 4855 et
3198 4802 3309 4870 quis
3339 4800 3522 4867 estqui

1926 4923 2030 4960 non
2080 4903 2301 4975 peccarit
2348 4904 2403 4956 in
2452 4901 2631 4971 lingua
2661 4900 2794 4955 sua?
2826 4898 2892 4952 Et
2938 4898 3024 4951 hic
3074 4897 3252 4965 itaque
3300 4910 3405 4948 non
3455 4910 3521 4949 cx

1927 4996 2109 5051 animo
2139 5010 2198 5051 se
2228 4994 2436 5065 lapsum
2469 5003 2762 5062 Spontanea
2795 4990 2875 5044 sui
2919 4987 3335 5058 reprehensione
3365 5001 3521 5037 mun-

1924 5086 2133 5150 stravit,
2158 5091 2212 5139 et
2233 5086 2374 5155 quod
2397 5092 2481 5139 est
2504 5082 2756 5151 amplius,
2785 5081 2836 5134 in
2864 5094 3031 5151 Opere
3059 5081 3110 5133 in
3134 5093 3240 5147 quo
3263 5077 3329 5130 ab
3350 5076 3524 5130 amico

1924 5178 2170 5233 laudatus
2210 5189 2316 5233 est.
2373 5177 2585 5232 Utinam
2635 5175 2778 5229 hunc
2811 5173 3010 5227 imitari
3042 5171 3126 5226 vel
3173 5172 3240 5224 ab
3270 5170 3387 5223 aliis
3436 5184 3522 5223 te-

1926 5268 2178 5340 prehensi
2218 5268 2526 5337 dignentur,
2571 5266 2661 5336 qui
2704 5266 2937 5322 scientes
2964 5280 3027 5319 ac
3056 5264 3300 5318 volentes
3335 5261 3523 5316 chcle-

1921 5360 2057 5414 siam
2093 5358 2470 5428 prodiderunt!
2509 5358 2575 5412 Et
2612 5357 2729 5413 haec
2774 5356 2992 5428 quidem
3021 5355 3294 5411 Theodori
3328 5371 3524 5425 purga-

1924 5453 2055 5509 tioni
2086 5453 2382 5508 sufficiunt.
2429 5450 2537 5508 Sed
2587 5450 2710 5519 isti,
2761 5450 2851 5521 qui
2907 5448 3103 5504 haeresi
3160 5450 3449 5519 deputant,
3478 5447 3527 5503 si

1995 5656 2019 5691 ⁸
2058 5656 2199 5711 Idem
2231 5654 2380 5723 cod.,
2412 5655 2544 5709 hunc
2576 5657 2846 5711 terminum
2877 5656 3281 5713 contentionibus
3322 5657 3530 5723 damus,

1928 5727 2223 5801 quodidem
2238 5772 2253 5796 ,
2283 5736 2386 5782 etc.

2003 5800 2024 5831 ⁶
2066 5799 2211 5855 Idem
2239 5802 2382 5865 cod.,
2415 5800 2640 5869 quando.
