4114 6502
585 362 687 420 603

1650 343 1936 405 FACUNDI
1967 338 2176 399 EPISC.
2212 336 2708 396 llERlilANENSIS

3781 333 3890 390 604

590 475 834 547 quadam
865 470 1178 544 prophetiee
1207 468 1261 522 in
1288 464 1564 522 Christum
1594 461 1734 518 dicta
1765 459 1926 516 etiam
1956 454 2177 512 moraii-
2211 452 2265 514 Α
2290 449 2518 547 tiﬁciose
2545 449 2710 520 magis
2753 463 2911 520 quam
2956 446 3674 547 verat-itep-aliqt‘tuties-ad
3717 449 3894 547 matri-

591 587 673 628 ter
719 577 1073 640 exportantur,
1123 563 1366 636 cOgitare
1404 560 1605 616 debent
1651 553 1923 627 quomodo
1965 551 2180 606 beatum

588 665 849 738 Cyrillum
875 661 1081 732 possint
1103 655 1420 714 defendere.
1446 653 1505 707 in
1531 651 1623 706 illo
1653 649 1798 704 enim
1825 659 2012 715 opere,
2042 640 2183 738 quod

585 735 712 812 cum
738 753 1019 823 scripsisse
1042 751 1229 808 dicunt
1249 749 1304 804 in
1329 744 1804 816 reprehensionem
1828 735 2185 809 quorumdam

587 850 854 904 dictorum
886 843 1105 900 Diodori
1144 849 1304 910 atque
1333 834 1626 900 Theodori,
1657 832 1765 887 tale
1795 827 1998 900 aliquid
2030 826 2184 881 inve-

591 943 755 1007 nitur,
788 949 847 994 ut
875 942 921 993 si
941 937 1119 992 adhuc
1145 934 1214 990 ab
1245 935 1362 1002 ipso
1387 929 1744 998 compositum
1773 925 1980 988 dicant,
2014 923 2179 976 turre-

593 1035 758 1089 ticum
778 1047 900 1088 eum
924 1029 1090 1085 luisse
1109 1028 1448 1083 conﬁrment.
1470 1023 1712 1090 Namque
1733 1025 1922 1074 auctor
1942 1012 2184 1084 ejusdem

591 1128 773 1196 operis
802 1131 997 1181 tractat
1021 1121 1091 1176 ibi
1117 1117 1432 1188 capitulum,
1461 1116 1514 1168 in
1542 1126 1651 1180 quo
1679 1109 1745 1166 ad
1775 1108 2032 1164 Hebrtcos
2056 1101 2187 1158 dicit

592 1220 882 1290 Apostolus
905 1234 923 1273 :
955 1215 1078 1271 Non
1103 1214 1240 1269 enim
1265 1211 1457 1282 angelis
1483 1205 1696 1278 subjecit
1725 1204 1894 1258 urbem
1919 1212 2064 1254 terra
2097 1201 2186 1268 {u-

593 1321 791 1378 turum,
813 1314 876 1362 de
895 1323 995 1374 quo
1016 1305 1290 1376 loquimur.
1318 1300 1554 1356 Testatus
1579 1307 1650 1351 est
1681 1307 1852 1349 autem
1879 1293 1932 1346 iu
1963 1290 2188 1358 quodam

592 1404 704 1457 loco
749 1402 864 1472 quis
908 1401 1080 1452 dicens
1137 1395 1339 1466 (Hebr.
1371 1409 1440 1458 Il,
1471 1392 1528 1458 5,
1558 1389 1623 1461 9)
1659 1405 1674 1442 :
1711 1387 1850 1454 Quid
1894 1395 1966 1439 est
2008 1383 2187 1449 homo,

593 1493 730 1563 quod
769 1508 959 1547 memor
986 1507 1044 1544 es
1068 1492 1206 1562 ejus,
1236 1497 1331 1541 aut
1353 1486 1490 1555 [ilius
1516 1481 1760 1545 hominis,
1791 1477 2035 1549 quoniam
2065 1475 2190 1529 risi-

595 1597 674 1638 tas
699 1585 856 1639 euut?
881 1582 938 1637 Μ
945 1583 1118 1637 inuisti
1138 1571 1253 1634 eum
1284 1579 1438 1648 paulo
1471 1576 1640 1629 minus
1668 1573 1732 1628 ab
1760 1569 1956 1642 angelis
1978 1607 1992 1634 ,
2024 1568 2189 1637 gloria

595 1687 640 1730 et
674 1676 866 1730 honors
885 1673 1142 1728 coronasti
1163 1687 1300 1735 eum,
1323 1677 1369 1723 et
1389 1665 1698 1722 constituisti
1723 1679 1838 1718 eum
1858 1675 2012 1727 super
2032 1675 2190 1731 opera

596 1782 843 1822 manuum
884 1774 1088 1819 tuarum
1125 1780 1144 1818 :
1177 1762 1349 1816 omnia
1385 1757 1647 1830 subjeciin
1689 1755 1780 1812 sub
1811 1751 2034 1823 pedibus
2066 1751 2190 1821 eius

2276 543 2590 603 testandum
2617 549 3010 598 sacramentum
3040 541 3157 611 ejus
3187 539 3405 595 induci?
3441 540 3603 607 Quasi
3635 549 3787 594 tanta
3817 543 3892 595 sit

2287 633 2578 702 Scriptura:
2626 634 2826 688 divinat
2867 633 3128 704 penuria,
3159 632 3248 687 vel
3291 639 3436 686 tanta
3476 629 3643 688 fuerit
3674 633 3890 702 ignavia

2286 729 2456 797 ipsius
2485 729 2636 784 Pauli
2657 729 2885 800 apostoli
2911 730 2977 784 ad
3011 728 3462 785 manifestandum
3482 741 3889 786 sacramentum

2285 821 2518 890 Christi,
2571 830 2629 878 ut
2658 823 2762 878 lalc
2808 823 3178 879 testimonium
3226 825 3504 880 invenisse
3532 837 3642 880 non
3674 833 3886 895 posset,

2287 913 2430 983 quod
2459 913 2530 969 de
2556 913 2672 983 ipso
2693 928 2824 970 vere
2847 915 2917 969 sit
2943 915 3224 984 scriptum,
3253 926 3308 970 ct
3333 914 3486 984 cuius
3508 930 3614 971 non
3646 916 3891 987 aliquam

2287 1012 2496 1074 partem
2525 1005 2802 1060 minimam
2824 1046 2840 1071 ,
2887 1006 3174 1076 aliquoties
3223 1007 3552 1073 artiﬁciose,
3582 1009 3700 1064 sine
3741 1011 3894 1079 peri-

2287 1098 2429 1162 culo,
2457 1097 2911 1166 quemadmodum
2951 1098 3119 1164 dicit,
3149 1098 3244 1168 sed
3271 1101 3542 1178 integrum
3576 1111 3741 1172 atque
3771 1105 3890 1157 sin-

2289 1201 2497 1257 cerum,
2526 1187 2666 1244 sicut
2692 1188 2944 1251 habetur,
2977 1189 3296 1258 simpliciter
3325 1207 3385 1247 ae
3413 1206 3603 1247 secure
3629 1193 3695 1246 ad
3721 1205 3892 1248 suum

2289 1281 2496 1338 referre
2523 1283 2858 1355 propositum
2881 1293 3085 1352 posset.
3111 1284 3243 1338 Cum
3264 1299 3392 1340 vero
3414 1286 3559 1341 dicat
3580 1287 3719 1340 idem
3744 1289 3894 1355 Apo-

2289 1375 2460 1429 stolus
2491 1390 2506 1428 :
2539 1376 2620 1428 An
2652 1375 3058 1442 erperimenlum
3087 1376 3316 1444 qmitis
3339 1379 3452 1447 ejus
3479 1377 3569 1447 qui
3597 1378 3656 1431 in
3683 1393 3765 1432 me
3808 1380 3894 1433 lo-

2289 1468 2468 1538 quitur
2497 1466 2730 1522 Christus
2780 1466 2867 1536 (Il
2898 1467 3020 1522 Cor.
3050 1484 3176 1535 xm,
3211 1468 3305 1540 '5)?
3350 1470 3398 1525 si
3438 1486 3546 1524 non
3593 1472 3892 1528 artiﬁciose

2293 1559 2470 1629 potius
2514 1573 2676 1629 quam
2708 1561 2972 1617 veraciter
3011 1561 3182 1630 dixit,
3225 1563 3563 1632 omnipotens
3603 1564 3890 1633 Christus,

2293 1650 2386 1721 qui
2411 1651 2574 1706 etiam
2606 1662 2789 1706 nostra
2813 1659 2900 1708 est
2925 1655 3160 1720 veritas,
3194 1654 3494 1711 afﬁrmatur
3521 1657 3667 1727 quod
3699 1667 3759 1714 ut
3802 1673 3891 1714 sa-

2293 1752 2630 1799 cramentum
2667 1758 2822 1800 suum
2851 1744 3251 1813 maniis-staret,
3285 1747 3338 1801 in
3365 1762 3459 1802 sua
3488 1748 3768 1818 Scriptura
3802 1766 3896 1805 ve-

596 1857 771 1926 (Psal.
803 1871 916 1921 vut,
947 1857 1026 1924 5).
1060 1853 1130 1907 In
1153 1869 1210 1908 eo
1236 1853 1372 1906 enim
1397 1826 1534 1921 quod
1557 1849 1727 1902 omnia
1758 1848 1774 1878 ¹
1798 1846 2034 1918 subjecit,
2057 1843 2188 1897 nihii
2217 1826 2263 1887 Β
2295 1849 2416 1926 I‘llltl
2451 1835 2818 1892 lcSIimonium
2847 1837 3088 1892 invenire
3111 1853 3218 1892 non
3243 1839 3440 1908 ροιυίι.
3466 1838 3699 1895 Videant
3727 1843 3894 1913 igitur

597 1950 790 2003 dimisit
821 1965 925 2001 non
943 1947 1228 2017 subjectum
1250 1946 1314 1999 ei.
1342 1943 1507 1997 Nunc
1524 1949 1693 1995 autem
1719 1939 1934 1993 necdum
1962 1937 2192 1992 videmus

601 2041 773 2094 omnia
800 2041 1027 2111 subjecta
1053 2039 1121 2093 ei.
1153 2037 1290 2090 Eum
1309 2025 1397 2106 qui
1427 2034 1626 2087 modico
1653 2048 1808 2099 quam
1835 2029 2004 2094 angeli
2029 2029 2194 2084 mino-

599 2141 740 2184 ratus
791 2139 900 2198 est,
943 2130 1169 2184 videmus
1207 2125 1389 2180 Iesum
1437 2134 1646 2198 propter
1689 2125 1976 2194 passionem
2014 2120 2192 2174 mortis

605 2219 770 2290 gloria
795 2229 844 2274 et
871 2221 1062 2274 honore
1091 2227 1415 2282 coronatum,
1444 2227 1500 2270 ut
1520 2215 1689 2288 gratia
1715 2215 1814 2270 Dei
1840 2231 1935 2286 pro
1958 2212 2192 2268 omnibus

602 2322 826 2383 gustaret
856 2321 1090 2366 mortem.
1122 2312 1380 2366 Tractans
1404 2324 1532 2378 ergo
1563 2308 1848 2363 memorati
1891 2308 2076 2378 operis
2098 2321 2196 2362 au-

600 2420 720 2460 ctor
746 2407 846 2460 hoc
878 2405 1271 2469 testimonium,
1302 2418 1366 2458 ea
1397 2418 1516 2471 quae
1557 2401 1847 2470 Apostolus
1871 2399 2192 2470 prophetam

601 2497 671 2550 de
713 2496 924 2551 Christo
968 2495 1284 2564 praedixisse
1329 2503 1576 2559 testatur,
1622 2491 1691 2548 de
1740 2491 1860 2546 aliis
1905 2487 2198 2546 afﬁrmavit

602 2590 804 2660 Scripta
833 2603 953 2645 esse
979 2589 1224 2658 personis
1259 2606 1272 2642 :
1319 2588 1416 2642 sed
1443 2587 1511 2639 ab
1537 2585 1723 2640 eodem
1754 2584 1998 2654 apostolo
2027 2583 2198 2638 artiﬁ-

601 2683 748 2737 ciose
801 2683 868 2736 ad
924 2679 1370 2738 manifestandum
1444 2677 1643 2734 Cinisti
1697 2676 2018 2746 mysterium
2073 2687 2198 2730 esse

603 2775 880 2829 translata.
928 2776 1016 2828 Ait
1056 2775 1198 2829 enim
1229 2790 1243 2826 :
1282 2791 1302 2824 ι
1333 2771 1530 2826 Paulus
1571 2778 1750 2824 autem
1780 2766 1938 2822 valde
1983 2765 2197 2836 sapiens

600 2865 816 2930 artifex,
848 2865 912 2920 ad
944 2863 1390 2920 introducendum
1415 2861 1599 2916 divina
1621 2859 1898 2930 mysteria,
1921 2858 2085 2914 etiam
2106 2859 2195 2918 illa

601 2972 724 3026 qua:
751 2957 822 3014 de
849 2955 1114 3026 aliquibus
1137 2955 1261 3010 aliis
1285 2953 1428 3008 dicta
1459 2961 1582 3006 sunt
1611 2952 1665 3006 in
1681 2949 1965 3020 Scriptura
1989 2949 2192 3019 divina,

603 3050 890 3118 aliquoties
933 3048 1000 3104 ad
1045 3043 1493 3102 manifestandum
1531 3042 1732 3098 Christi
1773 3051 2192 3110 sacramentum,

607 3142 829 3197 inducit.
860 3140 1240 3196 Verumtamen
1265 3152 1374 3193 non
1399 3151 1461 3192 ea
1483 3144 1699 3206 separat
1723 3133 1791 3190 ab
1812 3134 1919 3190 illis
1944 3133 2191 3205 personis

605 3234 662 3289 in
691 3247 826 3303 quas
855 3232 996 3286 dicta
1021 3245 1143 3287 esse
1171 3229 1567 3301 cognoscimus,
1595 3226 1690 3284 sed
1721 3240 1896 3298 neque
1921 3226 2102 3280 omnia
2130 3225 2195 3281 il-

609 3327 782 3380 lorum
825 3323 893 3379 ad
919 3323 1190 3379 Christum
1217 3321 1441 3391 redigit;
1482 3335 1666 3376 verum
1709 3318 1942 3390 aliquam
1989 3325 2196 3389 partem

611 3420 887 3476 minimam
928 3417 1211 3487 aliquoties
1251 3416 1508 3488 suscipit,
1546 3427 1705 3485 quam
1737 3414 1850 3483 ipse
1881 3402 2051 3483 pessit
2079 3411 2199 3467 sine

611 3513 722 3570 ullo
751 3511 984 3580 periculo
1003 3509 1290 3565 artiﬁciose
1311 3509 1376 3564 ad
1397 3523 1551 3563 suum
1575 3504 1778 3564 referre
1801 3506 2156 3576 propositum.
2171 3521 2192 3557 ι

613 3605 740 3660 llaec
764 3613 941 3660 utrum
971 3603 1109 3659 beati
1135 3601 1324 3682 Cyrilli
1350 3617 1420 3657 an
1443 3600 1666 3656 alterius
1693 3613 1816 3656 esse
1843 3599 2034 3665 velint,
2053 3597 2199 3668 ipso—

611 3713 730 3752 rum
757 3697 978 3754 arbitrio
1023 3683 1385 3766 permittimus
1409 3693 1736 3763 eligendum.
1780 3691 1915 3748 Nam
1961 3693 2008 3748 si
2053 3691 2197 3750 beati

607 3789 791 3861 Cyrilli
839 3797 998 3853 sunt,
1044 3796 1105 3844 et
1142 3787 1190 3841 si
1235 3787 1328 3858 qui
1368 3785 1682 3857 prophetica
1718 3784 1860 3841 dicta
1909 3785 2200 3842 moraliter

611 3897 828 3952 quoque
870 3879 1208 3949 tractaverit,
1242 3879 1530 3935 haereticus
1574 3885 1656 3933 est
1683 3877 1973 3944 dicendus;
2025 3876 2197 3935 multo

612 3974 780 4041 magis
800 3969 976 4049 ipstnn
1003 3970 1313 4025 ltaaretieum
1340 3969 1506 4024 fuisse
1545 3977 1882 4033 asseverant,
1913 3967 2004 4038 qui
2033 3983 2198 4038 supeo

610 4064 723 4118 rius
752 4068 1047 4116 memorata
1075 4070 1260 4115 contra
1291 4057 1651 4114 testimonium
1681 4058 1920 4128 Apostoli
1945 4074 2050 4114 non
2073 4074 2198 4128 pro-

610 4154 824 4223 phetiae
847 4152 914 4207 de
940 4151 1144 4206 Christi
1181 4157 1540 4214 sacramento,
1567 4149 1663 4205 sed
1690 4151 1758 4206 de
1785 4151 2054 4220 aliquibus
2078 4150 2202 4208 aliis

608 4245 857 4314 personis
879 4245 1020 4302 diota
1047 4258 1170 4300 esse
1195 4240 1497 4299 conﬁrmat.
1527 4241 1584 4297 Si
1615 4256 1745 4298 vero
1770 4245 1939 4314 magis
1970 4243 2073 4299 hoc
2099 4243 2202 4299 eli-

605 4345 802 4410 gerent
831 4335 1046 4401 dicere,
1076 4333 1221 4405 quod
1248 4333 1378 4390 illud
1417 4350 1553 4404 opus
1582 4349 1688 4390 non
1720 4335 1860 4390 beati
1888 4335 2072 4405 Cyrilli
2105 4336 2194 4402 sit,

611 4428 1089 4497 praesumptionem
1137 4441 1326 4494 suam,
1374 4443 1477 4498 qua
1529 4427 1871 4482 Theodorum
1912 4443 2033 4483 cum
2081 4428 2204 4484 suis

2294 1925 2422 1995 quid
2451 1925 2711 1982 adversus
2751 1927 2850 1982 ista
2902 1929 3298 1998 respondeant,
3339 1929 3430 1999 qui
3457 1930 3810 1987 Theodorum
3843 1934 3894 1987 in

2297 2017 2754 2077 Chalcedonensis
2784 2020 2998 2076 concilii
3041 2021 3410 2092 prazjudicium
3440 2023 3892 2091 condemnantes,

2295 2118 2350 2164 ut
2379 2119 2851 2185 sctnetexcusent,
2878 2112 3139 2183 objiciunt
3162 2114 3264 2168 hoc
3292 2113 3418 2170 ideo
3434 2127 3494 2170 se
3517 2113 3733 2180 fecisse,
3763 2130 3896 2185 quo-

2296 2200 2442 2256 niam
2469 2203 2524 2256 in
2535 2183 2644 2258 illo
2664 2218 2829 2274 opere
2852 2205 3040 2260 beatus
3065 2205 3298 2277 Cyr-illus
3326 2205 3440 2276 ejus
3461 2206 3608 2262 dicta
3630 2183 3892 2279 culpavit.

2295 2290 2429 2347 Nam
2472 2308 2575 2348 nec
2605 2292 2808 2350 Judaeis
2857 2295 3134 2364 quomodo
3165 2296 3526 2365 persuadeant
3568 2297 3804 2363 habent,
3852 2301 3897 2356 si

2297 2385 2510 2442 dicatur
2535 2388 2629 2443 ille
2655 2387 2736 2443 vir
2765 2390 2820 2444 in
2849 2405 2956 2460 quo
2981 2388 3232 2445 Christus
3259 2391 3577 2461 loquebatur
3617 2389 3814 2447 falsum
3845 2401 3896 2449 et

2295 2477 2365 2536 de
2401 2479 2526 2538 aliis
2552 2483 2795 2552 personis
2824 2481 3026 2538 dictum
3054 2482 3420 2539 testimonium
3445 2485 3511 2539 ad
3541 2482 3896 2540 manifestam

2296 2573 2426 2629 dum
2464 2587 2859 2631 sacramentum
2887 2575 3244 2632 artiﬁcialiter
3283 2575 3578 2632 induxisse.
3609 2575 3896 2633 Postremo

2297 2681 2398 2723 nec
2430 2667 2562 2738 ipsis
2600 2668 2883 2724 catholicis
2907 2670 3048 2724 seire
3083 2669 3450 2738 qumrentibus
3475 2684 3575 2723 cur
3599 2669 3898 2739 Apostolus

2297 2770 2418 2827 qua:
2448 2757 2516 2813 de
2544 2757 2664 2813 aliis
2685 2757 2826 2814 dicta
2852 2768 2980 2813 sunt
3008 2757 3074 2813 ad
3104 2757 3554 2814 maniiestandum
3580 2758 3783 2814 Christi
3814 2776 3898 2814 sa-

2297 2859 2634 2906 cramentum
2675 2851 2950 2908 induxerit
2977 2850 3290 2908 satisfacere
3318 2860 3565 2922 possunt,
3613 2860 3672 2907 et
3713 2852 3898 2909 dicere

2297 2943 2442 3014 quod
2488 2943 2664 3014 aliqua
2694 2945 2892 3000 saltem
2932 2945 3037 3001 hoc
3065 2945 3178 3001 ﬁeri
3212 2945 3417 3000 utilitas
3463 2945 3739 3012 invitavit;
3774 2947 3897 3016 quia

2299 3049 2461 3105 super
2508 3035 2651 3108 quod
2698 3052 2730 3092 a
2781 3047 2982 3093 nostra:
3033 3037 3157 3093 ﬁdei
3205 3039 3432 3093 veritate
3481 3037 3640 3108 longe
3687 3047 3805 3105 est,
3853 3039 3898 3094 si

2297 3126 2606 3185 Christiana
2629 3129 2833 3186 utilitas
2855 3145 3016 3187 verax
3045 3146 3153 3187 non
3179 3144 3302 3187 esse
3329 3131 3560 3200 dicatur,
3591 3133 3756 3186 etiam
3782 3135 3901 3191 stne

2226 3192 2271 3252 ο
2299 3218 2702 3290 sdjudicatione
2727 3220 2870 3278 beati
2898 3221 3092 3293 Cyrilli
3120 3238 3225 3279 non
3253 3224 3474 3280 dicitur.
3515 3192 3652 3281 nam
3680 3226 3725 3282 si
3757 3227 3900 3284 utili-

2299 3321 2381 3370 ter
2427 3313 2558 3370 illud
2612 3314 2985 3386 propheticum
3033 3318 3100 3373 de
3143 3318 3367 3375 Christo
3419 3318 3588 3377 fuisse
3636 3325 3899 3392 scriptum

2298 3409 2591 3480 Apostolus
2616 3409 2771 3478 dixit,
2806 3412 2968 3467 noxie
2995 3421 3181 3468 contra
3211 3413 3412 3469 dictum
3436 3424 3517 3470 est
3546 3431 3577 3471 a
3610 3415 3772 3473 beato
3799 3417 3901 3488 Cy-

2299 3499 2440 3568 rillo,
2471 3500 2617 3571 quod
2639 3500 2707 3558 de
2732 3500 2948 3559 Christo
2972 3493 3240 3573 scriptum
3284 3519 3390 3561 non
3423 3505 3616 3575 fuerit;
3647 3523 3749 3564 nec
3781 3520 3900 3579 pro-

2298 3593 2428 3650 dere
2469 3594 2658 3650 debuit
2693 3595 2836 3665 quod
2864 3595 3066 3652 Paulus
3107 3598 3277 3652 voluit
3303 3611 3426 3656 esse
3453 3598 3707 3657 celatum.
3760 3602 3900 3657 Prte-

2298 3686 2486 3742 sertim
2533 3688 2662 3758 quia
2713 3688 2946 3744 inaniter
2993 3687 3100 3745 hoc
3151 3689 3385 3748 suadere
3441 3693 3755 3762 qua‘rcbat,
3812 3695 3900 3764 qui

2299 3778 2501 3835 docens
2541 3794 2612 3836 ne
2651 3779 2787 3837 ﬁdes
2833 3779 3127 3839 haberetur
3171 3782 3470 3854 Apostolo,
3516 3784 3689 3840 multo
3730 3787 3902 3859 magis

2298 3872 2530 3929 docebat
2554 3873 2654 3930 sibi
2703 3890 2816 3930 non
2860 3889 2981 3932 esse
3017 3875 3368 3933 credendum.
3415 3877 3678 3934 Noverint
3723 3890 3902 3937 autem

2297 3961 2386 4019 isti
2413 3965 2555 4034 quod
2578 3978 2916 4036 consequens
2944 3981 3050 4022 non
3081 3968 3149 4023 sit
3173 3977 3232 4023 ut
3259 3981 3483 4024 evacuet
3503 3984 3695 4025 omnes
3720 3969 3892 4027 factas

2300 4059 2353 4112 in
2383 4056 2653 4113 Christum
2685 4059 2996 4128 prophetiae
3016 4097 3032 4128 ,
3063 4061 3158 4132 qui
3207 4060 3384 4130 aliqua
3422 4061 3646 4131 mystice
3693 4061 3747 4116 in
3780 4075 3903 4119 eum

2299 4149 2440 4205 dicta
2464 4149 2737 4206 moraliter
2759 4165 2975 4223 quoque
2995 4162 3143 4208 recte
3171 4153 3500 4209 tractaverit.
3526 4153 3662 4209 Nam
3686 4155 3904 4211 audiant

2299 4241 2620 4310 Apostolum
2671 4243 3002 4299 scribentem
3071 4243 3326 4314 Ephesiis
3372 4254 3532 4315 atque
3581 4245 3855 4301 dicentem
3885 4265 3902 4300 :

2301 4317 2526 4407 Pi‘Opter
2557 4335 2652 4389 hoc
2698 4321 2950 4406 relinquet
2979 4337 3132 4392 homo
3176 4348 3370 4408 patrem
3414 4346 3460 4393 et
3490 4348 3706 4393 matrem
3735 4355 3902 4405 sum",

2298 4439 2348 4482 et
2376 4427 2659 4483 adhwrebit
2703 4429 2859 4482 uxori
2897 4443 3037 4494 sum,
3083 4436 3134 4484 et
3174 4440 3318 4484 erant
3353 4431 3456 4484 duo
3485 4431 3538 4484 in
3580 4444 3738 4484 carne
3776 4449 3901 4487 una.

610 4518 951 4587 dogmatibus
969 4517 1519 4588 damnaverunt,ejns
1539 4519 1790 4590 exemplo
1811 4533 2068 4576 excusare
2087 4534 2198 4576 non
2231 4590 2256 4591 ί
2311 4518 2614 4590 Hysterium
2673 4519 2772 4575 hoc
2834 4535 3080 4591 magnum
3125 4528 3200 4575 est
3239 4536 3259 4576 :
3302 4535 3392 4591 ego
3457 4533 3626 4576 autem
3681 4523 3804 4577 dico
3853 4525 3908 4578 in

606 4617 858 4679 possunt.
883 4609 1034 4667 Licet
1059 4612 1362 4680 quicunque
1380 4619 1568 4665 auctor
1593 4611 1733 4667 illius
1762 4611 1940 4680 operis
1968 4625 2092 4668 esse
2119 4613 2202 4667 di-
2229 4590 2285 4653 Β
2308 4610 2508 4668 Christo
2559 4621 2609 4666 et
2655 4612 2711 4666 in
2759 4590 2996 4668 Ecclesia
3039 4611 3256 4686 (Ephes.
3299 4590 3353 4679 vi,
3392 4613 3508 4684 3‘1).
3560 4614 3674 4670 Hoc
3720 4624 3904 4670 autent

602 4713 787 4771 catur,
819 4702 952 4758 nihil
989 4704 1118 4760 huic
1146 4703 1343 4773 poterit
1369 4716 1556 4759 eorum
1584 4701 1884 4760 defensioni
1917 4704 2202 4774 proﬁcere,

610 4793 738 4864 quia
767 4809 866 4849 nec
887 4794 1174 4856 Theodoro
1213 4795 1496 4852 anatbea
1531 4796 1758 4864 dixisse,
1791 4813 1894 4853 nec
1917 4798 2035 4869 ejus
2071 4798 2206 4870 doe-

607 4887 848 4954 inatibus
876 4887 1169 4943 invenitur.
1211 4887 1569 4946 Considerare
1599 4889 1761 4960 igitur
1787 4889 1986 4946 debent
2023 4900 2200 4946 utrum

609 4978 945 5040 afﬁrmantes
986 4978 1116 5034 illud
1147 4993 1283 5049 opus
1322 4993 1351 5034 a
1381 4979 1538 5036 beato
1577 4979 1781 5052 Cyrillo
1808 4980 2065 5050 scriptum
2105 4981 2201 5036 ba-
2231 4999 2239 5018 -ί

611 5066 776 5126 beant
797 5067 939 5138 quod
965 5082 1062 5139 pro
1089 5069 1178 5124 illo
1200 5070 1582 5137 respondeant,
1604 5071 1647 5125 si
1676 5069 1754 5125 eis
1776 5071 1984 5128 dicatur
2012 5089 2025 5125 :
2055 5073 2202 5139 Quo-

612 5162 755 5213 niam
787 5169 1122 5215 mortuorum
1165 5159 1374 5228 iudices
1422 5177 1574 5227 esse,
1607 5170 1661 5215 et
1689 5161 1741 5215 in
1777 5161 2030 5218 licclesite
2071 5179 2204 5233 pace

613 5261 776 5322 atque
826 5251 1031 5307 honore
1083 5249 1363 5307 defunctos
1418 5253 1568 5308 velut
1612 5251 1896 5308 haereticos
1944 5253 2203 5312 damnre

614 5347 968 5414 pra-sumitis,
997 5346 1132 5418 qu‘d
1181 5346 1252 5401 de
1275 5345 1478 5416 Cyrillo
1514 5344 1766 5415 episcopo
1792 5345 2044 5415 judicatis
2064 5389 2078 5414 ,
2112 5349 2203 5418 qui

610 5437 844 5494 dedocet
871 5437 1012 5509 quod
1047 5439 1241 5494 Paulus
1283 5438 1572 5507 Apostolus
1603 5439 1756 5494 docet
1781 5479 1800 5507 ,
1831 5448 1886 5494 et
1914 5441 2109 5496 asserit
2137 5455 2202 5496 ea

610 5544 732 5595 qua:
771 5529 1085 5598 prophetice
1111 5531 1163 5585 in
1190 5528 1465 5585 Christum
1495 5530 1693 5601 scripta
1730 5541 1858 5587 sunt
1885 5533 1955 5588 de
1983 5534 2202 5602 quibus-

611 5619 734 5680 dam
762 5621 878 5676 aliis
899 5621 1041 5676 dicta
1061 5635 1180 5677 esse
1205 5623 1482 5692 personis;
1511 5625 1579 5682 ab
1601 5623 1861 5695 Apostolo
1887 5635 2087 5691 autem,
2116 5639 2202 5683 ar-

692 5859 703 5887 ε
746 5857 877 5912 Cod.
913 5857 1132 5927 Ycrorr,
1165 5862 1209 5914 ei
1235 5867 1419 5918 onmia.

2303 4704 2448 4776 quod
2491 4704 2566 4759 ait
2611 4717 2862 4775 magnum
2910 4717 3031 4761 esse
3077 4705 3435 4776 mysterium,
3489 4706 3658 4761 Erunt
3696 4705 3809 4762 duo
3854 4707 3906 4762 in

2289 4809 2468 4884 ’carne
2511 4809 2615 4850 una
2636 4837 2652 4864 ,
2685 4795 2928 4851 scribens
2954 4795 3251 4852 Corinthiis
3297 4797 3455 4851 aliter
3491 4797 3905 4865 interpretatur,

2287 4897 2371 4942 'ac
2419 4888 2548 4943 dicit
2584 4904 2598 4942 :
2648 4886 2880 4942 Nescitis
2933 4889 3176 4957 quoniam
3216 4895 3434 4960 corpora
3470 4897 3635 4942 vestra
3681 4889 3907 4943 mmora

2309 4977 2502 5034 Christi
2555 4981 2725 5034 sunt?
2774 4979 2985 5034 Totiens
3028 4997 3146 5052 ergo
3208 4980 3434 5034 membra
3484 4979 3676 5034 Christi
3719 4983 3905 5050 {scium

2306 5070 2531 5124 tnembra
2576 5072 2899 5127 meretricis?
2949 5072 3104 5127 absit.
3148 5072 3228 5126 An
3279 5072 3484 5126 nescitis
3522 5071 3765 5140 quoniam
3818 5073 3907 5142 qui

2305 5163 2530 5218 adhmret
2561 5163 2834 5230 meretrici,
2867 5180 3028 5216 unum
3053 5178 3238 5232 corpus
3266 5164 3522 5233 efﬁcitur?
3549 5163 3716 5217 Erunt
3747 5165 3904 5231 enirn,

2306 5255 2491 5323 inquit,
2516 5254 2620 5309 duo
2648 5256 2701 5309 in
2731 5269 2885 5309 carne
2905 5273 3007 5310 una
3032 5255 3086 5327 (1
3117 5257 3238 5311 Cor.
3264 5271 3337 5322 γι,
3371 5255 3455 5321 15,
3483 5255 3592 5328 lli).
3625 5255 3767 5313 Ecce
3791 5273 3904 5312 ma.

2307 5362 2468 5416 gnum
2511 5347 2639 5401 illud
2685 5349 3224 5419 commendatumque
3272 5350 3621 5421 mysterium,
3653 5349 3799 5418 quod
3851 5351 3903 5403 in

2309 5438 2522 5494 Christo
2551 5446 2608 5493 et
2643 5439 2698 5494 in
2727 5439 2965 5494 Ecclesia
3009 5455 3133 5496 esse
3178 5439 3434 5509 insinuat,
3464 5441 3624 5496 etiam
3665 5441 3902 5496 fornica-

2310 5529 2415 5584 tori
2461 5544 2523 5584 ac
2565 5530 2832 5586 meretrici
2863 5529 3058 5587 Paulus
3088 5532 3376 5602 Apostolus
3407 5534 3528 5588 sine
3567 5531 3898 5603 blasphemia

2312 5630 2543 5693 coaptat.
2574 5621 2683 5679 Nec
2714 5623 2914 5680 alicubi
2966 5624 3245 5694 mentitur,
3270 5635 3365 5681 aut
3394 5623 3617 5690 fallitur,
3639 5625 3727 5680 vel
3753 5624 3896 5680 'tah’s
