4114 6550
284 486 391 543 605

1185 482 1316 540 PRO
1357 481 1781 541 DEFENSIONE
1812 480 2029 537 TRIUM
2066 478 2378 536 CAPITUL.
2411 479 2540 536 ΜΒ.
2593 481 2679 536 lll.

3466 480 3570 535 606

285 601 575 659 scribendo
599 598 766 653 factas
792 597 842 652 in
867 596 1138 652 Christum
1166 597 1474 667 prophetias
1492 605 1735 660 evacuat,
1755 608 1878 648 cum
1912 595 1956 652 Α
1985 590 2125 645 beati
2147 588 2329 659 Cyrilli
2374 588 2694 645 sententiam
2747 586 2911 643 fuisse
2967 588 3214 643 damnata
3247 604 3265 646 :
3296 591 3418 659 quia
3444 605 3568 644 cum

285 694 605 762 plerumque
647 704 830 746 sermo
860 686 1110 755 divinus,
1141 700 1198 743 ut
1226 689 1418 745 similis
1445 689 1745 755 margarita:
1777 702 1873 739 un-

284 784 447 854 dique
493 779 862 852 penetrabilis,
891 779 1190 835 reetissimo
1235 788 1438 834 tantum
1481 789 1537 833 et
1580 779 1774 833 librato
1813 790 1875 831 ac

285 871 463 926 medio
510 871 711 941 aperiri
763 868 956 924 debeat
1003 868 1295 924 intellectu.
1322 868 1557 923 Audiam
1602 875 1661 923 et
1700 868 1875 935 ipsum

285 963 555 1018 Christum
599 960 651 1015 in
684 958 974 1029 Evangelia
1005 958 1171 1014 factas
1224 958 1278 1013 in
1326 974 1385 1014 se
1415 958 1724 1028 pr0pbetias
1769 970 1877 1013 non

286 1059 665 1117 evacuantem,
688 1046 974 1104 Pharisaeis
997 1048 1322 1103 tentantihus
1361 1058 1521 1117 atque
1544 1048 1875 1103 dicentibus:

288 1144 428 1200 Licet
481 1143 675 1198 homini
721 1142 974 1197 dimittere
1016 1158 1228 1195 uxorem
1280 1158 1426 1195 suam
1474 1157 1775 1212 quacunque
1815 1157 1880 1195 ex

287 1240 494 1294 causa?
526 1239 702 1293 taliter
730 1234 1076 1306 respondisse
1107 1253 1120 1289 :
1157 1234 1277 1288 Non
1306 1236 1519 1301 legistis,
1543 1237 1660 1304 quia
1690 1235 1779 1304 qui
1806 1234 1879 1304 [eo

287 1334 355 1387 cit
385 1330 447 1386 ab
476 1330 646 1400 initio,
684 1327 971 1384 masculum
992 1338 1036 1381 et
1067 1328 1309 1397 feminam
1333 1328 1450 1395 {erit
1481 1343 1584 1389 eos,
1610 1336 1657 1379 et
1688 1327 1817 1379 dixit
1842 1340 1859 1379 :

293 1423 513 1492 PrOptcr
541 1422 636 1476 hoc
661 1420 879 1475 dimittet
902 1420 1053 1473 homo
1081 1428 1274 1490 patrem
1300 1426 1350 1473 et
1376 1427 1610 1482 matrem,
1636 1430 1681 1472 ct
1708 1418 1884 1472 adita:-

289 1513 419 1569 rebit
442 1512 592 1567 uxori
614 1500 740 1577 ante,
764 1519 808 1564 et
836 1520 984 1564 erunt
1011 1509 1114 1563 duo
1138 1511 1191 1563 in
1215 1525 1369 1563 carne
1394 1509 1535 1563 una?
1564 1506 1750 1578 Itaque
1768 1509 1885 1580 jam

289 1622 391 1663 non
409 1616 527 1661 sunt
547 1609 668 1669 duo,
693 1604 781 1658 sed
804 1620 908 1658 una
936 1620 1074 1656 caro.
1100 1603 1249 1669 Quod
1279 1619 1401 1673 ergo
1430 1601 1567 1657 Deus
1591 1600 1883 1664 coniunxit,

291 1699 442 1752 homo
462 1712 563 1751 non
589 1706 788 1767 separet
832 1694 1051 1765 (Matth.
1073 1710 1183 1761 xu,
1213 1693 1266 1760 5,
1300 1693 1375 1765 6).
1409 1694 1737 1763 Atqneillud
1772 1708 1884 1747 ma-

290 1805 453 1861 gnum
483 1800 535 1844 et
559 1788 829 1859 singulare
858 1787 1194 1858 mysterium,
1220 1785 1361 1856 quod
1393 1787 1442 1838 in
1478 1788 1593 1853 ipso
1622 1795 1673 1838 et
1699 1785 1751 1838 in
1786 1786 1887 1840 Ec—

296 1885 462 1940 clesia
494 1899 659 1937 verax
691 1883 809 1952 ejus
837 1884 970 1938 dixit
999 1880 1311 1952 Apostolus,
1336 1879 1448 1946 ipse
1478 1878 1565 1945 qui
1594 1885 1771 1931 nostra
1804 1885 1888 1930 cst

1980 696 2084 735 non
2113 689 2198 735 est
2228 681 2278 733 in
2308 688 2560 748 promptu
2601 693 2831 749 persona
2860 694 2979 746 qua:
3018 679 3190 747 culpa
3216 688 3569 747 supponatur.

1979 773 2331 842 capitulorum
2360 771 2671 841 redargutio
2698 770 2965 827 invenitur
3011 770 3237 825 incerta.
3273 770 3465 825 Verum
3515 779 3572 823 et

1982 867 2087 922 hoc
2115 865 2393 920 attendere
2440 866 2612 933 pietas
2655 874 2833 920 vestra
2862 863 3135 933 dignetur,
3159 863 3284 933 quia
3318 878 3423 918 non
3450 864 3576 917 illos

1979 960 2115 1015 dicit
2142 959 2400 1016 obsessos
2427 959 2617 1014 morbo
2640 959 2892 1022 Nestorii,
2924 960 3018 1030 qui
3045 960 3347 1023 certabant,
3377 975 3451 1013 ne
3475 960 3576 1013 viri

1980 1052 2316 1107 admirabilis
2343 1063 2399 1106 et
2427 1053 2716 1106 maximam
2743 1052 2967 1121 gloriam
2997 1053 3275 1117 merentis,
3307 1050 3578 1105 Theodori

1954 1144 2228 1214 quaedam
2266 1143 2500 1211 capitula
2530 1142 2910 1198 damnarentur
2937 1160 2952 1198 :
2978 1144 3073 1198 sed
3114 1144 3262 1213 ipsos
3291 1144 3467 1213 potius
3496 1144 3578 1198 di-

1985 1235 2063 1289 cit
2093 1233 2235 1303 quod
2257 1234 2600 1289 occasionem
2624 1234 2863 1290 facerent
2890 1234 3165 1289 contrario
3192 1236 3442 1303 dogmate
3471 1250 3579 1301 quo

1986 1326 2327 1387 tenebantur,
2358 1326 2446 1394 qui
2495 1339 2555 1381 se
2580 1326 2723 1380 circa
2764 1324 3108 1380 Theodorum
3154 1326 3362 1381 infense
3412 1327 3577 1381 habe-

1983 1416 2135 1471 bant.
2190 1416 2337 1483 Quos
2363 1417 2527 1472 etiam
2577 1417 2867 1488 objurgans
2912 1418 3057 1489 quod
3104 1430 3253 1474 recte
3304 1421 3580 1476 ambulare

1985 1507 2277 1574 nescirent,
2306 1508 2560 1563 admouet
2587 1516 2645 1563 ut
2671 1524 2767 1564 eos
2791 1511 2882 1579 qui
2924 1511 2992 1563 ita
3024 1513 3283 1579 sentiunt,
3314 1522 3575 1578 quantum

1986 1612 2292 1667 possumus,
2322 1599 2631 1668 longissime
2676 1601 3062 1670 relinquamus,
3094 1618 3196 1657 nec
3241 1618 3574 1658 assumamus

1988 1687 2043 1741 in
2087 1698 2323 1741 nostram
2355 1697 2589 1745 mentem
2620 1690 2761 1758 quod
2797 1692 3122 1748 concinnare
3150 1695 3478 1762 quaerebant,
3522 1704 3577 1748 ut

1989 1791 2110 1831 cum
2147 1792 2255 1831 non
2286 1778 2540 1833 existeret
2592 1791 2739 1835 certa
2770 1795 3021 1849 persona,
3054 1798 3174 1852 quae
3203 1794 3294 1838 aut
3322 1785 3457 1839 bene
3503 1787 3577 1839 in-

1990 1876 2376 1935 terpretaretur
2399 1883 2461 1922 ea
2487 1885 2607 1938 qum
2632 1870 2864 1939 dixerat,
2895 1873 3035 1927 sicut
3065 1874 3181 1942 ipse
3202 1875 3386 1930 beatus
3411 1878 3579 1947 Cyril-

294 1979 514 2042 veritas,
538 1976 697 2028 etiam
724 1990 819 2044 pro
844 1973 1171 2029 reservando
1193 1967 1515 2044 generaliter
1542 1965 1745 2023 imitere
1766 1978 1893 2020 con-
1923 1968 1972 2030 Β
1998 1961 2082 2015 lus
2108 1962 2176 2015 de
2199 1963 2313 2015 suis
2339 1963 2585 2031 capitulis
2615 1962 2759 2026 fecit,
2789 1975 2884 2019 aut
2911 1968 2955 2020 si
3005 1982 3109 2020 non
3157 1967 3358 2023 faceret
3411 1971 3579 2039 culpre

292 2068 459 2138 jugali
485 2069 743 2136 scriptum
778 2065 939 2120 fuisse
968 2065 1297 2135 pronuntiat.
1327 2064 1393 2118 Et
1421 2063 1504 2116 bis
1530 2062 1743 2132 quidem
1775 2055 1885 2116 Stti-

295 2160 440 2212 liciat
468 2158 723 2227 probasse
739 2158 878 2226 quod
902 2170 1046 2224 saepe
1070 2155 1336 2210 laudabile
1356 2144 1644 2223 judicatur,
1659 2155 1701 2208 si
1724 2157 1884 2209 etiam

296 2252 577 2305 moraliter
604 2259 941 2318 exponuntur
970 2264 1087 2319 qua:
1118 2247 1430 2317 prepltetice
1461 2248 1600 2301 dicta
1631 2257 1776 2303 sunt.
1812 2247 1887 2301 ln-

303 2352 449 2397 terea
478 2358 603 2397 vero
632 2343 919 2413 perspicis,
947 2342 1258 2409 imperator,
1287 2348 1341 2395 et
1370 2340 1486 2410 ipsa
1515 2341 1885 2410 multiplicium

294 2433 742 2489 documentorum
780 2432 1042 2487 evidentia
1083 2432 1251 2499 magis
1290 2447 1355 2484 ae
1396 2430 1565 2497 magis
1609 2433 1890 2498 cognoscis

296 2522 445 2591 quod
488 2523 713 2589 epistola
746 2523 849 2577 lbre
894 2522 1209 2578 Nestoriana
1254 2522 1499 2577 convinci
1550 2530 1780 2591 nequeat
1822 2538 1884 2576 ex

295 2611 455 2668 laude
483 2611 770 2667 Theodori.
807 2612 1009 2668 Idcirco
1059 2623 1259 2679 autem,
1286 2613 1424 2668 sicut
1463 2613 1578 2682 jam
1631 2612 1887 2677 diximus,

294 2703 621 2774 qumsierunt
650 2704 909 2768 haeretici,
928 2713 986 2758 ut
1006 2713 1289 2773 negaretur
1309 2719 1339 2758 a
1362 2704 1570 2774 synodo
1585 2703 1610 2759 l
1612 2705 1749 2760 uisse
1770 2719 1891 2759 sus-

293 2804 471 2862 cepta,
506 2793 645 2862 quod
674 2794 847 2862 palam
872 2793 1062 2847 falsum
1090 2800 1194 2859 est,
1214 2795 1543 2863 utprimum,
1577 2795 1733 2848 nobis
1756 2793 1889 2848 nihil

294 2884 702 2952 resistentibus,
734 2884 840 2937 imo
869 2884 1280 2950 altirmantibus,
1310 2899 1640 2954 quaecunque
1670 2884 1889 2938 crimina

299 2976 503 3031 vellent
534 2978 587 3030 in
618 2991 737 3033 eam
767 2986 1152 3047 congererent;
1195 2977 1389 3033 deinde
1438 2988 1492 3032 ut
1544 2979 1656 3045 ipsa
1708 2985 1893 3031 nostra

294 3069 588 3135 negatione
615 3066 885 3137 suscipien
905 3070 1015 3122 tam
1040 3083 1147 3121 non
1176 3067 1343 3123 fuisse
1371 3076 1757 3123 monstrarent.
1790 3066 1891 3121 Ve-

293 3176 424 3217 rum
453 3163 637 3232 accipe
656 3162 764 3231 jam
790 3161 1061 3231 quomodo
1090 3176 1195 3216 non
1225 3162 1397 3215 solum
1430 3161 1481 3215 in
1515 3161 1600 3215 his
1626 3175 1744 3229 qua:
1773 3174 1887 3213 me-

291 3253 654 3321 moravimus,
692 3253 788 3309 sed
818 3254 875 3307 in
900 3253 1149 3309 omnibus
1177 3253 1398 3308 omnino
1422 3265 1521 3323 pro
1556 3251 1753 3322 quibus
1780 3250 1892 3305 Mo-

1993 2062 2421 2122 soppoueretur,
2468 2068 2604 2108 vana
2649 2056 3006 2124 capitulorum
3053 2058 3357 2127 redargntio
3412 2061 3578 2115 fleret.

1992 2146 2313 2205 l-lttmanitus
2364 2146 2545 2213 itaque
2588 2159 2686 2200 suo
2738 2146 3058 2202 admonebat
3087 2149 3379 2219 ‘exempto
3438 2154 3584 2221 quod

1991 2247 2159 2298 multa
2193 2245 2345 2297 recte
2373 2236 2651 2307 proposito
2680 2236 2992 2292 dicerentur
3032 2254 3152 2308 qua:
3195 2240 3352 2295 aliter
3383 2243 3581 2310 possint

1990 2334 2235 2401 intelligi.
2286 2335 2537 2390 Sciamus
2577 2341 2744 2392 ergo,
2798 2327 3215 2383 clementissime
3272 2331 3582 2400 imperator,

1986 2425 2141 2495 juxta
2175 2425 2362 2496 Cyrilli
2390 2428 2733 2492 sententiam,
2763 2419 2905 2496 Quod
2949 2422 3038 2489 qui
3071 2422 3183 2475 haec
3210 2432 3391 2491 agunt,
3424 2427 3474 2478 in
3509 2427 3580 2480 in-

1992 2525 2205 2573 certum
2220 2526 2533 2583 currentes,
2552 2526 2608 2573 et
2635 2533 2815 2572 aerem
2844 2517 3193 2572 verberantes
3222 2515 3582 2572 inveniantur.

1990 2606 2218 2675 Ideoque
2247 2620 2436 2662 rursus
2481 2625 2535 2662 in
2567 2607 2671 2663 line
2699 2609 2867 2677 ipsius
2907 2612 3150 2678 epistola:
3178 2609 3246 2663 de
3277 2606 3469 2660 talibus
3498 2608 3582 2662 di-

1993 2698 2071 2753 cit
2098 2716 2113 2751 :
2151 2716 2173 2750 σ
2204 2700 2309 2755 Sed
2326 2698 2475 2768 juste
2494 2700 2712 2754 audient
2736 2702 2944 2755 tametsi
2968 2702 3152 2768 nolint,
3174 2703 3263 2772 qui
3283 2695 3587 2774 hujnsmodi

1995 2805 2186 2847 causas
2215 2792 2454 2860 praebent
2474 2793 2889 2848 :Obliviscimini
2922 2809 3017 2847 vos
3047 2795 3214 2863 ipsos,
3247 2797 3462 2860 quando
3488 2792 3585 2852 ad.

1993 2898 2178 2937 versus
2201 2883 2450 2950 pulveres
2471 2897 2626 2937 arcus
2647 2884 2956 2940 extenditis.
2988 2884 3102 2940 Non
3142 2888 3287 2941 enim
3313 2898 3584 2957 superest,

1993 2978 2081 3046 qui
2109 2978 2245 3042 apud
2277 2990 2376 3030 vos
2424 2976 2711 3044 inscriptus
2737 2986 2849 3043 et;
2881 2988 2935 3032 et
2964 2992 3051 3033 me
3078 2979 3256 3033 nullus
3309 2981 3490 3050 culpet
3530 2983 3583 3036 in

1997 3070 2112 3124 haec
2156 3069 2319 3122 verba
2370 3083 2729 3137 progressum,
2763 3069 2858 3124 sed
2908 3070 3064 3125 cedat
3113 3072 3317 3126 famoso
3362 3074 3584 3130 nimium

1996 3160 2326 3233 przecessori.
2356 3160 2529 3223 Grave
2575 3161 2717 3216 enim
2772 3171 2853 3215 est
2881 3163 3142 3218 insultare
3198 3165 3584 3233 defunctis,vel

1995 3256 2043 3311 si
2062 3252 2181 3308 laici
2213 3251 2428 3319 iuerint,
2450 3253 2645 3306 nedum
2675 3252 2783 3306 illis
2805 3253 2893 3322 qui
2925 3255 2976 3307 in
3005 3254 3315 3325 episcopatu
3347 3259 3483 3314 hanc
3513 3261 3586 3315 vi-

284 3360 645 3422 psuestenum
695 3351 712 3382 ¹
759 3349 1184 3415 damnaverunt,
1228 3349 1485 3419 judicium
1535 3349 1675 3406 beati
1704 3348 1892 3419 Cyrilli
1918 3347 1965 3411 C
1997 3355 2103 3400 tam
2126 3344 2509 3415 deposuerunt.
2544 3343 2904 3399 iustissimum
2929 3346 3074 3399 enim
3104 3357 3327 3417 apparet
3358 3351 3587 3419 pruden-

292 3442 648 3505 calcaverint,
677 3441 767 3511 qui
813 3441 1072 3497 resistens
1110 3439 1383 3496 bareticis
1406 3439 1778 3496 accusanti”
1806 3439 1891 3494 di—

298 3540 395 3587 cta
422 3530 706 3586 memorati
737 3528 1011 3585 Theodori
1037 3529 1120 3585 sie
1143 3527 1303 3584 beato
1330 3527 1529 3584 Joanni
1552 3527 1893 3583 Antiochum

293 3628 363 3677 ct
387 3621 653 3678 universae
675 3619 934 3677 Orientali
956 3619 1169 3692 synodo
1202 3619 1409 3675 scribit.
1445 3636 1469 3669 ε
1495 3616 1736 3674 Audacia
1761 3630 1897 3673 vero

293 3719 363 3768 et
388 3719 661 3768 certamen
690 3711 835 3779 quod
860 3727 1047 3769 omnes
1078 3710 1279 3781 pariter
1306 3708 1623 3780 suscepistis
1651 3720 1754 3778 pro
1775 3709 1898 3763 viro

294 3802 629 3870 admirabili,
661 3811 720 3860 et
756 3803 1049 3857 maximam
1077 3802 1303 3872 gloriam
1343 3808 1584 3857 mero-te
1605 3800 1748 3870 apud
1770 3814 1892 3867 vos,

296 3894 598 3952 Theodoro
620 3894 763 3964 dico,
788 3894 1142 3949 reclamantes
1163 3893 1424 3949 adversus
1442 3892 1673 3963 aliquos,
1696 3892 1787 3962 qui
1812 3906 1895 3957 se,

291 3996 366 4043 ut
391 3992 635 4056 apparet,
660 3986 804 4041 circa
824 3985 973 4041 illum
1002 3985 1211 4041 infense
1236 3984 1461 4051 habent,
1479 3993 1534 4039 et
1557 3985 1897 4039 occasionem

290 4079 563 4134 facientes
603 4078 873 4135 contrario
901 4078 1155 4147 dognrate
1193 4092 1308 4147 quo
1347 4085 1617 4142 tenentur,
1648 4084 1706 4131 ut
1746 4074 1898 4145 capi-

289 4168 413 4223 tula
439 4168 684 4238 quedam
711 4183 817 4223 non
841 4182 907 4223 ex
941 4169 1255 4223 melioribus
1281 4168 1579 4233 intellecta,
1610 4170 1756 4223 sicut
1779 4168 1900 4237 qui-

290 4263 428 4314 dam
458 4260 736 4322 dixerunt,
759 4259 825 4313 de
849 4258 1046 4328 quibus
1069 4266 1125 4314 et
1155 4268 1385 4313 vestram
1409 4258 1748 4314 sanctitatem
1778 4272 1899 4326 per-

288 4350 675 4415 turbaverunt,
690 4350 965 4419 exigerent
977 4348 1652 4405 condemnariliocautem
1668 4357 1901 4415 etnunc,

1993 3440 2137 3494 tibus
2162 3438 2288 3493 viris
2318 3437 2511 3492 cedere
2540 3434 2843 3506 prmscienti
2882 3437 3303 3510 uniuscujusque
3342 3443 3587 3497 Vttllmla-

1994 3538 2129 3593 ten,
2157 3522 2213 3585 et
2240 3528 2586 3598 cognoscenti
2616 3526 2790 3595 qualis
2810 3528 3183 3599 unusquisque
3230 3541 3474 3587 nostrum
3509 3534 3587 3587 lu-

1995 3628 2146 3674 turus
2169 3620 2260 3676 ait.
2298 3634 2321 3669 ι
2352 3617 2613 3686 Apparuit
2639 3632 2706 3672 ex
2730 3617 2814 3672 his
2841 3632 2960 3688 qna:
2992 3630 3284 3676 memorata
3313 3631 3455 3691 sunt,
3485 3626 3591 3682 etc--

1996 3710 2329 3766 mentissime
2353 3709 2661 3777 imperator,
2689 3707 2833 3777 quod
2859 3707 3091 3778 Cyrillus
3122 3712 3406 3781 episcopus
3430 3730 3590 3784 grave

1993 3804 2203 3876 judicet
2232 3802 2490 3857 insultare
2520 3799 2807 3863 deimictis,
2830 3801 2993 3855 etiam
3022 3799 3171 3855 laicis
3202 3819 3216 3855 :
3248 3812 3448 3872 quanto
3476 3818 3588 3860 ma.

1995 3898 2077 3969 gis
2102 3897 2157 3951 in
2184 3895 2497 3965 episcopatu
2524 3894 2695 3948 vitam
2728 3893 3033 3947 linientibus
3071 3893 3356 3965 apaibema
3386 3897 3586 3964 dicere,

1998 3998 2052 4045 et
2079 3999 2265 4043 eorum
2304 3996 2483 4040 emisse
2514 3983 2774 4055 judicium
2810 3982 2919 4037 Deo
2946 3985 3257 4053 praeripere,
3287 3986 3589 4056 praascienti

1998 4078 2413 4147 uniuscujusque
2440 4076 2793 4140 voluntatem,
2815 4088 2915 4144 qua
2943 4076 3243 4131 intentione
3268 4078 3393 4146 quid
3418 4079 3585 4147 dicat,

1998 4168 2088 4238 qui
2116 4166 2275 4222 etiam
2307 4168 2455 4221 novit
2484 4167 2653 4235 quatis
2683 4166 3046 4235 unusquisque
3090 4177 3334 4222 nostrum
3381 4168 3591 4227 iuturus

1998 4258 2091 4327 sit,
2116 4266 2171 4312 et
2202 4257 2387 4325 quales
2416 4257 2757 4311 inveniuntur
2779 4255 2803 4287 ⁸
2832 4260 2882 4310 in
2915 4258 3008 4312 illo
3033 4257 3254 4328 judicio,
3278 4260 3367 4314 ubi
3395 4275 3585 4318 omnes

2002 4350 2335 4405 adstabimus
2357 4357 2485 4405 ante
2509 4350 2738 4404 tribunal
2763 4349 2982 4416 Christi,
3004 4362 3060 4405 ut
3090 4352 3288 4406 referat
3314 4357 3588 4425 unusquis-

285 4442 460 4498 sicuti
474 4450 664 4497 vestrae
686 4443 880 4497 littera:
909 4448 1236 4505 monstrant,
1252 4439 1318 4493 ad
1342 4439 1546 4509 regiam
1565 4441 1757 4496 urbem
1781 4454 1904 4509 ρει-
2003 4457 2105 4511 que
2128 4442 2345 4510 propria
2373 4442 2617 4511 corporis
2659 4452 2821 4511 prout
2861 4444 3045 4511 gessit,
3081 4445 3197 4499 sive
3227 4448 3449 4516 malum,
3481 4451 3592 4508 sive

283 4540 489 4604 gentes
502 4533 918 4602 movent,siquo
936 4532 1096 4587 modo
1110 4532 1430 4602 pmvaleant
1451 4533 1769 4599 persuadere
1784 4544 1906 4586 con-
2003 4532 2245 4587 bonum?
2274 4531 2446 4602 Cujus
2488 4546 2615 4585 vero
2643 4532 2889 4587 catholici
2935 4534 3171 4588 animum
3202 4552 3306 4592 non
3337 4538 3596 4608 olfettdat,

282 4640 467 4681 cursu
491 4625 877 4695 aliquorum,ut
902 4640 995 4693 per
1012 4625 1405 4693 imperatoriam
1432 4624 1661 4679 turmam
1680 4624 1905 4679 anatlte-
2004 4623 2147 4691 quod
2173 4622 2263 4675 isti
2286 4621 2497 4691 judices
2535 4632 2868 4677 mortuorum
2900 4620 3083 4679 dicunt
3108 4628 3359 4684 eumdem
3380 4631 3594 4688 beatum

284 4715 739 4772 matisubdantur
763 4715 854 4769 illa
870 4730 988 4784 quae
1002 4717 1069 4770 ab
1091 4719 1169 4770 eis
1184 4716 1542 4783 proteruntur,
1560 4728 1679 4769 cum
1694 4729 1911 4770 accusa-
1939 4718 1990 4776 D
2014 4713 2270 4782 Cyrillum
2309 4713 2413 4766 sibi
2455 4713 2725 4768 exstitisse
2772 4714 3121 4783 contrarium,
3151 4725 3207 4772 et
3232 4720 3385 4777 aliter
3413 4735 3595 4791 postea

281 4810 456 4863 tione
476 4806 767 4864 volentium
782 4823 851 4861 ea
862 4807 1170 4864 defendere.
1199 4810 1278 4862 Ad
1293 4810 1394 4863 hoc
1418 4816 1598 4863 autem
1612 4807 1754 4875 dico,
1770 4802 1905 4861 sicut

282 4898 438 4955 mibi
468 4897 696 4966 videtur,
712 4908 765 4953 et
788 4898 933 4953 enini
960 4906 1202 4953 tuentem
1221 4898 1463 4965 babenti,
1483 4898 1739 4968 quoniam
1758 4897 1905 4953 nefas

281 4997 389 5044 est
412 4997 663 5058 reputare
692 4989 773 5043 vel
796 4990 1030 5058 graviter
1058 4987 1199 5044 ferre
1223 5003 1317 5044 eos
1338 4989 1423 5058 qui
1464 5001 1605 5045 recte
1632 4989 1908 5043 ambulare

282 5079 575 5145 nesciunt,
589 5078 683 5135 sed
702 5080 864 5135 etiam
886 5089 1141 5147 quantum
1156 5088 1331 5149 potest
1354 5080 1662 5151 longissime
1674 5082 1757 5135 de:
1770 5081 1905 5135 elin-

279 5185 477 5243 quere
495 5169 587 5240 qui
613 5173 684 5225 ita
705 5171 968 5227 sentiunt.
992 5169 1102 5226 Nisi
1123 5169 1264 5226 forte
1286 5171 1339 5225 in
1365 5182 1603 5228 mentem
1624 5188 1901 5228 assmneav

274 5265 438 5319 dum
483 5271 575 5317 est
614 5262 757 5333 quod
786 5263 1134 5317 concinnare
1162 5264 1182 5293 ³
1209 5264 1427 5327 volunt;
1479 5279 1606 5319 cum
1661 5267 1901 5320 maxime

278 5370 486 5424 neque
505 5355 559 5410 iu
584 5363 834 5424 promptu
853 5366 937 5410 est
957 5368 1182 5423 persona
1204 5368 1365 5424 quam
1387 5354 1558 5423 culpae
1576 5364 1907 5425 supponunt,

272 5458 351 5507 et
388 5447 754 5515 capitulorum
788 5446 1098 5517 redargutio
1138 5447 1362 5512 incerta,
1391 5457 1446 5503 et
1475 5451 1564 5517 qui
1596 5448 1711 5502 lucc
1742 5459 1905 5519 agunt

274 5545 357 5593 in
390 5536 659 5592 incertum
708 5546 1009 5606 currentes,
1042 5546 1097 5594 et
1134 5552 1313 5593 aerem
1362 5538 1705 5595 verberantes
1749 5538 1900 5593 iuve-

272 5632 544 5688 uicntur.
582 5646 602 5680 ι
647 5627 785 5684 Ecce
806 5628 1147 5699 probavimus
1171 5643 1276 5684 non
1299 5628 1566 5699 quaedam,
1596 5629 1694 5684 sed
1720 5630 1900 5687 ornnia

268 5734 429 5793 qua:
454 5729 710 5773 accusant
737 5721 788 5774 in
817 5719 977 5774 dictis
1005 5720 1362 5789 Mopsuesteni
1412 5718 1682 5775 Theodori
1714 5731 1898 5776 contra

362 5903 395 5932 ί
433 5899 559 5951 (ῖοηι.
592 5900 813 5965 Vertar,
840 5900 1245 5968 .llopsucatenum
1275 5900 1611 5958 Throdorum.

367 5973 399 6003 ³
438 5970 585 6030 idem
611 5974 753 6036 cod.,
790 5974 1102 6026 cetttinuare.

2005 4806 2078 4881 de
2105 4804 2420 4874 quibusdam
2454 4804 2667 4873 st'riptis
2696 4806 2974 4861 memorati
3004 4807 3270 4865 Theodori
3297 4811 3592 4881 jlltllCaSSO,

2007 4906 2168 4966 nume
2190 4896 2242 4950 in
2271 4896 2372 4950 hoc
2396 4894 2666 4961 incidisse,
2686 4896 2827 4965 quod
2853 4897 2903 4951 in
2932 4898 3156 4953 aliorum
3189 4900 3423 4970 inquieta
3458 4918 3596 4972 praes

2008 4989 2311 5057 sumptione
2343 4987 2617 5054 culpavit!
2663 5002 2785 5042 cum
2813 4988 2957 5042 dicat
3004 4992 3291 5058 Apostolus
3325 5010 3337 5043 :
3372 4992 3434 5048 Si
3462 4996 3609 5058 enim,

2009 5094 2125 5150 qua
2151 5082 2405 5146 cie-struxi,
2430 5081 2537 5134 hcce
2576 5081 2760 5133 iterum
2799 5080 3021 5148 (ediﬁce,
3054 5083 3489 5150 prrcvaricatorem
3519 5102 3596 5141 mc

2010 5173 2265 5226 constituo
2301 5171 2445 5239 (Cet.
2491 5188 2549 5235 ιι,
2586 5169 2699 5240 ὶ8).
2739 5171 2979 5240 Namque
3020 5186 3142 5227 cum
3200 5175 3312 5243 ipse
3355 5175 3599 5233 docuerit

2009 5265 2151 5335 quod
2180 5265 2257 5319 illi
2280 5264 2372 5333 qui
2396 5280 2455 5318 se
2482 5263 2688 5317 infense
2715 5263 2972 5317 baberent
2995 5265 3135 5318 circa
3163 5268 3332 5320 virum
3362 5267 3591 5324 admirav

2005 5356 2165 5413 bilem
2203 5369 2263 5411 et.
2304 5358 2595 5409 niaximum
2633 5355 2858 5425 gloriam
2905 5366 3197 5412 merentem
3228 5359 3591 5430 Theotimum,

2006 5459 2308 5529 quairentes
2352 5447 2595 5517 quaedam
2640 5446 2757 5516 ejus
2786 5446 3019 5518 capitula
3048 5464 3154 5503 non
3186 5464 3251 5505 ex
3284 5432 3605 5514 melioribus

2008 5532 2281 5594 intellecta
2308 5538 2569 5605 damnari,
2597 5539 2932 5597 occasionem
2979 5542 3157 5609 potius
3180 5542 3420 5600 iacerent
3463 5561 3601 5609 conp

2012 5632 2177 5686 trario
2199 5630 2448 5700 dogmate
2469 5644 2576 5698 quo
2598 5631 2937 5700 tenebantur,
2962 5648 3164 5703 eosque
3184 5650 3289 5690 non
3313 5645 3465 5693 recte
3481 5653 3601 5704 am.-

2011 5722 2199 5777 bulare
2230 5720 2560 5789 pronuntiet,
2592 5721 2863 5790 quomodo
2893 5737 2953 5779 se
2992 5725 3457 5794 praevaricatorem
3491 5745 3612 5795 non

2088 5904 2103 5931 -'
2148 5904 2287 5954 Hum
2329 5899 2473 5957 cmi”
2504 5899 2885 5953 αλεέεοτιίὲιιιμιιγ.

2086 5972 2101 6001 ’⁸
2148 5974 2287 6027 litt-nt
2319 5976 2460 6041 CJtL,
2502 5973 2662 6035 qualis
2694 5976 2991 6029 “metuatur.
