4114 6488
536 352 632 406 ὖΟἹ
648 411 649 416 η

1642 351 1939 410 FACUNDI
1984 351 2198 409 EPISC.
2234 352 2744 412 HERMIANENSIS

3740 355 3853 415 603

527 467 901 531 constitueret,
926 473 980 519 et
1002 464 1055 518 in
1082 477 1140 520 se
1163 471 1510 518 converteret
1535 464 1715 518 omnia
1741 479 1862 534 quae
1883 465 2126 519 invectus
2159 467 2204 528 Α
2238 463 2501 518 voluerint
2531 480 2636 518 non
2664 465 2890 518 alienam
2925 477 3240 534 provocare,
3275 462 3368 518 sed
3399 479 3548 518 sitam
3583 481 3855 524 revocare

532 556 586 610 in
607 557 742 611 alios
761 556 914 622 dixit,
933 556 980 610 si
1008 556 1124 624 ipse
1145 569 1360 624 quoque
1385 562 1565 622 [mstca
1585 555 1746 610 vellet
1763 555 1943 624 aliqua
1960 553 2131 609 Theo.

531 646 649 699 dori
675 646 904 715 capitula
932 643 1323 702 condemnari?
1351 645 1460 698 Aut
1489 646 1762 714 quomodo
1809 661 1914 699 non
1944 646 2138 715 depre-

534 737 857 793 hendetetur
882 737 986 792 sibi
1009 751 1132 793 esse
1157 726 1496 800 contrarius,
1517 740 1609 807 qui
1636 753 1757 791 cum
1787 751 1886 791 nos
1914 751 2140 792 mortue.

534 830 603 884 rit
625 840 703 895 ut,
721 832 825 885 alia
843 839 1170 900 quast-entes,
1188 838 1449 899 quantum
1471 811 1588 884 ﬁeri
1609 837 1804 898 potest,
1829 829 2140 899 longissime

537 921 923 990 relinquamus,
957 921 1296 990 postmodum
1316 919 1378 973 ‘in
1405 929 1640 974 mentem
1671 928 1972 974 assumeret
1994 920 2140 989 quod

533 1014 859 1069 caucinnare
890 1015 964 1068 illi
998 1015 1277 1086 volebant,
1301 1022 1362 1068 ut
1391 1029 1512 1068 cum
1547 1028 1775 1082 persona
1806 1013 1860 1068 in
1889 1019 2140 1083 promptu

539 1119 644 1159 non
688 1117 834 1161 esset
873 1121 1036 1177 quam
1068 1106 1239 1176 culpa:
1271 1095 1658 1175 supponerent,
1688 1105 1970 1171 incertam,
2003 1105 2142 1158 sicut

535 1195 652 1264 ipse
683 1197 945 1264 deﬁnivit,
973 1197 1332 1266 capitulorum
1361 1196 1627 1250 Theodori
1661 1195 1860 1248 iaceret
1889 1193 2142 1264 redargu~

545 1289 768 1356 tionem,
794 1291 847 1344 in
874 1292 1137 1344 incertum
1159 1290 1312 1361 juxta
1345 1305 1494 1344 suam
1535 1289 1858 1344 sententiam
1889 1301 2134 1353 currens,

547 1389 602 1434 et
621 1396 802 1436 aerem
835 1383 1160 1438 verberans?
1190 1383 1384 1437 Durum
1415 1381 1573 1436 nimis
1601 1390 1683 1435 est
1719 1391 1775 1434 ut
1809 1381 1912 1435 hoc
1938 1388 2143 1435 temere

540 1473 608 1527 de
636 1472 835 1543 Cyrillo
878 1485 1114 1542 putetur,
1145 1475 1289 1547 quod
1331 1475 1658 1530 ohliviscens
1684 1474 2055 1542 semetipsum,
2089 1480 2144 1527 et

541 1580 647 1618 non
672 1580 733 1618 se
762 1565 1004 1634 cogitans
1031 1581 1153 1621 cs~e
1183 1566 1488 1632 mortalem,
1517 1565 1772 1619 adversus
1798 1563 2067 1633 pulveres,
2091 1564 2141 1618 id

531 1672 563 1709 e
595 1666 616 1709 t
644 1657 896 1712 adversus
929 1667 1196 1713 mortuum
1245 1670 1299 1714 et
1345 1659 1398 1712 in
1430 1657 1675 1726 pulveres
1703 1656 1999 1722 redactum,
2050 1654 2142 1708 ar-‘

532 1761 653 1800 cum
685 1748 999 1802 extenderet
1031 1765 1046 1801 :
1080 1763 1201 1804 cum
1236 1747 1567 1818 impossibile
1600 1762 1708 1799 non
1749 1755 1896 1800 esset
1940 1752 1996 1798 ut
2038 1742 2141 1801 hcc

2239 559 2596 612 sententiam?
2623 557 2773 625 Quod
2814 557 2957 612 enim
2996 557 3064 612 de
3094 557 3186 612 illo
3218 554 3441 612 forsitan
3485 557 3626 613 alius
3663 558 3855 618 dicere

2242 665 2346 702 non
2379 650 2619 715 auderet,
2654 651 2768 720 ipse
2793 650 2904 721 jam
2934 651 3064 705 dixit
3097 667 3110 702 :
3144 649 3405 724 Quoniam
3430 650 3543 706 haec
3573 652 3724 722 juste
3753 668 3854 709 au-

2241 741 2414 806 dient,
2443 743 2654 796 tametsi
2687 743 2876 808 nolint,
2904 741 2992 811 qui
3022 741 3331 813 hujusmodi
3361 757 3551 798 causas
3577 743 3852 813 praebent.

2243 833 2310 888 Et
2343 833 2462 888 ideo
2492 849 2597 888 non
2629 843 2831 889 temere
2861 835 3162 889 credendus
3193 841 3276 890 est
3305 846 3488 890 contra
3542 851 3696 892 suam
3726 852 3856 891 sen-

2244 923 2464 980 tentiam
2493 938 2680 980 causas
2711 924 3017 995 bujusmodi
3049 927 3362 995 praebuisse.
3398 926 3503 983 Sed
3525 926 3639 998 jam
3667 928 3856 984 multi-

2243 1016 2470 1088 pliciter,
2516 1017 2654 1072 sicut
2685 1018 3050 1087 promisimus,
3095 1028 3397 1085 ostensum,
3445 1019 3710 1090 Auguste,
3757 1036 3855 1076 co-

2241 1108 2477 1178 gnoscis,
2495 1110 2748 1179 quoniam
2769 1109 3144 1164 haereticorum
3163 1124 3280 1164 com
3289 1110 3454 1180 plices
3470 1110 3522 1165 in
3538 1115 3855 1168 evacuatio-

2245 1216 2367 1256 nem
2402 1217 2611 1273 magna!
2644 1203 2834 1273 synodi
2865 1202 3316 1258 Chalcedonensis
3340 1212 3499 1274 atque
3525 1214 3850 1261 statutorum

2244 1291 2388 1347 beati
2417 1291 2636 1360 Leonis,
2664 1290 3008 1348 Theodorum
3038 1306 3252 1362 quoque
3277 1293 3712 1364 Mopsuestenum
3738 1297 3854 1365 epi-

2241 1392 2462 1450 scopum
2487 1380 2645 1435 nimis
2669 1382 2926 1437 audacter
2945 1382 3046 1437 sub
3068 1383 3410 1439 anathemate
3431 1384 3850 1451 damnaverunt,

2245 1483 2299 1530 et
2327 1474 2470 1545 quod
2502 1475 2767 1530 incassum
2807 1475 3048 1530 nituntur
3080 1475 3433 1531 temeritatem
3475 1490 3630 1530 suam
3661 1479 3850 1534 nescio

2243 1581 2350 1636 quo
2378 1565 2676 1638 patrocinio
2707 1565 2849 1621 beati
2876 1566 3068 1638 Cyrilli
3094 1565 3402 1622 defendere.
3434 1567 3536 1622 Ubi
3564 1568 3726 1622 simul
3755 1569 3853 1623 ad-

2245 1664 2458 1711 vertere
2475 1655 2649 1726 potuit
2669 1658 2933 1711 serenitas
2957 1667 3043 1711 tua
3066 1657 3319 1727 quoniam
3335 1656 3450 1712 haec
3468 1655 3853 1713 demonstrare

2197 1825 2204 1832 ι
2247 1756 2569 1816 (ιιιωτθιιιεε,
2606 1747 2696 1816 illa
2728 1749 2890 1803 etiam
2919 1749 3039 1816 tria,
3073 1749 3198 1803 licet
3240 1762 3304 1802 ex
3339 1748 3624 1804 occa>ione
3667 1759 3722 1803 et
3749 1751 3855 1805 a'io

538 1847 811 1905 paterrtur
825 1851 881 1893 et
909 1841 1022 1907 ipse
1045 1850 1166 1910 post
1188 1849 1435 1903 mortem,
1455 1836 1665 1907 quando
1685 1836 1796 1906 jam
1824 1835 2132 1904 defendere,
2169 1846 2216 1906 Β
2242 1836 2456 1903 intenti,
2491 1836 2624 1892 falsa
2667 1851 2789 1893 esse
2819 1838 3101 1892 docuimus
3133 1855 3146 1890 :
3181 1837 3436 1893 videlicet
3461 1839 3602 1906 quod
3634 1840 3711 1893 de
3732 1840 3855 1909 ipso

542 1929 628 1981 vel
677 1927 872 1982 melius
927 1929 1268 1998 interpretari
1315 1943 1413 1983 sua
1457 1927 1595 1982 dicta
1641 1942 1745 1980 non
1795 1933 1992 1996 posset.
2025 1925 2141 1996 Ipse

540 2017 808 2072 Theodori
838 2020 1062 2074 aemulos
1092 2034 1326 2091 arguens
1354 2019 1489 2073 dixit
1514 2035 1528 2074 :
1556 2018 1738 2072 Grave
1767 2025 1848 2072 est
1877 2017 2018 2071 enim
2051 2017 2136 2072 in-

532 2109 731 2164 sultare
755 2108 1044 2176 defunctis,
1059 2110 1142 2166 vel
1169 2110 1214 2164 si
1241 2109 1360 2164 laici
1386 2109 1602 2174 fuerint,
1621 2107 1815 2162 nedum
1838 2107 1950 2163 illis
1970 2108 2056 2178 qui
2081 2108 2132 2162 in

531 2199 845 2267 episcopatu
865 2198 1003 2254 hanc
1017 2200 1178 2253 vitam
1192 2198 1582 2267 deposuerunt:
1599 2209 1651 2254 et
1672 2199 1787 2267 ipse
1803 2205 2004 2252 temere
2016 2213 2135 2252 crc-

532 2290 743 2345 dendus
769 2300 849 2345 est
879 2289 1020 2359 quod
1046 2298 1230 2359 postea
1259 2288 1544 2344 Theodoro
1571 2289 1624 2344 in
1653 2289 1960 2359 episcopatu
1988 2303 2134 2343 mor-

532 2396 637 2440 tem
665 2383 877 2442 obeunti
909 2383 1142 2452 potuerit
1169 2381 1447 2446 insultare,
1477 2392 1532 2436 ct
1559 2383 1860 2447 non,"sicut
1899 2389 2081 2437 oratus
2112 2381 2130 2413 ⁸

535 2475 854 2541 eSt,cedere
885 2474 994 2528 Deo
1024 2472 1321 2542 prtrscienti
1347 2473 1761 2540 uniuscujusque
1787 2471 2139 2540 voluntatem,

532 2579 579 2621 et
601 2565 944 2636 cognoscenti
966 2565 1139 2633 qualis
1163 2564 1526 2633 unusquisque
1545 2571 1783 2617 nostrum
1807 2561 2015 2617 futurus
2037 2561 2142 2619 sit?

533 2659 662 2724 Quis
695 2660 796 2712 hoc
843 2655 911 2710 de
942 2653 1143 2724 Cyrillo
1172 2653 1353 2708 dicere
1402 2654 1617 2720 audeat,
1664 2651 1766 2708 nisi
1797 2652 1886 2722 qui
1931 2651 1985 2705 in
2014 2665 2140 2706 eum

608 2796 628 2830 ⁸
665 2793 799 2851 Cod.
833 2794 1058 2861 Veron,.
1090 2796 1340 2848 hortatus.

2242 1928 2530 1985 Theodoro
2553 1929 2824 1997 dixerunt,
2853 1932 2975 2001 quia
2998 1929 3271 1985 Christum
3303 1929 3574 1985 hominem
3609 1941 3854 1985 tantum-

2241 2021 2423 2088 modo,
2453 2038 2559 2077 nnn
2590 2024 2750 2078 etiam
2785 2024 2950 2079 Deum
2982 2024 3235 2091 credidit,
3268 2032 3322 2078 et
3370 2029 3492 2094 quia
3522 2025 3850 2079 Trinitatem

2235 2111 2391 2183 juxta
2423 2112 2718 2169 Sabellium
2747 2116 3054 2186 denegavit,
3100 2126 3156 2170 et
3183 2117 3305 2184 quia
3336 2116 3622 2170 evacuaxit
3651 2133 3852 2171 omnes

2239 2203 2293 2256 in
2321 2203 2594 2258 Christum
2625 2203 2793 2260 factas
2820 2207 3146 2276 prophetias.
3182 2206 3248 2260 Et
3294 2205 3408 2260 haec
3449 2206 3665 2276 quidem
3697 2207 3854 2261 sufﬁ-

2237 2308 2362 2351 cere
2382 2294 2682 2366 iudicamus
2725 2297 2804 2352 eis
2825 2299 2913 2366 qui
2960 2298 3101 2353 ﬁdeli
3127 2312 3190 2352 ac
3235 2299 3316 2367 pia
3343 2299 3636 2354 intentione
3661 2301 3851 2356 volunt

2250 2405 2576 2461 cognOscere
2605 2393 2907 2448 veritatem.
2933 2391 3036 2448 Sed
3070 2401 3354 2463 propterea
3383 2392 3620 2448 dicemus
3638 2401 3694 2448 et
3721 2395 3849 2458 alia,

2249 2484 2499 2554 quoniam
2530 2485 2661 2540 satis
2690 2501 2794 2540 non
2825 2496 2907 2542 est
2936 2486 3003 2542 ad
3042 2488 3461 2552 contentionem,
3494 2485 3636 2557 quod
3678 2489 3849 2543 abun.

2249 2575 2340 2632 dat
2369 2577 2437 2634 ad
2469 2578 2646 2636 Iidem.

533 2925 3834 2967 Μ

1681 3051 2033 3142 LIBER
2086 2992 2701 3165 QUARTUS.

1056 3287 1285 3345 CAPUT
1323 3286 1614 3346 PRIMUM.

539 3406 690 3474 Quod
708 3402 962 3476 Cyrillum
989 3404 1130 3474 sequi
1158 3419 1284 3476 non,
1312 3402 1548 3470 debeant,
1582 3402 1626 3476 si
1665 3401 2004 3476 Theodorum
2037 3399 2142 3455 ali-

605 3473 812 3548 quando
843 3473 1074 3544 culpasse
1087 3475 1422 3548 concedatur,
1449 3490 1568 3528 cum
1606 3475 1660 3548 in
1698 3473 1764 3548 iis
1786 3489 1891 3528 non
1919 3489 2144 3543 sequan-

609 3544 693 3602 tur
726 3563 840 3617 qua
867 3556 1047 3602 rontra
1074 3544 1492 3616 Cltrysostomttm
1524 3545 1755 3616 scripsit.

609 3659 680 3717 Ut
702 3661 950 3715 noverint
976 3657 1272 3714 adversarii
1294 3665 1492 3728 quanta
1515 3657 1588 3713 sil.
1606 3657 1844 3713 efﬁcacia
1868 3657 2142 3724 veritatis,

541 3768 702 3823 quem
739 3752 890 3823 sequi
923 3765 1082 3806 nemo
1114 3751 1303 3805 nolens
1334 3749 1510 3819 potuit
1550 3748 1790 3820 eﬁ‘ugere
1819 3763 2145 3818 persequen-

541 3856 672 3910 tem,
701 3843 1066 3901 concedamus
1093 3843 1145 3896 ei
1173 3840 1516 3895 Theodorum
1565 3838 2001 3908 Mopsuestenum
2032 3837 2143 3906 cpi-

540 3951 761 4007 scopum
783 3935 836 3988 in
864 3932 1179 4004 quibusdam
1211 3933 1355 4000 scrip
1379 3945 1536 3984 orum
1567 3944 1788 3984 suorum
1817 3929 2066 3997 capitulis
2109 3944 2141 3984 a

543 4027 930 4099 beawCyrillo
973 4039 1095 4080 esse
1139 4024 1411 4092 culpatum
1444 4039 1457 4076 :
1493 4021 1758 4092 nunquid,
1785 4021 1831 4076 si
1871 4020 2033 4076 etiam
2077 4019 2146 4076 ah

543 4121 675 4188 ipsis
711 4120 957 4188 culpatns
991 4124 1138 4172 esset
1159 4112 1549 4180 tantummodo,
1589 4121 1646 4168 et
1671 4128 1775 4168 non
1801 4112 1906 4168 sub
1932 4113 2146 4167 anathea

538 4221 684 4268 tnate
704 4211 1116 4280 condemnatus,
1137 4217 1355 4283 possent
1375 4207 1623 4280 exemplo
1638 4205 1824 4284 Cyrilli
1851 4205 2147 4264 convictio-

543 4329 665 4367 tem
707 4312 945 4366 veritatis
974 4308 1228 4364 eludere?
1263 4305 1393 4360 Nam
1423 4319 1544 4360 eum
1589 4304 1704 4390 ipse
1744 4303 1997 4358 deﬁniret
2022 4301 2146 4372 quia

544 4420 666 4459 cum
712 4418 816 4457 non
847 4404 914 4456 sit
945 4403 997 4456 in
1032 4409 1278 4471 promptu
1313 4414 1540 4470 persona
1584 4413 1703 4468 quae
1732 4398 1906 4467 culpas
1933 4410 2148 4466 suppo-

545 4502 736 4561 natur,
772 4493 1128 4560 capitulorum
1171 4491 1478 4561 redargutio
1524 4491 1595 4546 sit
1631 4493 1870 4554 incerta,
1903 4499 1960 4544 et
2002 4487 2177 4558 quod.

546 4601 706 4656 grave
724 4586 794 4644 sit
815 4585 1069 4639 insultare
1090 4583 1380 4646 defunctis,
1397 4583 1479 4636 vel
1507 4584 1550 4636 si
1575 4582 1693 4635 laici
1717 4581 1933 4648 fuerint,
1949 4581 2146 4637 nedum

2163 3289 2214 3354 C
2245 3287 2482 3343 conﬁdat
2511 3287 2604 3343 illo
2628 3287 2813 3358 judice
2857 3288 2942 3346 vel
2989 3295 3126 3345 teste
3155 3289 3388 3360 purgari,
3418 3305 3447 3344 a
3489 3305 3596 3360 quo
3647 3292 3699 3346 in
3746 3306 3855 3346 uno

2246 3378 2549 3449 eodemque
2569 3379 2732 3446 facto,
2755 3391 2864 3433 nOn
2892 3379 2964 3434 ob
2987 3379 3134 3435 aliud
3156 3388 3319 3451 atque
3339 3380 3504 3446 aliud,
3529 3381 3625 3436 sed
3656 3384 3727 3436 ob
3753 3386 3854 3438 hoc

2243 3471 2444 3542 ipsum,
2469 3480 2525 3526 et
2561 3469 2874 3526 defenditur
2897 3481 2954 3527 et
2993 3472 3266 3542 culpatur.
3299 3471 3414 3526 Non
3447 3471 3610 3543 igitur
3639 3473 3854 3528 etiamsi

2246 3563 2438 3619 beatus
2463 3561 2700 3635 Cyrillus
2733 3561 2880 3617 aliud
2913 3572 3094 3632 postea
3126 3571 3316 3618 contra
3344 3561 3688 3618 Theodon
3721 3567 3851 3617 seri-

2245 3655 2463 3725 psisset,
2499 3655 2584 3710 isti
2626 3663 2776 3711 recte
2819 3654 3172 3710 crederentur
3201 3655 3319 3723 ejus
3349 3656 3522 3710 secuti
3561 3653 3849 3725 judicium,

2245 3745 2341 3802 sed
2371 3746 2550 3816 potius
2574 3744 3034 3802 Chalcedonensis
3059 3746 3275 3801 concilii
3307 3746 3566 3815 qumsisse
3595 3745 3850 3814 praeiudi-

2247 3839 2388 3895 cium
2415 3838 2751 3894 viderentur.
2779 3838 2893 3892 Nisi
2911 3837 3050 3893 forte
3073 3837 3188 3893 sine
3214 3837 3324 3893 ulla
3353 3838 3708 3893 humanitatis
3729 3855 3850 3894 con-

2245 3931 2575 3988 sideratione
2596 3929 2960 4001 respondeant
2977 3928 3121 4000 quod
3143 3930 3478 3984 aversandus
3504 3930 3847 4001 sitCyrillus,

2246 4040 2366 4080 cum
2397 4024 2658 4079 insultare
2687 4022 2959 4094 prohibet,
2994 4037 3100 4076 non
3131 4021 3304 4076 dicam
3334 4021 3748 4076 admirabilibus
3775 4023 3851 4076 vi-

2247 4121 2326 4173 ris
2352 4127 2407 4174 et
2432 4117 2716 4172 maximam
2745 4116 2970 4186 gloriam
2999 4115 3351 4178 merentibus,
3375 4114 3516 4184 quod
3546 4117 3665 4178 ipse
3693 4114 3848 4174 dixit,

2250 4210 2368 4280 sed,
2401 4210 2545 4284 quod
2573 4209 2747 4267 solum
2770 4206 2991 4276 sufﬁcit,
3017 4207 3069 4264 in
3105 4205 3362 4264 Ecclesiae
3389 4219 3516 4276 pace
3545 4203 3849 4273 defunctis;

2249 4305 2556 4376 sequendus
2600 4314 2805 4368 autem,
2835 4318 2959 4358 cum
2997 4315 3092 4356 eos
3141 4298 3508 4355 criminandos
3552 4298 3849 4354 existimat.

2247 4394 2402 4462 Quod
2444 4396 2488 4450 si
2519 4403 2575 4450 et
2622 4393 2724 4447 hoc
2757 4392 3055 4462 impudenti
3087 4390 3444 4446 obSIinatione
3486 4388 3690 4455 dicant,
3725 4388 3850 4456 quid

2249 4485 2443 4542 dicturi
2476 4495 2601 4541 sunt
2627 4483 2771 4555 quod
2817 4497 2940 4538 eum
2970 4497 3078 4536 non
3103 4488 3404 4550 sequuntur
3431 4479 3484 4533 in
3514 4481 3846 4534 condemna-

2250 4579 2398 4635 tione
2443 4579 2618 4634 sancti
2672 4576 2897 4633 Joannis
2935 4573 3548 4643 Constantinopolitani,
3598 4573 3844 4645 ejusdem

546 4678 650 4734 illis
679 4676 768 4745 qui
819 4675 869 4728 in
901 4674 1212 4742 episcopatu
1263 4673 1399 4728 hanc
1441 4673 1602 4726 vitam
1649 4672 2032 4742 deposuerunt,
2075 4686 2143 4727 eo
2169 4689 2224 4751 ι)
2251 4668 2518 4724 Theodori
2558 4664 2930 4734 condiscipuli,
2957 4663 3026 4719 de
3068 4677 3176 4732 quo
3221 4671 3366 4718 tanta
3389 4675 3441 4719 et
3471 4664 3595 4718 talia
3638 4665 3848 4719 loculus

545 4766 686 4836 quod
713 4764 1071 4835 justissimum
1104 4775 1360 4833 appareat
1395 4760 1743 4830 prudentibus
1787 4761 1919 4816 viris
1949 4761 2143 4817 cedere

546 4860 844 4933 prmscicnti
881 4859 1298 4928 uniu<cujusque
1329 4856 1678 4922 voluntatem,
1712 4864 1766 4909 et
1791 4855 2140 4925 cognoscenti

545 4954 718 5024 qualis
753 4953 1121 5021 unusquisque
1163 4959 1402 5004 nostrum
1451 4945 1661 5002 futurus
1704 4946 1798 5011 sit,
1847 4944 2138 5015 quomodo,

545 5047 595 5101 si
619 5045 816 5116 aliquid
851 5055 1032 5114 postea
1080 5044 1408 5098 contrarium
1456 5041 1682 5104 diceret,
1709 5040 1828 5109 ejus
1859 5038 1960 5108 ipsi
1993 5045 2145 5108 puta-

545 5151 734 5194 rentur
757 5137 928 5196 sccuti
957 5134 1300 5198 sententiam,
1329 5132 1544 5204 quando
1574 5133 1626 5186 in
1655 5130 1988 5185 contrarium
2021 5143 2145 5184 cur-

547 5232 718 5288 rentia
749 5231 897 5302 sequi
926 5227 1187 5300 possibile
1220 5226 1352 5282 nulli
1393 5225 1482 5292 sit,
1517 5232 1573 5280 et
1603 5223 1800 5278 frustra
1831 5237 1892 5278 se
1915 5221 2144 5293 quisque

620 5383 649 5412 ι
686 5372 910 5429 Joannis
933 5368 1302 5438 Cbrysostomi
1344 5380 1539 5438 nomen
1573 5361 1777 5438 primtts
1807 5361 2050 5416 omnium
2089 5359 2143 5414 in

550 5459 731 5497 sacras
758 5441 964 5497 tabulas
995 5432 1177 5495 retulit
1221 5435 1533 5492 Alexander
1563 5432 1951 5498 Antiochenus,
1982 5440 2146 5498 atque

553 5526 612 5567 ttt
643 5514 780 5586 idem
811 5512 901 5566 alii
925 5511 1183 5586 facerent,
1211 5509 1281 5586 ad
1309 5511 2014 5586 iutperatnremnomnesque
2043 5509 2146 5586 Ec:

552 5585 832 5639 clesiarum
862 5581 1145 5651 episcotios
1171 5573 1428 5651 scripsit.
1451 5578 1655 5651 Atticus
1683 5573 2144 5651 constantinopoli

553 5669 602 5709 et
631 5657 743 5721 ipse
771 5646 984 5706 tandl-m
1017 5646 1366 5721 ascripsit,’et
1395 5650 1648 5721 Cyrillum
1679 5647 1766 5721 qui
1797 5646 2144 5721 vehementer

555 5715 896 5779 oluiitrbatnr
928 5734 982 5776 ut
1011 5724 1062 5776 in
1094 5715 1327 5791 Egypto
1357 5715 1551 5772 ascribi
1581 5719 1928 5791 praeciperet,
1951 5715 2141 5791 litteris

560 5799 590 5849 h
633 5813 658 5850 r
683 5807 798 5849 atus
827 5806 952 5858 est;
995 5794 1087 5847 sed
1131 5788 1345 5854 frustra,
1381 5804 1435 5842 ut
1467 5791 1580 5843 lta-c
1626 5788 1742 5856 ejus
1793 5788 1878 5858 ad
1907 5788 2138 5840 Atticum

554 5871 778 5940 cpistola
821 5872 1071 5923 declarat.
1110 5863 1276 5918 Cessit
1316 5873 1490 5916 autem
1525 5870 1706 5931 postea
1739 5857 1988 5930 (Iyrillus,
2019 5871 2140 5928 par-

2245 4767 2348 4826 est,
2367 4767 2428 4812 ut
2449 4757 2592 4828 quod
2616 4768 3107 4811 commemoramus
3129 4752 3243 4807 sola
3267 4767 3366 4808 nos
3389 4767 3656 4808 excusare
3672 4767 3851 4810 causa

2248 4848 2547 4904 necessitas
2598 4845 2804 4918 possit?
2832 4842 3160 4899 Reseribens
3198 4843 3398 4914 quippe
3443 4843 3599 4898 beato
3644 4843 3846 4912 Attico,

2247 4940 2410 5011 hujus
2458 4940 2621 5010 regite
2666 4936 2899 4992 civitatis
2927 4935 3202 5003 episcopo,
3251 4933 3428 4989 dicit:
3465 4953 3486 4986 ι
3525 4933 3736 5005 Legens
3763 4936 3850 4992 lit-

2249 5043 2392 5091 teras
2436 5048 2466 5087 a
2509 5043 2688 5086 vesera
2719 5028 3025 5085 reverentia
3055 5029 3530 5097 missas,‘cognovi
3579 5037 3606 5065 ι
3646 5044 3846 5086 nomen

2245 5126 2469 5184 Joannis
2498 5125 2550 5180 in
2583 5123 2754 5178 sacris
2779 5122 3044 5192 diptychis
3089 5120 3347 5187 scriptum
3403 5119 3454 5175 δ.
3504 5121 3848 5192 Interrogans

2249 5229 2433 5275 autem
2499 5215 2626 5272 inde
2683 5213 2961 5270 venientes
3003 5255 3018 5278 ,
3073 5210 3299 5281 cognovi
3367 5224 3474 5267 non
3542 5212 3594 5266 in
3656 5211 3848 5268 ordino

2255 5357 2353 5412 tim
2385 5353 2572 5412 lsidori
2605 5351 2889 5409 Pelusiotae
2933 5364 3115 5414 suasu,
3145 5347 3332 5417 partim
3362 5348 3564 5414 divino,
3587 5360 3646 5405 ut
3675 5353 3848 5419 aiunt,

2253 5431 2370 5483 Via“
2392 5427 2721 5490 admonitus,
2747 5422 3072 5492 Joannisque
3098 5433 3293 5492 nomen
3318 5421 3526 5492 synodo
3551 5435 3848 5480 convocata

2252 5497 2522 5570 diptychis
2569 5495 2837 5570 apposuit,
2871 5505 2929 5548 ut
2975 5508 3042 5570 ex
3073 5491 3253 5570 [dicem
3299 5491 3847 5570 pltilosopho___narrat

2252 5563 2617 5637 Nicephorus,’
2640 5563 2780 5636 apud
2810 5578 2967 5637 quem
2997 5563 3157 5616 Attici
3179 5577 3393 5637 quoque
3429 5563 3692 5637 etCyrini
3723 5583 3845 5620 um-

2254 5651 2357 5696 tuae
2378 5632 2569 5694 litterae
2594 5632 2843 5706 leguntur
2871 5635 2960 5689 lib.
2989 5649 3098 5695 xlv,
3130 5648 3249 5706 cap.
3281 5632 3352 5686 26
3381 5643 3436 5688 et
3465 5632 3554 5706 27.

2323 5709 2351 5750 ι’
2379 5710 2560 5780 Gratca
2579 5703 2785 5780 Cy‘t‘illi,
2814 5708 2864 5760 ἐν
2884 5714 2997 5780 τρεῖς
3025 5706 3188 5780 ignoti;
3211 5703 3416 5780 δέλτοις.
3451 5705 3654 5780 Atticus
3679 5707 3845 5765 etiam

2248 5784 2502 5853 μυστικὰς
2526 5774 2730 5839 dii-roug-
2753 5774 3422 5853 appellatat,'Nicepltortts
3449 5777 3846 5833 ἐκκλησιαστικά

2247 5847 2443 5928 δίθυρκ,
2493 5853 2562 5908 de
2615 5848 2919 5907 Alexandro
2955 5848 3288 5904 Antiocbcno
3337 5847 3556 5917 iuqucns
3587 5863 3706 5918 cap.
3733 5848 3841 5904 25:
