4114 6524
362 261 477 318 ῦῦθ

1265 254 1397 313 PRO
1435 250 1867 313 DEFENSIONE
1904 250 2124 309 TRIUM
2162 252 2481 310 CAPITUL.
2523 253 2648 309 LIB.
2693 252 2778 308 IV.

3552 256 3656 317 610

374 378 674 439 laicorum,
724 372 824 430 sed
875 373 927 427 iu
991 370 1366 442 episcoporum
1426 372 1615 427 taxari.
1666 368 1962 425 Praesciens
1990 368 2041 428 Λ
2066 366 2230 437 elegit
2270 366 2676 423 consultissime
2700 408 2717 432 ,
2745 375 2802 424 et
2828 366 3118 424 adm0dum
3160 367 3390 424 mirabili
3422 370 3652 438 pietate,

372 477 591 531 autem,
637 474 694 521 et
743 464 886 532 apud
953 480 1037 519 me
1091 464 1266 533 ipsum
1320 466 1604 535 cogitans,
1659 465 1703 518 si
1756 461 1959 532 regulis

372 566 682 611 sanctorum
769 555 983 608 Patrum
1017 596 1033 621 ,
1103 553 1194 624 qui
1263 553 1493 609 Niemam
1568 559 1956 614 convenerunt.

372 650 699 704 concinnant
741 648 832 717 qui
891 647 1005 701 htrc
1051 648 1290 703 fecerunt
1317 688 1332 715 ,
1376 657 1431 702 et
1485 647 1755 716 paululum
1805 660 1959 701 men-

370 741 439 795 tis
465 740 681 795 oculum
710 739 773 792 ad
798 754 1044 808 magnam
1072 739 1213 793 illam
1235 739 1707 808 congregationem
1736 751 1959 792 eorum-

375 833 497 887 dem
547 840 855 886 sanctorum
906 831 1122 885 Patrum
1170 831 1505 895 extendens,
1538 831 1694 886 video
1736 842 1955 884 omnem

369 923 516 979 illam
569 923 1039 994 congregationem
1090 923 1232 978 velut
1274 923 1591 992 quibusdam
1638 920 1811 976 oculis
1857 919 1957 974 ab-

367 1028 643 1078 nuentem,
666 1023 717 1070 et
746 1015 892 1069 omni
914 1016 1106 1070 virtute
1124 1014 1494 1084 prohibentem
1518 1028 1614 1068 nos
1634 1025 1981 1083 concurrere

370 1108 425 1162 in
445 1108 743 1178 bujusmodi
767 1121 1110 1163 consensum.
1132 1107 1372 1175 Qualiter
1399 1116 1576 1161 autem
1593 1104 1959 1160 sacerdotibus

371 1200 466 1256 Dei
496 1211 939 1267 connurueretur,
966 1209 1023 1256 et
1047 1200 1300 1255 induatur
1339 1200 1555 1255 illorum
1599 1211 1798 1255 sortem
1819 1240 1832 1264 ,
1867 1199 1957 1267 qui

364 1290 435 1349 de
463 1293 763 1350 sacerdotio
801 1295 984 1364 pulsus
1011 1294 1245 1350 estivel
1291 1295 1517 1364 qualiter
1545 1293 1599 1347 in
1638 1293 1828 1347 ordine
1856 1293 1960 1347 erit

372 1385 705 1455 pontiﬁcum,
737 1386 827 1455 qui
859 1385 927 1440 ab
956 1383 1332 1441 ecclesiasticis
1363 1383 1531 1439 muris
1556 1383 1811 1437 exclusus
1840 1383 1957 1437 est?

371 1478 472 1544 Qui
496 1492 681 1533 rursus
700 1478 753 1532 in
782 1477 1238 1548 censequentibus
1265 1477 1505 1546 ejusdem
1528 1475 1767 1544 epistolae
1787 1473 1917 1527 dicit
1942 1490 1955 1526 :

365 1568 502 1625 Jube
523 1584 587 1624 ex
604 1563 850 1641 catalogo
870 1573 1244 1640 episcoporum
1268 1567 1491 1623 Joannis
1520 1582 1711 1621 nomen
1736 1565 1953 1621 auferri.

364 1660 418 1715 Si
448 1661 592 1715 enim
637 1661 769 1715 nihil
812 1661 915 1715 hoc
958 1676 1082 1716 esse
1126 1660 1472 1725 arbitramur,
1523 1673 1629 1713 non
1672 1659 1957 1713 contristet

2063 459 2375 513 cathedram
2402 461 2743 529 episcOpatus
2771 461 2853 515 sui
2899 450 3242 531 relinquere;
3274 477 3433 532 quam
3466 473 3522 516 ut
3560 479 3655 533 per

2062 548 2181 617 ejus
2208 550 2580 608 defensionem
2624 556 2781 609 unica
2822 553 3023 611 Christi
3069 555 3399 611 divideretur
3428 556 3653 612 haeredi-

2062 650 2167 696 tas.
2200 641 2306 699 Sed
2330 660 2412 699 vas
2433 646 2633 700 mundo
2664 661 2694 700 a
2717 646 3009 711 scandulis,
3042 662 3137 716 per
3157 662 3276 716 quae
3299 646 3536 703 Joannes
3558 663 3657 716 pro

2065 735 2261 791 talibus
2288 738 2525 802 meritis,
2558 738 2756 804 Judas,
2789 739 3077 796 Jechonias
3098 779 3112 805 ,
3144 754 3208 793 ac
3236 739 3490 809 profanus
3519 739 3657 797 dici-

2062 835 2171 896 tur,
2205 838 2260 883 et
2286 830 2534 885 Eudoxio
2559 830 2763 886 Ariano
2791 834 3047 901 episcopo
3087 841 3445 901 comparatur.
3486 831 3658 897 Quale

2062 934 2225 991 porro
2258 922 2393 977 illud
2419 933 2523 990 est,
2554 924 2696 994 quod
2727 925 2914 988 beatus
2945 924 3152 980 Atticus
3181 938 3378 979 nomen
3405 924 3656 978 decesso-

2063 1014 2139 1068 ris
2168 1013 2251 1067 sui
2282 1013 2523 1077 Joannis.
2557 1031 2662 1069 non
2696 1017 2746 1069 in
2777 1016 2969 1071 ordine
3014 1016 3303 1081 laicorum,
3336 1015 3429 1070 sed
3460 1016 3512 1067 iu
3545 1015 3654 1081 epi-

2061 1119 2350 1174 scoporum
2372 1146 2386 1169 ,
2414 1107 2567 1176 quasi
2617 1115 2805 1160 contra
2853 1107 3066 1176 regulas
3096 1114 3403 1161 sanctorum
3437 1104 3653 1158 Patrum

2061 1200 2153 1270 qui
2185 1200 2238 1254 in
2265 1199 2441 1255 Nicaea
2464 1209 2849 1266 convenerant,
2888 1209 3107 1253 laxasse
3129 1198 3412 1266 culpatur?
3441 1196 3507 1251 Et
3532 1196 3655 1249 hinc

2061 1293 2323 1347 asseritur
2352 1292 2494 1346 inter
2537 1291 2699 1346 laicos
2727 1306 2849 1346 eum
2900 1291 3166 1346 ascribere
3194 1290 3443 1347 debuisse
3466 1332 3481 1356 ,
3511 1288 3652 1357 quod

2061 1396 2167 1436 non
2199 1382 2355 1436 liceat
2379 1382 2445 1437 ab
2470 1382 2850 1437 ecclt-siasticis
2873 1384 3042 1436 muris
3066 1381 3346 1435 exclusum
3378 1381 3429 1433 iu
3453 1380 3642 1433 ordine

2064 1476 2262 1532 habere
2294 1475 2636 1545 pontiﬁcum;
2670 1490 2845 1544 neque
2886 1474 3036 1529 Judac
3066 1469 3344 1528 traditoris
3374 1488 3569 1527 nomen
3603 1474 3653 1524 in

2060 1566 2431 1635 apostolorum
2463 1568 2637 1621 choro
2669 1566 3031 1630 introducere,
3054 1565 3170 1620 sive
3201 1563 3508 1620 Jeehoniam
3531 1578 3651 1616 cum

2047 1655 2233 1725 ‘David
2285 1665 2341 1711 et
2379 1656 2595 1712 Samuel
2626 1666 2681 1711 et
2723 1656 3001 1725 prophetis
3043 1669 3455 1709 connumerare.
3490 1655 3651 1718 Quasi

364 1752 528 1807 etiam
558 1753 924 1822 apostolorum
954 1752 1181 1809 chorum
1223 1752 1449 1806 traditor
1477 1752 1559 1807 eis
1588 1765 1951 1806 counumera-
1986 1742 2035 1800 B
2063 1767 2214 1823 vero,
2243 1754 2288 1808 si
2315 1752 2550 1808 Joannes
2572 1750 2642 1807 ab
2676 1751 3056 1807 ecclesiasticis
3087 1749 3254 1802 nutris
3294 1756 3441 1804 esset
3470 1748 3654 1801 exclu-

365 1848 482 1908 tus;
516 1843 823 1898 introducto
847 1852 1023 1897 autem
1055 1844 1271 1898 nomine
1298 1842 1474 1908 Judae,
1506 1842 1596 1896 ubi
1646 1840 1799 1895 nobis
1837 1838 1951 1894 hla-

365 1930 506 1986 thias
546 1933 801 2001 ponitur?
847 1933 903 1989 Si
946 1949 1076 2004 ergo
1118 1948 1299 2000 nemo,
1331 1933 1623 1989 excludens
1654 1931 1906 1987 Mathiam
1931 1971 1949 1999 ,

365 2022 553 2076 scribit
580 2022 770 2078 Judam
801 2024 858 2078 in
892 2025 1257 2094 apostolorum
1287 2022 1477 2091 choro,
1507 2031 1720 2077 maneat
1760 2032 1812 2075 et
1838 2035 1953 2075 ser-

346 2123 526 2168 vetur
554 2130 684 2185 rogo
715 2125 832 2185 post
861 2115 1031 2182 beate
1054 2115 1328 2171 memoriae
1356 2115 1657 2171 Nectarium
1685 2113 1950 2169 secundus

342 2206 557 2275 gradus
602 2208 744 2262 beati
787 2208 1026 2274 Arsacii,
1058 2216 1116 2263 ut
1158 2224 1261 2263 non
1296 2224 1390 2276 per
1419 2208 1729 2262 violentiam
1777 2208 1952 2262 intro-

363 2298 577 2354 ductum
611 2301 769 2371 hujus
791 2317 986 2357 nomen
1010 2302 1266 2358 excludat
1288 2303 1426 2356 beati
1451 2303 1788 2358 memoriam.
1818 2302 1950 2361 Item

363 2392 584 2448 inferius
631 2394 760 2450 dicit
804 2412 816 2447 :
854 2394 972 2450 Non
1024 2394 1187 2465 igitur
1233 2404 1652 2450 conuumeretur
1695 2394 1950 2466 depulsus

358 2484 642 2540 JechOuias
670 2502 791 2541 cum
826 2486 1013 2552 David,
1038 2497 1092 2541 et
1117 2486 1387 2552 Samuele,
1421 2495 1477 2541 et
1505 2488 1822 2555 prophetis;
1855 2504 1951 2543 ne-

361 2592 465 2646 que
487 2578 607 2647 quia
638 2580 821 2650 inepte
843 2581 1042 2648 placuit
1084 2579 1311 2635 Eudoxii
1344 2580 1574 2635 cadaver
1598 2589 1622 2616 ·
1648 2580 1700 2635 iu
1746 2582 1948 2637 sanctis

358 2668 495 2723 locis
520 2670 825 2738 deponere,
858 2672 979 2726 ideo
1006 2680 1061 2726 et
1101 2686 1200 2726 nos
1235 2672 1516 2741 profanum
1560 2673 1695 2727 sicut
1723 2682 1779 2727 et
1806 2690 1937 2730 san-

356 2775 500 2817 ctum
530 2765 948 2819 introducarnus.
998 2783 1018 2817 ι
1055 2765 1179 2819 llaec
1206 2765 1542 2820 amarissima
1575 2764 1715 2820 beati
1757 2764 1947 2837 Cyrilli

359 2854 549 2922 verba,
581 2853 903 2910 Christianis
952 2856 1225 2912 mentibus
1256 2857 1580 2924 aversanda,
1611 2873 1733 2927 qure
1760 2869 1949 2915 contra

355 2945 733 3001 suavissimum
770 2946 1023 3003 Ecclesiae
1058 2958 1299 3017 patrem,
1330 2948 1489 3003 melle
1516 2948 1695 3004 Attico
1738 2950 1948 3005 dulcio-

350 3051 495 3102 rem,
533 3037 618 3091 sui
655 3038 854 3093 oblitus
894 3039 1129 3109 Cyrillus
1167 3040 1387 3106 eﬂudit,
1417 3056 1525 3096 non
1567 3042 1687 3096 sine
1734 3043 1946 3098 tristitia

2058 1859 2172 1910 sus,
2204 1854 2258 1899 et
2283 1844 2447 1901 Judas
2495 1853 2659 1912 atque
2698 1844 2986 1899 Jechouias
3053 1842 3369 1907 batn-ndus,
3411 1841 3650 1910 ipsorum

2057 1933 2278 1989 Patrum
2314 1934 2514 2005 regulis
2542 1934 2853 1989 conveniret
2881 1944 2938 1987 ut
2968 1942 3242 1987 laxaretur
3268 1931 3351 1986 vel
3383 1932 3434 1985 in
3461 1930 3651 1985 ordine

2043 2028 2339 2089 laicorum.
2365 2028 2500 2095 Quia
2528 2043 2658 2083 vero
2688 2044 2790 2082 non
2826 2036 3053 2097 negatur
3071 2026 3311 2081 Joannes
3331 2037 3650 2094 quocunque

2054 2121 2246 2176 ordine
2294 2122 2348 2176 iu
2398 2122 2566 2175 sacris
2597 2120 2865 2193 diptychis
2909 2120 3125 2174 interim
3159 2118 3411 2171 debuisse
3443 2118 3607 2171 laxari
3637 2156 3651 2177 .

2053 2215 2388 2271 sufficienter
2414 2226 2469 2270 et
2497 2216 2664 2284 ipsius
2684 2216 3054 2270 critninatoris
3084 2214 3164 2268 sui
3195 2212 3501 2267 testimonio
3530 2225 3654 2276 pro-

2055 2305 2210 2361 batur
2236 2307 2374 2375 quod
2403 2323 2502 2361 nec
2526 2307 2594 2361 ab
2622 2306 2998 2361 ecclesiasticis
3026 2306 3191 2360 muris
3217 2304 3466 2361 exclusus
3497 2343 3514 2370 ,
3552 2315 3652 2354 nec

2040 2397 2217 2461 .Jttdas
2245 2398 2325 2452 vel
2360 2397 2644 2453 Jechonias
2671 2398 2779 2453 dici
2809 2398 3073 2463 debuerit,
3109 2405 3164 2450 et
3196 2395 3474 2460 profanus.
3512 2393 3645 2445 Cum

2060 2501 2267 2553 autem,
2294 2490 2432 2543 sicut
2458 2489 2710 2553 diximus,
2747 2488 2833 2543 isti
2873 2487 3023 2540 nimii
3054 2486 3343 2540 dilectores
3369 2523 3382 2546 ,
3412 2492 3467 2537 et
3509 2481 3645 2535 ultra

2052 2584 2268 2637 modum
2300 2583 2815 2653 Cyrillisequaces,
2851 2596 2955 2635 non
2985 2587 3276 2646 sequantur
3309 2576 3426 2647 ejus
3459 2591 3644 2630 exeru-

2036 2676 2203 2743 rplum
2234 2678 2287 2729 in
2313 2689 2474 2730 causa
2505 2672 3081 2740 Constantinopolitani
3112 2669 3356 2737 Joannis,
3380 2669 3651 2738 quomodo

2068 2767 2518 2836 incondiscipulo
2566 2767 2682 2834 ejus
2710 2764 2994 2820 Theodoro
3020 2762 3284 2835 Cyrillum
3326 2760 3496 2815 secuti
3534 2759 3648 2814 exi-

2038 2861 2354 2917 .Stimentur
2371 2859 2397 2919 ἶ
2424 2857 2678 2928 lntelligis
2706 2857 2888 2927 igitur,
2923 2859 3181 2926 August",
3212 2858 3353 2924 quod
3388 2854 3647 2908 Ecclesia:

2032 2952 2474 3008 conturbatores
2503 2949 2961 3006 evidentissimam
3008 2947 3408 3011 conniventiam
3454 2960 3607 3000 suam
3629 2987 3643 3009 .

2042 3061 2215 3111 quam
2256 3043 2608 3115 Eutychiauis
2645 3051 2836 3097 contra
2880 3050 3129 3096 sanctum
3177 3038 3467 3101 concilium
3503 3053 3643 3106 prac-

360 3128 535 3184 coaeti
567 3131 881 3199 repetimus,
910 3132 1161 3200 quon’am
1191 3147 1382 3193 causas
1421 3148 1543 3189 cum
1572 3134 1686 3189 suis
1718 3135 1953 3190 auclori-
1976 3115 2023 3179 ο
2056 3145 2223 3201 stant,
2254 3136 2614 3206 nequidquam
2645 3134 2897 3202 exemplo
2931 3133 3070 3188 beati
3106 3132 3292 3203 Cyrilli
3322 3131 3649 3185 obumbrare

365 3221 466 3275 bus
489 3220 600 3292 jam
626 3222 862 3292 sepultas
886 3224 937 3278 in
961 3224 1333 3295 prmjudicium
1354 3225 1810 3284 Chalcedonensis
1828 3242 1951 3284 con-

357 3315 505 3381 cilii,
538 3318 861 3373 resuscitare
902 3318 1119 3386 quidam
1171 3328 1223 3374 et
1256 3321 1323 3375 ad
1367 3323 1743 3380 contentiones
1787 3326 1949 3380 redu-

361 3407 836 3462 cere.volucrunt.
892 3409 1024 3463 Nam
1074 3410 1193 3479 quis
1243 3425 1551 3467 memorare
1575 3428 1681 3468 non
1733 3415 1950 3471 horreat

359 3499 500 3569 quod
529 3500 764 3573 Cyrillus
793 3501 1078 3565 Joannem,
1108 3510 1183 3569 et,
1215 3502 1356 3573 quod
1387 3512 1473 3558 est
1496 3505 1793 3575 crudelius,
1830 3506 1944 3577 jam

328 3591 692 3657 defunctum,
727 3593 860 3661 proh
902 3593 1085 3655 nefas!
1113 3592 1327 3661 JuAdam,
1377 3594 1693 3651 Jechoniam
1716 3639 1732 3663 ,
1764 3599 1947 3667 profa-

339 3697 593 3753 .numque
621 3699 817 3740 vocare
843 3699 949 3739 non
981 3685 1239 3753 trepidat,
1266 3696 1321 3741 et
1350 3702 1475 3742 eum
1521 3687 1809 3746 conferens
1836 3690 1946 3746 Eu-

332 3775 518 3831 doxio
547 3778 707 3848 hujus
734 3778 882 3833 urbis
913 3781 1136 3848 Ariano,
1166 3783 1307 3836 sicut
1350 3781 1541 3846 fertur,
1573 3784 1848 3854 episcopo,
1879 3786 1947 3842 ab

356 3870 739 3925 ecclesiasticis
780 3872 951 3926 muris
982 3872 1111 3927 dicit
1143 3873 1455 3929 exclusum?
1482 3875 1582 3943 Qui
1614 3890 1709 3946 pro
1738 3878 1944 3934 unitate

355 3962 615 4016 servanda
648 3961 903 4018 Ecclesia:
932 3978 1092 4032 quam
1136 3963 1344 4028 dilexit,
1396 3966 1587 4021 maluit
1627 3982 1740 4022 suae
1765 3983 1945 4024 causa

356 4054 496 4110 ferre
536 4055 823 4123 jacturam.
871 4055 1003 4109 Nam
1050 4056 1097 4110 si
1125 4070 1247 4111 eam
1287 4056 1448 4112 vellet
1484 4073 1730 4114 asserere
1755 4100 1772 4125 ,
1803 4060 1946 4115 sicut

354 4154 471 4200 erat
500 4147 623 4201 vitae
660 4146 949 4215 probabilis
1003 4155 1057 4202 et
1101 4146 1362 4203 facundia:
1398 4149 1707 4218 singularis,
1741 4149 1944 4207 habens

326 4237 523 4291 etiam
575 4250 824 4307 magnam
870 4237 1099 4307 gratiam
1143 4238 1324 4308 populi
1362 4239 1685 4305 Christiani,
1714 4242 1798 4297 cui
1848 4256 1945 4311 pro

324 4370 329 4373 Α
354 4328 649 4400 majoribus
669 4330 783 4384 suis
806 4330 1012 4384 meritis
1038 4338 1153 4385 erat
1176 4337 1453 4399 acceptus,
1484 4340 1539 4385 et
1565 4329 1939 4387 defensionem

351 4421 500 4475 sedis
526 4421 864 4489 apostolicae,
894 4420 1012 4475 sine
1043 4420 1197 4490 cujus
1237 4430 1354 4475 erat
1384 4421 1590 4491 judicio
1619 4423 1946 4480 condemna-

2060 3227 2326 3283 uitantur.
2359 3224 2490 3280 Nam
2519 3240 2642 3281 cum
2679 3224 2769 3281 ille
2806 3222 3068 3279 Joannem
3100 3222 3242 3276 dicat
3285 3223 3561 3291 profanum
3596 3231 3648 3277 et

2052 3320 2122 3374 ab
2150 3316 2529 3374 eccleSiasticis
2577 3316 2747 3373 muris
2789 3316 3104 3379 exclusum,
3137 3313 3223 3367 isti
3260 3327 3383 3368 eum
3428 3312 3648 3372 habent,

2046 3411 2194 3469 sicut
2226 3409 2504 3466 habendus
2532 3418 2636 3476 est,
2670 3409 2845 3465 virum
2874 3406 3249 3463 admirabilem
3279 3420 3332 3462 et
3356 3406 3647 3461 maximam

2052 3505 2279 3575 gloriam
2296 3503 2642 3569 'merentem;
2672 3502 3018 3557 Theodorum
3044 3516 3172 3555 vero
3195 3499 3481 3555 cumidem
3504 3498 3647 3554 dicat

2032 3598 2228 3664 ,virum
2257 3596 2633 3651 admirabilem
2660 3603 2717 3649 et
2744 3593 3033 3649 maximam
3064 3593 3290 3663 gloriam
3321 3601 3645 3653 merentem,

2056 3693 2148 3749 isti
2177 3706 2300 3746 eum
2323 3688 2528 3744 habere
2555 3688 2745 3743 volunt
2780 3685 3060 3757 profanum
3093 3694 3148 3740 et
3175 3685 3242 3740 ab
3268 3683 3646 3740 ecclesiasticis

2053 3785 2220 3842 muris
2250 3782 2548 3840 exclusum.

2687 3908 2915 3965 CAPUT
2953 3908 3019 3964 ll.

2052 4029 2204 4096 Quod
2229 4029 2280 4082 in
2324 4024 2582 4080 Theodori
2607 4023 2951 4096 damnatione
2968 4018 3218 4096 Cyrillum
3246 4018 3391 4089 sequi
3431 4034 3530 4096 non
3556 4017 3644 4070 de-

2122 4102 2288 4163 beant,
2312 4114 2427 4151 cum
2467 4097 2611 4151 illum
2652 4097 2707 4147 in
2739 4094 2954 4147 Diodori
2982 4092 3310 4145 damnatione
3337 4090 3518 4163 ruerito
3546 4106 3646 4143 non

2118 4161 2418 4241 sequantur,
2441 4184 2591 4241 quem
2618 4166 2801 4241 Patres
2826 4174 2885 4241 _et
2920 4164 3174 4241 principes
3197 4161 3479 4241 orthodoazi
3503 4175 3647 4241 corn-

2118 4229 2517 4305 mendampsoli
2568 4236 2932 4305 Apolinaristw
2979 4229 3206 4287 hau-elici
3261 4249 3377 4287 cum
3432 4229 3646 4286 Juliano

2119 4315 2373 4383 Apostata
2396 4312 2708 4379 vituperant.

2122 4428 2261 4495 Quid
2290 4426 2452 4483 etiam
2476 4424 2638 4493 quod,
2673 4422 2812 4476 sicut
2831 4420 2940 4489 jam
2968 4418 3387 4499 memoravimus
3407 4459 3422 4484 ,
3456 4417 3526 4472 ita
3557 4417 3643 4472 dl-

354 4520 459 4575 tns,
487 4511 640 4566 facile
661 4524 840 4580 posset
860 4511 1106 4566 obtinere
1132 4511 1438 4581 victoriam,
1462 4529 1581 4583 qua:
1602 4514 1755 4569 illum
1780 4518 1940 4570 etiam
1975 4502 2026 4563 Ι)
2049 4533 2177 4578 cum
2204 4521 2273 4576 ab
2292 4519 2480 4575 eodem
2498 4516 2701 4587 Cyrillo
2720 4513 3106 4583 reprehensum
3130 4527 3251 4567 esse
3277 4511 3645 4576 Theodorum,

353 4603 647 4674 fugientem
677 4613 759 4659 est
786 4612 1070 4673 persecuta
1117 4614 1235 4672 post
1273 4613 1525 4659 mortem.
1561 4606 1667 4661 Sed
1698 4616 1943 4662 metuens

310 4743 319 4751 .
351 4711 457 4761 ue,
490 4695 772 4751 absolutus
826 4696 1053 4751 aliorum
1096 4694 1301 4766 judicio
1328 4736 1342 4761 ,
1393 4712 1487 4766 per
1525 4697 1941 4757 obstinationem

349 4788 782 4845 adversariorum
804 4803 1025 4845 suorum
1046 4805 1155 4847 non
1175 4791 1508 4859 reciperetur
1529 4793 1599 4849 ab
1615 4794 1758 4859 aliis,
1781 4805 1943 4865 atque

318 4924 319 4929 η
351 4880 423 4935 ita
454 4881 776 4950 quibusdam
804 4883 856 4937 ei
877 4886 1427 4950 communicantibus,
1458 4887 1781 4957 quibusdam
1814 4907 1944 4948 vero

318 5024 319 5031 η
350 4976 726 5032 aversantibus
751 4978 868 5047 ejus
897 4980 1332 5034 communionem
1352 5017 1368 5044 ,
1400 4978 1640 5036 Ecclesia
1672 4982 1945 5040 scindere-

352 5077 459 5133 tur,
497 5083 594 5138 pro
620 5070 777 5140 cujus
804 5070 1034 5125 utilitate
1063 5072 1270 5126 sciebat
1297 5085 1356 5126 se
1386 5071 1695 5139 episc0puut
1719 5075 1938 5144 factum,

350 5207 657 5286 [φῶτας-,τήν
674 5202 897 5286 Ἰωάνηρυ
921 5206 1264 5286 τιςροσηγρρίαν
1279 5212 1387 5266 τοῖς
1409 5205 1837 5286 ἔκχλησιασςτικοῖς
1861 5211 1938 5268 δι-

349 5273 521 5351 ᾂύροιςζ
551 5277 795 5351 Mem-rs.
822 5273 1053 5351 Cyrillus
1098 5273 1260 5351 idem
1288 5286 1493 5351 postea,
1534 5280 1806 5351 κατάλογον
1834 5290 1935 5337 τῶν

316 5390 317 5393 η
350 5346 658 5426 ἐπέσκὸπων,
690 5347 813 5415 quia
858 5348 910 5401 in
940 5346 1208 5418 diptychis
1248 5348 1501 5416 inscripta
1541 5361 1694 5405 erant
1723 5346 1935 5409 nomina

351 5430 748 5486 epischtorutn.

318 5488 325 5491 ⁴
356 5556 384 5560 *γ
426 5498 449 5522 ιι
486 5486 709 5560 Ariani,
741 5487 972 5558 episcopi
997 5486 1594 5560 Constantinopolitani.
1627 5492 1797 5560 llujus
1846 5511 1933 5550 re-

356 5556 544 5625 liquias
586 5558 635 5611 in
682 5556 1045 5627 apostolorum
1091 5561 1287 5628 templo
1318 5559 1565 5613 conditas
1598 5556 1763 5617 fuisse
1797 5569 1931 5619 scri-

355 5640 531 5698 pserat
558 5629 768 5684 Atticus
791 5645 804 5682 :
834 5630 958 5686 Οὐδέ
986 5632 1085 5706 γάρ
1122 5652 1171 5685 τι
1198 5633 1281 5687 τὸν
1309 5630 1465 5688 Δαϐὶδ
1492 5629 1714 5705 ἔϐλαψεν
1743 5636 1772 5693 ἡ
1796 5634 1931 5693 5'er-

427 5770 447 5802 ⁸
485 5770 617 5827 Cod.
655 5770 1227 5839 Veron.,damnurent.

2051 4626 2112 4673 ut
2158 4624 2406 4671 sanctum
2460 4626 2677 4683 quoque
2736 4608 3067 4675 Diodorum,
3105 4607 3421 4677 magistrum
3484 4605 3648 4675 ipsius

2026 4707 2357 4771 .Theodori,
2403 4707 2605 4775 pariter
2642 4702 2710 4757 ab
2747 4716 2813 4757 eo
2842 4709 2897 4756 et
2938 4701 2993 4755 in
3050 4704 3239 4756 eadem
3280 4714 3440 4753 causa
3468 4699 3647 4754 dicant

2049 4803 2219 4875 fuisse
2245 4799 2553 4871 culpatum?
2582 4797 2638 4852 Si
2670 4798 2832 4866 igitur
2858 4794 3229 4849 auctoritatem
3254 4792 3442 4863 Cyrilli
3472 4791 3643 4845 secuti

2028 4904 2192 4961 .sunt,
2226 4894 2570 4949 Theodorum
2593 4888 2955 4952 damnantes’,
2983 4901 3282 4955 quanquam
3313 4884 3496 4937 dicere
3528 4898 3639 4936 nou

2051 4989 2292 5043 audeant
2316 4984 2459 5055 quod
2483 4984 2577 5039 ille
2604 4980 2888 5036 Theodoro
2914 4979 3198 5032 anathema
3229 4975 3446 5037 dixerit,
3478 4975 3635 5044 cujus

2026 5083 2208 5137 etiam
2230 5079 2427 5147 scripta
2452 5073 2908 5132 anathematizare
2937 5067 3228 5142 prohibuit.
3247 5081 3413 5137 quare
3439 5074 3640 5129 tamen,

2044 5239 2142 5304 μσς
2168 5224 2259 5272 τοῦ
2289 5216 2445 5272 Σαοὺλ
2473 5213 2673 5304 tudini“
2698 5210 2835 5304 οὔτε,θ
2852 5212 2975 5304 ἰοὺς
3005 5206 3328 5297 δεπτζστρλῳς
3353 5203 3505 5304 ira;
3555 5215 3642 5294 tot)

2024 5274 2235 5361 ’Ἀρείου
2258 5289 2501 5361 ἀσεϐείας
2518 5285 2710 5361 ὀπαδόξ
2736 5279 2989 5361 Εὐξόξξος,
3016 5280 3115 5361 ὑπὸ
3136 5280 3258 5361 ρώῖὸ
3278 5274 3336 5330 τὸ
3362 5279 3642 5361 dunaria}-

2042 5346 2152 5434 ptes
2176 5365 2420 5434 κάμινος.
2455 5346 2603 5410 Nihil
2630 5357 2763 5408 enim
2794 5352 2978 5434 pauidi
3007 5347 3483 5434 obluit/tonoruica
3504 5346 3639 5434 sgn-

2045 5416 2110 5484 lis
2131 5416 2416 5496 sepultura,
2434 5443 2590 5494 neque
2613 5422 2859 5494 apostolis
2873 5423 2979 5496 Arii
3008 5416 3281 5496 impietatis
3308 5427 3533 5496 sectator
3546 5416 3639 5472 Eu.

2043 5487 2229 5555 domins
2263 5500 2353 5552 sub
2385 5487 2549 5569 ipsum
2596 5487 2759 5569 altare
2783 5492 3177 5569 condit_ns._l|oc
3207 5505 3334 5569 ergo
3356 5497 3422 5569 ut
3448 5487 3635 5569 ᾁξίκως

2044 5584 2093 5627 et
2123 5581 2304 5626 euritra
2338 5557 2569 5624 canones
2603 5568 2796 5621 factum
2831 5565 3023 5619 merito
3056 5560 3323 5631 improbat
3352 5557 3612 5631 Cyrillus.
