4114 6502
488 225 583 280 till

1588 211 1885 272 FACUNDI
1925 210 2139 270 EPISC.
2172 211 2680 270 ιιειιιιιΑΝεκειδ

3685 213 3796 270 (512

491 357 600 398 non
632 337 920 396 Diodorum
950 348 1162 408 quoque
1209 330 1646 388 damnaverant?
1667 331 1760 385 (tu
1792 331 1922 400 qia
1969 328 2088 397 ipse
2120 329 2170 388 Δ
2191 340 2354 382 ausos
2393 326 2562 384 fuisse
2605 325 2971 384 condemnare
3025 326 3240 384 beatum
3286 323 3610 393 Diodorum.
3649 343 3798 396 quti-

492 448 601 487 non
632 439 716 486 est
745 429 992 485 laudatus
1018 428 1069 481 in
1096 423 1520 480 Clialcedoncnsi
1541 423 1794 486 concilio,
1829 435 2098 478 unum.

491 525 868 596 iudicaverunt
921 533 1046 575 esse
1091 516 1495 581 damnandum;
1552 514 1894 570 Theodorum
1954 527 2089 569 vero

493 619 904 681 damnaverunt,
935 611 1058 683 quia
1085 621 1142 667 et
1167 611 1223 666 in
1251 609 1482 680 epistola
1512 608 1618 664 lbos
1643 621 1810 678 quam
1845 621 2092 676 pronun-

490 711 645 767 tiavit
682 707 1078 773 orthodoxam,
1110 715 1167 762 et
1207 707 1261 760 in
1295 705 1532 760 decretis
1571 702 1764 776 synodi
1792 701 2092 758 Orientalis

489 816 612 872 qua:
640 799 960 870 approbavit
1003 796 1146 853 idem
1176 795 1618 852 Chalcedonense
1641 793 1931 851 concilium
1953 833 1970 859 ,
2007 793 2094 848 in-

489 893 704 948 venitur
729 891 998 958 laudatus,
1031 899 1090 945 ut
1113 889 1490 946 auctoritatem
1536 889 1706 958 ipsius
1739 886 1952 942 concilii
1984 885 2090 940 ltu-

502 1001 563 1040 us
578 984 928 1039 damnatione
943 982 1254 1038 calcarent?
1282 983 1356 1037 Ita
1381 981 1540 1051 plane
1561 989 1667 1045 est,
1691 989 1746 1034 et
1764 980 1868 1034 hoc
1890 990 2092 1048 negare

493 1079 669 1132 nullus
707 1076 926 1147 sapiens
973 1086 1171 1146 potest.
1204 1074 1340 1130 Nam
1372 1075 1520 1144 prius
1551 1074 1735 1142 utique
1759 1080 1819 1127 et
1851 1070 2085 1142 amplius

496 1174 811 1242 magistrum
859 1172 978 1240 ejus
1021 1171 1313 1224 Diodorum
1357 1169 1715 1236 damnarent,
1744 1165 1900 1221 velut
1939 1179 2092 1219 com-

494 1264 672 1318 muuis
721 1263 923 1317 erroris
960 1271 1255 1318 auctorem.
1315 1261 1508 1316 Verum
1556 1275 1656 1328 ego
1693 1272 1945 1330 promere
1981 1271 2092 1310 non

492 1357 779 1422 omittam,
830 1354 1202 1424 qualecunque
1245 1351 1376 1407 illud
1421 1361 1536 1418 est,
1593 1350 1740 1420 quod
1792 1351 1880 1404 liie
1920 1348 2091 1402 videri

494 1459 673 1521 potest
717 1464 904 1504 eorum
953 1447 1256 1503 defensioni
1293 1455 1625 1515 competere.
1658 1443 1924 1498 Fortassis
1950 1443 2094 1498 enim

494 1545 738 1598 dicentes
776 1556 792 1594 :
837 1540 892 1596 Si
954 1538 1071 1608 quis
1133 1553 1239 1592 non
1277 1535 1697 1592 anathematizat
1749 1533 2094 1588 Theodotum

497 1636 834 1706 Mopsuestia:
859 1643 912 1689 et
941 1634 1060 1702 ejus
1084 1633 1357 1702 dogmata.
1391 1632 1445 1685 in
1489 1645 1557 1684 eo
1581 1629 1726 1699 quod
1757 1627 2094 1697 adjecerunt,

2193 421 2374 490 niani,
2423 419 2565 476 sicut
2609 428 2666 475 ct
2711 419 2936 474 inferius
2985 418 3367 486 ostendemus,
3427 420 3689 488 optimum
3743 430 3805 475 et

2192 511 2490 568 illam
2534 511 2905 568 testimonium
2949 509 3111 566 habet
3157 511 3328 568 sancti
3365 509 3686 581 Athanasii,
3739 524 3800 570 et

2193 607 2340 662 Petri
2380 616 2542 677 atque
2566 605 2836 666 Timothei
2860 605 3352 662 Alexandrinorum
3378 607 3677 664 antistitum
3692 648 3713 674 ,
3739 619 3806 664 et

2193 697 2375 753 Basilii
2397 698 2840 763 (Ecsariatsismt
2867 697 3092 754 Joannis
3113 697 3716 768 Constantinopolim,
3740 710 3805 758 et

2201 789 2487 858 Epiphanii
2513 787 2733 858 Cyprii,
2761 799 2816 845 et
2841 790 3234 858 episcoporum.
3251 787 3628 862 ﬂagitiorum
3651 832 3673 858 ,
3703 793 3801 861 qui

2197 881 2252 936 in
2276 881 2524 936 exsilium
2553 882 2773 952 relegati
2802 897 2832 935 a
2865 880 3090 936 Valente
3109 879 3442 950 imperatore
3469 881 3706 947 iuuant.
3733 894 3800 940 et

2193 989 2228 1028 c
2250 973 2409 1029 ancilii
2437 983 2655 1030 ceruum
2702 974 3089 1044 quinquaginta
3130 971 3470 1030 sacerdotum
3497 1018 3513 1044 ,
3549 976 3646 1046 qui
3670 991 3804 1034 cum

2193 1068 2314 1139 ipso
2337 1071 2572 1126 Diodoro
2598 1072 2651 1125 in
2677 1073 2816 1128 hanc
2845 1073 3036 1129 urbem
3060 1083 3249 1129 contra
3275 1072 3642 1131 lacedouium
3667 1088 3812 1129 cun-

2191 1172 2478 1228 renerant,
2507 1163 2706 1235 quibus
2735 1165 2900 1218 tantis
2925 1179 2993 1220 ac
3031 1163 3230 1221 talibus
3263 1165 3502 1234 Cyrillua
3545 1180 3649 1220 non
3679 1175 3802 1222 erat

2199 1254 2567 1324 praeferendus
2587 1298 2606 1321 ,
2635 1257 2828 1311 omitto
2873 1271 3016 1313 mmo
3057 1257 3412 1324 respondere,
3436 1258 3582 1328 quod
3609 1274 3716 1316 nec
3743 1259 3800 1315 in
3891 1323 3895 1326 ,

2197 1359 2359 1399 musa
2389 1344 2662 1400 Theodori
2689 1347 2841 1402 solus
2866 1345 3103 1418 Cyrillus
3135 1348 3299 1402 tantis
3338 1347 3619 1412 Patribus.
3651 1367 3804 1420 quo-

2202 1449 2320 1488 rum
2369 1445 2424 1490 et
2460 1435 2550 1490 ille
2589 1437 2901 1492 testimonio
2939 1439 3387 1502 commendatur,
3433 1440 3677 1506 praeferri
3705 1444 3796 1498 ilc-

2203 1526 2399 1582 buerit.
2449 1527 2566 1582 Hoc
2602 1543 2766 1584 unum
2817 1528 3034 1584 interim
3075 1538 3264 1597 teneo,
3311 1533 3568 1601 quoniam
3593 1543 3649 1587 et
3699 1534 3806 1602 ipsi

2204 1616 2429 1683 docent,
2458 1617 2606 1688 justa
2647 1620 2862 1676 ratione
2885 1621 3156 1686 dictante,
3184 1622 3328 1678 beati
3357 1622 3540 1695 Cyrilli
3569 1639 3630 1680 se
3656 1625 3806 1696 judi-

495 1701 697 1800 cosque
727 1729 816 1798 qui
859 1735 951 1781 aut
974 1701 1175 1780 similia
1206 1727 1256 1780 ei
1301 1733 1598 1794 sapueruut
1619 1762 1637 1788 ,
1666 1733 1912 1776 sanetum
1961 1719 2090 1774 Dio—
2131 1707 2181 1768 Β
2207 1709 2356 1764 cium
2386 1701 2690 1780 reliquisse.
2725 1712 3054 1783 incipiamus
3075 1713 3267 1785 itaque
3288 1716 3396 1784 iam
3423 1717 3806 1786 praedictorum

493 1823 682 1877 dorum
711 1820 934 1890 intelligi
967 1819 1202 1873 voluisse
1247 1810 1519 1872 dicentur.
1551 1814 1662 1871 Sed
1690 1828 1807 1880 cur,
1831 1813 2086 1880 obsecro,

2208 1801 2597 1856 venerabilinm
2649 1801 2866 1858 Patrum
2901 1804 3208 1860 testimonia
3251 1821 3580 1877 recensere,
3599 1811 3805 1879 quibus

504 1917 551 1971 si
596 1913 970 1970 auctoritatem
1001 1915 1016 1943 ⁸
1047 1911 1217 1966 secuti
1246 1919 1376 1966 sunt
1412 1909 1560 1964 beati
1598 1906 1818 1979 Cyrilli,
1851 1907 2021 1976 magis
2048 1913 2093 1961 et

2206 1891 2613 1948 commendatur
2638 1893 2924 1961 Diodorus,
2945 1910 3108 1964 quem
3133 1911 3259 1951 cum
3283 1896 3581 1956 Theodoro
3601 1903 3806 1970 pariter

494 2008 644 2076 prius
677 2006 943 2062 Diodorus
973 2003 1231 2072 magister
1276 2001 1394 2072 ejus
1436 2003 1742 2056 nominatus
1789 2013 1897 2054 non
1921 2001 1942 2031 '
1980 2008 2098 2064 est,

499 2108 560 2154 ut
590 2101 659 2153 ita
703 2098 894 2152 saltem
952 2096 1368 2160 decerneretur;
1399 2094 1444 2150 si
1473 2094 1596 2164 quis
1625 2107 1732 2148 non
1778 2089 2100 2147 anathema-

496 2197 630 2247 tizat
659 2189 951 2246 Diodorum
980 2199 1036 2244 et
1062 2188 1183 2259 ejus
1210 2186 1481 2256 dogmata,
1505 2185 1790 2239 anathema
1819 2184 1920 2251 sit,
1951 2183 2102 2238 velut

494 2282 691 2354 quibus
725 2281 866 2335 male
893 2278 1241 2334 Theodorum
1269 2276 1470 2332 dicitur
1499 2275 1792 2341 imbuisse;
1818 2283 1876 2331 et
1894 2273 2093 2332 deinde

493 2384 831 2449 sequeretur,
859 2387 1064 2444 eosque
1091 2372 1187 2442 qui
1218 2381 1315 2426 aut
1339 2369 1534 2426 similia
1565 2371 1616 2424 ei
1643 2376 1973 2438 sapuerunt,
2004 2377 2098 2424 aut

493 2469 729 2540 sapiunt.
762 2467 914 2524 Nunc
941 2477 1121 2522 autem
1148 2465 1203 2520 in
1233 2464 1524 2520 Theodoro
1551 2463 1671 2534 ejus
1699 2463 1964 2534 discipulo
1995 2464 2080 2520 in.

493 2559 664 2618 tentio
702 2569 889 2632 aperta
925 2567 982 2614 et
1024 2557 1308 2613 manifesta
1353 2556 1638 2626 dirigitur,
1668 2554 1933 2612 Diodorus
1961 2567 2092 2610 vero

2205 1997 2262 2040 et
2289 1987 2340 2040 in
2370 1985 2563 2042 eadem
2591 2002 2755 2045 causa
2800 1989 3076 2058 culpatum
3101 1989 3296 2046 dicunt
3323 2006 3355 2045 ιι
3393 1992 3630 2064 Cyr-illo,
3653 1995 3809 2051 velut

2203 2091 2269 2132 ea
2297 2077 2583 2134 docentem
2615 2094 2736 2148 quae
2758 2078 3036 2137 Nestorius
3063 2080 3242 2151 doctth
3267 2098 3286 2138 :
3311 2084 3516 2153 utquia
3542 2085 3659 2141 sine
3686 2102 3807 2141 uia-

2201 2173 2382 2242 gistro
2426 2187 2525 2228 suo
2569 2187 2693 2228 cum
2737 2187 2846 2243 quo
2885 2173 2964 2228 illi
3007 2189 3171 2232 causa
3204 2177 3505 2232 communis
3539 2186 3654 2242 est,
3693 2193 3808 2235 non

2207 2266 2381 2336 potuit
2397 2265 2544 2336 juste
2572 2265 2890 2321 Theodorus
2911 2265 3266 2323 condemnari
3292 2309 3309 2335 ,
3338 2283 3462 2328 cum
3493 2269 3810 2338 probaveri-

2203 2372 2328 2413 mus
2357 2357 2652 2414 Diot'lorum
2706 2371 2814 2412 non
2863 2372 2989 2414 esse
3029 2358 3394 2415 damnandum
3421 2401 3440 2426 ,
3489 2360 3661 2416 multo
3687 2375 3811 2417 ain-

2205 2451 2346 2522 plius
2372 2450 2716 2506 manifestum
2755 2451 2854 2507 ﬁat
2891 2451 3144 2508 omnibus
3181 2467 3282 2522 pro
3325 2452 3446 2509 solo
3492 2453 3810 2524 praeiudicio

2215 2540 2408 2614 synodi
2459 2539 2921 2598 Chalcedonensis
2943 2581 2964 2610 ,
3012 2542 3196 2612 inique
3241 2542 3588 2600 Theodorum
3638 2544 3809 2602 tubae

2217 2635 2552 2692 damnatum.
2588 2636 2784 2692 Beatus
2817 2637 2980 2707 igitur
3007 2635 3335 2696 Athanasius
3379 2638 3454 2694 ita
3501 2651 3808 2698 memorato

2211 2738 2399 2784 sancto
2427 2728 2660 2784 Diodoro
2681 2730 2868 2785 scribit
2895 2746 2912 2786 :
2945 2747 2966 2782 ι
2999 2727 3226 2786 Domino
3245 2744 3372 2786 meo
3399 2730 3513 2784 tilio
3530 2739 3588 2787 et
3605 2745 3798 2787 aman-

2206 2823 2419 2880 tissimo
2440 2823 2850 2890 consacerdoti,
2880 2823 3136 2894 episcopo
3161 2822 3316 2879 Tarsi
3339 2823 3602 2891 Dicdum,
3631 2825 3808 2882 Attia-

493 2668 602 2709 non
631 2650 1031 2717 dinumeratur,
1063 2648 1149 2705 vel
1181 2648 1229 2704 si
1270 2657 1325 2703 et
1363 2648 1480 2718 ipse
1501 2645 1922 2717 subintelligitur
1945 2644 2104 2704 abdi-

494 2746 722 2801 candus.
755 2742 961 2800 Deinde
999 2742 1079 2798 sic
1104 2739 1295 2798 beatus
1325 2739 1559 2812 Cyrillus
1605 2739 1658 2794 in
1699 2739 2103 2794 accusationem

495 2837 663 2893 sancti
711 2834 927 2891 Diodori
971 2833 1175 2904 aliquid
1214 2833 1502 2902 scripsisse
1527 2831 1748 2898 dicitur,
1790 2839 1850 2886 ut
1877 2830 2015 2886 nihil
2045 2833 2101 2887 in

498 2931 619 2999 ejus
672 2927 1050 2985 defensionem
1093 2924 1379 2994 scripsisse
1405 2924 1650 2990 dicatur;
1704 2925 1758 2979 in
1803 2923 2105 2980 accusatio-
2191 2915 2400 2971 -nasius
2426 2913 2480 2969 in
2509 2913 2740 2969 Domino
2767 2913 3258 2971 salutem.Gr-atias
3293 2915 3522 2970 Domino
3550 2930 3694 2982 meo,
3713 2918 3810 2987 qui
3845 2915 3856 2919 ’

431 3040 444 3054 .
497 3035 622 3075 ,ω
643 3033 778 3074 m
799 3015 1074 3074 ῃωάοεε
1107 3017 1199 3071 ,δι
1235 3015 1438 3084 ,ἥψω
1479 3012 1767 3086 suam
1796 3014 2018 3084 dicitur,
2043 3021 2102 3070 ιιι
2208 3006 2516 3077 ubicunque
2543 3019 2698 3062 suam
2739 3006 3046 3064 doctrinam
3089 3005 3298 3076 tundat,
3341 3016 3402 3063 et
3441 3007 3680 3064 maxime
3709 3025 3809 3078 per

498 3113 666 3166 etiam
713 3111 768 3165 in
815 3110 938 3181 ejus
984 3107 1360 3164 defensionem
1738 3115 2095 3163 Mr.
2132 3092 2180 3157 C
2211 3097 2351 3154 ﬁlios
2371 3097 2643 3167 proprios,
2670 3099 2892 3167 qualem
2926 3104 2985 3153 et
3013 3107 3065 3153 te
3107 3098 3284 3168 ipsum
3325 3113 3413 3154 res
3445 3099 3556 3168 ipsa
3585 3099 3812 3154 dmon-

495 3204 714 3259 Clarum
762 3212 846 3257 est
885 3201 1100 3272 itaque,
1136 3201 1182 3255 si
1220 3199 1408 3254 videre
1449 3200 1680 3255 velimus
1701 3197 1744 3263 ³,
1784 3197 1932 3269 quod
1977 3213 2093 3269 prc-

2223 3199 2382 3245 utit.
2411 3189 2628 3245 Etenim
2651 3197 2939 3259 antequam
2981 3190 3248 3245 scriberet
3275 3199 3456 3245 vestra
3481 3195 3809 3257 reverentia,

505 3307 710 3366 pteiea,
753 3310 862 3348 non
906 3293 1255 3348 denominato
1298 3289 1575 3357 Diodoro,
1607 3291 1949 3346 Theodorum
1973 3306 2099 3347 cum
2211 3281 2568 3352 omni“
2615 3292 2821 3353 ginta
2863 3282 3036 3353 gratia
3082 3279 3226 3338 facta
3274 3294 3356 3338 est
3407 3282 3462 3338 in
3508 3283 3654 3355 Tyro
3701 3301 3800 3355 per

495 3391 613 3443 suis
643 3386 1005 3457 dogmatibus,
1035 3393 1092 3441 et
1115 3399 1212 3441 eos
1235 3386 1328 3454 qui
1349 3385 1403 3441 ei
1436 3399 1543 3441 non
1571 3385 1759 3440 dicunt
1779 3385 2092 3450 anathema,
2211 3384 2360 3430 "tam
2406 3376 2906 3444 perseverantia;
2955 3385 3014 3431 αι
3051 3376 3454 3447 mandemus
3504 3377 3631 3444 tibi.
3679 3382 3809 3449 quia

499 3478 910 3544 damnaverunt,
941 3477 1064 3548 quia
1094 3476 1345 3532 laudatus
1391 3486 1554 3532 estet
1595 3479 1648 3533 in
1679 3477 1905 3547 epistola
1935 3493 2101 3536 vene-
2191 3475 2307 3539 ’ρει
2337 3477 2390 3526 ιθ
2415 3469 2671 3539 εοϐιιονίι
2695 3480 2753 3524 εί
2779 3468 2958 3540 Tyrus
2983 3469 3438 3526 mm
3463 3469 3704 3542 βίαι-θύει
3741 3472 3814 3526 Et

507 3569 696 3624 rabilis
727 3569 834 3625 ibas
860 3583 1020 3639 quam
1048 3567 1292 3640 synodus
1322 3567 1691 3639 pronuntiavit
1713 3583 1769 3622 οι
1784 3570 2103 3639 thodoxam,
2206 3578 2311 3633 ego
2331 3563 2550 3634 quidem
2575 3563 2920 3619 occasionem
2959 3577 3250 3620 assumens
3275 3566 3474 3634 scripsi
3519 3565 3647 3635 tibi,
3669 3569 3814 3624 dile-

501 3671 558 3716 et
583 3660 646 3716 in
678 3661 919 3731 epistolis
943 3660 1305 3716 Orientalium
1335 3661 1558 3718 Patrum
1586 3661 1781 3733 quibus
1811 3663 2104 3719 auctorita-
2213 3662 2464 3720 ctissime
2485 3673 2542 3720 et
2568 3661 2960 3718 amantissime.
2993 3659 3076 3717 Tu
3097 3675 3231 3717 vero
3258 3663 3534 3732 quomodo
3555 3677 3648 3720 me
3669 3667 3818 3722 sai-

508 3764 616 3810 tcm
647 3753 970 3823 praecipuam
1003 3752 1216 3808 detulit.
1270 3753 1522 3824 Alioquin
1541 3795 1556 3819 ,
1585 3755 1633 3808 si
1663 3769 1824 3810 error
1850 3756 2105 3812 conside—
2208 3755 2376 3812 beate
2394 3769 2506 3810 non
2533 3754 2865 3824 rescripsisti
2886 3796 2900 3819 ,
2943 3755 3170 3810 miratus
3197 3769 3341 3810 sum.
3372 3756 3560 3826 itaque
3600 3771 3708 3810 non
3731 3759 3814 3815 sis

503 3857 656 3901 retur
682 3845 769 3917 qui
797 3849 960 3901 luisse
985 3845 1228 3915 jactatnr
1254 3847 1561 3913 amborum,
1593 3847 1732 3901 idem
1769 3846 1984 3902 Diodori
2013 3849 2103 3918 qui
2213 3849 2395 3919 segnis
2424 3849 2666 3903 scribere
2705 3846 2989 3911 continue;
3017 3846 3196 3902 sciens
3223 3846 3348 3915 quia
3385 3847 3526 3903 sicut
3555 3848 3698 3902 tilias
3723 3863 3813 3904 re-

499 3938 773 3994 ‘i‘lteodori
823 3938 1044 3992 dicitur.
1081 3937 1138 3993 Si
1172 3952 1405 4006 persona
1460 3938 1704 4005 magistri
1744 3947 1905 4006 atque
1935 3931 2102 3994 disci-
2207 3942 2489 4011 quiescere
2519 3955 2606 3995 nte
2633 3941 2765 3995 lacis
2792 3950 3003 4010 patrem
3030 3979 3044 4004 ,
3077 3949 3132 3995 et
3173 3939 3314 3994 sicut
3355 3952 3532 4008 praeco
3556 3941 3802 3997 veritatis

507 4032 649 4101 puli,
680 4040 773 4084 aut
805 4032 977 4098 solus,
1013 4043 1104 4082 aut
1135 4030 1284 4098 prius
1316 4028 1634 4084 nominatim
1661 4029 2102 4087 condemnandus
2207 4033 2614 4104 sitpeilaetiticas
2635 4048 2742 4088 use.
2770 4033 2835 4087 Et
2861 4032 2995 4086 nihil
3019 4033 3318 4088 contendas
3339 4032 3598 4090 adversus
3630 4035 3808 4090 haere-

501 4131 621 4177 crat
640 4134 830 4178 austor
859 4122 1085 4177 erroris.
1115 4121 1170 4176 Si
1205 4122 1504 4177 auctoiitas
1545 4122 1686 4176 beati
1725 4122 1948 4192 Cyrilli,
1977 4124 2104 4178 Dio-
2205 4129 2365 4195 tiens,
2392 4125 2488 4181 sed
2509 4127 2728 4181 silentio
2752 4126 3132 4180 verbositatem
3167 4125 3380 4181 illorum
3406 4139 3623 4196 supera,
3651 4143 3813 4180 man-

503 4213 670 4267 dorus
701 4213 982 4267 evidenter
1005 4221 1059 4267 et
1084 4210 1204 4266 sine
1231 4211 1577 4282 ambiguitate
1610 4213 1938 4282 culpandus;
1973 4229 2103 4268 θυη-
2207 4219 2492 4274 suetudine
2517 4217 2794 4270 malitiam.
2815 4214 2910 4272 Sic
2926 4216 3073 4271 enim
3097 4229 3279 4272 sermo
3309 4225 3457 4282 tuus,
3481 4216 3600 4272 sale
3623 4218 3814 4272 condi-

507 4315 585 4358 tra
615 4320 779 4375 quem
827 4322 852 4359 s
875 4320 906 4359 c
949 4304 1131 4358 invehi
1179 4304 1394 4370 dicitttr,
1430 4316 1484 4358 ut
1516 4320 1610 4374 pro
1660 4305 1755 4360 illo
1813 4323 1916 4361 non
1949 4309 2102 4363 inve-
2208 4322 2314 4376 tus,
2349 4311 2569 4366 habebit
2593 4311 2818 4381 gratiam
2846 4327 2859 4364 :
2887 4311 2959 4364 illi
3003 4320 3184 4365 autem
3225 4311 3366 4380 apud
3397 4313 3640 4365 omnium
3681 4325 3812 4366 con-

503 4397 684 4451 niatur
737 4397 840 4450 alia
890 4396 1076 4468 Cyrilli
1128 4399 1418 4453 sententia.
1471 4400 1578 4454 Cur
1625 4401 1792 4470 igitur
1839 4401 2100 4458 adversus
2209 4405 2490 4460 scientiam
2523 4405 2900 4474 culpabuntur.
2936 4421 2956 4455 ι
2990 4403 3124 4470 Quid
3156 4403 3242 4457 hic
3263 4401 3508 4458 decernit
3525 4411 3706 4457 vestra
3733 4402 3810 4472 ju-

506 4488 850 4543 Tbeodnrum
877 4491 1057 4555 nimis,
1081 4489 1339 4544 adversus
1363 4490 1653 4547 Diodorum
1683 4492 1860 4548 nihil?
1890 4495 2023 4560 Quis
2048 4495 2098 4550 in
2129 4483 2181 4545 D
2209 4499 2352 4555 stitia
2371 4541 2388 4567 ,
2432 4499 2784 4554 scretiissime
2839 4498 3172 4566 imperator?
3225 4497 3536 4568 Equitch
3571 4500 3812 4553 censetis

502 4579 624 4634 huic
655 4580 927 4650 paululum
955 4581 1209 4637 cordatus
1242 4583 1525 4639 attendens
1562 4599 1669 4642 non
1708 4586 1885 4641 statim
1915 4588 2104 4642 iactio-
2211 4603 2269 4648 ut
2289 4595 2392 4649 iste
2416 4593 2659 4646 veritatis
2679 4603 2857 4661 prisco
2875 4589 3259 4658 Diodorus,cui
3278 4599 3486 4645 tantum
3509 4589 3814 4658 consutich

499 4675 592 4731 nis
616 4674 886 4731 htereticae
913 4675 1068 4731 dolos
1099 4675 1389 4748 intelligat,
1417 4678 1564 4750 quod
1605 4680 1753 4736 solus
1775 4681 2104 4736 denomina-
2209 4689 2292 4742 vir
2312 4687 2500 4742 doctus
2529 4693 2584 4739 ct
2605 4685 2778 4739 bonus
2807 4683 3154 4750 Athanasius,
3189 4684 3374 4739 livoris
3393 4690 3449 4739 et
3483 4683 3698 4738 invidia
3723 4698 3820 4740 ne-

508 4781 597 4826 tus
649 4781 732 4826 est
775 4773 826 4826 in
859 4784 1022 4825 causa
1047 4773 1324 4825 communi
1362 4770 1718 4837 Theodorus;
1744 4787 1868 4828 cum
1907 4774 1955 4829 si
1991 4789 2102 4830 non
2209 4779 2374 4843 scius,
2410 4761 2664 4846 quoniam
2694 4788 2794 4845 per
2820 4773 2942 4843 ejus
2972 4775 3426 4842 perseverantiam
3454 4782 3660 4828 rectum
3691 4787 3817 4828 ver.-

507 4875 730 4935 uterque
773 4862 816 4927 ‘,
868 4863 964 4918 sed
1015 4864 1154 4919 alter
1207 4878 1396 4920 eorum
1449 4864 1886 4921 denominandus
1935 4877 2102 4934 esset,
2212 4870 2337 4924 hum
2368 4869 2585 4939 pietatis
2615 4866 2794 4938 Tyrus
2819 4865 3324 4935 quoquecegnevit,
3359 4865 3610 4921 utetiam
3634 4865 3817 4920 horte-

508 4959 798 5013 Diodorum
853 4958 1033 5027 potius
1087 4958 1428 5013 denominari
1473 4957 1694 5012 deceret
1719 4958 1745 5011 τ
1781 4958 1851 5013 ει
1899 4959 2103 5016 idcirco
2214 4971 2302 5017 tur
2327 4976 2452 5017 eum
2479 4960 2720 5014 scribere
2748 4957 2850 5014 sibi
2879 4957 3157 5024 continue,
3192 4969 3253 5012 et
3295 4958 3642 5028 requicscere
3665 4972 3735 5012 ac
3757 4959 3816 5013 in

506 5051 701 5104 [rustra
735 5060 982 5120 negatur,
1008 5050 1150 5120 quod
1184 5050 1330 5104 lucet
1362 5051 1634 5114 omnibus,
1655 5062 1714 5105 et
1735 5051 1858 5108 luce
1877 5053 2100 5118 clarius,
2213 5053 2310 5108 ilio
2332 5061 2586 5121 tanquam
2630 5058 2839 5120 patrem
2886 5049 3031 5103 dicat
3071 5048 3122 5101 in
3157 5049 3310 5114 tilio,
3351 5049 3637 5104 damnetur
3667 5049 3814 5104 velut

505 5143 590 5199 vel
621 5143 665 5198 si
697 5145 964 5210 nolimus,
995 5151 1258 5214 apparet,
1290 5143 1548 5213 quoniam
1579 5151 1634 5199 ut
1673 5143 1790 5200 haec
1817 5157 2108 5216 agerentur
2218 5147 2342 5203 lucri
2365 5149 2502 5200 licus
2525 5188 2539 5212 ,
2572 5145 2661 5215 qui
2691 5151 2750 5199 et
2794 5143 2913 5213 ipse
2963 5143 3210 5212 culpatus
3259 5142 3458 5197 dicitur
3485 5158 3515 5197 a
3565 5144 3813 5216 Cyrillo?

501 5243 694 5290 contra
717 5233 1088 5301 Τῑὶθοάοτυηιο
1122 5248 1227 5289 ηοιι
1262 5233 1524 5290 Eallan}
1553 5251 1690 5305 opus
1715 5236 2106 5306 θηιὶυάίωω
2219 5245 2418 5301 Durum
2453 5243 2610 5299 nimis
2640 5251 2745 5307 est,
2774 5250 2832 5296 ut
2863 5241 2966 5296 hoc
3003 5241 3072 5298 de
3104 5249 3280 5296 vestra
3321 5239 3574 5311 aequitate
3611 5240 3814 5296 creda-

502 5327 579 5382 de
607 5337 852 5393 mortuo;
886 5325 981 5380 sed
1007 5325 1274 5382 lucreticis
1309 5326 1489 5397 potius
1516 5324 1946 5384 Chalcedonensi
1969 5343 2107 5398 prte-
2216 5351 2354 5394 nius.
2389 5337 2521 5393 Nam
2543 5345 2600 5391 et
2643 5336 2746 5403 ipsi
2784 5343 3208 5402 pmsumptores
3239 5334 3478 5404 iniquum
3513 5349 3638 5389 esse
3661 5334 3815 5388 ride-

504 5418 746 5489 judicarc
775 5418 1022 5476 concilio.
1063 5419 1216 5488 Quod
1251 5420 1296 5472 si
1347 5420 1532 5476 dicunt
1578 5430 1862 5492 propterea
1912 5437 1970 5479 se
2002 5439 2109 5480 neu
2215 5434 2360 5481 runt.
2407 5423 2465 5480 Si
2502 5436 2630 5478 vero
2671 5421 2927 5490 magister
2960 5417 3231 5474 Diodorus
3269 5418 3625 5476 condemnari
3667 5421 3813 5476 velut

583 5601 600 5634 ¹
642 5603 776 5656 Cod.
827 5600 1063 5666 Veron.,
1129 5604 1518 5670 auctoritatem,
1563 5607 1696 5662 sicut
1739 5617 1884 5668 acta,
1943 5610 2104 5666 secuti

503 5689 648 5740 Silltl,
685 5683 791 5727 rtc.

585 5750 604 5779 ³
651 5753 702 5801 ιιι
731 5743 919 5801 eodem
947 5744 1068 5800 cod.
1103 5745 1252 5802 deest
1282 5748 1340 5801 τὸ
1371 5764 1493 5803 non.

2285 5607 2306 5640 ³
2348 5606 2490 5662 Idem
2509 5605 2673 5670 cod.,
2726 5605 2768 5657 si
2806 5603 2984 5676 ridere
3032 5603 3274 5671 velimus,
3324 5603 3402 5658 vel
3449 5601 3624 5676 potius
3659 5601 3814 5656 libers

2212 5681 2381 5733 direre
2409 5679 2642 5739 velimus,
2673 5675 2833 5745 quod,
2861 5683 2969 5728 etc.

2285 5751 2305 5782 ⁸
2344 5750 2488 5807 Idem
2519 5749 2666 5819 cud.,
2689 5744 2776 5802 uel
2804 5757 2940 5803 certe
2963 5746 3054 5801 sed
3085 5744 3235 5806 alter.
