4114 6476
260 241 364 299 (iis

1150 234 1283 291 PRO
1324 232 1758 291 DEFENSIUNE
1799 230 2011 288 TRIUM
2043 224 2359 285 CAl’iTUL.
2406 230 2535 287 LIB.
2579 230 2664 289 IV.

3462 232 3564 286 CH

262 358 547 413 hatreticus
570 352 718 424 justo
750 366 854 405 non
884 350 1105 420 poterit,
1138 358 1323 405 contra
1357 364 1445 419 qui
1467 364 1518 403 m
1550 350 1641 402 sic
1672 346 1855 402 invehi
1886 348 1937 407 Α
1964 360 2092 401 suos
2119 346 2410 417 discipulos
2436 347 2654 401 adduxit
2684 345 2749 400 ad
2777 346 3059 402 amandam
3097 354 3241 402 tuam
3274 347 3549 416 perfectio

262 451 478 513 dicitur,
523 457 581 501 ut
624 462 718 514 pro
749 444 845 498 illo
890 456 994 496 non
1026 440 1336 507 inveniatur
1364 440 1469 495 alia
1498 438 1697 508 Cyrilh'
1719 453 1853 494 sen-

263 543 456 607 tentia,
489 538 764 609 quomodo
795 538 846 591 'ru
877 535 1066 590 eadem
1096 547 1259 588 causa
1285 574 1305 599 ς
1328 542 1389 588 ιη
1418 532 1633 598 ferunt,
1661 530 1864 601 pariter

264 641 570 697 accusatus,
610 630 709 683 nisi
740 630 791 681 in
820 623 1195 697 praeiudicium
1220 624 1413 695 synodi
1451 622 1861 679 Chalcedonen-

266 725 364 791 sis,
397 722 515 794 ejus
547 719 849 788 discipulus
875 716 1199 772 Theodorus
1231 717 1377 771 velut
1403 715 1690 770 ba-reticus
1711 714 1864 768 dam-

270 826 511 879 naretur,
548 822 735 869 contra
758 826 917 882 quem
946 809 1025 864 sic
1051 808 1229 863 invehi
1252 808 1470 872 dicitur,
1502 815 1560 861 ut
1585 808 1744 862 etiam
1770 820 1865 875 pro

273 907 367 963 illo
403 904 703 961 inveniatur
731 903 833 958 alia
859 901 1043 973 Cyrilli
1075 900 1377 954 sententia?
1408 899 1598 954 Petrus
1629 911 1864 967 quoque,

269 1008 555 1053 successor
575 995 816 1066 ejusdem
844 990 1016 1048 sancti
1048 990 1362 1056 Athanasii,
1393 990 1633 1045 scribens
1657 990 1868 1055 episco-

273 1092 376 1158 p‘s,
406 1099 458 1143 et
509 1086 840 1158 presbyteris
880 1095 1041 1154 alque
1082 1083 1344 1149 diaconis,
1392 1096 1488 1151 pio
1516 1098 1643 1136 vera
1684 1081 1787 1135 (ide
1814 1080 1867 1135 in

271 1182 463 1235 (ιιςίἥο
509 1177 821 1235 constitutis
870 1176 1040 1233 dicit:
1071 1194 1090 1228 ι
1138 1177 1328 1242 Amor,
1369 1190 1476 1245 quo
1506 1176 1647 1230 circa
1686 1188 1783 1229 vos
1816 1176 1867 1229 in

272 1274 491 1329 Christo
539 1270 750 1342 gaudeo
785 1285 889 1323 non
937 1268 1183 1338 permisit
1228 1268 1491 1338 patienter
1538 1265 1710 1331 ferre;
1762 1265 1872 1320 imo

271 1367 435 1421 etiam
465 1362 708 1417 scribens
733 1360 894 1415 veluti
925 1375 1031 1415 non
1062 1359 1310 1415 scribens
1340 1373 1482 1426 sum,
1506 1369 1559 1413 et
1588 1360 1781 1413 iterum
1804 1356 1871 1412 ad

274 1454 623 1511 scribendum
652 1452 965 1522 compellor.
999 1470 1019 1505 ι
1069 1452 1138 1505 Et
1160 1450 1335 1505 infra:
1376 1469 1397 1503 ι
1429 1450 1874 1506 ϐοηκὶιῑειοιῆὺυδ

276 1550 442 1620 igitur
463 1547 615 1603 vobis
637 1548 691 1601 in
716 1545 797 1601 his
819 1556 940 1617 quze
966 1544 1247 1600 incurrunt
1276 1556 1491 1601 utorzet
1510 1546 1635 1616 quid
1659 1552 1875 1616 oportet

277 1656 365 1696 me
393 1640 569 1695 facere
606 1639 688 1694 sic
714 1651 931 1708 semper
971 1636 1366 1708 perturbatum.
1409 1638 1739 1692 'l‘imOtht-oa
1772 1636 1877 1691 dif-

1966 452 2108 505 nem,
2141 448 2192 494 et
2233 452 2390 493 orare
2434 453 2465 493 a
2509 438 2619 492 Deo
2660 440 2713 493 in
2763 441 2959 494 multus
3005 452 3264 493 annorum
3309 439 3565 494 circuitus

1964 532 2280 601 prmservari
2310 538 2544 585 vestram
2572 530 2757 598 vitam,
2790 530 2855 584 ad
2886 530 3171 585 utilitatem
3202 531 3561 585 Ecclesiarum

1966 618 2186 677 Christi.
2243 639 2263 674 ι
2328 621 2632 691 Perspicis,
2683 632 2741 676 ut
2796 623 3092 687 existimo,
3142 622 3566 678 clementissime

1968 712 2262 782 imperator
2307 713 2463 783 (nam
2514 728 2604 769 res
2650 714 2870 767 omnino
2918 714 3199 784 perspicua
3246 712 3375 786 θαι),
3413 712 3567 783 cujus

1968 807 2200 873 virtutis,
2231 816 2286 861 et
2320 805 2685 874 perfectionis,
2718 815 2772 861 et
2801 806 2901 861 zeli
2943 806 3084 861 circa
3117 815 3315 863 rectam
3358 816 3413 862 et
3438 821 3568 875 apo-

1969 900 2211 955 stolicam
2254 898 2411 954 ﬁdem
2462 898 2726 954 Diodorus
2774 914 2987 968 semper
3026 899 3202 965 fuerit,
3237 915 3393 970 quem
3443 915 3565 956 cum
3606 944 3607 951 η

1972 991 2257 1048 Theodoro
2287 994 2560 1060 culpatum
2602 992 2781 1047 ferunt
2827 1008 2854 1045 a
2906 995 3064 1049 beato
3092 994 3316 1063 Cyrillo,
3347 1003 3399 1049 et
3428 1010 3566 1065 quo-

1974 1084 2134 1141 modo
2160 1085 2276 1155 ejus
2307 1084 2472 1155 gloria
2504 1085 2659 1140 simul
2688 1100 2808 1139 cum
2847 1095 3004 1139 aetate
3032 1087 3327 1140 crescebat.
3361 1086 3568 1141 Lauda-

1976 1187 2058 1232 tur
2086 1176 2402 1232 adolescens
2432 1177 2501 1232 ab
2532 1178 2843 1241 Athanasio,
2878 1175 3128 1231 laudatur
3172 1192 3203 1232 a
3253 1178 3411 1233 Petro
3454 1178 3568 1249 jam

1974 1268 2181 1338 gravis,
2217 1266 2465 1321 laudatur
2502 1280 2531 1320 a
2575 1266 2860 1322 Timotheo
2903 1282 3088 1321 senex.
3116 1267 3253 1325 Tota
3302 1270 3405 1323 vita
3454 1270 3569 1340 ejus

1977 1359 2075 1414 fuit
2101 1361 2153 1414 in
2186 1359 2455 1426 laudibus,
2485 1366 2541 1414 et
2572 1368 2691 1429 post
2725 1367 2951 1414 mortem
2983 1358 3051 1414 ab
3076 1359 3378 1427 Athanasii,
3405 1360 3569 1431 Petri,

1976 1452 2241 1509 Timethei
2286 1467 2598 1509 successore
2639 1468 2759 1508 eum
2789 1452 3076 1507 Theodoro
3122 1452 3317 1507 dicitur
3356 1467 3571 1509 accusa.

1979 1557 2082 1602 tus.
2106 1548 2238 1613 Quis
2259 1547 2363 1601 hoc
2386 1547 2553 1617 pessit
2574 1546 2944 1617 aequanimiter
2968 1545 3142 1601 ferre?
3166 1547 3283 1616 quis
3310 1547 3573 1617 patienter

1979 1639 2198 1694 audire?
2229 1639 2334 1694 Sed
2366 1638 2432 1693 ab
2464 1639 2545 1693 his
2575 1639 2767 1693 melius
2795 1636 3106 1703 avertimur,
3137 1646 3194 1692 ut
3228 1641 3448 1694 meliora
3483 1655 3577 1705 ιο-

276 1733 510 1787 famante
537 1747 596 1785 se
629 1731 801 1799 ipsum
829 1729 1141 1800 episcopum
1169 1744 1323 1800 esse,
1357 1740 1415 1786 ut
1446 1746 1537 1799 per
1566 1731 1671 1786 hoc
1697 1731 1865 1786 conli-
1902 1731 1947 1790 Β
1980 1733 2082 1787 tius
2113 1732 2470 1787 attendamus.
2506 1731 2745 1786 Delectat
2785 1732 2926 1786 enim
2973 1747 3057 1786 me
3088 1730 3243 1802 hujus
3271 1733 3444 1787 sancti
3475 1733 3573 1786 viri

276 1822 491 1877 dentius
524 1821 769 1891 injuriet,
799 1834 852 1877 et
900 1833 1152 1891 paternas
1183 1824 1327 1894 leges
1374 1824 1661 1895 infringat?
1694 1824 1875 1879 Voluit

278 1916 423 1970 enim
456 1932 541 1970 me
583 1915 1070 1983 anathematizarc,
1104 1927 1156 1972 et
1191 1918 1444 1973 Basilium
1484 1916 1747 1975 Caesarem
1774 1961 1788 1985 ,
1820 1930 1876 1976 et

291 2018 599 2083 Paulinum,
625 2028 679 2072 et
715 2018 1096 2090 Epiphanium,
1129 2028 1183 2074 et
1223 2018 1512 2075 Diodorum
1548 2020 1829 2091 episcopus
1853 2065 1870 2091 ,

280 2122 338 2168 et
386 2112 484 2167 soli
531 2110 688 2167 Vitali
746 2114 1168 2167 communicare.
1208 2132 1226 2164 ι
1270 2112 1409 2167 Ecce
1452 2114 1613 2169 etiam
1646 2114 1872 2182 Petrus,

292 2204 576 2259 Athanasii
608 2218 913 2265 successor.
952 2220 1103 2273 aeque
1150 2204 1411 2259 nefarium
1444 2205 1589 2260 ducit
1617 2204 1872 2260 Basilium

279 2295 695 2363 Caesariensem,
729 2295 1009 2352 Paulinum
1052 2296 1445 2353 Antiochenum
1466 2340 1483 2368 ,
1515 2298 1875 2369 Epiphaniam

280 2394 340 2441 et
367 2387 657 2442 Diodorum
686 2389 995 2458 episcopos,
1045 2397 1296 2459 tanquam
1320 2398 1745 2460 propugnatores
1772 2390 1878 2446 for-

281 2477 523 2535 tissimos
572 2480 833 2567 veriytis,
879 2481 1335 2536 anathematizare
1358 2522 1373 2547 ,
1414 2490 1469 2537 et
1502 2481 1656 2538 Vitali
1688 2483 1877 2538 Antio-

282 2570 459 2626 cheuo
488 2572 674 2636 alteri,
707 2588 865 2643 quem
897 2573 1207 2643 Apolinaris
1231 2573 1592 2642 ordinaverat,
1636 2589 1880 2629 commu-

285 2665 495 2719 nicare.
561 2664 694 2731 Quis
742 2665 901 2735 igitur
958 2666 1116 2719 istum
1163 2664 1457 2721 Diodorum
1485 2709 1500 2733 ,
1550 2681 1711 2738 quem
1754 2681 1878 2721 cum

284 2755 512 2821 Basilio,
562 2766 617 2813 et
669 2757 921 2821 Paulino,
967 2768 1020 2812 et
1061 2755 1381 2826 Epiphanio,
1423 2757 1664 2827 ejusdem
1715 2756 1881 2813 fuisse

285 2846 569 2913 doctrinae,
607 2847 764 2903 Petro
782 2847 1063 2918 judicante
1090 2851 1462 2921 cognovimus,
1496 2853 1577 2907 vel
1603 2852 1685 2920 si,
1717 2861 1773 2907 ut
1798 2850 1881 2908 fe-

288 2947 433 3003 runt,
468 2953 589 2993 cum
619 2938 908 2996 Theodoro
930 2942 1177 3012 culpatus
1200 2959 1228 2997 a
1251 2942 1456 3014 Cyrillo
1478 2944 1749 3007 credatur,
1780 2958 1881 3015 pro

287 3033 412 3101 ejus
439 3033 705 3087 sententia
739 3032 1008 3089 existimet
1044 3050 1163 3090 esse
1186 3035 1582 3092 damnandum?
1627 3038 1731 3093 Aut
1760 3037 1882 3107 quis

1978 1822 2244 1879 Timothei
2276 1824 2435 1878 verba
2466 1831 2729 1893 repetere,
2759 1824 3208 1894 quemadmodum
3241 1835 3297 1880 et
3321 1826 3573 1882 virtutem

1980 1915 2256 1971 Athanasii
2282 1926 2603 1971 consecutus
2624 1925 2679 1970 et
2700 1914 2903 1982 sedem,
2931 1932 3050 1970 cum
3077 1912 3306 1972 Diodoro
3328 1919 3533 1974 diceret
3561 1935 3576 1972 :

1983 2008 2145 2064 Vobis
2186 2024 2249 2063 ex
2296 2016 2447 2063 certo
2495 2006 2750 2062 donatum
2797 2017 2899 2083 est,
2930 2024 3034 2062 non
3065 2009 3238 2063 solum
3270 2009 3492 2064 credere
3524 2011 3583 2064 in

1979 2102 2249 2159 Christum
2280 2104 2489 2170 Jesum,
2521 2103 2614 2158 sed
2634 2154 2637 2159 .
2660 2103 2819 2157 etiam
2854 2118 2949 2172 pro
2981 2103 3097 2172 ipso
3129 2103 3260 2171 pati.
3299 2102 3411 2158 lloc
3439 2118 3577 2173 quo.

1979 2211 2083 2266 que
2115 2196 2294 2250 intulit
2335 2196 2517 2251 dicens
2564 2211 2579 2249 :
2636 2195 2783 2249 lianc
2830 2204 2972 2249 tuam
3024 2204 3224 2249 rectam
3269 2204 3324 2249 et
3370 2194 3579 2249 beatam

1979 2290 2121 2343 circa
2158 2289 2331 2343 Deum
2362 2288 2715 2350 voluntatem,
2748 2295 2804 2341 et
2830 2285 3265 2341 indeclinabilem
3298 2286 3440 2341 circa
3471 2288 3579 2352 pie-

1982 2381 2105 2435 tatis
2136 2381 2449 2452 mysterium
2496 2379 2909 2448 conscientiam,
2943 2378 3071 2433 olim
3119 2378 3270 2433 vobis
3299 2379 3493 2443 inesse,
3527 2386 3581 2433 et

1980 2472 2195 2528 divinus
2228 2473 2306 2527 vir
2336 2487 2471 2542 [rapa
2502 2479 2685 2527 noster
2713 2470 3044 2525 Athanasius
3071 2477 3351 2524 attestatus
3381 2477 3465 2524 est
3488 2484 3580 2523 ne.

1980 2575 2108 2620 stne
2134 2562 2157 2595 ³
2185 2561 2536 2634 reiigiositati,
2565 2569 2621 2616 et
2654 2575 2752 2614 nos
2782 2575 2909 2614 suos
2938 2558 3235 2628 discipulos
3263 2559 3493 2613 adduxit
3516 2559 3583 2612 ad

1983 2655 2265 2712 amandam
2301 2666 2441 2710 tuam
2472 2653 2855 2725 perfectionem
2881 2670 2894 2706 :
2924 2653 2976 2706 in
3009 2651 3111 2707 hoc
3136 2652 3352 2722 dignum
3377 2667 3435 2708 se
3461 2667 3584 2723 pro~

1983 2745 2117 2803 bans
2157 2742 2434 2802 Athanasii
2465 2758 2862 2810 successorem,
2895 2743 3033 2812 quod
3067 2743 3182 2813 ejus
3212 2743 3581 2797 testiinonium

1982 2853 2091 2893 non
2136 2839 2482 2908 impugnans,
2524 2834 2783 2890 adductus
2828 2834 2897 2889 ab
2941 2850 3006 2889 eo
3053 2844 3135 2888 est
3176 2834 3244 2888 ad
3291 2833 3577 2889 amandum

1984 2932 2372 3005 perfectionem
2422 2930 2668 2999 Diodori,
2712 2946 2867 3001 quem
2913 2939 2967 2984 et
3017 2929 3105 2984 ille
3152 2929 3370 2997 dilexit,
3413 2941 3467 2985 et
3517 2931 3586 2985 ad

1986 3024 2250 3081 orandum
2281 3024 2470 3089 Deum,
2498 3033 2556 3078 ut
2602 3024 2653 3077 in
2696 3021 2984 3077 multorum
3028 3035 3288 3075 annorum
3334 3022 3588 3077 circuitus

288 3122 635 3191 Theodorum
681 3125 796 3179 sine
834 3124 954 3194 ipso
987 3123 1242 3192 Diodoro,
1273 3142 1393 3181 cum
1430 3143 1535 3198 quo
1579 3127 1792 3194 dicitur,
1828 3135 1885 3182 ιιι
1912 3109 1962 3173 C
1996 3118 2159 3172 vitam
2208 3117 2326 3186 ejus
2373 3121 2734 3178 conservaret,
2778 3112 2843 3166 ad
2892 3112 3175 3167 utilitatem
3226 3112 3586 3168 Ecclesiarum

288 3218 323 3268 d
349 3214 611 3283 scipulus,
645 3228 676 3268 a
723 3213 926 3285 Cyrillo
972 3216 1240 3285 culpatus,
1292 3232 1387 3286 pro
1432 3217 1550 3288 ejus
1578 3218 1881 3287 sententia,

289 3316 344 3361 et
389 3322 497 3360 non
540 3321 636 3375 pro
664 3306 854 3377 synodi
898 3306 1242 3377 prmjudicio,
1277 3308 1551 3365 existimet
1586 3322 1705 3365 esse
1731 3312 1883 3365 dam-

288 3397 513 3451 natum?
537 3397 856 3453 Timotheus
883 3415 1114 3469 quoque,
1148 3399 1288 3455 Petri
1317 3416 1619 3468 successor,
1646 3403 1739 3472 qui
1762 3417 1884 3457 cum

292 3492 415 3559 ipso
438 3492 455 3523 ι
487 3490 728 3546 Diodoro
774 3503 978 3560 pariter
1005 3493 1191 3547 aderat
1216 3494 1447 3550 concilio
1480 3494 1534 3548 in
1565 3494 1704 3550 hanc
1747 3495 1886 3550 civi-

291 3593 456 3636 tatem
487 3584 689 3652 regiam
715 3592 904 3637 contra
932 3584 1304 3640 Macedoniam
1338 3598 1694 3658 congregato,
1728 3589 1809 3643 sic
1838 3590 1887 3643 ei

290 3674 486 3729 scribit
528 3695 539 3727 :
585 3694 604 3727 ι
654 3675 884 3731 Domino
921 3692 1043 3732 meo
1086 3694 1181 3748 per
1223 3690 1414 3734 cuncta
1456 3680 1792 3749 honorabili,
1837 3692 1890 3737 ct

290 3765 635 3820 sanctissimo
661 3767 916 3837 episcOpo
946 3778 1000 3824 et
1023 3770 1395 3826 consacerdoti
1429 3771 1677 3838 Diodoro,
1704 3772 1885 3829 Timo-

292 3864 453 3916 thetis
500 3862 554 3915 in
600 3861 815 3918 Christo
862 3864 1115 3918 salutem.
1163 3865 1420 3921 Virtutem
1469 3876 1634 3928 tuam,
1668 3877 1721 3920 et
1769 3868 1891 3922 vita:

294 3950 702 4021 perfectionem,
724 3964 778 4008 et
805 3954 978 4010 zelum
1009 3964 1171 4010 rectae
1191 3965 1244 4012 et
1273 3957 1582 4025 apostolicae
1616 3966 1716 4012 tuae
1749 3958 1888 4021 ﬁdei,

292 4056 398 4111 pro
438 4042 700 4111 dignitate
742 4044 1035 4111 praedicare
1081 4061 1415 4117 nequaquam
1449 4057 1655 4117 potero,
1686 4028 1893 4104 etiamsi

292 4135 526 4188 nimium
557 4148 921 4204 properavero
948 4154 963 4192 :
999 4153 1102 4193 non
1133 4141 1277 4193 enim
1310 4154 1589 4210 aequantur
1618 4157 1895 4199 sermones

292 4235 353 4281 et
383 4242 490 4282 res.
522 4227 684 4284 Vobis
724 4244 791 4284 ex
822 4240 972 4285 certo
1006 4233 1258 4293 donatum
1291 4245 1393 4303 est,
1429 4252 1531 4290 non
1574 4238 1746 4292 solum
1778 4252 1898 4293 cre-

296 4319 432 4373 dere
478 4318 847 4376 iit-Christum
877 4322 1080 4388 Jesum,
1114 4326 1209 4379 sed
1252 4326 1411 4380 etiam
1460 4342 1555 4394 pro
1604 4330 1723 4397 ipso
1768 4330 1893 4397 pati.

298 4409 447 4462 lianc
472 4418 618 4464 tuam
646 4420 845 4467 rectam
875 4424 928 4468 et
950 4416 1159 4469 beatam
1191 4417 1331 4471 circa
1357 4418 1521 4473 Deum
1548 4419 1896 4487 voluntatem,

1986 3204 2205 3266 Christi.
2252 3208 2357 3264 Sed
2418 3207 2641 3261 aliarqu
2692 3221 2908 3276 quoque
2968 3206 3243 3261 civitatum
3298 3206 3591 3276 ‘episcopos

1987 3311 2349 3366 transeuntes,
2382 3300 2544 3371 quale
2586 3299 2745 3354 etiam
2794 3307 3010 3354 sanctus
3056 3299 3286 3353 Basilius
3330 3299 3592 3353 Caesarea:

1988 3393 2363 3465 Cappadocize,
2397 3394 2631 3449 Diodoro
2679 3394 3038 3447 testimonimn
3086 3391 3384 3460 perhibent,
3419 3392 3586 3447 debe-

1991 3504 2109 3545 mus
2137 3489 2419 3542 advertere
2457 3504 2470 3538 :
2504 3484 2593 3553 qui
2625 3484 2866 3539 scribens
2894 3483 2959 3537 ad
2992 3483 3356 3550 PatrOphilum
3387 3485 3593 3553 epist-n-

1989 3596 2118 3652 pum
2146 3579 2395 3649 IEgensis
2436 3575 2736 3632 Ecclesiaeb
2770 3574 2898 3630 dicit
2945 3593 2957 3628 :
3017 3594 3034 3627 ι
3092 3576 3381 3630 Diodorum
3414 3589 3596 3631 au'em

1992 3671 2136 3727 velut
2166 3670 2551 3725 nutrimentum
2584 3668 2724 3722 beati
2758 3666 2955 3721 Silvani
2987 3666 3053 3721 ab
3083 3666 3230 3720 initio
3259 3669 3590 3736 accepimus.

1995 3780 2137 3819 nunc
2165 3772 2343 3817 autem
2372 3761 2641 3829 dilianius
2666 3770 2720 3812 ct
2742 3758 3094 3828 praedicamus
3123 3768 3337 3827 prepter
3366 3757 3597 3826 gratiam

1994 3858 2156 3912 Verbi
2184 3872 2301 3925 qua:
2325 3856 2370 3909 ei
2396 3854 2565 3917 adt-st,
2595 3868 2687 3919 per
2715 3866 2872 3921 quam
2904 3849 3112 3920 plurimi
3144 3850 3209 3903 ad
3238 3865 3359 3905 eum
3392 3865 3592 3904 conve-

1998 3951 2256 4006 nientium
2307 3949 2445 4002 melii
2470 3963 2555 4001 res
2604 3946 2927 3999 efﬁciuntur.
2986 3963 3003 3996 ι
3055 3944 3306 4015 Idemque
3351 3944 3596 3999 scribens

1999 4043 2098 4113 ipsi
2127 4042 2362 4096 Diodoro
2390 4040 2519 4093 dicit
2548 4057 2561 4093 :
2601 4057 2619 4090 ι
2662 4038 2785 4108 Legi
2818 4038 2978 4091 libros
3004 4052 3032 4091 a
3067 4046 3151 4090 tua
3186 4036 3598 4093 bonorabilita'e

2001 4133 2374 4195 transmissos,
2409 4140 2463 4183 et
2512 4129 2748 4183 secundo
2789 4128 3001 4198 quidem
3052 4129 3336 4181 admodum
3396 4129 3596 4193 inS'iti,

2002 4244 2108 4283 non
2138 4228 2308 4282 solum
2342 4234 2561 4294 propter
2592 4222 2939 4282 brevitatem,
2971 4232 3022 4275 ut
3057 4228 3179 4290 pote
3209 4220 3297 4289 qui
3330 4222 3426 4275 sin
3456 4220 3599 4274 circa

2003 4321 2181 4377 omnia
2215 4318 2435 4385 debilis,
2464 4316 2555 4370 sed
2587 4318 2748 4369 etiam
2784 4314 2906 4384 quia
2944 4314 3183 4367 variatur
3213 4312 3515 4377 sententiis,
3547 4324 3602 4367 et
3690 4348 3699 4351 -

2007 4413 2158 4467 facile
2182 4426 2245 4467 co
2268 4408 2289 4439 "
2319 4409 2699 4463 discernuntur
2727 4405 3030 4459 eccutrario
3060 4404 3428 4473 oppositiones
3453 4415 3509 4460 et
3538 4404 3603 4459 ad

294 4510 353 4553 et
380 4500 807 4559 indeclinabilem
838 4508 978 4560 circa
1012 4506 1226 4576 pietatis
1266 4511 1576 4578 mysterium
1618 4485 1899 4569 εοηεεὶθηέ
1930 4485 1979 4547 ί)
2006 4520 2098 4563 eas
2142 4505 2546 4575 responsiones;
2598 4511 2651 4555 ει
2696 4509 2778 4555 εει
2820 4499 3062 4553 οτθιῖοιιθ
3109 4500 3358 4565 Simili“.
3390 4510 3445 4554 el
3490 4500 3607 4554 εῖηθ

296 4592 463 4656 tiam,
512 4594 638 4647 olim
683 4596 836 4651 vobis
884 4598 1089 4666 inesse,
1132 4608 1186 4655 et
1231 4600 1443 4655 divinus
1470 4603 1491 4633 ⁸
1535 4616 1670 4671 papa
1715 4613 1899 4659 noster

301 4688 632 4745 Athanasius
673 4698 956 4748 attestatus
986 4702 1071 4749 est
1104 4702 1300 4750 vestrae
1334 4694 1690 4766 religiositati,
1716 4707 1772 4751 et
1800 4711 1899 4752 nos

377 4922 402 4948 ⁸
445 4912 751 4985 Apolinaris
776 4914 1062 4983 discipulo,
1093 4914 1248 4985 cujus
1291 4916 1494 4972 mentio
1536 4916 1624 4971 ﬁet
1653 4915 1751 4971 lib.
1787 4930 1887 4985 vu,

306 4999 425 5051 cap.
455 4984 510 5049 3,
530 4991 600 5057 Aet
620 4990 685 5039 de
709 5002 813 5054 quo
838 4986 1095 5039 Damasus
1120 4984 1249 5057 papa
1276 4986 1328 5041 in
1355 4987 1577 5057 epistola
1609 4987 1674 5040 ad
1699 4984 1892 5041 Orien-

305 5060 444 5109 tales
467 5073 480 5108 :
507 5055 644 5122 Quid
672 5068 744 5111 est
765 5073 859 5110 cur
877 5055 1248 5111 abdicationem
1274 5055 1527 5112 Timothei
1553 5074 1585 5111 a
1605 5073 1685 5111 me
1706 5072 1888 5111 rursus

305 5128 601 5193 rcqu’ratis,
633 5128 904 5200 quietiam
929 5127 1011 5182 hic
1032 5126 1234 5200 judicio
1261 5131 1395 5183 udis
1430 5130 1747 5195 apouolicw,
1779 5126 1889 5180 Pe-

306 5209 385 5251 tro
416 5213 613 5266 quoque
645 5199 974 5254 Alexandria:
1015 5199 1253 5269 episcopo
1297 5209 1578 5269 praesente,
1623 5200 1890 5254 abdicatus

309 5276 407 5343 est,
437 5285 560 5343 uua,
600 5286 724 5343 cunt
760 5271 1004 5343 magistro
1055 5286 1148 5323 suo
1205 5272 1519 5343 Apolinare?
1555 5271 1618 5325 Et
1668 5269 1721 5323 in
1775 5273 1891 5343 epi-

308 5341 443 5391 stofa
472 5338 820 5395 Orientalium
847 5338 939 5395 'ad
972 5341 1165 5395 Rufum
1202 5341 1737 5396 Thess'almiicensem
1773 5341 1888 5408 epi-

308 5425 530 5488 scopum
577 5413 804 5488 in‘actis
845 5415 1034 5488 synodi
1070 5413 1351 5481 Ephesium
1377 5411 1486 5488 τέο
1523 5416 1890 5488 τρισμακᾷρωῖ

314 5484 549 5554 Δάμασος
573 5484 792 5538 meum
810 5486 1264 5559 ’Arro').ivdptw,xai
1287 5486 1526 5549 Βιτὰλιον,
1551 5484 1634 5539 imi.
1661 5500 1692 5537 1‘
1717 5484 1889 5553 μὸὒεον

386 5684 401 5716 ³
432 5685 564 5739 Cod.
600 5687 815 5751 Verum,
842 5689 983 5742 beam
1014 5688 1261 5742 Diodoro.

381 5755 399 5777 ³
448 5760 588 5813 Idem
618 5759 762 5824 cod.,
790 5760 990 5813 divinus
1019 5761 1111 5821 vir,
1140 5776 1296 5820 papa,
1322 5770 1420 5815 ctc.

2010 4599 2118 4654 ullo
2144 4595 2409 4651 sermonis
2440 4592 2705 4648 cothurno
2734 4608 2747 4645 :
2781 4589 2918 4660 quod
2953 4591 3247 4645 convenire
3278 4589 3405 4643 mihi
3435 4591 3609 4644 visum

2006 4700 2089 4748 est
2128 4686 2418 4746 Christiani
2461 4684 2621 4756 style,
2652 4698 2759 4738 non
2808 4684 2873 4737 ad
2919 4684 3356 4748 ostentationem,
3394 4682 3487 4738 sed
3538 4683 3605 4737 ad

1994 4916 2116 4974 τοὺς
2154 4907 2460 4985 αἱρετικοεξς.
2505 4904 2719 4985 (litatur
2764 4902 2927 4985 etiam
2974 4901 3028 4983 in
3068 4901 3277 4985 ‘choge
3322 4901 3605 4985 ‘Anast‘sii

1994 4965 2250 5041 i‘o—lemo'n
2273 4965 2492 5048 impius,
2525 4973 2823 5045 Apolinarii
2855 4972 3173 5041 discipulus,
3208 4965 3341 5027 ἐατὰ
3365 4974 3608 5041 Τιμτθέου

1997 5055 2335 5126 σέμμαθητφῦ
2364 5052 2545 5126 91339:?-
2944 5113 3012 5126 η-
3271 5119 3282 5126 .
3365 5111 3379 5126 .
3457 5113 3469 5123 .

2066 5078 2335 5165 ἵμαυητου
2365 5078 2545 5127 “UH-1U.
2737 5115 2749 5127 .
3457 5113 3469 5123 .

2144 5123 2299 5193 Apud
2362 5120 2616 5193 Basiliam
2665 5114 2892 5193 epistola
2943 5113 3014 5168 92
3064 5111 3562 5193 corrupte_legrtttr
3594 5133 3611 5166 τι

1996 5182 2287 5269 Πατροφιίλῳ
2318 5189 2583 5269 irrigatier
2717 5190 2767 5241 ἐν
2787 5186 2987 5267 ’Δγοίςτ
3000 5198 3117 5269 PN:
3199 5187 3400 5269 Δίγᾳῑς.
3434 5182 3612 5269 ίΕενιδ

1999 5253 2347 5323 etiam'vocat
2380 5253 2581 5315 Plinius
2616 5261 2707 5312 lib.
2737 5274 2788 5323 v,
2815 5253 2932 5323 cap.
2961 5257 3046 5306 :7.
3080 5255 3176 5309 Est
3201 5268 3378 5306 au=eln
3413 5253 3602 5321 Aigeu-

1999 5344 2072 5394 sis
2120 5337 2348 5391 civitatis
2392 5332 2591 5385 Citii-iu
2644 5330 2706 5382 ll.
2738 5331 2869 5396 Qua:
2910 5342 3038 5379 vero
3083 5325 3349 5391 sequitur,
3378 5324 3614 5396 epistol-.3

1998 5420 2076 5463 est
2131 5408 2307 5461 Basilii
2359 5402 2485 5460 167.
2526 5403 2591 5455 ad
2640 5395 2945 5463 Diodorum
2982 5398 3201 5465 scripti,
3255 5410 3374 5450 cmu
3429 5395 3611 5450 adhuc

2003 5480 2284 5548 presbyter
2309 5483 2454 5529 esset
2480 5472 2799 5526 Antiochim.

2092 5682 2110 5712 ³
2140 5677 2280 5731 Idem
2312 5676 2455 5741 cod.,
2486 5687 2676 5730 t'eslra'.

2091 5754 2109 5783 ⁸
2139 5749 2284 5804 ldcm
2317 5749 2462 5803 cod..
2490 5751 2541 5801 in
2569 5768 2645 5800 ειη.
