4114 6480
566 198 673 253 615

1664 195 1960 254 FACUNDI
2004 196 2217 254 EPISC.
2262 195 2775 253 HERMIANENSIS

3765 194 3877 252 616

564 315 847 375 utilitatem
878 316 1153 372 hominum
1180 311 1589 371 eanscribcntis.
1623 330 1642 364 ι
1676 311 1744 366 Et
1768 310 1900 365 infra
1933 328 1944 364 :
1978 331 1995 361 ι
2026 312 2153 367 Cer-
2195 314 2244 376 Α
2272 326 2475 366 morem
2516 310 2795 367 aemulatus
2827 321 2909 367 est
2934 296 3158 368 Joannis
3187 313 3404 383 sapiens
3432 315 3533 373 iste
3562 327 3748 375 noster
3779 335 3875 391 pa-

568 418 680 465 tum
712 411 853 465 enim
887 412 1083 476 habeo,
1112 410 1253 480 quod
1304 411 1390 480 qui
1442 418 1643 462 tantum
1692 408 1858 463 habes
1896 408 2167 463 scribendi

566 502 834 569 studium,
865 502 1025 557 etiam
1071 503 1175 556 alia
1223 503 1527 569 scripturus
1572 513 1653 555 es.
1686 500 1817 553 Nam
1867 514 2041 570 neque
2080 501 2169 568 qui

566 591 832 646 scribendi
874 594 1187 648 occas'ones
1233 599 1495 661 generent
1534 591 1729 645 desunt
1774 592 1964 651 vobis:
2013 592 2174 648 nobis

565 692 747 737 autem
788 699 952 739 suave
980 693 1034 738 et
1060 683 1292 738 amabile
1337 692 1422 740 est
1463 684 1640 753 lcgcre
1669 692 1843 738 vestri
1889 683 2107 752 scripta.
2145 700 2166 737 ι

566 776 634 829 Ει
677 783 794 842 post
839 792 1003 844 pauca
1039 794 1051 829 :
1089 795 1107 829 ι
1146 776 1328 831 Direxi
1374 786 1552 831 autem
1598 791 1739 830 nunc
1776 790 1873 845 per
1914 775 2175 831 lectorem

568 862 831 934 majorem
864 866 1131 932 codicem,
1165 866 1397 935 primum
1446 867 1809 935 pertransiens
1851 880 1999 932 eum,
2033 866 2174 920 sicut

565 959 698 1013 mihi
730 958 983 1027 possibile
1014 958 1131 1013 fuit.
1153 959 1415 1013 Minorem
1442 968 1620 1012 autem
1651 956 2017 1022 tenui,v0lens
2045 970 2170 1011 eum

564 1049 812 1104 describe
844 1065 904 1114 e,
933 1058 988 1103 et
1016 1064 1123 1102 non
1155 1049 1360 1104 habens
1390 1048 1455 1103 ad
1492 1062 1727 1115 pra'scns
1762 1047 1995 1117 aliquem
2027 1046 2175 1101 velo-

565 1145 700 1197 citer
730 1144 1082 1198 scribentium
1127 1158 1143 1197 :
1190 1158 1311 1197 nam
1342 1158 1513 1212 usque
1542 1142 1607 1196 ad
1642 1149 1841 1197 tantam
1889 1148 2174 1210 pauperta-

568 1241 675 1289 tem
711 1242 1071 1302 pervenerunt
1100 1234 1357 1288 invidiosa
1390 1231 1789 1302 Cappadocum.
1826 1251 1846 1285 ι
1878 1232 2012 1287 Cum
2044 1246 2176 1287 vero

569 1326 735 1393 ialllllt
782 1326 1104 1387 Diodorum,
1128 1340 1432 1396 quanquam
1464 1326 1670 1379 dicatur
1699 1340 1821 1380 cum
1851 1324 2172 1389 Theodoro,

576 1418 685 1471 imo
720 1432 829 1485 pra:
855 1417 1165 1483 Theodoro,
1189 1418 1328 1472 sicut
1352 1417 1470 1485 ejus
1496 1417 1771 1484 magister,
1799 1417 1965 1472 fuisse
1994 1418 2177 1487 culpa-

569 1514 685 1571 tus;
723 1518 901 1562 tamen
935 1509 1057 1577 quia
1095 1509 1173 1562 sic
1203 1524 1325 1561 eum
1357 1508 1529 1577 diligit
1558 1521 1619 1562 ac
1650 1507 1906 1575 prtedicat
1934 1507 2019 1561 vir
2047 1520 2176 1560 sat-.-

568 1613 687 1654 ctus
731 1614 785 1655 et
832 1601 1020 1655 doctus
1070 1601 1324 1669 Basilius,
1349 1611 1403 1656 et
1432 1602 1554 1671 quia
1586 1600 1665 1654 sic
1697 1602 1926 1655 honorat
1954 1609 2175 1670 propter

2277 408 2380 463 ter,
2414 410 2467 454 ut
2510 404 2845 471 cognoscatis
2888 404 3136 472 quoniam
3179 414 3231 460 et
3274 407 3683 476 apjellationem
3732 414 3879 469 illius

2272 491 2416 558 juste
2438 492 2551 560 ipse
2575 492 2852 561 possidere
2876 493 3052 549 debet.
3083 493 3196 549 Non
3228 509 3341 549 erat
3374 495 3448 551 illi
3475 515 3679 567 mensa,
3700 518 3879 572 neque

2278 583 2480 650 lectus,
2508 599 2681 652 neque
2708 584 2900 638 domus
2932 600 3097 655 super
3127 595 3363 654 terram;
3405 589 3499 644 sed
3548 608 3719 658 neque
3751 594 3879 650 huic

2278 674 2566 744 aliquando
2598 675 2727 742 fuit;
2757 686 2812 731 et
2842 676 2997 745 hujus
3035 678 3112 733 rei
3144 694 3241 733 nos
3274 688 3439 734 testes
3468 698 3672 750 sumus,
3699 688 3874 756 quali-

2278 771 2362 818 ter
2388 779 2547 821 omne
2578 776 2783 835 tempus
2815 767 3038 833 advixit,
3064 770 3414 837 apostolicam
3443 773 3835 833 demonstravit
3860 782 3874 812 ¹

2281 856 2479 922 vitam,
2510 856 2639 910 nihil
2690 858 2960 927 proprium
3011 860 3247 927 habens,
3281 864 3375 917 sed
3410 882 3435 917 a
3467 867 3628 921 sociis
3658 884 3879 940 semper

2281 949 2513 1002 nutritus
2543 964 2559 1003 :
2593 949 2707 1016 ipse
2750 950 2802 1003 in
2833 950 3077 1007 oratione
3105 961 3161 1006 et
3190 953 3431 1010 doctrina
3467 956 3621 1013 Verbi
3654 976 3874 1030 perma-

2280 1056 2415 1096 nens
2461 1042 2803 1111 prtedicabat.
2856 1043 2946 1097 Ille
2991 1055 3136 1099 trans
3188 1044 3406 1101 ﬂuvium
3454 1051 3773 1118 praedicabat
3823 1055 3879 1111 in

2279 1134 2509 1191 desrrtis
2561 1154 2573 1189 :
2617 1146 2671 1191 et
2714 1136 2816 1191 iste
2860 1147 3007 1195 trans
3034 1137 3251 1195 ﬂuvium
3285 1140 3569 1211 aliquando
3596 1145 3877 1203 civitatem

2279 1244 2493 1283 onmem
2523 1229 2775 1294 edocens,
2808 1229 3139 1284 salutiferam
3168 1231 3465 1288 doctrinam
3493 1236 3742 1294 docebat.
3773 1239 3873 1294 lla-

2279 1320 2467 1375 bitavit
2509 1321 2599 1376 ille
2641 1321 2694 1375 in
2742 1321 3008 1389 custodia,
3040 1332 3094 1378 ct
3121 1324 3295 1393 capite
3321 1326 3613 1383 diminutas
3640 1340 3723 1385 est
3753 1346 3873 1400 pro-

2279 1426 2401 1485 pter
2425 1412 2673 1467 (iduciam
2701 1430 2861 1483 quam
2892 1430 2990 1483 pro
3021 1415 3135 1486 lege
3165 1416 3394 1473 habebat
3426 1438 3437 1471 :
3465 1420 3559 1475 sed
3588 1422 3745 1475 etiam
3775 1425 3879 1479 ista

2278 1510 2475 1577 smpius
2522 1507 2611 1561 illa
2661 1506 2827 1577 patria
2876 1508 3151 1563 fraudatus
3192 1519 3307 1575 est,
3358 1522 3572 1581 prepter
3621 1513 3877 1568 fiducia-1

2280 1617 2439 1669 quam
2473 1615 2569 1671 pro
2598 1600 2705 1655 fide
2747 1600 2914 1671 gerit;
2946 1602 3142 1670 sapius
3168 1602 3331 1657 etiam
3362 1604 3536 1671 capite
3580 1602 3879 1657 ditniuutus

568 1692 794 1760 gratiam
831 1692 943 1755 Dei,
973 1707 1068 1758 per
1099 1708 1258 1762 quam
1295 1693 1508 1761 plurimi
1536 1692 1604 1746 ad
1634 1707 1757 1747 eum
1788 1693 2171 1747 convenientes
2202 1697 2250 1757 B
2276 1704 2360 1747 est
2389 1703 2609 1762 propter
2636 1693 2883 1747 eamdem
2911 1707 3159 1758 causam,
3187 1694 3288 1748 etsi
3320 1709 3427 1748 non
3467 1709 3526 1748 re
3566 1695 3676 1763 ipsn
3695 1736 3711 1760 ,
3744 1709 3877 1764 pro-

570 1783 821 1836 tneliores
853 1782 1259 1850 efficiebantur;
1292 1795 1345 1837 et
1370 1784 1494 1853 quia
1527 1786 1724 1852 scripta
1756 1783 1872 1851 ejus
1901 1784 2078 1854 legere
2106 1784 2175 1837 ita

570 1889 734 1926 suave
764 1874 838 1926 illi
870 1885 924 1926 et
953 1875 1182 1929 amabile
1212 1875 1329 1936 fuit,
1351 1882 1410 1929 ut
1435 1875 1595 1929 etiam
1626 1891 1686 1930 ea
1720 1875 1821 1930 sibi
1849 1875 2183 1932 describeret

571 1961 637 2015 ad
665 1963 979 2032 legendum;
1009 1964 1245 2017 fautores
1270 1964 1643 2020 haereticorum
1667 1980 1789 2019 cum
1820 1958 1932 2021 suis
1959 1964 2178 2035 dogma-

575 2051 715 2103 tibus
743 2066 809 2104 ne
830 2067 1076 2122 umquam
1107 2052 1364 2109 damnare
1397 2064 1728 2124 prtesumunt
1755 2072 1767 2107 :
1800 2056 1969 2110 multo
1999 2056 2178 2111 minus

574 2141 944 2205 'l'lteodorum,
978 2144 1049 2197 ob
1082 2160 1141 2199 ea
1176 2161 1297 2215 quae
1328 2148 1574 2217 superius
1603 2149 2042 2218 memoravimus,
2072 2149 2176 2205 nisi

578 2234 629 2287 in
680 2234 1047 2305 prtejudieiun:
1097 2240 1288 2309 synodi
1347 2239 1838 2307 Chalcedonensis,
1887 2258 2011 2299 cum
2066 2244 2178 2299 suis

574 2327 912 2395 dogmatibus
948 2327 1205 2384 damnare
1247 2341 1651 2400 prtesumerent.
1682 2332 1963 2403 Agendum
1996 2336 2180 2391 venia-

575 2433 693 2473 tnns
712 2430 764 2472 et
782 2421 846 2472 ad
877 2420 1006 2474 illud
1024 2436 1084 2475 os
1100 2438 1183 2476 aut
1199 2439 1318 2478 eum
1339 2425 1912 2498 ConstantinOpolitani
1928 2428 2175 2495 Joannis,

576 2526 734 2582 quem
780 2512 1019 2566 Domnus
1060 2515 1428 2572 Antincltenus
1471 2520 1777 2588 episcopus,
1807 2520 1944 2575 sicut
1988 2519 2041 2574 itt
2088 2536 2178 2581 se-

577 2607 868 2676 quentibus
895 2608 1261 2673 ostendemus,
1289 2608 1608 2679 discipulum
1644 2608 1862 2665 Diodori
1900 2611 2067 2666 fuisse
2097 2621 2178 2666 te-

579 2708 751 2753 statur
801 2718 814 2751 :
866 2700 915 2754 in
967 2717 1073 2772 quo
1125 2703 1462 2771 potissimum
1500 2704 1743 2759 doctrina
1778 2707 1904 2759 tanti
1939 2706 2177 2777 magistri

577 2808 687 2846 sua:
717 2794 997 2862 probitatis
1027 2808 1074 2850 et
1114 2796 1325 2849 virtutis
1353 2796 1498 2850 dedit
1527 2798 1805 2864 indicium,
1835 2808 1887 2851 et
1916 2800 2066 2868 cujus
2097 2796 2175 2852 fe-

579 2883 813 2937 cundum
847 2894 1031 2953 pectus
1074 2887 1375 2954 copiosiore
1426 2890 1537 2957 Spei
1571 2890 1765 2944 saturis
1798 2891 2040 2946 ubertate
2086 2910 2176 2947 re-

582 2974 824 3041 spondit,
855 2985 906 3030 ut
939 2977 1150 3045 quantis
1196 2977 1309 3047 ipse
1336 2993 1548 3049 quoque
1576 2979 1861 3035 Diodorum
1896 2984 2180 3051 praeconiis

575 3066 828 3121 extulerit
852 3066 1216 3123 advcrlatnus.
1241 3069 1369 3123 Nam
1402 3069 1479 3125 sic
1506 3071 1572 3126 de
1605 3072 1697 3127 illo
1726 3072 1777 3128 in
1809 3076 2037 3143 quodam
2063 3091 2179 3132 ser-

576 3172 735 3213 mone
764 3157 973 3213 locntns
999 3171 1080 3214 est
1111 3175 1126 3215 :
1159 3179 1176 3212 σ
1214 3160 1443 3231 Sapiens
1487 3165 1588 3219 iste
1631 3173 1684 3219 et
1714 3164 2035 3223 fortissimus
2081 3167 2181 3224 do-

577 3256 713 3313 ctor,
741 3265 908 3319 nuper
933 3251 1246 3308 infirmitate
1276 3257 1518 3324 corporis
1542 3259 1782 3328 exposita
1810 3276 1971 3331 super
1996 3264 2181 3320 sedem

577 3342 733 3397 istam
780 3344 1106 3413 ascendens,
1151 3346 1219 3402 de
1259 3364 1345 3403 me
1389 3352 1651 3406 sermonis
1701 3346 1826 3408 fecit
1869 3356 2179 3417 exordium.

581 3435 868 3505 baptistam
899 3453 984 3493 me
1008 3438 1037 3493 J
1064 3454 1268 3495 'annem
1299 3443 1504 3506 dicens,
1535 3454 1589 3500 et
1612 3462 1798 3503 vocem
1832 3448 2106 3520 Ecclesiat,
2127 3460 2183 3506 et

579 3528 778 3597 virgam
808 3529 1000 3601 Moysi,
1027 3541 1081 3585 et
1107 3532 1207 3585 alia
1241 3533 1431 3590 [totum
1465 3537 1695 3606 plurima
1727 3539 1794 3596 de
1825 3557 1911 3597 me
1935 3542 2089 3599 dixit.
2113 3543 2181 3599 Et

579 3617 692 3686 ipse
740 3619 956 3688 quidem
1007 3621 1264 3691 laudavit,
1300 3640 1395 3681 vos
1441 3637 1621 3685 autem
1668 3623 2034 3689 acclamastis.
2070 3635 2176 3693 Sed

582 3723 683 3779 ego
729 3713 908 3779 procul
942 3713 1157 3781 sedens,
1192 3718 1527 3776 amarissime
1567 3724 1853 3791 suspiravi.
1891 3746 1909 3778 ι
1947 3726 2013 3782 Ει
2062 3740 2182 3796 rost

577 3799 849 3867 aliquanta
875 3819 888 3856 :
920 3822 938 3855 α
969 3805 1061 3860 Sic
1082 3808 1241 3860 etiam
1267 3807 1619 3878 imperatores
1643 3813 1840 3869 faciunt
1869 3817 2176 3885 aliquoties,

577 3899 636 3943 et
659 3891 757 3946 sibi
792 3905 973 3961 aptum
1007 3896 1249 3952 diadema
1282 3903 1605 3970 auferentes,
1632 3905 1867 3962 filiorum
1899 3910 2178 3979 imponunt

583 3984 877 4052 capitibus;
910 3994 1069 4056 atque
1096 3990 1164 4043 ita
1197 4006 1317 4045 eum
1348 3994 1578 4049 viderint
1605 3998 1784 4051 minus
1817 4000 2057 4058 infantile
2085 4020 2177 4059 ca-

582 4083 677 4143 put
700 4091 861 4145 qttatn
891 4092 1091 4133 corona
1124 4090 1226 4147 est,
1253 4084 1473 4153 cupiunt
1501 4088 1578 4141 eis
1611 4094 1978 4148 tantummodo
2008 4095 2178 4167 impo-

577 4186 725 4237 nere,
753 4175 997 4242 quamvis
1039 4178 1350 4251 incongrue,
1381 4198 1448 4239 eo
1493 4184 1607 4254 ipso
1636 4188 1809 4243 solum
1840 4193 2176 4251 satisfacien-

582 4273 663 4317 tes
689 4268 870 4321 animo
897 4285 995 4325 suo
1027 4288 1040 4324 :
1084 4273 1387 4330 auferentes
1416 4277 1637 4346 deinde,
1670 4282 1883 4339 sibimet
1912 4286 2042 4357 ipsis
2070 4290 2174 4344 int-

577 4366 800 4424 ponunt.
843 4361 1103 4427 Quoniam
1160 4381 1288 4436 ergo
1334 4376 1391 4423 et
1438 4377 1590 4438 pater
1638 4373 1723 4427 hic
1769 4389 2027 4431 coronam
2074 4380 2176 4435 sibi

2283 1787 2456 1855 posito
2501 1796 2699 1841 tamen.
2734 1785 2851 1840 Non
2902 1787 3045 1840 enim
3088 1786 3353 1842 sufferunt
3391 1788 3629 1841 veritatis
3667 1786 3876 1841 inimici

2280 1878 2398 1947 ejus
2429 1879 2618 1948 lingua:
2644 1879 2918 1946 virtutem,
2944 1880 3128 1932 decem
3158 1879 3323 1933 millia
3353 1894 3565 1949 semper
3588 1889 3879 1949 prtestrue-

2280 1968 2411 2023 bant
2444 1970 2688 2035 insidias,
2713 1977 2769 2024 et
2797 1986 2861 2024 ex
2890 1970 3139 2025 onmibus
3168 1986 3290 2026 eum
3320 1970 3563 2027 liberavit
3594 1972 3878 2028 Dominus.

2279 2063 2391 2133 Age
2423 2062 2620 2133 itaque,
2642 2061 2754 2133 jam
2785 2061 3017 2134 linguam
3045 2063 3161 2133 ejus
3190 2063 3469 2119 audiamus
3495 2082 3507 2117 :
3540 2066 3677 2119 hanc
3705 2066 3878 2135 ipsam

2282 2165 2503 2226 propter
2528 2170 2686 2226 quam
2733 2165 2786 2210 et
2830 2154 3159 2223 periclitatus
3197 2165 3299 2223 est,
3340 2166 3394 2210 et
3437 2155 3692 2211 salvatus.
3726 2156 3876 2212 Illam

2280 2249 2549 2318 linguam,
2577 2248 2643 2305 de
2673 2263 2773 2319 qua
2808 2249 2850 2302 si
2883 2248 3001 2318 quis
3045 2248 3243 2303 dixerit
3275 2249 3416 2319 quod
3446 2247 3512 2304 de
3542 2256 3683 2305 terra
3733 2266 3879 2322 pro—

2281 2343 2555 2397 missionis
2581 2340 2715 2395 dixit
2742 2340 2978 2411 Moyses,
3011 2341 3316 2396 nullatenus
3343 2350 3545 2411 peccat.
3580 2342 3717 2408 Quid
3747 2359 3879 2414 ergo
3930 2372 3933 2375 <

2281 2436 2348 2489 de
2370 2435 2460 2488 illa
2478 2433 2646 2488 dixit?
2669 2434 2832 2488 Terra
2860 2432 3029 2488 fluens
3055 2434 3187 2489 lacte
3209 2442 3262 2488 et
3283 2435 3441 2488 melle
3467 2452 3479 2487 :
3507 2434 3606 2488 hoc
3625 2436 3786 2490 etiam
3813 2436 3879 2493 de

2281 2529 2433 2584 istius
2458 2529 2633 2598 lingua
2652 2528 2935 2583 dicendum
2959 2538 3059 2599 est,
3078 2527 3220 2598 lingu
3239 2548 3249 2578 t
3275 2520 3602 2583 ﬂuenflacte
3623 2539 3677 2583 et
3696 2530 3877 2585 uelle.

2284 2618 2353 2676 Ut
2393 2621 2554 2692 igitur
2602 2622 2739 2677 lacte
2781 2629 2835 2677 et
2883 2621 3038 2675 melle
3083 2632 3406 2687 saturemur,
3440 2621 3524 2675 hic
3554 2633 3737 2678 noster
3763 2623 3878 2692 jam

2282 2716 2523 2783 quiescat
2547 2730 2746 2780 sermo,
2771 2721 2826 2769 et
2845 2715 3123 2771 audiamus
3155 2716 3320 2785 lyram
3350 2725 3401 2770 et
3430 2717 3629 2771 tubam.
3649 2715 3879 2783 Quando

2283 2810 2425 2864 enim
2456 2812 2774 2865 suavitatem
2804 2812 2978 2867 sentio
3004 2812 3309 2877 verborum,
3335 2811 3503 2881 lyram
3534 2812 3748 2880 appello
3779 2813 3877 2867 bu-

2280 2902 2366 2972 jus
2399 2917 2617 2968 vtzcem;
2665 2902 2878 2972 quando
2926 2918 3052 2958 vero
3092 2902 3458 2959 fortitudinem
3492 2905 3877 2977 intelligentia-

2282 3008 2424 3058 rum,
2455 2993 2633 3047 tubam
2664 2993 2949 3065 quamdam
2973 2994 3236 3060 bellicam,
3264 3005 3317 3050 et
3344 2997 3501 3051 talem
3530 2997 3744 3067 qualem
3780 2996 3875 3055 ba-

2208 3074 2254 3138 C
2287 3088 2483 3143 bebant
2506 3087 2697 3155 Judaei,
2725 3104 2846 3144 cum
2877 3088 3093 3171 Jerielto
3123 3105 3306 3146 muros
3332 3091 3693 3148 destruerent.
3722 3093 3875 3147 Sicut

2286 3183 2425 3237 enim
2458 3193 2583 3239 tunc
2616 3185 2860 3240 tubarum
2902 3199 3093 3250 sonus,
3130 3185 3250 3255 igne
3286 3185 3519 3241 velocior
3546 3202 3709 3256 super
3736 3187 3875 3256 lapi-

2286 3275 2383 3330 des
2411 3277 2643 3342 irruens,
2663 3278 2841 3331 omnia
2872 3279 3224 3332 consumebat
3253 3295 3266 3330 :
3299 3277 3378 3332 sic
3404 3289 3457 3334 et
3478 3279 3596 3348 ejus
3620 3296 3743 3343 vox,
3770 3296 3877 3337 non

2286 3372 2463 3425 minus
2487 3386 2650 3441 quam
2693 3370 2784 3425 illa
2822 3370 2969 3438 tuba,
2999 3384 3160 3442 super
3195 3371 3467 3426 molimina
3498 3370 3876 3427 haereticorum

2286 3462 2523 3525 irruens,
2571 3462 2675 3518 ltoc
2723 3474 2826 3531 est,
2868 3463 3256 3533 disputatortes
3303 3448 3513 3519 illorum
3566 3467 3780 3533 evertit,
3826 3477 3877 3521 et

2283 3574 2499 3613 onmem
2540 3558 2875 3615 altitudinem
2918 3558 3261 3615 extollentem
3310 3574 3370 3614 se
3412 3559 3671 3615 adversus
3702 3562 3876 3617 scien-

2284 3659 2411 3705 tiam
2442 3650 2556 3707 Dei.
2582 3650 2733 3718 Quod
2766 3665 2834 3707 ne
2865 3665 2961 3721 per
2990 3658 3225 3707 nostram
3255 3652 3422 3721 magis
3448 3650 3687 3723 linguam
3715 3669 3878 3724 quam

2285 3759 2379 3813 per
2412 3746 2570 3817 hujus
2600 3750 2713 3802 haec
2743 3746 3008 3815 dicamus,
3039 3746 3148 3816 jam
3184 3746 3268 3800 hic
3299 3757 3483 3801 noster
3510 3762 3694 3802 sermo
3723 3749 3877 3817 quie-

2283 3848 2422 3902 scat,
2452 3840 2676 3909 gloriam
2706 3840 2897 3896 dantes
2921 3839 3030 3896 Deo
3068 3841 3201 3895 tales
3228 3842 3382 3897 nobis
3405 3841 3661 3897 tribuenti
3689 3843 3877 3899 docto-

2283 3950 2391 3989 res.
2421 3953 2439 3985 ›
2471 3934 2617 3989 Hanc
2644 3934 3072 4005 eloquentissimi
3103 3934 3327 3990 Joannis
3347 3936 3399 3989 in
3425 3936 3717 3993 Diodorum
3740 3953 3879 4007 pra!-

2282 4028 2491 4094 cipuam
2521 4028 2753 4091 laudem,
2781 4043 2875 4097 per
2896 4043 3056 4097 quam
3089 4029 3242 4082 nobis
3267 4028 3564 4087 doctrinam
3588 4032 3708 4099 ejus
3731 4046 3880 4087 cum-

2284 4116 2557 4173 mendavit
2582 4127 2638 4172 et
2662 4118 2845 4182 vitam,
2877 4134 3180 4188 quanquam
3208 4119 3385 4175 minus
3417 4121 3667 4176 decorem
3697 4138 3878 4187 suum,

2284 4221 2379 4276 pro
2415 4208 2735 4263 necessitate
2768 4209 2933 4277 ipsius
2963 4210 3441 4280 interpretationis,
3471 4211 3555 4266 vel
3586 4215 3754 4268 etiam
3787 4230 3880 4284 pro

2284 4299 2592 4365 interpretis
2638 4300 2910 4363 facultate,
2942 4301 3267 4367 servaverit;
3312 4303 3444 4359 meis
3495 4312 3681 4359 tamen
3723 4305 3879 4373 longe

2282 4389 2577 4459 imparibus
2608 4391 2786 4445 verbis
2814 4391 3196 4449 commendare
3227 4393 3557 4462 superﬂuum
3588 4406 3737 4464 puto.
3769 4397 3880 4451 lloc

574 4459 969 4516 competentem
1002 4465 1165 4523 atque
1192 4457 1466 4514 sedentem
1496 4463 1649 4518 nobis
1679 4466 1952 4536 imposuit,
1983 4480 2036 4525 et
2068 4486 2175 4526 rna-

2284 4485 2454 4538 solum
2488 4482 2641 4540 nobis
2671 4484 3016 4540 considerare
3045 4486 3298 4551 sufficiat,
3319 4488 3459 4555 quod
3491 4487 3730 4544 Joannes
3756 4506 3877 4545 eum

574 4537 664 4606 jor
694 4549 876 4593 nostro
906 4543 1085 4612 capite
1114 4549 1391 4616 apparuit;
1419 4567 1484 4607 ex
1519 4569 1702 4610 nostro
1731 4572 1848 4612 eam
1882 4561 2056 4629 capite
2082 4562 2179 4618 de-

578 4629 892 4699 trahentes,
938 4646 1119 4704 aptam
1167 4637 1321 4708 hujus
1372 4646 1533 4711 patris
1592 4648 1751 4716 capiti
1815 4649 2172 4719 imponamus.

572 4721 798 4779 Joannis
846 4728 991 4782 enim
1044 4746 1239 4786 nomen
1288 4736 1427 4804 apud
1479 4753 1607 4806 nos,
1638 4740 1943 4798 intellectus
1991 4755 2172 4801 autem

571 4818 713 4887 apud
744 4820 918 4887 ipsum
954 4832 1066 4889 est;
1101 4833 1155 4879 et
1184 4829 1598 4896 appellationem
1629 4836 1845 4904 quidem
1876 4852 1973 4892 nos
2003 4840 2175 4894 susci-

572 4910 779 4979 pimus,
825 4913 1217 4984 phiIOsophiam
1266 4931 1444 4975 autem
1498 4924 1612 4992 ipse
1658 4928 1915 4995 possidet.
1948 4928 2173 4999 Propter

574 5005 677 5059 hoc
720 5015 773 5059 ct
816 5007 979 5077 ipsius
1008 5010 1382 5079 appellationis
1407 5014 1605 5084 justior
1630 5020 1797 5089 magis
1826 5022 1940 5091 ipse
1968 5023 2037 5076 sit
2066 5023 2174 5078 bte-

571 5111 660 5151 res
682 5113 839 5166 quam
882 5115 1001 5156 nos.
1036 5102 1343 5175 Synonyma
1374 5109 1540 5171 enim,
1573 5125 1678 5165 non
1711 5114 1987 5168 nominum
2019 5131 2174 5171 com-

570 5196 778 5262 munio,
805 5199 897 5253 sed
933 5215 1112 5254 rerum
1143 5206 1390 5271 cognatio
1422 5205 1598 5263 facere
1625 5212 1921 5276 consuevit,
1946 5215 2045 5268 etsi
2078 5230 2174 5268 no-

570 5286 711 5340 mina
744 5288 1011 5343 differant.
1046 5311 1064 5343 ι
1099 5292 1164 5346 Ει
1194 5293 1328 5348 infra
1360 5313 1371 5347 :
1411 5316 1428 5348 ‹
1464 5298 1596 5363 Quia
1641 5318 1768 5372 ergo
1809 5303 2171 5362 indubitanter

571 5382 672 5435 ista
720 5393 802 5438 est
850 5387 1056 5456 regula,
1104 5398 1158 5442 et
1204 5390 1410 5460 integra
1454 5394 1692 5451 definitio
1740 5414 2163 5471 synonymorum

570 5475 709 5544 apud
756 5476 1084 5547 Scripturam
1126 5482 1383 5552 divinam,
1416 5501 1515 5557 age
1557 5492 1902 5549 ostendamus
1931 5496 2165 5565 qualiter

645 5696 662 5729 ⁸
691 5696 821 5754 Cod.
856 5699 1079 5770 Veron.,
1106 5707 1477 5771 dt'tttonstratts.

2282 4576 2529 4645 baptista:
2558 4576 2753 4632 Joanni
2795 4581 3204 4636 conversatione
3249 4594 3312 4635 ac
3358 4583 3614 4652 martyrio
3660 4598 3878 4652 compa-

2282 4683 2429 4735 rans,
2456 4679 2510 4724 et
2536 4683 2689 4724 suum
2722 4684 2917 4724 nomen
2949 4671 3003 4725 in
3028 4671 3175 4726 illum
3208 4674 3477 4728 transtulit
3506 4685 3563 4728 et
3591 4690 3874 4731 coronant.

2279 4758 2378 4825 Qui
2429 4776 2616 4816 rursus
2666 4761 2718 4815 in
2764 4762 2869 4817 alio
2916 4778 3166 4818 sermone
3213 4765 3281 4820 de
3326 4765 3441 4834 ipso
3481 4780 3577 4821 suo
3620 4770 3879 4836 magistro

2280 4850 2511 4906 Diodoro
2556 4852 2732 4909 dixit:
2771 4871 2790 4904 ι
2826 4853 2940 4908 Νοη
2987 4856 3278 4923 superﬂue,
3310 4858 3448 4912 sicut
3487 4867 3731 4927 apparet,
3765 4875 3878 4915 ser-

2277 4957 2467 4998 mones
2505 4946 2742 5013 prolixos
2770 4946 3152 5015 expendimus.
3179 4950 3283 5005 Sed
3323 4952 3464 5005 enim
3495 4952 3546 5005 in
3578 4961 3877 5023 martyrum

2273 5037 2640 5093 celebratione
2670 5055 3080 5096 cnmmonemur
3102 5043 3261 5096 etiam
3295 5044 3400 5097 vivi
3428 5045 3683 5115 martyris
3710 5046 3875 5100 vieini

2273 5131 2534 5201 martyrio
2580 5131 2819 5186 ﬂuminis
2865 5134 3181 5199 spiritualis.
3229 5133 3394 5188 Vivus
3441 5143 3527 5189 est
3569 5136 3714 5190 enim
3774 5137 3875 5192 iste

2275 5231 2495 5292 martyr,
2519 5235 2574 5277 et
2602 5232 2823 5295 martyr,
2848 5225 3109 5294 siquidem
3143 5234 3388 5280 mortuus
3416 5235 3500 5281 est
3520 5227 3719 5297 Smpius
3745 5244 3872 5297 pro-

2274 5315 2466 5383 posito.
2493 5314 2683 5370 Videte
2715 5316 2833 5386 ejus
2875 5318 3118 5374 membra
3157 5319 3498 5385 mortilicata,
3528 5323 3706 5376 videte
3735 5322 3870 5391 ligu-

2270 5420 2385 5459 ram
2424 5405 2890 5463 circumferentem
2936 5426 3056 5479 qua:
3104 5420 3231 5465 sunt
3272 5413 3521 5477 hominis,
3553 5421 3611 5469 et
3645 5429 3865 5468 sensum

2271 5499 2552 5555 habentem
2584 5502 2904 5573 angelicum.
2940 5520 2958 5556 ι
2992 5502 3059 5558 Et
3092 5512 3211 5575 post
3240 5506 3509 5577 aliquanta
3541 5524 3554 5562 :
3592 5526 3609 5558 ‹
3643 5508 3750 5563 Sed
3783 5522 3867 5563 re-
