4114 6554
398 433 500 487 617

1253 434 1385 490 PRO
1426 434 1848 491 DEFENSlONE
1888 434 2103 491 TRlUM
2143 433 2453 490 C.\PITU..
2488 434 2609 490 LIB.
2658 432 2745 490 IV.

3564 430 3675 489 618

394 554 668 599 venamur
696 543 761 599 ad
793 552 1080 616 martyrem
1131 546 1290 602 istum
1338 550 1529 603 iterum
1575 562 1791 618 propter
1820 568 1975 619 quem
2014 556 2057 611 Α
2089 566 2148 603 ra
2174 553 2386 621 proprie
2412 554 2425 582 ¹
2462 550 2692 616 Domini,
2721 559 2773 605 et
2803 551 3225 605 nects~ariorum
3257 557 3516 618 quantum
3540 561 3676 617 Opus

395 650 447 692 ct
479 639 581 692 ista
611 638 871 693 diximus.
897 638 1177 704 Quomodo
1209 642 1386 710 itaque
1418 652 1660 697 mortuus
1686 652 1769 697 est
1800 645 1984 697 morti-

398 729 561 782 ﬁcaus
600 729 839 783 membra
868 744 985 796 sua,
1010 739 1065 786 et
1086 731 1407 786 conculcans
1438 743 1640 786 naturae
1670 732 1986 801 ρυρτάἱυςιεις

399 821 450 874 in
485 821 719 875 humano
751 834 995 890 corpore.
1024 833 1078 876 et
1108 823 1403 892 angelicam
1438 823 1591 878 nobis
1611 824 1985 878 demonstrans

394 913 591 965 vitam?
611 912 664 966 Si
687 923 865 966 autem
892 912 1051 966 vultis
1074 914 1255 968 videre
1277 914 1399 982 quia
1434 926 1483 968 et
1514 931 1570 968 re
1601 914 1713 983 ipsa
1744 926 1986 969 mortuus

394 1016 508 1067 est,
532 1005 887 1061 recordamini
917 1005 1061 1060 illius
1093 1007 1347 1074 temporis
1374 992 1806 1074 quandobellum
1831 1020 1987 1073 aSpe—

396 1110 514 1148 rum
559 1094 813 1148 adversus
859 1094 1151 1149 Ecclesium
1199 1105 1593 1161 exsurrexerat,
1625 1105 1679 1151 et
1719 1100 1987 1153 exercitus

398 1185 770 1247 movebantur,
800 1191 856 1238 et
899 1199 1044 1238 arma
1097 1187 1550 1255 prcharabautur,
1580 1189 1791 1256 quando
1841 1176 1987 1245 trariis

397 1274 614 1330 ﬂuvium
647 1292 837 1331 omnes
866 1278 1345 1347 congregabantur.
1379 1277 1529 1332 Tunc
1559 1281 1672 1347 ipse
1700 1280 1911 1345 exiens,
1933 1290 1988 1336 et

397 1366 544 1420 velut
568 1368 733 1421 turris
762 1378 887 1422 ante
917 1368 1108 1437 posita,
1136 1370 1215 1422 vel
1247 1369 1499 1438 scopulus
1528 1369 1741 1439 quidam
1767 1372 1906 1424 altus
1934 1382 1987 1427 et

399 1470 625 1525 magnus
654 1467 778 1511 ante
807 1458 941 1511 alios
980 1466 1146 1523 stans,
1179 1466 1234 1513 et
1262 1459 1655 1513 contrariorum
1689 1459 1988 1528 suscipiens

400 1548 593 1602 fluctus
617 1558 670 1602 et
696 1549 991 1605 resolvens.
1018 1549 1068 1602 in
1101 1551 1484 1619 tranquilli'ate
1511 1560 1762 1605 cmterum
1794 1566 1988 1620 corpus

399 1635 657 1692 Ecclesiae
703 1639 1019 1704 custodivit,
1065 1642 1430 1708 repercutiens
1482 1653 1884 1710 tempestatem,
1935 1652 1990 1697 et

400 1742 661 1801 pra-Stans
687 1731 839 1785 nobis
861 1733 1096 1800 quietum
1126 1742 1359 1801 portum.
1389 1752 1406 1783 ι
1434 1733 1588 1787 llunc
1612 1735 1788 1803 itaque
1810 1736 1987 1789 vivum

402 1833 722 1893 martyrem,
763 1838 826 1877 ac
872 1826 1065 1891 saepius
1114 1835 1435 1896 martyrem,
1479 1835 1533 1880 et
1580 1828 1989 1881 mortiﬁcatiune

2087 651 2200 695 erat
2223 643 2467 711 exigebat
2490 657 2829 707 mensuram;
2859 642 3355 711 superabundanter
3379 650 3557 696 autem
3586 656 3647 695 re
3662 670 3675 681 ς-

2088 732 2268 801 plebat
2290 733 2611 800 prrebentem
2633 733 2733 787 sibi
2758 732 3204 795 benedictionem,
3220 748 3247 784 a
3268 732 3426 786 vidua
3445 734 3464 763 '
3490 740 3677 800 petens

2090 838 2300 891 panem,
2348 838 2440 889 per
2487 826 2823 877 occasionem
2870 832 3048 877 autem
3098 822 3368 892 petitionis
3417 831 3677 890 prrestaus

2088 914 2463 967 abundantiam
2510 914 2896 968 benedictionis
2931 932 2943 966 :
2973 915 3049 967 sic
3078 924 3133 969 et
3163 922 3251 968 tua
3294 912 3677 967 honorabilitas

2091 1014 2328 1058 nostram
2357 998 2700 1075 exiguitatem
2735 1016 2939 1075 petens,
2972 1008 3142 1074 magis
3170 1006 3265 1061 das
3295 1021 3452 1075 quam
3484 1005 3677 1059 sumis.

2089 1094 2514 1150 Submiuisuans
2542 1097 2756 1163 quidem
2803 1105 2890 1150 tua
2935 1097 3001 1150 ad
3032 1098 3200 1152 Deum
3233 1096 3519 1165 postulatio
3546 1111 3677 1164 cap-

2090 1187 2197 1240 saci
2243 1196 2427 1240 nostro
2471 1187 2880 1241 indeficicntiam
2919 1202 2985 1242 ex
3019 1202 3180 1256 parvo
3221 1196 3458 1257 prtestat,
3482 1199 3534 1240 et
3582 1186 3680 1255 hy-

2091 1277 2221 1330 dria:
2254 1277 2641 1331 indeticientem
2671 1293 2735 1332 ex
2770 1279 3085 1346 parvissimo
3127 1277 3400 1331 cumulum
3434 1275 3677 1344 largitur.

2093 1365 2237 1419 Petis
2268 1366 2445 1435 itaque
2488 1369 2536 1420 in
2583 1368 2841 1436 principio
2883 1368 3124 1440 epistola:
3170 1377 3297 1430 tuze,
3330 1367 3677 1429 honorabilis,

2092 1457 2159 1512 de
2202 1458 2465 1525 lapidibus
2512 1460 2563 1513 in
2608 1460 2855 1513 rationali
2895 1460 3347 1527 superhumeralis
3388 1457 3678 1511 sacerdotis

2091 1562 2257 1619 super
2284 1558 2468 1619 pectus
2494 1551 2671 1605 Aaron
2698 1552 2974 1621 dispositis
3004 1551 3315 1614 etinsertis,
3342 1560 3397 1605 et
3418 1551 3438 1581 ³
3467 1565 3676 1613 eorum,

2092 1649 2148 1696 et
2177 1644 2414 1706 nomina,
2440 1651 2495 1696 et
2512 1643 2759 1710 .colores,
2792 1653 2846 1696 et
2876 1642 3105 1710 species,
3133 1651 3185 1696 et
3214 1641 3350 1707 loca,
3380 1649 3434 1693 et
3462 1640 3526 1693 ad
3570 1640 3680 1707 pie-

2094 1741 2255 1785 tatem
2284 1732 2538 1788 ducentes
2569 1733 2804 1800 ipsorum
2838 1734 3075 1802 lapidum
3101 1734 3601 1800 Contemplationes,
3623 1739 3681 1785 et

2093 1822 2462 1891 unusquisque
2502 1822 2635 1889 lapis
2667 1838 2762 1891 pro
2790 1823 2928 1892 quali
2964 1822 3101 1875 tiibu
3134 1821 3408 1875 ordinatus
3448 1829 3594 1882 erat,
3627 1827 3682 1874 et

401 1914 761 1966 membrorum
790 1915 1100 1967 continuum
1132 1924 1442 1985 martyrem,
1467 1917 1742 1985 solamque
1771 1918 1988 1987 ﬁguram
2027 1937 2070 1996 Β
2098 1914 2240 1969 unde
2269 1915 2519 1968 inventus
2548 1925 2658 1976 est,
2687 1924 2740 1967 et
2769 1929 2832 1969 ex
2866 1928 2969 1982 qua
3003 1912 3191 1979 patria.
3225 1911 3320 1975 Et,
3351 1911 3505 1964 sicuti
3536 1909 3679 1975 dixi,

401 2002 868 2058 circumferentem
913 2004 1162 2069 hominis,
1193 2006 1354 2059 vitam
1385 2021 1514 2061 vero
1558 2009 1854 2078 angelicam
1897 2011 1990 2066 de-

402 2103 824 2159 monstrantem;
857 2109 1017 2163 quem
1059 2097 1218 2149 etiam
1254 2097 1398 2151 velut
1440 2099 1626 2152 turrim
1678 2099 1728 2152 in
1781 2102 1987 2168 pralio,

402 2184 660 2239 adversus
704 2186 947 2240 inimicus
976 2186 1098 2240 ﬁdei
1127 2198 1378 2253 stantem,
1410 2196 1465 2243 et
1499 2190 1764 2259 ingentem
1798 2204 1992 2260 scopu-

403 2272 531 2341 lum,
561 2275 796 2329 Joannes
822 2275 939 2345 ejus
968 2276 1262 2346 discipulus
1289 2278 1438 2341 dicit,
1487 2278 1537 2333 in
1583 2295 1740 2348 quem
1778 2291 1984 2335 contra.

404 2365 602 2419 riorum
631 2364 826 2419 ﬂuctus
874 2366 1268 2420 resolverentur
1315 2365 1475 2433 illisi;
1519 2367 1760 2435 nunquid
1785 2366 1991 2439 justum

403 2457 695 2521 existimas,
718 2457 803 2527 pie
832 2457 1099 2527 princeps,
1126 2459 1285 2511 talem
1319 2458 1722 2515 retributionem
1749 2458 1993 2515 laborum

403 2559 455 2605 et
484 2549 832 2604 certaminum
865 2565 1082 2603 suorum
1128 2550 1195 2604 de
1238 2549 1434 2604 Christi
1484 2551 1721 2606 Ecclesia
1769 2554 2015 2619 mer-ri,

405 2654 459 2698 ut
487 2644 553 2695 ab
580 2658 641 2697 ea
670 2643 817 2699 velut
862 2642 1145 2696 htereticus
1187 2642 1539 2719 excludatup?
1580 2643 1693 2697 Non
1738 2643 1967 2697 arbitror

404 2736 469 2790 Et
517 2743 695 2789 tamen
747 2736 797 2788 in
847 2734 1213 2804 praejudicium
1263 2736 1451 2805 synodi
1500 2736 1989 2803 Chalcedonensis,

405 2821 605 2880 idcirco
645 2821 880 2894 jactatur
926 2825 1179 2880 exclusus
1221 2826 1386 2881 fuisse
1415 2826 1752 2893 Theodorus,
1782 2829 1922 2897 quod
1964 2842 1994 2883 a

404 2916 603 2987 Cyrillo
648 2927 881 2970 sectator
927 2917 1046 2985 ejus
1094 2917 1254 2971 fuerit
1298 2917 1590 2987 judicatus.
1636 2919 1773 2973 Sunt
1819 2920 1994 2976 adhuc

405 3007 572 3062 multa
620 3022 717 3075 pro
761 3008 952 3061 eodem
983 3017 1167 3061 sancto
1199 3007 1433 3062 Diodoro
1464 3009 1640 3079 magni
1667 3009 1887 3065 Joannis
1914 3010 1996 3066 di-

405 3109 510 3165 cta,
535 3115 653 3168 qua;
683 3099 748 3153 ad
778 3099 876 3151 alia
910 3107 1257 3169 properantes
1289 3101 1608 3155 omittimus.
1640 3101 1992 3170 Epiphaniam

404 3207 617 3263 quoque
632 3189 1085 3262 Cyprium,virum
1104 3191 1473 3247 doctissimum
1495 3191 1690 3246 scimus
1714 3193 1995 3261 scripsisse

2097 2002 2251 2055 nobis
2278 2001 2490 2070 quidem
2521 2001 2709 2055 harum
2742 2017 2921 2055 rerum
2953 2000 3187 2054 difﬁcilis
3211 2001 3307 2052 fuit
3327 1998 3682 2062 omnino,vel-

2093 2102 2153 2149 ut
2180 2094 2251 2148 illi
2278 2094 2449 2148 \iduaa
2480 2103 2696 2163 propter
2718 2103 3111 2162 paupertatem,
3134 2092 3386 2145 inventio.
3412 2090 3449 2146 S
3470 2091 3515 2144 id
3546 2092 3682 2149 sicut

2093 2186 2169 2241 illi
2201 2202 2296 2256 per
2328 2187 2759 2245 benedictionem
2792 2188 3110 2242 miraculum
3140 2188 3391 2254 contigit,
3421 2195 3475 2239 et
3501 2187 3683 2240 Sama-

2092 2278 2281 2332 ritana:
2314 2293 2412 2346 pro
2444 2294 2580 2349 aqua
2622 2280 2861 2333 sensibili
2893 2278 3101 2333 Domini
3142 2277 3454 2348 mysterium
3478 2276 3499 2307 ⁸
3530 2292 3684 2331 reve-

2094 2368 2299 2423 labatur
2332 2387 2344 2421 :
2380 2372 2456 2424 sic
2483 2380 2538 2423 et
2567 2370 2720 2424 nobis
2759 2371 2967 2440 exiguis
3004 2372 3371 2433 exstantibus,
3404 2369 3499 2424 sed
3547 2384 3685 2423 novo

2093 2460 2368 2516 intellectu
2399 2470 2453 2516 et
2481 2478 2617 2517 nova
2654 2446 2960 2532 cognitione
2989 2470 3044 2516 et
3074 2476 3213 2515 nova
3242 2459 3480 2524 ratione,
3513 2459 3685 2514 abun-

2092 2552 2271 2609 dantia
2302 2554 2538 2624 undique
2565 2553 2752 2609 effecta
2782 2564 2884 2620 est,
2913 2555 3078 2609 veluti
3108 2569 3176 2610 ex
3210 2569 3401 2622 magna
3433 2554 3684 2613 imlne‘um

2037 2664 2051 2692 ;
2092 2645 2359 2702 effusione
2387 2662 2481 2715 per
2532 2649 2829 2703 orationem
2886 2647 3015 2701 Eliae
3049 2657 3105 2701 et
3139 2646 3367 2701 aliorum
3402 2648 3686 2715 propheta.

2094 2753 2235 2806 rum,
2265 2754 2492 2808 quorum
2525 2749 2579 2794 et
2608 2740 2748 2794 ﬁlius
2772 2747 2827 2793 et
2851 2739 3149 2809 discipulus
3182 2749 3237 2795 et
3263 2754 3546 2794 successor
3570 2739 3686 2793 exi-

2093 2830 2189 2885 stis
2216 2871 2229 2895 ,
2273 2829 2601 2885 honorabilis
2624 2872 2639 2897 ,
2681 2831 3362 2900 suscipiens-propinquam
3394 2830 3501 2884 illis
3541 2830 3678 2885 hanc

2095 2919 2319 2990 gratiam
2367 2935 2398 2973 a
2447 2920 2695 2987 Domino,
2742 2929 2796 2976 et
2838 2921 2990 2976 nobis
3034 2935 3129 2989 per
3182 2921 3481 2975 orationem
3529 2920 3687 2977 attri~

2094 3010 2282 3065 buens.
2324 3029 2342 3063 ι
2378 3009 2495 3065 Νοη
2528 3011 2679 3079 parvi
2721 3021 2865 3066 esset
2888 3011 3069 3065 indicii
3095 3054 3109 3078 ,
3142 3012 3560 3067 clementissime
3588 3011 3686 3065 im-

2096 3109 2331 3170 perator,
2377 3101 2459 3155 vel
2502 3101 2550 3156 si
2598 3102 2824 3156 aliorum
2868 3103 3083 3157 Patrum
3136 3103 3439 3157 testimonia
3485 3102 3687 3158 defuis-

2094 3201 2213 3247 sent
2236 3191 2279 3257 ⁸,
2305 3192 2501 3247 nullius
2529 3203 2803 3247 auctorem
2835 3193 3056 3247 hmresis
3073 3193 3342 3247 exstitisse
3367 3192 3684 3269 Diodorum,

407 3288 477 3341 de
520 3285 812 3339 haeresibus
861 3283 1055 3347 libros,
1095 3283 1146 3337 in
1191 3284 1384 3351 quibus
1425 3292 1479 3338 et
1518 3294 1763 3339 auctores
1807 3300 1989 3339 earum
2018 3310 2065 3373 ο
2096 3284 2238 3353 quod
2276 3296 2399 3338 eum
2434 3283 2787 3352 Epiphanius,
2814 3283 2895 3337 vir
2922 3284 3299 3353 sagacissimus
3327 3293 3376 3338 et
3410 3284 3463 3338 in
3491 3283 3688 3338 doctri-

410 3385 461 3428 et
480 3388 670 3428 causas
693 3373 976 3442 diligenter
999 3373 1334 3443 exposuit,et
1364 3389 1468 3428 non
1501 3374 1672 3429 solum
1702 3375 1989 3431 Diodorum

409 3464 555 3518 velut
597 3475 873 3518 auctorem
925 3465 1149 3533 alicujus
1202 3464 1419 3519 heresis
1450 3465 1667 3521 minime
1698 3468 1989 3535 denotavit,

410 3566 595 3608 verum
621 3555 781 3607 etiam
814 3554 865 3607 in
899 3554 1090 3608 litteris
1112 3557 1221 3608 suis
1254 3554 1339 3607 tali
1371 3569 1492 3608 eum
1526 3555 1727 3610 honore
1749 3557 1994 3626 dignatus

410 3651 513 3707 est,
535 3653 597 3699 ut
642 3643 807 3697 ﬁlium
862 3658 984 3698 eum
1037 3651 1093 3699 et
1142 3643 1461 3714 discipulum
1519 3653 1573 3698 et
1627 3660 1992 3700 successorem

413 3734 542 3790 Elia:
559 3734 894 3803 aliarumque
912 3734 1232 3802 prephetaru
1243 3752 1289 3787 m
1308 3735 1690 3801 pronuntiaret,
1712 3746 1765 3791 et
1782 3741 1997 3807 propin-

413 3840 569 3896 quam
618 3826 723 3880 illis
770 3841 800 3879 a
851 3825 1075 3879 Domino
1118 3825 1342 3894 gratiam
1380 3826 1585 3880 diceret
1623 3837 1992 3881 Conseculum.

414 3917 566 3974 Unde
611 3918 936 3973 conveniens
965 3915 1170 3971 videtur
1202 3925 1265 3971 ut
1295 3918 1415 3982 hoc,
1445 3918 1582 3971 sicut
1627 3918 1679 3970 in
1726 3917 1844 3972 aliis
1873 3917 1999 3971 feci-

414 4026 553 4078 mus,
583 4027 646 4066 ex
683 4010 925 4081 epistolae
970 4010 1138 4078 ipsius
1187 4020 1371 4065 tenore
1422 4019 1799 4065 monstremus.
1831 4029 1850 4064 σ
1888 4011 1997 4065 Do-

414 4101 560 4156 mino
591 4117 712 4155 meo
743 4100 1045 4155 honorabili
1088 4101 1235 4154 fratri
1267 4110 1321 4154 et
1347 4102 1713 4157 consacerdoti
1743 4102 1997 4165 Diodoro,

414 4193 631 4247 amabili
666 4194 940 4261 episcopo,
969 4192 1296 4263 Epiphanius
1322 4201 1346 4229 ι
1376 4193 1426 4246 in
1475 4192 1701 4248 Domino
1747 4195 1994 4249 salutem.

415 4283 650 4338 Gratiam
685 4285 942 4352 majorem
976 4294 1255 4351 praestans,
1285 4298 1443 4352 quam
1473 4285 1758 4353 accipiens,
1788 4287 2002 4353 petebat

416 4375 676 4430 Dominus
705 4389 736 4427 a
763 4374 1097 4430 Samaritana
1124 4389 1316 4443 aquam
1348 4374 1530 4429 bibere
1561 4393 1573 4427 :
1610 4377 1722 4444 ipse
1752 4374 1872 4429 fons
1897 4391 1999 4429 ex-

416 4474 583 4530 stam,
611 4465 763 4532 juxta
812 4473 1026 4533 puteum
1077 4465 1319 4529 sedebat,
1356 4476 1410 4518 et
1440 4465 1685 4533 fatigato.
1713 4480 1778 4519 ex
1810 4466 2002 4519 itinere

420 4555 807 4620 inveniebatur,
835 4566 892 4609 ut
920 4565 1314 4625 consequenter
1340 4555 1587 4623 praesenti
1614 4570 1881 4621 sermone,
1916 4555 2002 4608 in-

416 4647 744 4701 carnationis
776 4663 880 4701 non
912 4649 1197 4701 excederet
1224 4648 1522 4700 veritatem.
1560 4665 1580 4698 ι
1623 4647 1689 4700 Et
1718 4656 1835 4715 past
1866 4663 1999 4716 pau-

420 4739 587 4792 lulum
624 4755 636 4790 :
676 4755 695 4789 ε
732 4739 834 4793 Sed
865 4740 1023 4794 etiam
1057 4736 1174 4807 ejus
1204 4736 1450 4806 discipuli
1480 4745 1532 4790 et
1559 4736 1718 4801 seivi,
1748 4752 1778 4790 a
1806 4737 1999 4802 quibus

418 4834 614 4902 aliquid
646 4833 916 4901 petebant,
945 4831 1111 4901 magis
1141 4832 1219 4885 eis
1246 4830 1441 4883 dabant
1468 4844 1625 4899 quam
1668 4830 2003 4898 accipiebant

417 4926 485 4980 ab
516 4926 595 4980 eis
626 4943 639 4980 :
671 4936 723 4981 et
751 4925 1121 4995 alloquebatur
1170 4924 1382 4995 quidem
1424 4923 1587 4989 Elias,
1612 4923 1701 4993 qui
1732 4930 1848 4977 erat
1874 4922 2005 4991 figu-

494 5165 519 5193 λ
550 5156 681 5210 llinc
710 5156 877 5225 liquet
919 5154 985 5207 ad
1038 5149 1322 5225 Diodorum
1372 5148 1701 5225 Tarsensem
1741 5146 1997 5225 scriptum

420 5229 585 5295 fuiSSG
614 5231 679 5280 ab
710 5217 1000 5292 Epiphanio
1041 5222 1278 5295 libellum
1310 5224 1428 5295 περὶ
1464 5217 1792 5295 ῙῷνγῄΔώδεκα
1820 5219 1997 5295 ᾼιθων,

421 5301 489 5353 de
519 5288 845 5350 Gemmisﬁ
872 5296 1030 5348 vestis
1056 5292 1357 5354 Aaronicae,
1376 5288 1435 5342 'et
1464 5290 1641 5341 lihelle
1670 5288 1999 5354 pranuissam

418 5370 559 5424 hanc
600 5368 879 5435 epistolam
927 5382 942 5418 :
988 5366 1141 5431 cujus
1173 5360 1483 5435 hodie_par_s
1512 5367 1713 5435 timum
1746 5356 1888 5410 edita
1920 5364 2003 5408 est

420 5441 475 5495 in
504 5429 731 5506 vulgatis
762 5452 880 5489 cum
912 5429 1300 5506 nudo-nontan
1332 5429 1597 5506 D_iodo_ri.__
1640 5498 1649 5506 _
1735 5505 1740 5506 ν
1862 5496 1873 5506 Α
1927 5494 1936 5504 _

503 5507 527 5544 δ
560 5496 814 5562 undecim
861 5510 1144 5572 episcopos
1171 5500 1384 5569 Aigypn
1430 5499 1530 5553 sub
1560 5498 1782 5553 Valente
1803 5536 1815 5560 ,
1850 5496 2002 5548 Aria-

500 5703 515 5732 ³
544 5706 676 5761 Cod.
703 5706 921 5767 Verum,
946 5702 1153 5774 proprii.

496 5780 515 5809 ¹
545 5778 688 5831 Idem
716 5775 864 5838 cod.,
889 5790 920 5827 a
946 5771 1096 5826 uidua
1126 5771 1345 5841 quidem.

498 5846 519 5878 ³
552 5847 693 5903 Idem
710 5846 869 5910 cod"
892 5854 945 5897 ut
971 5858 1165 5897 eorum.

495 5918 518 5949 "
542 5919 686 5973 idem
714 5916 861 5981 cod.,
888 5917 1076 5967 donum
1108 5909 1477 5981 mysteriorum.

704 6009 967 6070 PATROL,
1016 6001 1269 6063 LXVII.

2028 4698 2081 4759 D

2097 3391 2162 3429 na
2201 3376 2478 3431 catholica:
2518 3376 2641 3431 ﬁdei
2672 3374 3008 3430 laudabiliter
3035 3376 3339 3430 diffamatus
3360 3416 3376 3442 ,
3407 3390 3512 3430 non
3571 3391 3688 3430 tne-

2096 3466 2389 3520 moraverit
2437 3465 2578 3520 inter
2626 3466 3041 3523 lueresiarchas.
3092 3467 3306 3535 quando
3352 3482 3525 3534 neque
3569 3466 3689 3521 illos

2096 3558 2185 3627 qui
2221 3564 2345 3611 ante
2371 3559 2664 3610 adventum
2699 3556 2906 3611 Domini
2940 3570 3101 3611 novas
3140 3557 3411 3612 doctrinas
3440 3558 3685 3612 institue-

2097 3655 2223 3713 runt
2252 3689 2267 3713 ,
2291 3647 2553 3701 omiserit.
2587 3646 2721 3701 Cum
2760 3661 2888 3716 ergo
2920 3656 3060 3701 tanta
3094 3648 3251 3701 fuerit
3275 3648 3536 3702 industria
3566 3648 3685 3715 ejus

2098 3745 2258 3808 atque
2284 3738 2532 3803 scientia,
2564 3749 2621 3792 ut
2658 3739 2905 3806 antiquos
2930 3738 3091 3792 etiam
3121 3739 3209 3805 qui
3237 3739 3567 3806 temporibus
3593 3738 3691 3792 Ju-

2100 3830 2525 3883 deorum-nova
2575 3828 2920 3893 docuerunt,
2973 3828 3253 3882 haereticos
3299 3842 3405 3881 non
3458 3838 3686 3894 taceret;

2100 3918 2369 3988 quomodo
2393 3927 2712 3988 prmsentem
2745 3916 3037 3971 Diodorum
3076 3917 3392 3986 magistrum
3424 3916 3693 3972 Theodori

2102 4011 2430 4079 praeteriret,
2462 4010 2504 4065 si
2545 4025 2697 4064 nova:
2728 4008 2987 4064 doctrina:
3012 4024 3169 4077 quam
3210 4006 3486 4064 Nestorius
3531 4025 3691 4065 secu-

2103 4111 2186 4157 tus
2226 4112 2347 4169 est,
2380 4100 2575 4157 fuisset
2619 4101 2910 4157 inventor?
2942 4101 3118 4170 Super
3148 4101 3264 4156 hinc
3293 4112 3468 4157 autem
3506 4100 3692 4171 adjici-

2103 4205 2222 4245 mus
2249 4193 2412 4247 etiam
2465 4193 2841 4262 episcoporum
2875 4191 3252 4262 Egyptiorum
3279 4193 3366 4261 qui
3398 4194 3448 4246 in
3486 4193 3686 4248 Diues:-

2103 4297 2256 4338 sarea
2282 4282 2599 4337 exsulabant
2630 4283 2656 4320 ιι
2689 4283 2789 4336 sub
2819 4281 3044 4336 Valente
3072 4282 3413 4350 imperatore,
3441 4297 3689 4351 maguum

2103 4388 2200 4443 pro
2231 4383 2417 4428 sancto
2448 4373 2684 4428 Diodoro
2706 4373 3093 4428 testimonium.
3124 4373 3254 4428 Nam
3288 4389 3407 4427 cum
3433 4375 3692 4429 adversus
3738 4442 3741 4445 ἤ

2103 4464 2463 4533 Apollinarem
2515 4464 2816 4518 scriberent
2873 4464 3125 4517 monachi
3175 4465 3227 4518 in
3283 4463 3449 4517 Nitria
3506 4465 3694 4518 consti-

2103 4556 2201 4610 tuti
2233 4554 2274 4617 °,
2306 4555 2420 4608 hazc
2445 4563 2565 4623 post
2590 4554 2860 4624 aliquanta
2889 4553 3141 4609 dixerunt
3169 4571 3183 4609 :
3223 4573 3242 4606 ι
3281 4554 3538 4610 Mirabilis
3564 4570 3694 4610 Vero

2104 4646 2464 4717 Apollinarius
2487 4646 2618 4703 tales
2670 4646 2875 4701 litteras
2914 4662 2980 4701 ex
3034 4648 3251 4701 nomine
3282 4657 3468 4702 nostro
3520 4648 3693 4701 susci-
3739 4634 3745 4640 ’

2108 4740 2301 4808 piens,
2353 4738 2649 4807 susripiens
2695 4740 2857 4793 etiam
2913 4747 2967 4793 et
3013 4740 3283 4808 propriam
3310 4739 3589 4809 epistolam
3641 4740 3691 4792 in

2111 4834 2329 4885 nomine
2376 4829 2603 4898 Adelplti
2642 4840 2696 4884 et
2744 4830 2966 4895 iS‘dori,
3008 4829 3159 4899 juxta
3191 4841 3371 4884 votum
3403 4845 3585 4891 suum,
3640 4829 3693 4881 in

2115 4930 2319 4977 tantum
2354 4937 2451 4977 nos
2479 4923 2803 4991 contempsit
2830 4966 2842 4990 ,
2892 4930 2951 4975 ut
2981 4922 3093 4991 ipse
3125 4932 3307 4990 postea
3345 4920 3564 4974 auderet
3584 4920 3694 4972 suis

2108 5162 2295 5200 nurum
2323 5147 2583 5212 impulsu,
2622 5144 2791 5215 Magni
2820 5144 2957 5196 comi
2988 5144 3033 5215 is
3053 5156 3321 5195 sacrarum
3348 5141 3693 5215 largitionum

2106 5232 2263 5283 Opera
2299 5220 2348 5269 in
2381 5218 2630 5271 exsilium
2656 5213 2857 5282 ejectos
2882 5256 2896 5280 ,
2924 5229 2985 5266 ac
3012 5213 3354 5283 Diues-sarcir:
3378 5214 3574 5278 Oppido
3598 5213 3695 5265 l'a.

2108 5282 2329 5341 Iasstinte
2379 5287 2621 5340 habitare
2663 5286 2864 5354 jussus,
2905 5298 3003 5337 aue
3029 5293 3197 5354 0r_Cst
3239 5282 3426 5335 Petrus
3460 5283 3693 5336 Alexan-

2108 5359 2295 5411 drinus
2340 5359 2392 5410 in
2424 5352 2984 5425 epistola—circulazi,
3039 5352 3193 5425 cujus
3247 5364 3449 5420 partem
3504 5356 3695 5408 recitat

2108 5424 2480 5483 Theodoretus
2510 5428 2600 5481 lib.
2639 5441 2687 5479 tv
2720 5426 2988 5490 lltstorizc,
3011 5439 3127 5492 cap.
3151 5424 3240 5479 20.

2181 5691 2201 5722 ⁸
2230 5688 2359 5742 Cod.
2388 5687 2607 5752 Veram,
2641 5689 2783 5741 nobis
2824 5690 3123 5758 defuissent.

2183 5760 2205 5791 ⁸
2247 5761 2410 5813 Ilem.
2443 5759 2588 5822 cod.,
2622 5759 2884 5811 monachis
2938 5763 2988 5811 in
3042 5759 3217 5813 Nitria
3248 5762 3552 5814 const'tutis.
3601 5759 3697 5815 llis

2106 5830 2548 5884 enim‘scrthunt
2591 5828 2826 5899 episwpi
2860 5829 3093 5900 Aigyptii
3136 5832 3185 5884 in
3233 5833 3556 5887 lliocmarca
3596 5837 3703 5888 sub

2118 5902 2335 5959 Valente
2371 5899 2693 5955 cxsulautes.

3640 6048 3671 6071 Ι
