4114 6492
428 349 535 413 919

1566 310 1860 404 meum:
1905 344 2108 401 El‘ISC.
2156 340 2657 398 llEmtiANiiNSIS

3630 345 3740 401 69.0

428 468 631 524 titteris
654 462 1451 536 accusa-eirreprehensibilem
1481 474 1533 517 et
1562 462 2026 533 religiosissimum
2062 465 2102 520 Α
2136 456 2421 510 haereticos
2464 455 2817 522 memoravit,
2862 457 2953 526 qui
2985 456 3053 512 de
3109 458 3405 529 Scripturis
3448 462 3653 516 sanctis
3683 463 3738 517 in

437 558 901 630 archiepiscopum
944 556 1244 611 Antiochiae
1290 554 1569 610 Paulinum
1598 594 1613 621 ,
1672 553 1762 625 qui
1819 568 2032 622 semper

426 651 854 706 communicavit
909 660 989 704 ter
1034 648 1191 703 beato
1220 662 1370 717 papae
1416 655 1602 703 nostro
1649 645 1943 699 Athanasio
1980 652 2033 698 et

437 743 770 797 omnibusin
816 740 1107 797 Occidente
1157 739 1475 794 ortltodoxis
1524 738 1812 809 episcopis.
1869 737 2034 792 Nobis

437 842 619 888 autem
648 848 712 887 ex
740 833 1055 902 acceptione
1085 833 1271 887 talium
1296 832 1594 886 litterarum
1626 832 1935 897 commotis,
1981 838 2034 885 et

435 924 763 978 habentibus
801 924 870 979 de
925 933 1176 978 accusato
1211 923 1295 977 vel
1347 924 1569 978 ltazresis
1609 923 1692 977 vel
1723 921 2035 979 scltismatis

426 1015 833 1085 suspicionem,
883 1029 1027 1085 saepe
1057 1015 1399 1069 volueramus
1446 1014 1521 1068 illi
1573 1013 1893 1068 rescribere.
1926 1012 2033 1070 Sed

440 1108 567 1161 dum
625 1109 741 1163 hmc
791 1116 1043 1178 aguntur,
1111 1122 1177 1162 ex
1224 1107 1626 1178 dispensatione
1677 1106 1772 1162 Dei
1823 1106 2037 1163 demon-

439 1208 624 1254 strata:
651 1208 779 1254 sunt
828 1200 983 1254 nobis
1014 1208 1067 1255 et
1122 1200 1391 1268 inscriptae
1419 1200 1537 1269 ejus
1572 1198 1952 1270 dispositiones
1983 1208 2036 1255 et

439 1291 780 1346 definitiones
808 1293 877 1346 de
908 1291 1034 1360 ﬁde,
1059 1300 1418 1346 consonantes
1444 1291 1526 1347 eis
1555 1306 1677 1363 qua:
1697 1299 1852 1345 antea
1882 1289 2036 1346 multi

440 1383 725 1437 venientes
755 1383 821 1437 ad
851 1396 950 1439 nos
977 1381 1045 1438 de
1076 1385 1191 1453 ipso
1222 1382 1377 1438 nobis
1405 1384 1714 1454 Apolinario
1763 1383 2031 1451 dixerant,

434 1472 700 1529 habentes
729 1488 790 1529 se
819 1488 925 1529 non
976 1484 1124 1530 recte
1176 1475 1244 1530 de
1298 1475 1670 1532 incarnatione
1716 1475 2033 1532 Salvatoris.

441 1566 524 1623 Ad
547 1566 662 1622 lucc
689 1567 850 1621 etiam
893 1575 946 1621 et
986 1566 1117 1622 alias
1172 1566 1410 1632 litteras,
1442 1566 1719 1636 inquibus
1766 1567 2037 1623 accusavit

430 1656 809 1712 uenerabilem
839 1656 1304 1725 archiepiscopum
1335 1653 1497 1727 Cypri
1549 1655 1908 1726 Epiphanium
1942 1669 2033 1710 or-

443 1750 774 1819 thodoxum,
830 1758 886 1804 et
929 1751 1417 1805 communicantem
1461 1762 1675 1819 semper
1727 1748 2036 1803 beatissimo

2138 557 2365 617 utraque
2395 546 2570 618 lingua
2615 545 2814 617 aliquid
2848 550 3327 617 conscripserunt:
3363 565 3470 606 non
3522 553 3690 607 tacuit
3714 551 3741 586 ⁸

2138 643 2230 713 qui
2263 643 2528 697 haeresum
2563 642 2764 697 fuerint
2792 645 3101 699 conditores
3121 686 3137 713 ,
3185 647 3348 717 quive
3396 662 3738 719 assertores,

2138 734 2221 788 vel
2245 734 2331 802 qui
2364 735 2526 790 etiam
2556 750 2584 788 a
2617 735 2937 806 quibusdam
2979 745 3036 791 ut
3060 738 3298 795 haeretici
3328 750 3736 810 accusarentur,

2138 823 2260 878 aliis
2290 834 2476 879 contra
2504 823 2938 882 defendentibus.
2972 827 3075 896 Qui
3101 838 3280 885 tamen
3327 843 3573 887 sanctum
3602 834 3736 891 Dio-

2140 914 2332 970 dorum
2362 930 2463 971 nec
2492 917 2546 971 in
2589 919 2949 986 su5picionem
2981 920 3201 977 bteresis
3238 923 3455 979 venisse
3499 925 3689 981 retulit
3719 944 3738 980 :

2139 1008 2206 1063 de
2237 1024 2342 1079 quo
2369 1010 2437 1065 sit
2463 1009 2575 1065 ait:
2611 1030 2629 1062 ι
2669 1010 2931 1067 Diodorus
2958 1012 3241 1070 Tarsensis
3272 1018 3578 1088 episcopus,
3607 1018 3741 1074 dum

2139 1100 2442 1157 Antiochiae
2492 1111 2639 1158 esset
2684 1105 2994 1176 presbyter,
3025 1107 3195 1178 magis
3239 1107 3456 1164 claruit.
3508 1110 3745 1167 Exstant

2138 1192 2256 1265 ejus
2296 1195 2348 1250 itt
2398 1194 2655 1264 Apostolo
2692 1199 3085 1252 commentaria
3111 1240 3125 1264 ,
3176 1206 3234 1254 et
3280 1199 3450 1255 multa
3496 1202 3639 1269 alia,
3669 1202 3742 1258 ad

2141 1285 2358 1341 Eusebii
2390 1288 2559 1358 magis
2610 1286 2979 1344 characterem
3010 1291 3338 1359 pertinentia
3383 1308 3398 1346 :
3429 1292 3586 1364 cujus
3612 1310 3741 1349 cum

2139 1393 2359 1434 sensum
2390 1390 2610 1435 secutus
2640 1380 2745 1448 sit,
2772 1381 3138 1452 eloquentiam
3191 1383 3390 1439 imitari
3431 1402 3536 1440 non
3566 1387 3743 1456 potuit

2139 1482 2363 1544 prOpter
2392 1472 2750 1543 ignorantiam
2781 1475 3124 1529 saecularium
3177 1476 3501 1533 litterarum.
3539 1497 3560 1531 ι
3593 1477 3743 1533 Con-

2140 1573 2294 1619 sonat
2324 1573 2503 1618 autem
2532 1563 2621 1618 hic
2669 1578 2849 1620 sermo
2894 1564 3037 1620 beati
3076 1565 3406 1638 Hieronymi,
3437 1582 3544 1638 quo
3568 1570 3743 1628 refert

2140 1656 2445 1728 eloquentia
2492 1657 2757 1712 minorem
2814 1657 3103 1713 Diodorum
3151 1659 3356 1727 fuisse,
3410 1662 3590 1717 verbis
3617 1680 3745 1733 qua

2141 1745 2561 1802 memoravimus
2610 1747 2755 1803 beati
2806 1747 3021 1815 Basilii,
3053 1748 3247 1820 quibus
3291 1750 3464 1805 eidem
3506 1751 3744 1807 Diodoro

440 1857 592 1913 papae
622 1851 808 1898 nostro
839 1842 1156 1898 Athanasio.
1194 1842 1386 1898 Adhuc
1437 1843 1601 1896 etiam
1649 1850 1704 1895 et
1758 1839 2037 1896 sanetissi—
2066 1847 2114 1908 Β
2138 1840 2383 1896 scribens
2409 1840 2476 1896 de
2504 1840 2643 1896 libro
2674 1856 2834 1910 quem
2860 1841 2912 1897 ei
2964 1842 3224 1907 miserat,
3259 1843 3394 1897 dixit
3426 1860 3441 1896 :
3472 1843 3605 1911 Quia
3637 1859 3740 1897 va-

430 1950 587 1991 mum
620 1935 940 1990 Tarsensem
959 1976 972 2001 ,
1006 1943 1061 1989 et
1090 1934 1575 1989 communicantem
1606 1932 1850 1989 similiter
1879 1934 2037 1990 beato

432 2040 595 2096 papa:
617 2036 803 2079 nostro
851 2024 1178 2091 Athanasio,
1209 2033 1263 2079 et
1290 2034 1530 2078 nostrum
1563 2023 1803 2095 ipsorum
1829 2025 2040 2096 episco-

432 2133 569 2188 pum
594 2118 609 2149 '
640 2116 932 2171 Diodorum
988 2115 1321 2186 abjudicavit
1346 2118 1367 2149 ³
1404 2114 1621 2186 injustze
1670 2131 1766 2186 per
1791 2115 2039 2187 proprias

440 2209 664 2280 litteras,
717 2209 762 2263 si
792 2223 900 2262 non
932 2207 1278 2263 abstinuisset
1321 2222 1349 2259 a
1379 2206 1759 2263 communione
1786 2214 1913 2265 ante
1954 2207 2040 2262 di-

432 2313 650 2357 ctorum
679 2300 1104 2356 orthodoxorum
1132 2300 1511 2370 episcoporum
1561 2298 1770 2357 Paulini
1815 2309 1868 2355 et
1898 2300 2039 2370 Epi-

436 2394 645 2463 phanii.
683 2412 703 2447 t
740 2393 833 2448 His
861 2393 1022 2448 etiam
1052 2393 1407 2448 consideratis
1436 2408 1555 2463 qua:
1584 2392 1927 2448 confessores
1949 2394 2039 2449 isti

431 2489 768 2558 eloquuntur,
802 2486 1044 2543 conﬁteri
1093 2486 1355 2543 debemus
1400 2487 1872 2542 condemnandum
1929 2501 2036 2542 non

437 2593 560 2634 esse
591 2576 900 2644 Diodorum,
930 2592 1091 2650 quem
1106 2578 1348 2633 videmus
1371 2592 1399 2631 a
1428 2577 1621 2633 talibus
1642 2586 1695 2633 et
1718 2593 1813 2647 pro
1841 2578 2036 2634 talibus

440 2668 826 2739 adjudicatum.
854 2668 970 2723 Non
1015 2669 1156 2723 enim
1194 2668 1347 2724 decet
1377 2665 1697 2740 Apollinaris
1755 2667 2034 2722 haeresiar-

426 2759 553 2817 clne
595 2773 691 2815 nos
720 2760 948 2815 inveniri
979 2760 1175 2826 socios,
1208 2760 1293 2814 vel
1324 2759 1786 2829 irreprehensibili
1811 2768 1865 2813 et
1904 2760 2035 2817 reli-

438 2852 747 2920 giosissime
776 2850 1001 2906 Paulino
1042 2851 1341 2906 Antiochiae
1371 2860 1425 2906 et
1457 2851 1752 2905 venerabili
1781 2851 2033 2921 episcopo

442 2943 743 3013 Epiphanio
771 2942 968 3014 Cyprio
1013 2943 1349 2997 contrarios:
1381 2952 1439 2997 ut
1467 2942 1583 3011 ejus
1612 2943 1884 2998 memoria
1927 2959 2033 2998 non

439 3036 899 3091 communicemus
928 3076 944 3102 ,
976 3035 1125 3090 velut
1166 3034 1403 3091 haeretici
1429 3079 1443 3103 ,
1473 3037 1562 3105 qui
1590 3051 1653 3107 pr
1678 3048 1871 3106 rpterea
1902 3051 2032 3095 eun-

438 3127 727 3179 demnatus
752 3134 836 3181 est
876 3126 944 3181 ab
974 3125 1231 3181 haeretica
1258 3169 1273 3195 ,
1304 3127 1444 3198 quod
1476 3142 1584 3182 non
1626 3128 1976 3184 abstinuisset
2003 3145 2032 3184 a

2142 1934 2315 1988 riatur
2353 1932 2669 1998 sententiis,
2703 1940 2759 1987 et
2784 1931 2944 1988 facile
2987 1934 3041 1986 in
3070 1946 3136 1988 eo
3165 1933 3547 1989 discernuntur
3569 1948 3741 1989 econ-

2144 2023 2308 2079 trario
2334 2022 2705 2093 oppositiones
2728 2064 2742 2090 ,
2789 2030 2845 2078 et
2895 2022 2963 2076 ad
2991 2034 3086 2078 eas
3138 2024 3545 2092 responsiones,
3573 2035 3629 2079 et
3656 2031 3741 2080 est

2141 2115 2383 2171 oratione
2444 2115 2669 2184 simplex
2695 2155 2709 2180 ,
2742 2121 2799 2170 et
2834 2114 2952 2169 sine
2980 2113 3091 2169 ullo
3128 2116 3393 2171 sermonis
3423 2115 3689 2170 cothurno
3722 2131 3742 2167 :

2142 2205 2283 2276 quod
2336 2207 2629 2261 convenire
2677 2204 2808 2259 mihi
2873 2205 3047 2260 visum
3098 2214 3183 2262 est
3227 2203 3516 2261 Christiani
3556 2208 3742 2278 stylo,

2140 2313 2248 2352 non
2276 2298 2343 2352 ad
2386 2297 2836 2364 ostentationem,
2884 2297 2981 2353 sed
3027 2296 3095 2353 ad
3148 2299 3431 2354 utilitatem
3462 2300 3746 2354 hominum

2141 2388 2448 2445 scribentis.
2504 2389 2573 2444 Et
2600 2389 3010 2446 abundaverant
3056 2390 3272 2461 quidem
3308 2393 3501 2463 nobis,
3544 2393 3611 2447 ad
3640 2395 3745 2450 de-

2139 2482 2550 2537 monstrandum
2581 2482 2722 2552 quod
2749 2484 3128 2555 proposuimus
3154 2485 3255 2539 ista
3283 2500 3401 2554 quae
3427 2485 3570 2541 dicta
3590 2498 3743 2545 sunt.

2144 2572 2339 2629 Verum
2371 2574 2494 2645 quia
2532 2574 2665 2628 nihil
2704 2576 2996 2643 debemus,
3026 2577 3113 2632 vel
3159 2577 3345 2648 gloria:
3397 2580 3568 2649 ipsius
3596 2579 3741 2635 beati

2142 2664 2393 2735 Diodori,
2425 2668 2510 2723 vel
2562 2683 2740 2724 causae
2788 2669 3082 2739 cognitioni
3129 2670 3450 2739 ‘miuttere,
3503 2674 3743 2744 qualiter

2140 2760 2304 2816 etiam
2343 2762 2773 2829 praadecessores
2804 2764 2968 2818 vestri
3014 2763 3251 2833 religiosi
3282 2765 3570 2835 principes,
3604 2767 3740 2823 Gra-

2138 2854 2338 2920 tianus,
2419 2853 2857 2921 Valentinianus,
2926 2866 2982 2913 et
3047 2856 3219 2927 major
3264 2857 3632 2926 Theodosius,
3687 2859 3741 2916 ei

2139 2946 2339 3003 fuerint
2385 2949 2658 3017 attestati,
2704 2949 3060 3004 omittendum
3119 2963 3241 3005 esse
3287 2966 3392 3004 non
3440 2952 3738 3008 credimus.

2138 3040 2385 3108 Quicum
2416 3039 2720 3096 scriberent
2743 3040 2808 3095 ad
2841 3042 3147 3096 Auxanium
3183 3043 3561 3111 proconsulem
3592 3043 3741 3099 Asia:

2138 3136 2206 3191 de
2235 3135 2582 3191 restituendis
2603 3135 2872 3201 ecclesiis,
2898 3137 2968 3190 ita
2991 3145 3116 3206 post
3135 3136 3407 3206 aliquanta
3437 3137 3690 3191 dixerunt
3724 3154 3738 3192 :

434 3218 819 3272 communione
848 3227 973 3273 ante
1019 3217 1286 3273 dictorum
1335 3219 1781 3275 orthodoxorum.
1816 3221 2036 3278 Accedit
2063 3217 2113 3280 C
2147 3245 2165 3278 α
2202 3227 2317 3282 Soli
2366 3226 2442 3281 illi
2478 3227 2713 3283 habeant
2754 3228 3052 3295 ecclesias,
3085 3228 3174 3297 qui
3205 3228 3606 3283 communicant
3637 3228 3741 3284 Ne-

439 3310 603 3364 ctiam
658 3316 858 3363 nostrae
903 3308 1323 3366 considerationi
1352 3313 1644 3367 auctoritas
1684 3314 1898 3370 concilii
1932 3314 2034 3370 150

439 3402 817 3471 episcoporum
840 3444 853 3468 ,
887 3402 942 3456 in
988 3406 1124 3456 hanc
1153 3406 1352 3474 regiam
1384 3403 1659 3459 civitatem
1705 3414 1891 3461 contra
1924 3407 2033 3460 Ma-

436 3492 725 3549 cedoniam
772 3504 1215 3564 congregatorum
1242 3539 1257 3564 ,
1292 3496 1433 3554 inter
1463 3512 1600 3567 quos
1651 3508 1767 3554 erat
1815 3511 2034 3556 sanctus

441 3588 545 3643 iste
586 3585 865 3643 Diodorus.
899 3589 1134 3644 Accedat
1161 3588 1303 3660 quod
1344 3591 1399 3646 in
1432 3591 1688 3647 Ecclesiae
1714 3608 1881 3663 pace,
1924 3595 2036 3664 ple-

440 3692 544 3733 nus
588 3678 831 3747 dierum,
861 3693 982 3735 cum
1014 3681 1183 3751 gloria
1233 3696 1425 3752 magna
1472 3682 1759 3739 defunctus
1810 3693 1914 3749 est.
1970 3686 2036 3741 Et

440 3769 601 3824 nimis
648 3768 819 3824 audax
876 3769 1115 3841 profecto
1159 3771 1462 3837 videbitur,
1510 3782 1567 3828 ut
1610 3787 1798 3830 contra
1842 3776 2033 3831 horum

440 3862 679 3917 omnium
712 3864 1085 3918 auctoritatem
1113 3906 1126 3930 ,
1176 3865 1297 3919 talis
1328 3880 1390 3920 ac
1423 3876 1600 3922 tantus
1631 3868 1886 3923 Ecclesiae
1936 3870 2033 3926 do-

439 3965 555 4013 ctor
583 3970 679 4027 pro
709 3956 892 4029 Cyrilli
921 3959 1154 4028 querelis
1177 3960 1659 4019 anathematizetur
1690 3965 1834 4019 velut
1864 3965 2037 4022 luere-

440 4051 618 4106 ticus:
652 4051 794 4121 quod
817 4062 871 4106 et
900 4053 1031 4106 istas
1057 4052 1275 4124 judiccs
1299 4064 1633 4110 mortuorum
1663 4058 2035 4116 considerasse

437 4143 767 4199 credendum
790 4152 891 4199 est.
924 4143 1029 4199 Sed
1053 4159 1175 4199 cum
1205 4159 1302 4216 pro
1343 4144 1535 4201 iisdem
1564 4149 1797 4217 querelis
1825 4190 1843 4216 ,
1875 4151 1956 4205 vel
1988 4151 2034 4206 si

438 4249 625 4289 verum
657 4234 747 4303 sit,
778 4250 882 4290 non
909 4236 1011 4291 nisi
1056 4236 1205 4307 prius
1234 4237 1457 4293 excluso
1488 4239 1745 4310 magistro
1773 4240 2033 4310 Diodoro,

440 4326 653 4381 excludi
682 4325 798 4397 ejus
827 4327 1121 4398 discipulus
1174 4330 1344 4399 possit
1369 4346 1384 4385 ε
1410 4331 1681 4400 quomodo
1704 4332 1911 4389 abistis
1942 4349 2035 4390 so-

439 4420 522 4474 Ius
551 4417 865 4473 Theodorus
894 4434 1000 4475 non
1043 4419 1109 4474 ad
1152 4422 1485 4477 eversionem
1512 4423 1704 4494 synodi
1732 4424 2036 4481 Chalcedo-

440 4512 627 4567 nensis
650 4510 901 4565 credatur
921 4513 1206 4567 exclusus?
1230 4513 1588 4585 llieronymus
1604 4529 2029 4586 quoqueuoster,

2138 3330 2309 3397 ctario
2357 3320 2377 3350 ⁵
2408 3320 3029 3390 Constantinopolitano,
3079 3329 3136 3375 et
3186 3319 3471 3375 Timotheo
3501 3321 3741 3375 Alexan-

2138 3413 2327 3480 drino,
2381 3420 2435 3466 et
2477 3411 2695 3483 Pelagio
2758 3412 3026 3497 Laodicim
3072 3410 3342 3479 Orientis,
3396 3421 3451 3466 et
3503 3412 3740 3468 Diodoro

2139 3505 2322 3571 Tarsi,
2365 3511 2422 3559 et
2452 3504 2617 3559 totius
2663 3503 2878 3559 concilii
2908 3503 3010 3558 sub
3036 3504 3236 3558 vicario
3262 3504 3405 3558 Asiae
3432 3505 3741 3573 constituti,

2137 3608 2194 3654 et
2245 3598 2626 3669 Amphilochio
2656 3599 2912 3667 episcopo
2944 3597 3108 3653 Iconii
3132 3637 3148 3664 ,
3180 3609 3233 3653 et
3284 3599 3501 3667 Optimo
3552 3598 3743 3653 Antio.

2137 3691 2301 3747 chiae.
2332 3691 2391 3748 In
2441 3689 2666 3747 Pontico
2709 3704 2843 3745 vero
2891 3691 3153 3756 concilio,
3211 3689 3456 3745 Helladio
3484 3689 3742 3760 episcopo

2138 3782 2431 3850 Caesareae,
2463 3793 2519 3839 et
2566 3783 2825 3852 episcopo
2870 3781 3128 3837 Melitinae
3156 3780 3365 3848 Otreio,
3392 3791 3448 3836 et
3477 3779 3744 3850 Gregorio

2137 3874 2415 3945 Nysseno,
2473 3883 2531 3929 et
2559 3872 2815 3928 Terentio
2860 3870 3098 3942 Scythia
3139 3880 3189 3937 α,
3235 3881 3291 3927 et
3321 3869 3577 3941 Martyrio
3603 3872 3744 3924 Mar-

2137 3963 2468 4033 ci0politano
2501 3963 2543 4018 ⁸.
2577 3962 2677 4030 Qui
2706 3977 2833 4017 vero
2878 3972 2935 4016 et
2963 3961 3207 4017 eamdem
3241 3961 3396 4016 ﬁdem
3429 3976 3534 4015 non
3571 3960 3743 4015 hono-

2141 4064 2284 4121 rant,
2317 4052 2484 4109 veluti
2538 4052 2781 4108 haeretici
2837 4052 2905 4105 ab
2955 4052 3199 4107 ecclesiis
3244 4051 3628 4116 excludantur,
3688 4060 3741 4106 et

2141 4161 2415 4217 nunquam
2467 4146 2725 4215 deinceps
2772 4144 2841 4198 ad
2892 4158 2987 4199 eas
3041 4152 3397 4199 revertantur.
3445 4163 3465 4196 ι
3513 4144 3742 4214 Oportet

2140 4241 2284 4296 enim
2313 4238 2548 4308 undique
2596 4247 2718 4308 post
2759 4236 2901 4291 hanc
2932 4237 3103 4307 legem
3146 4246 3423 4307 purgatam
3454 4250 3576 4291 esse
3596 4236 3741 4305 apud

2143 4348 2335 4390 omnes
2377 4330 2808 4387 Christianorum
2861 4328 3197 4400 religionem.
3252 4329 3385 4384 Cum
3440 4329 3602 4399 igitur
3650 4327 3739 4383 isti

2144 4427 2378 4499 religiosi
2412 4423 2682 4495 principes
2715 4424 2817 4478 hoc
2846 4437 2966 4478 esse
2994 4431 3203 4477 certum
3234 4421 3487 4476 iudicium
3538 4428 3740 4475 statue<

2141 4521 2285 4585 rint,
2316 4527 2374 4573 ut
2416 4517 2462 4572 si
2492 4517 2612 4587 quis
2642 4530 2747 4569 non
2780 4516 3205 4570 communicaret
3245 4514 3403 4569 beato
3444 4512 3684 4568 Diodoro
3705 4553 3722 4580 ,

443 4608 526 4659 vir
557 4602 847 4659 admodum
872 4604 1061 4661 doctus
1085 4646 1100 4673 ,
1133 4606 1224 4676 qui
1268 4609 1430 4662 etiam
1459 4616 1621 4663 tantae
1650 4610 1824 4667 fuerat
1852 4613 2036 4668 lectio-
2066 4597 2116 4659 D
2141 4616 2327 4673 eadem
2355 4628 2477 4684 quae
2518 4610 2839 4666 Theodorus
2865 4609 3152 4679 sentienti,
3187 4608 3473 4663 haereticus
3514 4606 3740 4662 habere-

440 4699 547 4764 nis,
576 4706 634 4751 ut
663 4709 852 4751 omnes
892 4704 984 4751 aut
1031 4710 1167 4764 pene
1194 4712 1406 4764 omnes,
1451 4700 1589 4767 sive,
1620 4701 1673 4756 in
1704 4700 1893 4758 Graaco
1922 4704 2036 4760 sive

441 4794 493 4847 in
527 4792 716 4847 Latino
738 4789 953 4861 eloquio
981 4791 1283 4846 divinarum
1330 4791 1730 4865 Scripturarum
1775 4805 2033 4852 tractato-

438 4899 526 4940 res
557 4884 791 4955 legeret,
817 4883 1035 4953 scripsit
1067 4883 1261 4939 librum
1291 4884 1447 4955 cujus
1474 4896 1558 4942 est
1588 4887 1770 4941 titulus
1802 4889 1878 4943 De
1906 4891 2034 4944 viris

438 4977 770 5043 illustribus,
795 4977 846 5031 in
872 4990 979 5046 quo
1027 4992 1132 5031 non
1172 4978 1344 5031 solum
1378 4977 1672 5033 catholicos
1694 5020 1706 5044 ,
1743 4980 1835 5034 sed
1868 4983 2030 5036 etiam

507 5167 531 5195 ιι
593 5162 651 5215 1η
697 5160 895 5216 Codice
938 5160 1144 5214 Tlteml.
1199 5161 1235 5213 Ι.
1278 5159 1330 5218 5.
1367 5161 1427 5213 de
1458 5156 1589 5212 Fide
1618 5158 1868 5213 catholica
1896 5201 1910 5223 ,
1943 5163 2030 5217 ubi

440 5240 617 5286 exstat
639 5235 739 5286 hoc
764 5232 1106 5301 rescriptum,
1138 5246 1415 5301 perperam
1439 5230 1639 5301 editum
1656 5241 1738 5284 Bal
1761 5230 2027 5286 Turennio.

445 5304 499 5354 In
528 5303 755 5371 vulgatis
785 5318 913 5357 vero
933 5299 1332 5370 exemplaribus
1358 5302 1550 5372 synodi
1576 5299 2034 5372 Constantinopo-

445 5373 621 5441 I_itan:e
654 5373 930 5428 Gerontius
958 5375 1290 5441 appellatur;
1335 5371 1429 5427 sed
1456 5371 1508 5425 iu
1536 5374 1723 5427 codice
1756 5376 2035 5431 Aniciensi

438 5438 711 5497 Terentius
739 5455 916 5508 recte,
966 5438 1154 5498 u't'hoc
1199 5438 1335 5500 loco.
1372 5444 1493 5499 Fuit
1521 5456 1694 5499 autem
1746 5445 2036 5501 Tumorqu

517 5644 531 5674 '
566 5642 700 5699 Cod.
733 5642 956 5709 Verum,
984 5646 1356 5714 roepiscOpttm.

515 5717 534 5786 ξ
561 5715 703 5770 Idem
734 5714 880 5779 coit,
906 5715 1245 5786 agdjudtcarit.

516 5785 538 5817 ³
569 5788 710 5840 Idem
742 5787 887 5852 cod.,
925 5784 1139 5839 U'binon
1174 5789 1353 5841 tacuit.

514 5858 537 5889 ⁸
564 5857 707 5915 Idem
737 5858 881 5927 cod.‘,
916 5859 1235 5914 comit‘tioni.

2142 4719 2226 4763 tur
2251 4727 2262 4760 :
2290 4722 2395 4777 qua
2424 4719 2563 4758 nunc
2585 4703 2792 4758 ratione
2822 4710 3078 4756 statutum
3103 4707 3189 4755 est
3208 4741 3222 4763 ,
3258 4709 3313 4753 ut
3334 4697 3377 4753 si
3416 4698 3533 4766 quis
3555 4696 3741 4752 Theo-

2140 4802 2328 4857 dorum
2373 4797 2739 4868 Mopsuestia,
2769 4803 2822 4849 et
2855 4796 2971 4865 ejus
2999 4793 3271 4864 dogmata,
3304 4804 3502 4859 eosque
3532 4790 3621 4859 qui
3647 4798 3741 4842 aut

2139 4894 2330 4949 similia
2357 4892 2405 4947 ei
2430 4898 2722 4959 sapucrunt
2746 4897 2837 4941 aut
2859 4890 3105 4957 sapiunt,
3154 4902 3257 4939 non
3290 4883 3736 4943 anathematizat,

2142 4984 2424 5040 lncretictts
2458 4979 2750 5038 habeatur?
2798 4977 2933 5044 Quia
2979 4991 3107 5032 vero
3154 4974 3449 5040 Diodorus,
3498 4972 3743 5027 veritatis

2142 5162 2435 5232 episcopus
2460 5157 2511 5210 in
2531 5226 2542 5232 _
2561 5155 2802 5232 Scythia.
2830 5155 2962 5232 Mox
2990 5167 3178 5232 rursus
3209 5151 3494 5232 Martyrius
3514 5146 3729 5232 Marcio

2143 5224 2278 5304 polis
2312 5224 2363 5304 in
2395 5226 2576 5304 Maesia
2600 5224 2884 5304 episcopus
2911 5225 3145 5304 dicitur,
3178 5240 3284 5278 non
3318 5224 3649 5284 Mat-nterim,
3682 5228 3741 5304 ut

2146 5296 2196 5358 in
2227 5303 2425 5357 Codice
2480 5298 2687 5351 'I‘lteud.
2737 5297 2871 5352 Nam
2918 5296 3228 5364 Martyrium
3283 5306 3496 5363 quoque
3542 5303 3741 5364 vocant

2146 5372 2478 5443 exemplaria
2522 5370 2705 5424 omnia
2733 5366 2925 5438 synodi
2970 5362 3581 5434 ConatantinOpolitana:
3606 5402 3620 5427 ,
3651 5362 3739 5415 cui

2148 5443 2485 5512 subscripsit.

2222 5645 2241 5674 ⁸
2270 5643 2413 5697 Idem
2443 5642 2592 5709 cod.,
2621 5642 2861 5710 episcopo
2878 5637 3477 5710 .Cottstantinopoiitatto.

2219 5714 2239 5744 ⁸
2268 5714 2407 5768 Idem
2433 5704 2589 5781 cod,
2632 5704 3153 5783 Marcibnopolitano.
3191 5704 3476 5783 Martyrius
3507 5704 3739 5783 Marcia-

2143 5786 2481 5854 nopolitanus
2501 5777 2768 5847 in'Mmsia
2795 5777 3089 5854 subscribit
3130 5777 3341 5854 synodo
3356 5777 3741 5834 Constantino-

2144 5850 2390 5926 politanae
2421 5870 2561 5913 anno
2588 5854 2684 5912 38t
2709 5895 2726 5926 ,
2770 5856 2871 5912 sub
2900 5852 3207 5911 Theodosio
3238 5850 3452 5920 Magno.
