4114 6492
368 345 468 403 821

1269 339 1399 393 ΡΙἶο
1441 337 1869 407 DEFENSIU‘NE
1912 339 2121 395 'lRlU.“
2164 339 2473 395 CAPITUL.
2512 340 2636 395 LIB.
2674 341 2755 395 iV.

3561 344 3666 399 621

365 456 634 513 maximus
664 451 985 523 prtcdicator
1006 494 1019 517 ,
1056 450 1107 503 in
1141 450 1335 507 virtute
1369 451 1458 506 Dei
1488 468 1581 521 per
1615 469 1760 506 arma
1801 454 1961 522 justi-
1996 461 2043 517 Α
2076 456 2463 525 Apollinariset
2515 457 2896 525 discipulorum
2929 458 3044 526 ejus
3074 497 3088 519 ,
3124 456 3210 525 qui
3272 470 3444 523 utque
3490 458 3534 512 si
3579 473 3670 514 ca-

367 550 489 611 tic,
523 561 552 598 a
582 544 789 599 dextris
822 551 878 597 et
924 541 1189 605 sinistris,
1225 544 1485 611 Apostolo
1515 544 1779 610 docente,
1811 544 1897 600 bei
1924 545 1970 599 i-

364 652 556 710 gerare
580 634 840 691 didicerat
864 651 878 687 :
908 632 1151 700 attende,
1180 648 1382 703 quzeso,
1419 635 1844 691 Cletltenli~sittle
1870 638 1968 690 im-

278 765 315 811 ί-
364 741 587 804 perator
605 770 620 794 ,
648 726 1101 796 quemadmodum
1134 725 1460 796 pergioriam
1477 728 1930 798 etignobilitatem
1951 769 1966 796 ,

369 838 465 894 per
495 822 768 877 infamiam
799 830 855 874 et
884 820 1077 874 bonam
1107 820 1323 884 famam,
1358 819 1479 875 forti
1521 836 1735 889 semper
1774 831 1830 876 et
1857 823 1968 876 aui-

311 895 346 952 ’Ῠ
368 930 517 970 mosa
567 913 868 968 intentione
908 913 1228 966 cucurrerit.
1261 912 1417 977 Nam,
1454 913 1594 967 sicut
1623 912 1693 967 ab
1718 912 1973 967 Ecclesiae

370 1008 684 1064 ductoribus
728 1019 941 1073 semper
984 1004 1311 1074 approbatus
1360 1014 1465 1068 est,
1498 1014 1553 1059 et
1583 1006 1652 1059 ab
1702 1004 1972 1066 hatreticis

370 1107 648 1156 locusatus
674 1138 687 1163 ,
719 1096 792 1152 ita
823 1096 984 1151 etiam
1037 1110 1253 1164 semper
1280 1111 1309 1149 a
1342 1095 1610 1165 religiosis
1639 1096 1972 1166 principibus

369 1190 642 1255 laudatus,
673 1197 727 1243 et
754 1188 1084 1256 vituperatus
1110 1187 1181 1242 ab
1208 1187 1383 1257 impiis
1405 1188 1697 1243 invenitur.
1728 1188 1972 1243 Julianus

380 1284 583 1339 etenim
611 1280 828 1335 Christo
859 1279 1096 1349 perfidus
1143 1280 1467 1348 imperator,
1499 1281 1574 1334 sic
1600 1281 1828 1334 Pinetino
1859 1282 1972 1335 lue-

370 1376 671 1430 resiarebie
692 1374 949 1427 adversus
980 1371 1271 1425 Diodorum
1303 1372 1491 1442 scribit
1521 1389 1535 1433 ς
1572 1392 1588 1423 ι
1622 1372 1699 1426 Tu
1733 1373 1970 1448 quidem,

369 1481 407 1522 o
436 1466 664 1521 Photiue
684 1508 698 1530 ,
735 1464 1041 1520 verisimilis
1071 1465 1278 1519 videris
1302 1505 1316 1529 ,
1356 1474 1411 1519 et
1439 1467 1715 1534 proximus
1745 1468 1969 1526 salvete.

372 1558 714 1614 benefacieus
763 1570 1099 1626 nequaquam
1154 1556 1209 1610 in
1259 1566 1416 1611 utero
1467 1557 1727 1612 inducere
1760 1566 1973 1627 ‘quem

372 1650 645 1706 credidisti
687 1648 876 1702 Deum.
934 1647 1196 1702 Diodorus
1251 1654 1429 1700 autem
1477 1645 1717 1700 Nazarei
1751 1661 1967 1717 magus,

373 1742 492 1813 ejus
523 1739 935 1810 pigmentalibus
960 1750 1253 1809 manganes
1282 1753 1481 1792 acuens
1529 1738 1975 1792 irrationabilita-

2074 550 2258 604 tholici
2285 551 2536 613 fuissent,
2572 551 2736 604 tantis
2784 548 3023 619 praeferri
3052 549 3375 604 debuerant.
3408 548 3559 603 Nunc
3600 564 3669 606 ex

2076 641 2404 711 princip'bus
2455 642 2727 711 principes
2778 653 3175 712 cognoverunt.
3210 657 3435 711 quorum
3493 644 3668 710 magis

2074 736 2123 787 in
2156 734 2344 788 eadem
2378 732 2595 786 Diodori
2642 742 2799 802 atque
2847 732 3115 787 Theodori
3175 748 3338 786 causa
3391 733 3654 802 judicium

2072 825 2302 879 debeant
2333 825 2483 891 sequi
2518 843 2530 877 :
2563 835 2741 878 utrum
2783 823 3020 878 Gratiani
3046 869 3061 891 ,
3093 834 3149 879 et
3177 824 3574 891 Valentiniani,
3606 837 3665 880 et

2075 913 2298 983 majoris
2328 914 2647 975 Theodosii,
2673 930 2739 968 an
2769 914 2964 969 Iuliani
2989 925 3245 985 apestatre
3272 915 3549 985 sacrilegi,
3580 917 3671 986 qui

2075 1014 2360 1076 propterea
2392 1006 2676 1060 Photinum
2704 1008 3053 1061 verisimilem
3082 1018 3139 1062 et
3178 1007 3336 1061 saluti
3370 1008 3670 1077 proximum

2076 1096 2203 1150 dicit
2235 1137 2248 1160 ,
2282 1097 2423 1166 quod
2456 1112 2561 1151 non
2593 1138 2609 1163 ,
2645 1105 2703 1151 ut
2735 1098 2997 1151 Diodorus
3022 1139 3038 1163 ,
3065 1099 3115 1151 in
3156 1108 3366 1153 uterum
3396 1100 3674 1155 induceret

2075 1203 2232 1256 quem
2265 1188 2566 1242 crediderat
2601 1188 2789 1242 Deum.
2816 1188 2945 1253 Quis
2975 1200 3151 1241 autem
3178 1188 3329 1250 ferat,
3363 1200 3672 1244 accusatum

2075 1295 2104 1333 a
2135 1279 2220 1333 Jul
2245 1293 2350 1333 ano
2384 1280 2672 1333 Diodorum
2715 1279 2854 1348 quod
2903 1277 3072 1333 Deum
3125 1290 3305 1333 natum
3354 1281 3421 1333 de
3466 1281 3672 1350 virgine

2076 1370 2351 1433 fateretur,
2388 1371 2627 1425 accusari
2659 1372 2818 1423 etiam
2864 1387 2893 1424 a
2923 1369 3242 1426 Cbri-tianis
3276 1378 3526 1439 tanquam
3574 1373 3673 1425 hoc

2076 1462 2397 1532 negaverit?
2434 1464 2514 1517 vel
2538 1463 2658 1531 quis
2681 1463 2905 1517 audiens
2935 1462 3204 1515 Juliaoum
3253 1463 3487 1515 Diodoro
3528 1478 3673 1516 com-

2076 1558 2396 1622 minantem,
2440 1556 2582 1625 quod
2629 1555 2813 1610 Jesum
2868 1555 3147 1610 Galilrnm
3202 1554 3367 1607 Deum
3413 1565 3672 1609 aeternum

2076 1650 2425 1717 prredicaret,
2457 1664 2614 1716 quem
2644 1657 2915 1702 mortuum
2944 1657 2994 1702 et
3027 1650 3296 1716 sepultum
3328 1664 3521 1716 negare
3564 1665 3668 1701 non

2079 1749 2305 1809 poterat,
2329 1750 2382 1793 et
2411 1739 2680 1793 dicentem
2707 1748 2987 1807 prepterea
3020 1739 3164 1791 illum
3191 1738 3362 1805 puniri
3388 1758 3413 1789 n
3438 1741 3549 1793 suis
3571 1739 3673 1791 diis

369 1841 513 1898 tem,
546 1839 735 1886 acutus
767 1828 1010 1899 apparuit
1048 1829 1287 1897 sophista
1332 1828 1607 1897 religionis
1654 1830 1898 1899 agrestis.
1950 1848 1968 1881 ι
2010 1853 2054 1912 Β
2082 1847 2294 1885 summo
2320 1832 2605 1900 supplicio,
2649 1831 2788 1900 quod
2823 1831 3203 1885 miserabiliter
3233 1831 3499 1885 imbibens
3523 1832 3671 1885 theo-

334 1958 341 1964 -
374 1925 440 1980 Et
468 1935 585 1994 post
619 1924 893 1993 paululum
923 1939 935 1974 :
978 1940 996 1973 ι
1034 1921 1189 1989 Quod
1222 1921 1269 1976 si
1300 1922 1455 1976 nobis
1497 1922 1746 1990 opitulati
1782 1922 1977 1977 fuerint

370 2017 447 2073 dii
467 2029 519 2072 et
542 2017 689 2083 deae,
724 2024 781 2070 et
808 2029 973 2070 musa
1001 2029 1192 2070 omnes
1218 2055 1231 2080 ,
1265 2025 1320 2070 et
1351 2015 1598 2081 fortuna;
1633 2015 1977 2070 ostendemus

372 2109 649 2162 infirmum
692 2117 751 2161 et
805 2114 1176 2173 corruptorem
1232 2105 1445 2175 legum,
1499 2116 1554 2161 et
1585 2106 1873 2174 rationmn,
1925 2116 1979 2161 et

378 2197 756 2269 myszeriorum
782 2210 1145 2267 paganorum,
1186 2207 1241 2250 et
1278 2197 1499 2251 deorum
1532 2197 1864 2253 inferuerum
1888 2214 1902 2263 ;
1924 2208 1980 2253 et

376 2293 524 2346 illum
561 2306 759 2345 novum
806 2291 924 2359 ejus
959 2292 1122 2344 Deum
1154 2288 1432 2345 Galilzeom
1458 2332 1473 2357 ,
1524 2305 1683 2360 quem
1715 2300 1975 2347 :cternum

376 2384 618 2441 fabulose
648 2384 922 2454 praedicat,
957 2383 1174 2453 indigna
1223 2392 1399 2437 morte.
1452 2393 1507 2438 et
1535 2384 1806 2452 sepultura
1832 2425 1845 2448 ,
1882 2384 1975 2439 de-

374 2478 633 2532 nudatum
662 2476 903 2531 coniictas
933 2491 962 2530 a
997 2475 1234 2531 Diodoro
1283 2474 1520 2529 deitatis.
1563 2494 1581 2527 ι
1617 2475 1771 2532 Sicut
1798 2487 1975 2531 autem

377 2570 556 2625 solent
605 2580 848 2625 errantes
903 2568 1137 2623 convicti
1195 2566 1395 2637 ﬁngere
1451 2567 1592 2638 quod
1640 2578 1757 2623 arte
1808 2570 1977 2638 magis

382 2649 795 2731 quam‘virtute
824 2661 842 2691 ¹
886 2661 1203 2726 vincantur,
1254 2659 1494 2730 sequitur
1522 2660 1706 2715 dicens
1749 2679 1762 2715 :
1824 2676 1843 2713 ‹
1872 2663 1978 2717 iste

375 2752 524 2810 enim
564 2752 707 2807 male
729 2751 1031 2806 communis
1062 2751 1310 2806 utilitatis
1330 2752 1568 2807 Athenas
1596 2752 1854 2823 navigans
1874 2796 1887 2818 ,
1920 2762 1978 2808 et

373 2842 769 2914 philosophans
800 2841 1198 2912 imprudenter,
1251 2844 1577 2898 musicorum
1627 2844 1976 2914 participatus

372 2943 461 2989 est
481 2934 742 2988 rationem
764 2975 778 2995 ,
803 2943 859 2988 et
885 2933 1121 2987 rhetoris
1151 2932 1582 2989 cenfectionibus
1607 2934 1862 2990 odibihm
1886 2935 1982 2989 ad-

375 3025 609 3081 armavit
629 3024 862 3093 linguam
895 3025 1153 3079 adversus
1180 3025 1430 3080 caelestes
1452 3025 1611 3091 deos,
1644 3040 1813 3097 usque
1842 3028 1979 3082 adeo

385 3119 638 3188 ignorans
686 3132 1015 3188 paganorum
1065 3120 1355 3187 mysteria,
1399 3133 1719 3189 omnemque
1760 3119 1980 3173 misera-

384 3209 563 3265 biliter
587 3210 886 3274 imbibens,
917 3218 976 3264 ut
1004 3208 1186 3275 aiunt,
1232 3208 1563 3280 degenerum
1594 3219 1648 3265 et
1698 3211 1975 3279 imperito.

382 3315 500 3355 rum
528 3301 650 3371 ejus
678 3300 1047 3372 theologorum
1079 3302 1405 3370 piscatorum
1454 3318 1718 3358 errorem.
1750 3303 1979 3372 Propter

382 3396 525 3464 quod
563 3394 672 3464 jam
724 3394 814 3449 diu
863 3403 948 3450 est
976 3397 1118 3465 quod
1166 3395 1234 3449 ab
1286 3394 1417 3463 ipsis
1459 3394 1678 3463 prmitur
1706 3394 1828 3449 diis.
1856 3395 1975 3451 Jam

383 3488 523 3544 enim
558 3503 651 3553 per
676 3489 879 3543 multos
907 3502 1079 3543 annos
1120 3489 1172 3543 in
1208 3487 1503 3557 periculum
1555 3500 1884 3554 conversus,
1922 3497 1978 3542 ct

386 3579 438 3634 in
465 3580 870 3648 corruptionem
903 3580 1139 3635 thoracis
1168 3580 1437 3645 incidens,
1467 3579 1532 3634 ad
1559 3593 1827 3634 summum
1859 3595 1977 3649 per-

384 3675 530 3729 venit
577 3674 920 3745 supplicium.
972 3672 1144 3730 Omne
1193 3674 1310 3744 ejus
1355 3687 1553 3742 corpus
1600 3682 1975 3744 consumptum

381 3773 467 3820 est
493 3782 505 3816 :
539 3780 661 3819 nam
690 3764 849 3819 mala:
876 3765 993 3835 ejus
1020 3765 1403 3831 conciderunt,
1451 3778 1596 3835 rugm
1622 3780 1749 3818 vero
1774 3764 1829 3818 in
1857 3764 1979 3818 alti-

382 3855 623 3912 tudinem
663 3858 906 3927 eorporis
935 3857 1328 3913 descenderunt
1358 3875 1372 3912 :
1405 3858 1543 3928 quod
1590 3871 1695 3911 non
1744 3868 1823 3913 eSt
1855 3859 1976 3927 phi-

387 3945 679 4016 losophieaa
708 3947 1133 4002 conversationis
1161 3946 1360 4002 indicio
1385 3989 1399 4011 ,
1428 3947 1566 4001 sicut
1593 3948 1761 4003 videri
1805 3949 1915 4003 vult
1947 3965 1976 4003 a

385 4051 445 4093 Ie
498 4036 772 4108 deceptis,
830 4039 924 4093 sed
979 4036 1205 4108 iustitia:
1276 4052 1372 4107 pro
1419 4048 1602 4104 certo,
1652 4038 1979 4109 deorumque

385 4142 582 4200 pana»,
615 4145 718 4199 qua
742 4129 1042 4200 percutitur
1070 4131 1396 4199 competenti
1428 4132 1636 4185 ratione
1657 4173 1671 4196 ,
1718 4144 1888 4201 usque
1911 4131 1978 4186 ad

386 4220 741 4275 novissimum
787 4223 913 4276 vitm
939 4235 1051 4276 sua:
1092 4221 1253 4276 finem
1284 4236 1529 4289 asrcram
1562 4232 1616 4276 et
1636 4236 1872 4277 amaram
1902 4224 1981 4278 vi-

385 4320 496 4366 tam
527 4312 733 4379 vivens,
763 4322 818 4368 et
862 4311 1059 4368 faciem
1093 4313 1299 4381 pallore
1347 4315 1666 4369 confectam.
1703 4336 1720 4367 ι
1755 4316 1981 4371 Sancto-

387 4420 505 4458 rum
557 4404 880 4460 testimoniis
914 4406 1126 4460 Patrum
1172 4407 1226 4459 in
1254 4405 1526 4474 episcopis
1555 4408 1787 4476 episcopi
1820 4423 1979 4477 supra

385 4497 777 4565 Cognovimus,
812 4513 1036 4567 quorum
1081 4496 1344 4567 judicium
1392 4499 1539 4566 sequi
1592 4499 1889 4554 debeamus
1929 4503 1980 4554 in

387 4604 549 4644 causa
579 4588 815 4644 Diodoro
844 4588 1243 4657 Theodoroque
1271 4589 1574 4656 communi,
1610 4601 1787 4645 utrum
1815 4592 1978 4646 Atha-

388 4680 554 4745 nasii,
584 4680 757 4749 Petri,
791 4681 1097 4746 Timothei,
1133 4681 1349 4749 Basilii,
1400 4682 1653 4748 Joannis,
1690 4682 1975 4751 Epiphanii

386 4783 548 4841 atque
596 4771 976 4842 Egyptiorum
1019 4775 1390 4841 cpisc0porum
1422 4775 1556 4843 apud
1589 4773 1975 4829 Diocmsaream

389 4880 487 4934 pro
538 4882 662 4921 vera
709 4868 813 4921 lide
853 4868 1249 4932 exsulandum,
1296 4876 1349 4921 rt
1401 4865 1980 4937 Constantinopolitani

387 4960 630 5025 concilii,
680 4974 778 5013 nec
840 4976 946 5013 non
1005 4960 1305 5013 doctissuni
1358 4961 1453 5011 viri
1514 4958 1871 5028 Hieronymi;
1917 4974 1983 5012 an

463 5126 489 5153 ι
518 5114 723 5185 Nempe
750 5115 1039 5168 absurdum
1069 5113 1297 5185 ducebat
1323 5113 1515 5181 impius
1547 5124 1786 5181 apostata
1812 5113 1980 5167 Deum

391 5182 669 5241 hominem
696 5186 830 5239 ﬁeri.
868 5189 935 5239 At
965 5194 1150 5238 contra
1199 5182 1462 5255 Cyrillus,
1516 5185 1787 5238 lulianum
1838 5185 1984 5237 refu-

394 5268 512 5310 tans
543 5259 639 5312 lib.
667 5270 743 5320 vt,
767 5257 935 5311 divini
967 5256 1178 5309 consilii
1208 5269 1259 5307 et
1294 5256 1569 5323 sapientie
1596 5255 1759 5308 fuisse
1795 5256 1975 5317 docet,

391 5338 448 5382 ut
477 5343 597 5382 cum
643 5329 929 5381 humanam
960 5337 1204 5381 naturam
1236 5328 1573 5392 susciperet,
1606 5326 1729 5377 hum
1751 5340 1890 5376 mam
1927 5328 1978 5376 in

392 5414 452 5453 ea
477 5414 694 5453 omnem
728 5412 977 5467 pompam
1007 5398 1340 5468 gloriamque
1380 5406 1770 5452 contemneret.
1802 5397 1974 5468 Aliam

391 5470 588 5538 quippe
628 5466 805 5522 rerum
834 5466 1245 5538 testimationem
1279 5468 1431 5520 turbis
1482 5482 1623 5538 esse,
1657 5468 1813 5519 aliam
1846 5466 1973 5538 Deo.

391 5535 780 5612 destricta-optim
815 5540 1018 5608 inquit,
1069 5535 1350 5612 chrycvvui's,
1392 5542 1477 5592 καί
1525 5536 1654 5611 ὅπερ
1709 5540 1821 5612 ἐσςὶ
1874 5535 1983 5612 καθέ

392 5610 593 5680 ἠμᾶςὲν
619 5609 931 5683 Myronis-9
960 5609 1169 5665 καὶΘεὸν
1191 5609 1281 5663 οἴει
1298 5611 1443 5680 τάχα
1469 5631 1569 5683 non
1594 5609 1982 5683 uersiaﬁatrrepi

393 5679 600 5737 πολλοῦ.
619 5679 875 5753 ’Βᾷἦόηκας
900 5680 950 5734 δὲ
973 5684 1230 5741 παντελῶς
1253 5684 1309 5733 τὸ
1338 5679 1676 5751 μεσολαϐοὖν,
1708 5681 1787 5732 καὶ
1809 5680 1864 5731 τῦ
1892 5698 1979 5735 της

472 5842 487 5874 ¹
515 5842 650 5899 60d.
676 5839 899 5909 Verum,
927 5841 1151 5894 veritate.

2088 1922 2334 1991 logorum
2397 1922 2724 1989 piscatorum
2763 1936 2999 1975 errorem
3028 1961 3041 1984 ,
3077 1922 3201 1975 talia
3235 1922 3549 1988 praedicaret
3583 1939 3596 1974 :
3644 1938 3671 1976 a

2080 2011 2400 2065 Christianis
2431 2026 2643 2080 quoque
2694 2010 2902 2079 judicet
2946 2010 3336 2071 abdicandum,
3396 2013 3542 2065 velut
3586 2014 3675 2081 qui

2081 2100 2263 2156 Jesum
2298 2098 2579 2155 Galilmum
2606 2100 2879 2153 h.,miucm
2905 2108 3133 2165 tantum,
3176 2116 3281 2153 non
3312 2103 3472 2154 etiam
3508 2103 3672 2157 Deum

2081 2206 2203 2246 esse
2231 2192 2560 2247 crediderit?
2593 2192 2738 2246 lianc
2766 2192 2944 2259 itaque
2969 2191 3265 2246 fautoribus
3300 2193 3674 2250 hareticorum

2084 2288 2432 2354 proponimus
2477 2287 2785 2353 optionem,
2830 2297 2887 2339 ut
2914 2296 3005 2340 aut
3049 2287 3251 2356 eligant
3291 2287 3485 2341 imitari
3520 2302 3673 2343 vene-

2081 2378 2276 2433 rabiles
2332 2379 2519 2434 Patres
2558 2389 2609 2433 et
2652 2378 2935 2446 religiosos
2994 2379 3265 2447 principes
3298 2419 3313 2443 ,
3346 2387 3399 2432 et
3442 2394 3561 2432 cum
3600 2381 3673 2434 cii

2085 2471 2371 2525 Diodorum
2401 2480 2455 2524 et
2477 2471 2825 2525 Theodorum
2856 2470 3080 2539 probent
3112 2486 3126 2535 ;
3160 2478 3286 2538 aut,
3318 2471 3367 2525 si
3405 2470 3676 2542 Apollina-

2082 2580 2196 2620 rem
2229 2566 2397 2635 magis
2428 2576 2479 2618 et
2511 2568 2627 2633 ejus
2667 2564 2994 2633 discipulos,
3029 2571 3193 2631 atque
3215 2564 3505 2627 Jul.anum,
3539 2564 3675 2619 (Μία

2079 2669 2205 2728 gent
2234 2658 2415 2729 sequi,
2450 2675 2555 2713 non
2581 2658 2774 2713 saltem
2803 2668 3029 2728 propter
3056 2659 3199 2713 aliud
3230 2658 3524 2714 Diodorum
3559 2660 3673 2713 cul-

2082 2760 2238 2818 pent,
2273 2751 2374 2806 nisi
2407 2759 2625 2820 propter
2655 2752 2797 2821 quod
2841 2767 2962 2807 eum
3000 2752 3323 2821 Apollinaris
3371 2762 3426 2808 et
3454 2756 3570 2823 ejus
3594 2734 3673 2807 di-

2081 2842 2270 2910 scipuli
2293 2885 2308 2909 ,
2335 2851 2493 2911 atque
2514 2841 2757 2897 Julianus
2775 2885 2791 2910 ,
2808 2843 3153 2897 crediderunt
3178 2858 3303 2898 esse
3328 2843 3674 2912 culpandum.

2083 2932 2236 3000 Quod
2278 2934 2322 2988 si
2353 2935 2572 3002 culpare
2633 2950 2737 2988 non
2767 2944 2991 3005 possunt
3021 2934 3311 2989 Diodorum
3345 2938 3466 3005 quia
3496 2934 3674 2991 desunt

2082 3026 2395 3081 Nazarmum
2417 3069 2431 3092 ,
2462 3043 2623 3096 quem
2656 3030 2708 3082 in
2743 3028 2950 3083 duabus
2983 3029 3190 3083 naturis
3223 3029 3387 3083 Deum
3421 3029 3676 3093 credidit,

2085 3119 2138 3173 in
2171 3128 2380 3174 uterum
2433 3120 2663 3185 induxit,
2720 3121 2891 3189 ipsum
2920 3119 3104 3175 dicens
3158 3128 3460 3183 :eternum,
3518 3134 3676 3188 quem

2084 3210 2353 3279 sepultum
2387 3221 2440 3265 et
2471 3222 2741 3265 mortuum
2799 3228 2813 3264 :
2846 3212 3115 3281 quomodo
3162 3212 3305 3279 juste
3333 3211 3676 3265 Theodorum

2084 3303 2201 3374 ejus
2228 3302 2546 3375 discipulum
2577 3304 2835 3359 damnare
2893 3313 3180 3373 potuerunt
3199 3305 3220 3355 1’
3250 3304 3501 3359 Eamdem
3533 3305 3678 3359 enim

2086 3398 2364 3451 amborum
2399 3411 2617 3452 causam
2641 3439 2654 3460 ,
2690 3406 2744 3452 et
2771 3412 2928 3451 unam
2977 3399 3373 3453 accusationem
3402 3397 3562 3451 fuisse
3599 3405 3679 3452 te~

2084 3494 2295 3541 stantur
2317 3488 2623 3543 amborum.
2653 3486 2887 3543 Proinde
2911 3488 2993 3541 vel
3016 3504 3138 3543 sero
3161 3488 3404 3543 desinant
3436 3490 3679 3544 Theodo-

2086 3580 2267 3633 rianos
2298 3594 2493 3635 vocare
2523 3582 2614 3650 qui
2645 3590 2918 3635 tantorum
2954 3580 3171 3635 Patrum
3208 3584 3567 3637 testimonium
3596 3599 3680 3639 ses

2085 3670 2193 3725 cuti
2222 3679 2365 3734 sunt,
2392 3679 2449 3723 ut
2478 3669 2769 3723 Diodorum
2797 3671 2818 3701 ³
2854 3671 3073 3737 minime
3090 3670 3449 3724 condemnare
3482 3686 3680 3740 prusu-

2087 3770 2313 3817 merent.
2341 3760 2607 3817 Caeterum
2661 3762 2880 3815 nimium
2932 3762 3052 3815 duri
3112 3771 3166 3815 et
3195 3762 3445 3818 obstinati
3502 3764 3681 3821 cordis

2086 3864 2198 3918 est,
2248 3869 2345 3907 nec
2410 3853 2830 3923 approbantibus
2904 3853 3230 3919 Diodorum,
3290 3864 3682 3922 consequenter

2088 3947 2247 3999 etiam
2272 3944 2615 4000 Theodorum
2647 3961 2744 4001 nec
2761 3945 3173 4015 reprobantibus
3192 3989 3205 4011 ,
3240 3945 3481 4013 credere,
3507 3955 3565 4000 ut
3588 3962 3683 4002 ευε

2089 4051 2187 4092 nec
2214 4038 2352 4091 sicut
2381 4038 2577 4091 laudati
2608 4044 2732 4092 sunt
2756 4054 2784 4091 a
2807 4037 3005 4091 sanctis
3029 4037 3274 4090 l’atribus
3303 4036 3549 4101 laudent,
3584 4052 3682 4091 nec

2088 4138 2307 4199 propter
2354 4130 2497 4198 quod
2538 4130 2775 4185 damnati
2822 4139 2950 4184 sunt
3002 4143 3031 4181 a
3085 4128 3360 4199 sacrilegis
3407 4129 3681 4182 damnent.

2096 4225 2287 4278 Verum
2338 4241 2466 4280 ecce
2505 4226 2645 4278 sicut
2695 4224 2927 4292 probas,
2975 4220 3318 4276 serenissime
3346 4220 3681 4291 imperator,

2085 4319 2247 4372 etiam
2269 4319 2312 4372 si
2347 4318 2532 4372 demus
2562 4316 2638 4370 eis
2662 4357 2679 4382 ,
2710 4325 2767 4369 ut
2793 4314 3011 4381 volunt,
3037 4313 3377 4368 Theodorum
3437 4314 3684 4382 Mopsue-

2087 4418 2297 4461 stenum
2323 4409 2631 4476 episcopum
2679 4422 2706 4460 a
2748 4406 2907 4460 beato
2936 4404 3139 4475 Cyrillo
3180 4404 3345 4459 fuisse
3375 4405 3681 4474 culpatum,

2089 4502 2382 4555 neminivel
2418 4516 2602 4570 parum
2632 4499 2947 4568 intelligenti
2977 4498 3244 4553 videbitur
3264 4539 3277 4563 ,
3310 4498 3451 4565 quod
3482 4507 3682 4553 nteum

2088 4594 2188 4647 sub
2234 4594 2577 4647 anathemate
2607 4594 3064 4657 condemnarent,
3113 4591 3280 4659 ipsius
3313 4592 3451 4645 beati
3493 4591 3679 4663 Cyrilli

2078 4687 2335 4754 judicium
2376 4688 2541 4740 secuti
2593 4695 2749 4752 sunt,
2801 4685 2940 4754 quoi
2987 4684 3040 4738 in
3086 4693 3271 4739 sancto
3302 4684 3507 4737 Joanne
3538 4685 3682 4737 (lou-

2084 4779 2562 4847 stautinOpolitano
2609 4776 2731 4849 ejus
2759 4776 3127 4847 condiscipulo
3157 4788 3208 4831 et
3258 4777 3509 4841 magistro
3560 4779 3681 4829 Dio-

2086 4870 2218 4923 doro
2245 4870 2272 4907 ι’
2301 4882 2561 4938 spernunt
2595 4888 2607 4924 :
2642 4870 2736 4923 scd
2780 4870 2959 4937 potius
3004 4868 3126 4937 quia
3177 4865 3542 4935 pra'judicium
3579 4868 3681 4920 Ec-

2089 4964 2269 5018 ciesim
2309 4964 2677 5033 qua-sieruut,
2732 4972 2788 5015 ut
2837 4959 2957 5030 ejus
3003 4959 3448 5015 condemnatioue
3498 4970 3681 5013 sancta

2090 5119 2223 5178 θείας·
2253 5116 2403 5182 δόξης
2446 5120 2778 5191 ἀνῳκισμένον
2804 5157 2822 5185 ,
2871 5118 3075 5175 καὶτῆς
3127 5115 3175 5167 έν
3218 5114 3333 5182 ﬁgi-iv
3362 5112 3579 5173 διανοίας
3628 5118 3683 5171 τὸ

2089 5193 2661 5265 σμρκρρῖτρξπέςθειεο.
2772 5256 2805 5265 ,.
3049 5256 3060 5265 .
3474 5252 3487 5265 .

2162 5259 2189 5296 δ
2220 5254 2528 5312 Ὀίόάοτιιῐη
2577 5258 2719 5310 enim
2767 5256 2997 5325 Cyrillus
3049 5256 3098 5309 in
3132 5256 3358 5322 epistola
3409 5254 3588 5321 priore
3617 5254 3683 5307 ad

2090 5328 2418 5384 Succensum
2446 5336 2632 5395 aperte
2670 5324 2899 5380 affirmat
2926 5368 2941 5389 ,
2970 5342 3090 5379 cum
3125 5324 3566 5380 Macedonianutn
3597 5342 3683 5378 er-

2088 5414 2263 5455 rorem
2305 5409 2556 5460 exueret.
2598 5398 2649 5451 in
2698 5400 2923 5450 alterum
2974 5396 3262 5463 incidisse,
3291 5396 3383 5463 qui
3414 5406 3597 5463 postea
3633 5396 3683 5448 in

2088 5470 2336 5523 Nestorio
2354 5469 2472 5537 ejus
2501 5469 2760 5536 discipulo
2791 5466 3073 5520 damnatus
3104 5476 3184 5522 est
3215 5508 3230 5531 ,
3278 5481 3335 5519 ut
3378 5465 3516 5521 filios
3547 5468 3683 5520 duos

2088 5550 2383 5600 statueret,
2416 5540 2640 5592 alterum
2674 5539 2741 5591 de
2773 5539 2979 5592 semine
3011 5537 3170 5591 David
3194 5548 3376 5590 natum
3405 5553 3470 5592 ex
3496 5549 3680 5592 Sancta

2096 5613 2328 5683 Virgine.
2355 5610 2581 5663 alterum
2624 5608 2892 5677 proprium
2920 5609 3111 5663 Filium
3146 5607 3237 5664 Dei
3272 5609 3467 5663 Patris.

2157 5824 2177 5852 ²
2209 5828 2354 5883 llem
2384 5825 2529 5889 cod.,
2558 5823 2904 5881 Theodorum.
