4114 6486
459 344 572 400 ωδ

1567 342 1796 398 FACUN
1809 341 1869 396 Dl
1913 341 2124 396 LPISC.
2171 340 2358 394 illiilli
2371 339 2477 394 lAN
2489 337 2682 394 ENSIS

3661 331 3772 386 σει

469 469 711 529 synodus
750 454 1199 510 Chalcedonensis
1229 493 1242 518 ,
1285 469 1402 524 qna:
1428 468 1599 523 neque
1640 457 1814 524 ipsum
1843 493 1857 516 ,
1894 468 2067 520 nomne
2097 461 2143 516 Α
2176 451 2431 503 Romamn
2452 447 2723 516 Ecclesiae,
2755 447 2839 502 cui
2872 461 2966 518 per
2994 446 3084 500 Dei
3115 446 3342 515 gratiam
3374 442 3640 514 praesidet,
3683 444 3771 502 hic

469 548 822 602 landatricem
851 546 968 614 ejus
1010 547 1290 616 epistolam
1319 545 1716 613 condemnavit,
1745 545 2059 601 NeStoriaua

463 637 636 697 fuisse
664 637 962 706 videretur,

1088 817 1317 875 CAPUT
1354 817 1440 872 Ill.

461 933 619 1001 Quod
659 935 868 1004 Vigilius
898 952 1032 1006 papa
1053 950 1119 988 ea:
1143 934 1327 1006 itinere
1368 932 1619 995 scribens,
1653 929 1760 985 ιιω
1791 947 1852 1006 ac
1891 929 2061 1006 Theo-

539 1008 654 1060 dori
699 1003 1083 1059 damnationem
1135 1005 1434 1074 improbavit
1466 1014 1618 1073 atque
1657 1003 1974 1074 ('mendarit,’
2011 1011 2060 1054 et

535 1077 674 1146 quod
720 1077 930 1128 diversa:
985 1072 1257 1142 provinciae
1308 1072 1558 1146 Vigilium
1597 1089 1661 1126 ne
1710 1072 1807 1125 hoc
1855 1083 2058 1141 patere-

529 1160 621 1200 tur
653 1156 946 1200 contestata:
970 1147 1093 1199 sint.

531 1272 651 1330 Hoc
679 1282 760 1329 est
789 1282 970 1328 autem
1011 1273 1270 1338 mirabile,
1296 1281 1354 1326 ut
1381 1281 1665 1342 postquam
1703 1270 1896 1326 horum
1927 1286 2060 1326 con-

463 1367 865 1424 demnationem
925 1367 1208 1433 fecerunt,
1264 1364 1508 1421 dicerent
1563 1363 1709 1435 quod
1757 1363 2056 1438 Ecclesiam

456 1461 771 1516 Romanam
824 1460 1202 1526 consulerent,
1232 1467 1289 1514 et
1335 1459 1660 1515 sententiam
1710 1457 1887 1528 Vigilii
1941 1457 2058 1524 ejus

460 1551 707 1622 prmsulis
732 1557 1113 1621 exspectarent
1137 1569 1149 1602 :
1177 1551 1284 1618 cui,
1315 1559 1573 1622 quantum
1604 1550 1672 1604 ad
1699 1550 1820 1606 illos
1842 1551 2057 1616 attinet,

463 1656 575 1696 non
629 1641 996 1713 permiserunt
1041 1656 1266 1696 censere
1292 1639 1437 1712 quod
1484 1642 1755 1696 senserit:
1790 1651 1916 1698 ante
1945 1650 2059 1696 sta-

463 1743 697 1802 tuentes,
729 1736 849 1791 utsi
878 1735 997 1805 quis
1025 1733 1368 1791 Theodorum
1398 1734 1738 1805 Mopsuestize
1757 1775 1772 1800 ,
1794 1751 1916 1790 cum
1945 1735 2057 1791 suis

464 1826 806 1896 dogmatibus
852 1833 908 1882 et
936 1826 1220 1896 epistolam
1267 1825 1592 1880 venerabilis
1619 1824 1725 1880 lbae
1771 1841 1880 1879 non
1927 1839 2054 1878 ana-
2086 1843 2133 1902 Β

467 1917 802 1983 thematizat,
853 1915 946 1969 ﬁat
988 1915 1293 1969 anathema.
1347 1913 1453 1969 Sed
1503 1929 1630 1969 ecce
1676 1913 1791 1982 jam
1837 1915 2056 1971 veniens

455 2023 529 2063 ex
552 2008 746 2062 itinere
774 2006 917 2077 quod
946 2007 996 2061 ei
1022 2005 1307 2060 videbatur
1335 2004 1526 2072 edixit,
1555 2015 1609 2060 et
1630 2003 1755 2061 facti
1777 2007 1935 2075 hujus
1955 2023 2054 2062 au-

460 2101 601 2157 ctori
628 2110 652 2136 η
674 2099 1068 2155 correctionem
1097 2098 1457 2154 tumultuariae
1481 2114 1590 2153 sua-
1615 2101 2057 2169 transgressionis

461 2189 686 2255 indixit;
709 2197 764 2244 et
784 2189 887 2245 nisi
913 2189 1072 2244 citius
1091 2188 1232 2258 quod
1262 2188 1405 2243 male
1427 2188 1627 2244 factum
1650 2199 1734 2244 est
1756 2190 2049 2257 auferatur,

460 2281 623 2335 etiam
667 2279 1063 2336 vindicaturum
1117 2295 1176 2334 se
1223 2294 1342 2335 esse
1370 2280 1640 2350 praedixit,
1669 2290 1972 2351 protestans
1999 2292 2056 2339 et

460 2369 645 2426 dicens
671 2386 794 2427 cum
822 2371 1082 2440 Apostolo
1102 2369 1385 2426 Timotheo
1410 2388 1423 2424 :
1457 2369 1542 2426 Ne
1556 2373 1690 2443 forte
1709 2389 1826 2427 cum
1846 2389 2049 2441 venero,

459 2479 563 2518 on
592 2462 768 2533 quales
797 2461 909 2516 uolo
936 2462 1196 2516 inveniam
1222 2479 1328 2528 vos,
1360 2471 1409 2516 et
1455 2479 1549 2534 ego
1593 2464 1827 2519 inveniar
1851 2482 1883 2519 a
1909 2465 2052 2522 vobis

457 2554 656 2626 qualem
679 2571 760 2608 me
786 2570 891 2609 non
919 2553 1073 2608 vultis
1103 2551 1193 2622 (11
1222 2551 1340 2608 Cor.
1372 2569 1466 2618 xu,
1494 2552 1564 2609 20
1590 2554 1630 2625 ).
1655 2552 1883 2626 Propter
1909 2555 2053 2627 quod

455 2656 513 2702 et
554 2647 621 2701 de
660 2653 838 2701 vestra
871 2645 1177 2712 clementia,
1200 2647 1422 2700 summis
1464 2647 1710 2717 precibus
1733 2663 2054 2719 summoque

455 2737 667 2802 admsn,
693 2754 791 2810 per
817 2753 945 2794 suos
972 2738 1180 2808 legatos
1219 2739 1371 2809 petit,
1403 2739 1544 2794 sicut
1587 2755 1710 2794 eum
1746 2741 2051 2796 venientem

456 2831 678 2886 diversae
703 2831 990 2902 provinciae
1009 2840 1326 2887 contestatae
1345 2838 1489 2898 sunt,
1510 2847 1577 2887 ne
1597 2833 1876 2902 patiamini
1906 2842 2054 2890 stare

456 2921 602 2994 quod
649 2921 852 2977 factum
881 2929 982 2979 est.
1015 2920 1145 2976 Tale
1173 2922 1436 2992 siquidem
1469 2923 1634 2994 ipsius
1679 2923 1806 2979 facti
1847 2925 2051 2981 crimen

455 3029 575 3070 esse
611 3012 890 3082 judicavit,
925 3020 985 3068 ut
1029 3013 1123 3067 illo
1169 3012 1411 3069 doctoris
1456 3015 1694 3083 gentium
1745 3016 2051 3072 testimonio

453 3106 676 3162 duceret
695 3103 1048 3174 arguendum,
1065 3103 1208 3174 quod
1229 3102 1492 3176 discipulo
1513 3105 1798 3161 Timotheo
1812 3106 2052 3163 scribens

2167 545 2352 598 habuit
2379 544 2768 613 responsalem,
2797 549 2854 598 et
2878 556 2973 610 per
3001 539 3198 592 multos
3229 535 3482 590 Ecclesia
3512 533 3649 588 ﬁlios
3668 549 3770 605 ap-

2165 629 2434 701 probavit,
2463 629 2609 699 quod
2631 643 2691 684 se
2719 644 2815 699 pro
2839 627 2942 682 hac
2969 640 3131 682 causa
3177 638 3210 678 a
3251 620 3572 676 venerabilis
3616 620 3769 677 Men-

2164 738 2266 786 nze,
2299 722 2457 790 hujus
2483 721 2642 791 regia:
2689 719 2922 777 civitatis
2950 715 3209 788 episcopi,
3237 711 3617 769 communione
3643 727 3767 767 sus-

2162 812 2429 882 penderit,
2460 822 2514 866 et
2540 825 2637 866 eos
2673 810 2768 880 qui
2795 809 2843 863 ei
2885 804 3412 862 eommunicaverant
3439 799 3538 855 sub
3580 799 3762 856 debita

2161 901 2531 958 satisfactione
2557 901 2874 970 susceperit.
2905 897 3059 965 Quod
3099 911 3208 950 non
3255 893 3476 960 faceret,
3507 893 3608 948 nisi
3627 909 3764 949 eon-

2163 997 2388 1050 trarium
2443 996 2650 1066 synodo
2703 987 3159 1053 Chalcedonensi,
3208 986 3357 1058 quod
3406 984 3611 1042 factum
3651 993 3764 1054 est,

2160 1087 2299 1142 sicut
2326 1095 2382 1140 et
2409 1086 2518 1151 alii,
2543 1085 2828 1155 judicaret.
2850 1083 2968 1137 Non
2997 1090 3179 1136 autem
3204 1080 3351 1134 solos
3377 1094 3516 1148 quos
3547 1093 3765 1134 memoo

2161 1177 2397 1231 ravimus
2425 1183 2644 1230 sanctos
2666 1181 2721 1230 et
2748 1171 3085 1229 venerabiles
3107 1169 3253 1225 viros
3280 1169 3386 1224 hoc
3409 1183 3592 1225 secum
3615 1167 3764 1236 judi-

2160 1282 2314 1324 casse
2339 1267 2682 1335 monstravit,
2729 1264 2947 1335 quando
2984 1278 3093 1318 non
3125 1261 3290 1317 tacuit
3329 1259 3477 1329 quod
3516 1259 3760 1316 Romana

2159 1373 2378 1428 quoque
2423 1357 2748 1413 universitas
2806 1354 3170 1425 egredientem
3197 1394 3212 1420 ,
3258 1352 3406 1422 quod
3451 1351 3760 1408 venientem

2159 1449 2336 1506 Africa
2366 1452 2529 1506 etiam
2555 1457 2717 1520 atque
2744 1447 2987 1504 Sardinia
3014 1488 3030 1516 ,
3057 1460 3365 1517 quanquam
3395 1461 3503 1502 non
3533 1461 3626 1516 per
3651 1460 3750 1500 eas

2161 1541 2451 1610 transierit,
2477 1556 2574 1611 per
2601 1541 2767 1612 ipsius
2794 1550 2974 1596 tamen
3001 1539 3367 1595 consiliarium
3390 1537 3604 1609 publica
3630 1553 3759 1592 eum

2158 1634 2558 1691 contestatione
2587 1634 2940 1706 pulsaverint,
2967 1634 3110 1689 sicut
3136 1631 3319 1688 Helias
3363 1641 3420 1687 et
3464 1631 3709 1704 Illyricos
3731 1643 3755 1670 ε

2159 1723 2450 1796 provincia:
2473 1739 2572 1795 per
2598 1739 2733 1794 quas
2758 1724 2933 1791 venit,
2968 1730 3028 1777 ut
3051 1721 3361 1778 nullatenus
3390 1721 3615 1776 novitati
3636 1736 3758 1790 quin

2160 1813 2297 1868 facta
2321 1821 2405 1869 est
2431 1814 2760 1882 acquiescat.
2788 1812 2905 1868 Non
2927 1828 3057 1882 ergo
3085 1812 3258 1869 civilis
3283 1812 3399 1868 haec
3434 1827 3596 1867 causa
3637 1825 3759 1865 cre—

2159 1901 2332 1958 denda
2352 1911 2457 1970 est,
2471 1919 2570 1960 nec
2588 1903 2711 1958 talis
2731 1918 2851 1972 qua:
2873 1919 2971 1974 pro
2992 1902 3358 1958 Ecclesiarum
3379 1916 3514 1971 pace
3535 1901 3756 1956 ferenda

2155 1994 2246 2063 sit,
2275 1994 2370 2049 sed
2395 2010 2516 2065 qua:
2544 1995 2738 2050 merito
2763 1995 3033 2065 judicetur
3046 2004 3236 2051 contra
3270 1995 3435 2066 ipsius
3473 1993 3758 2050 catholicae

2158 2086 2280 2142 ﬁdei
2306 2095 2504 2144 statum
2539 2087 2914 2143 haereticorum
2943 2086 3293 2156 subreptione
3321 2093 3615 2152 commota,
3653 2099 3758 2154 pro

2156 2196 2261 2252 qua
2290 2197 2416 2252 pars
2443 2181 2679 2237 maxima
2717 2179 2864 2235 orbis
2909 2177 3219 2245 Christiani,
3253 2193 3375 2249 quae
3420 2177 3617 2248 potuit,
3642 2178 3756 2246 ι)τί-

2155 2286 2304 2326 mum
2349 2271 2492 2326 inter
2539 2271 2744 2341 primos
2781 2267 3117 2327 Christianos
3153 2269 3488 2327 sacerdotem
3537 2268 3754 2338 publica

2156 2363 2557 2418 contestatione
2584 2363 2833 2434 pulsavit.
2880 2361 2948 2417 Et
2970 2361 3214 2418 Romana
3244 2361 3459 2431 quidem
3489 2361 3754 2416 universi-

2155 2461 2239 2509 tas
2269 2464 2433 2525 atque
2459 2453 2661 2521 Africa,
2705 2455 3019 2526 priusquam
3046 2454 3213 2525 ipsius
3243 2453 3473 2510 Romani
3501 2453 3754 2508 antistitis

2154 2550 2522 2620 acceperimus
2541 2548 2849 2618 epistolam,
2872 2563 2978 2602 non
3003 2562 3170 2617 parvo
3187 2545 3300 2615 jam
3320 2559 3750 2614 cognoveramus

2155 2639 2376 2704 indicio,
2405 2637 2535 2719 quid
2560 2639 2628 2693 de
2665 2635 2824 2706 hujus
2861 2636 2986 2692 facti
3015 2637 3256 2692 novitate
3281 2636 3584 2691 sentirent.
3610 2635 3747 2690 Nam

2153 2731 2491 2789 venerabiles
2532 2729 2774 2801 Pelagius
2801 2739 2857 2786 et
2885 2729 3197 2795 Anatolius,
3233 2727 3466 2785 Romani
3509 2726 3749 2792 diaconi,

2151 2829 2388 2885 debitam
2415 2827 2594 2884 ofﬁcio
2616 2843 2715 2884 suo
2743 2835 2800 2882 et
2827 2827 2948 2882 loco
2976 2823 3395 2881 sollicitudinem
3428 2838 3526 2893 pro
3555 2820 3750 2877 Eccle-

2149 2925 2230 2982 sia
2251 2922 2348 2980 Dei
2377 2930 2650 2994 gerentcs,
2677 2920 2960 2976 laudabilis
2989 2920 3042 2974 in
3078 2918 3292 2973 Christo
3319 2915 3595 2972 memoriae
3615 2913 3749 2969 Fer-

2151 3015 2324 3071 rando
2346 3011 2780 3081 Carthaginiensi
2809 3011 3038 3068 diacono
3065 3007 3090 3048 ά
3121 3009 3470 3080 scripserunt,
3490 3017 3548 3062 ut
3568 3006 3749 3062 habito

2153 3104 2226 3160 de
2249 3105 2352 3159 hac
2375 3118 2539 3158 causa
2568 3101 2808 3170 diligenti
2852 3107 3105 3162 tractatu,
3137 3113 3260 3155 cum
3300 3095 3750 3153 reverendissimo

453 3197 582 3252 dicit
607 3215 618 3250 :
644 3195 942 3267 Depositum
972 3195 1195 3262 custodi,
1214 3196 1446 3251 devitans
1462 3200 1723 3268 profanas
1750 3216 1924 3253 vocum
1957 3217 2051 3254 no-
2079 3228 2124 3290 Ο
2154 3193 2394 3263 ejusdem
2433 3191 2690 3247 Ecclesia:
2721 3188 3184 3258 Carthaginiensis
3213 3187 3488 3257 episcopo,
3520 3185 3606 3240 vel
3629 3185 3749 3242 aliis

449 3291 666 3357 uitales,
697 3296 745 3341 et
774 3287 1119 3358 oppositiones
1149 3286 1272 3358 falsi
1315 3289 1536 3342 nominis
1583 3289 1840 3354 scientiw,
1891 3307 2045 3362 quam

449 3381 660 3447 quidam
687 3380 1042 3451 promittentes
1070 3379 1208 3432 circa
1232 3380 1391 3450 ﬁdem
1419 3382 1718 3436 exciderunt
1739 3382 1792 3455 (Ι
1818 3382 2040 3440 Tinwtlt.

448 3484 524 3532 vt,
553 3469 668 3541 20).
695 3467 832 3535 Quid
853 3482 980 3538 ergo
997 3467 1172 3523 adhuc
1192 3471 1448 3538 qumritur
1469 3484 1644 3526 utrum
1674 3482 1863 3529 contra
1885 3475 2043 3532 ﬁdem

446 3566 503 3612 et
531 3557 793 3629 synodum
819 3553 1312 3613 Chalcedonensem
1339 3558 1536 3614 factum
1566 3557 1726 3616 fuerit
1753 3563 1899 3632 quod
1939 3563 2041 3619 do-

444 3649 638 3715 lenius,
654 3649 870 3720 quando
899 3649 988 3704 ille
1018 3648 1171 3720 cujus
1199 3648 1477 3706 dicebatur
1499 3655 1800 3724 exspectari
1820 3665 2040 3711 senten-

442 3744 540 3810 tia,
588 3741 841 3814 profanas
881 3758 1074 3798 vocum
1115 3743 1382 3798 novitates
1410 3751 1465 3798 et
1507 3745 1877 3815 Oppositiones
1920 3745 2039 3802 falsi

441 3833 673 3889 nominis
720 3831 975 3898 scientiae,
997 3847 1159 3902 quam
1202 3832 1418 3902 quidam
1467 3834 1844 3904 promittentes
1895 3835 2038 3891 circa

437 3923 596 3980 ﬁdem
625 3924 958 3989 exciderunt,
993 3924 1046 3978 in
1073 3925 1238 3994 ipsius
1267 3924 1395 3978 facti
1432 3925 1738 3980 auctoribus
1760 3925 2038 3994 judicave-

436 4025 520 4070 rat
547 4015 849 4084 arguendas
871 4015 894 4069 ?
915 4014 1157 4085 Denique
1185 4016 1401 4070 beatum
1433 4014 1651 4070 Dacium
1674 4015 2036 4073 Mediolanen—

435 4105 573 4160 si‘um
597 4107 1112 4178 episcopum,quem
1135 4106 1261 4160 hinc
1291 4122 1562 4160 reversum
1592 4107 1644 4161 in
1668 4107 1849 4163 Sicilia
1865 4125 1925 4165 se
1955 4111 2036 4165 vi-

433 4197 576 4254 disse
614 4197 904 4269 perhibuit,
930 4207 985 4253 et
1027 4196 1163 4252 alios
1205 4197 1621 4253 consacerdotes
1664 4215 1791 4254 suos
1813 4242 1827 4268 ,
1859 4200 1954 4255 sed
1983 4209 2039 4257 et

433 4292 753 4348 venerabilis
792 4292 1066 4348 memoria:
1098 4290 1434 4364 Stephanum
1472 4290 1758 4350 diaconum
1788 4292 1848 4362 δ,
1878 4309 2037 4364 quem

2154 3300 2292 3354 quos
2316 3292 2372 3338 et
2397 3283 2570 3337 zelum
2602 3281 2723 3336 ﬁdei
2753 3289 2809 3336 et
2831 3280 3026 3336 divina:
3045 3279 3334 3349 Scriptum:
3361 3279 3524 3334 sciret
3547 3277 3748 3335 habere

2154 3373 2424 3441 notitiam,
2468 3370 2874 3428 consulentibus
2902 3370 3252 3440 respondere,
3297 3367 3428 3440 quid
3457 3369 3746 3425 observan.

2151 3467 2278 3522 dum
2327 3467 2381 3520 in
2432 3480 2719 3521 commune
2770 3465 3018 3521 omnibus
3047 3463 3337 3520 videretur.
3369 3462 3426 3518 ln
3474 3463 3588 3534 ipsa
3616 3478 3747 3520 vero

2151 3560 2560 3616 consultationis
2587 3557 2816 3630 epistola
2843 3573 2952 3613 non
2983 3565 3195 3612 tacetur
3218 3557 3363 3628 quod
3402 3557 3517 3612 hinc
3542 3556 3746 3612 immis-

2148 3654 2302 3710 sione
2327 3651 2741 3722 Acephalorum,
2757 3665 2914 3720 quos,
2945 3658 3006 3704 ut
3033 3649 3286 3713 diximus,
3316 3647 3746 3720 Semieutychia-

2142 3760 2242 3800 nos
2263 3741 2656 3812 signiﬁcantius
2684 3741 2956 3812 appellare
2985 3755 3286 3811 possumus,
3303 3749 3493 3796 contra
3515 3737 3744 3795 Chalce-

2140 3837 2382 3892 donense
2433 3833 2718 3890 concilium
2759 3843 2815 3887 et
2867 3832 3084 3888 decreta
3133 3846 3290 3902 papte
3332 3831 3560 3898 Leonis,
3592 3840 3742 3886 mota

2140 3929 2341 3983 fuerint
2383 3943 2479 3998 per
2517 3942 2614 3983 eos
2657 3926 2748 3997 qui
2777 3926 2876 3981 sub
2920 3926 3139 3981 nomine
3190 3924 3460 3980 catholico
3500 3924 3742 3994 ipsorum

2141 4020 2284 4090 parti
2328 4018 2564 4075 studium
2620 4017 2882 4088 praebent.
2929 4015 3040 4072 Sed
3088 4024 3143 4072 et
3189 4015 3279 4071 ille
3326 4015 3417 4085 qui
3463 4014 3742 4072 consultus

2145 4107 2323 4164 fuerat
2395 4109 2700 4164 rescribens
2782 4107 3242 4176 interrogantibus
3268 4147 3284 4174 ,
3343 4105 3741 4164 retractandum

2146 4221 2256 4260 non
2304 4219 2424 4259 esse
2473 4202 2659 4258 docuit
2700 4201 2985 4272 epistolam
3035 4215 3197 4269 quam
3227 4199 3546 4255 universalis
3571 4214 3742 4270 syno-

2148 4297 2249 4353 dus
2278 4296 2598 4368 approbavit
2631 4313 2643 4348 :
2673 4293 2928 4364 quoniam
2976 4292 3022 4346 si
3054 4289 3225 4358 ﬁeret,
3258 4305 3365 4347 non
3396 4290 3564 4361 ipsius
3613 4298 3738 4346 tan-

501 4546 529 4574 ι
569 4534 776 4611 Henna:
840 4533 1163 4611 patriarchae
1228 4533 1858 4611 Constantinopolitano,
1927 4542 2020 4608 qui
2055 4545 2100 4605 υ
2126 4543 2289 4598 elesia
2318 4538 2960 4611 Carll;aginiensi_Victor
2988 4538 3129 4611 idem
3159 4546 3309 4611 notat
3337 4554 3479 4611 anno
3530 4538 3564 4593 6
3603 4553 3732 4611 post

428 4611 632 4679 primus
655 4604 1175 4679 damnationitrium
1221 4603 1613 4679 capitulorum
1641 4611 1893 4677 assensit,
1947 4603 2020 4666 ob

425 4673 655 4746 eamque
685 4690 860 4748 roma
892 4673 1083 4748 Vigilio
1123 4675 1314 4729 litteris
1342 4691 1410 4730 ex
1458 4676 1650 4748 itinere
1698 4673 2015 4748 castigatus,

424 4745 658 4820 quatuor
669 4746 860 4799 deinde
883 4745 1142 4820 mensium
1166 4747 1721 4820 excommunicatione
1742 4749 1810 4803 ab
1825 4745 2018 4806 eodem

424 4815 684 4874 inuitatus
711 4824 814 4878 est,
844 4827 903 4869 ut
949 4815 1262 4870 Anastasius
1289 4817 1342 4871 in
1387 4815 1621 4873 Historia
1652 4820 2016 4878 ecclesiastica

424 4888 590 4945 refert
616 4904 682 4943 ex
711 4887 1062 4956 TheOphane.

494 4960 521 4998 ιι
562 4959 859 5013 Narrantur
887 4958 1079 5030 eadem
1111 4957 1170 5030 in
1190 4957 1418 5030 epistola
1444 4957 1623 5024 Vigilii
1651 4959 2013 5030 adMennnm,

421 5030 574 5099 cujus
616 5037 825 5100 partem
892 5029 1086 5100 recitat
1128 5026 1413 5100 Facundos
1454 5026 2010 5100 conlrttMulianltm.

419 5098 771 5156 successerat
796 5099 1104 5170 Stephanus
1128 5098 1269 5151 haud
1299 5098 1470 5170 multo
1495 5098 1864 5170 anteiPclagio
1887 5105 2013 5156 item

419 5173 670 5236 diacono,
705 5169 1234 5242 quiapocrisiarium
1263 5168 1408 5242 sellis
1437 5169 1745 5242 apostolicae
1780 5168 2014 5242 complu-

419 5258 508 5296 res
535 5256 704 5295 annos
732 5241 842 5309 egit
888 5238 1377 5306 Constantinopoli.
1405 5238 1502 5309 _At
1549 5238 1852 5307 Stephanus
1905 5238 2013 5298 non

418 5315 510 5384 diu
541 5313 645 5384 hoc
693 5307 918 5384 munere
967 5311 1184 5363 functus
1235 5318 1334 5375 est,
1369 5307 1503 5363 obiit
1531 5309 1670 5362 enim
1703 5314 2016 5384 priusquam

427 5382 462 5437 ν
471 5383 648 5453 igilius
671 5380 988 5453 appelleret.

495 5449 517 5491 ἒ
560 5449 1133 5524 Ροδιξιιέεεβιίειηιρθ
1169 5449 1358 5524 eadem
1392 5467 1451 5524 re
1492 5453 1542 5506 in
1566 5453 1799 5524 'lllyrico
1829 5455 2012 5524 habita

417 5533 502 5575 est
539 5521 1006 5592 synodus._Victor
1039 5521 1376 5576 Tononensis
1414 5523 1464 5576 in
1504 5521 1814 5579 Chronico:
1850 5523 1912 5577 P.
1949 5524 2007 5579 C.

418 5590 603 5666 Basilii
631 5607 771 5666 anno
791 5590 842 5666 8_,
869 5591 1177 5666 illyriciaua
1205 5593 1432 5666 synodus
1459 5596 1510 5648 in
1539 5595 1836 5666 defensione
1852 5597 2010 5666 trium

415 5663 658 5738 Cupitum
685 5660 983 5738 Iustiniano
1013 5660 1249 5738 Augusto
1273 5663 1490 5738 scribit:
1518 5674 1574 5738 et
1605 5660 1800 5738 "contra
1848 5665 2012 5738 Illyri-

417 5736 627 5788 cianam
664 5732 927 5803 synodum
953 5736 1296 5803 rescriptum
1335 5737 1500 5789 edidit
1543 5732 1925 5803 Justinianusf
1953 5746 2011 5791 ut

415 5812 648 5876 testatur
673 5801 904 5876 Isidorus
935 5801 1002 5857 de
1033 5801 1181 5876 Viris
1202 5804 1512 5876 illustribus,
1538 5823 1656 5876 ουρ.
1688 5805 1774 5860 18.

549 5873 765 5930 Clarum
789 5874 892 5928 hoc
908 5882 1150 5936 tempore
1175 5875 1412 5932 habitum
1445 5873 1772 5933 Ferrandom
1805 5879 1855 5934 in
1906 5876 2008 5935 Eo-

2130 4613 2405 4668 consulem
2429 4611 2704 4666 Basiliam.
2742 4609 2930 4664 Exstat
2960 4609 3077 4679 ejus
3124 4610 3350 4679 epistola
3401 4609 3466 4663 ad
3525 4609 3735 4668 Anato-

2129 4683 2258 4738 lium
2288 4683 2574 4737 diaconum
2599 4681 2746 4736 urbis
2791 4678 3000 4744 Romze,
3048 4679 3142 4733 sed
3185 4678 3380 4734 diversi
3403 4684 3730 4748 argumenti.

2127 4752 2298 4821 Hujus
2326 4767 2478 4819 vero,
2508 4760 2568 4806 ut
2596 4759 2840 4822 apparet,
2875 4749 3207 4822 mentio_est_
3228 4751 3290 4822 in
3310 4750 3590 4822 duodecim
3624 4768 3728 4807 au-

2125 4819 2336 4878 ctorum
2367 4819 2644 4891 catalogo,
2667 4819 2776 4891 qui
2826 4819 2980 4874 subdi
3025 4819 3157 4891 solet
3190 4819 3392 4891 Isidori_
3423 4819 3600 4876 libello
3658 4823 3730 4878 de

2123 4893 2266 4948 Viris
2297 4889 2610 4947 illustribus.
2638 4889 2962 4956 Ferrandus,
3008 4890 3199 4959 inquil,
3239 4889 3310 4943 ad
3356 4889 3628 4961 Pelagium
3675 4903 3730 4947 et

2122 4965 2421 5018 Anatolium
2448 4962 2707 5016 Romanos
2739 4961 2988 5015 diaconos
3014 4962 3339 5015 consulentes
3386 4977 3499 5014 eum
3550 4972 3725 5017 utrum

2118 5034 2270 5088 liceat
2299 5049 2604 5106 quemquam
2620 5033 2879 5106 damnare
2907 5033 3022 5099 post
3052 5041 3291 5106 mortem,
3311 5101 3323 5106 _
3348 5031 3508 5106 edidit
3535 5035 3729 5106 rescri-

2117 5114 2260 5175 plum
2291 5100 2376 5158 ubi
2415 5100 2556 5175 inter
2576 5103 2684 5175 alia
2713 5103 2786 5156 sic
2807 5102 3006 5175 locutus
3036 5111 3112 5155 est
3139 5117 3158 5175 ς
3190 5100 3324 5175 Quid
3353 5102 3571 5175 prodest
3597 5103 3723 5175 dor-

2120 5171 2410 5230 inientibus
2438 5173 2735 5229 Ecclesiam
2786 5173 3105 5242 perturbare
3135 5173 3157 5225 ‘3
3188 5171 3242 5242 Si
3271 5174 3395 5239 quis
3440 5172 3618 5228 adhuc
3666 5173 3727 5228 in

2119 5261 2349 5315 corpore
2378 5246 2567 5298 mortis
2596 5240 3091 5315 hujusg'accusatns
3115 5251 3173 5315 et
3213 5240 3518 5306 damnatus,
3562 5253 3722 5298 ante-

2119 5311 2280 5384 quam
2308 5324 2605 5369 mereretur
2633 5313 2839 5384 absolvi
2878 5314 2945 5384 de
2972 5311 3218 5384 Ecclesia
3251 5319 3440 5384 raptus
3461 5321 3564 5384 est,
3623 5315 3721 5366 ab.

2121 5382 2255 5440 solvi
2288 5402 2393 5439 non
2419 5393 2603 5454 potest
2653 5383 2897 5454 ulterius,
2926 5383 3162 5454 humano
3200 5382 3427 5454 judicio.
3484 5382 3542 5438 Si
3598 5384 3720 5451 quis

2119 5465 2399 5510 accusatus
2421 5450 2554 5508 ante
2575 5453 2716 5509 diem
2762 5453 2903 5508 sacri
2930 5450 3193 5506 examinis
3221 5453 3502 5520 repentina
3553 5450 3719 5508 voca-

2119 5527 2266 5580 tione
2321 5534 2628 5594 praeventus
2673 5533 2774 5586 est,
2819 5525 2959 5577 intra
2985 5523 3417 5594 sinunrntatris
3463 5521 3719 5578 Ecclesia:

2117 5592 2461 5659 constitutus,
2483 5595 2663 5650 divino
2686 5593 3064 5662 intelligendus
3093 5601 3174 5662 est
3196 5592 3399 5660 judicio
3426 5599 3714 5650 reservari.

2120 5667 2196 5720 De
2219 5667 2322 5722 hoc
2352 5667 2528 5720 nullus
2558 5666 2721 5720 homo
2750 5661 2929 5734 potest
2952 5661 3293 5734 manifestam
3317 5666 3558 5732 proferre
3587 5680 3714 5718 sen-

2117 5737 2343 5791 tentiain
2380 5755 2392 5789 :
2426 5737 2512 5791 cui
2543 5737 2586 5791 si
2611 5732 2766 5790 Deus
2783 5734 3167 5802 indulgentiam
3194 5732 3362 5799 dedit,
3393 5733 3522 5788 nihil
3555 5744 3712 5789 nocet

2119 5817 2303 5860 nostra
2335 5807 2634 5872 severitas;
2666 5807 2758 5860 sed
2787 5807 2832 5861 si
2854 5805 3176 5876 supplicium
3207 5805 3550 5876 prcharavit,
3581 5805 3714 5860 nihil

2119 5877 2339 5950 prodest
2370 5887 2554 5936 nostra
2584 5877 2905 5939 benignitas.
