4114 6560
431 466 533 522 625

1402 468 1536 524 PRO
1575 466 2005 523 DEFENSIONE
2033 467 2248 525 TRlUM
2282 469 2595 524 CAl’lTL’L.
2639 469 2766 523 LIB.
2811 467 2898 524 IV.

3606 467 3730 521 απ

429 591 563 645 tum,
592 580 684 636 sed
718 582 958 636 omnium
1001 578 1355 636 conciliorum
1392 587 1590 633 statuta
1620 578 2015 635 deducerentur
2045 587 2093 643 Α
2123 581 2194 635 ibi
2217 581 2505 648 obtectum,
2533 580 3054 635 nihilahsconditum
3072 577 3171 633 fuit
3196 597 3208 632 :
3234 579 3531 649 exspoliato
3557 580 3707 635 ιιι-υἱ·-

430 674 485 729 in
517 675 763 729 dubium.

1050 870 1279 928 CAPUT
1316 871 1407 927 IV.

435 984 588 1053 Quod
637 993 820 1039 contra
874 982 1127 1052 synodum
1182 984 1647 1039 Chalcedonensrm
1696 988 1888 1052 factam
1919 1001 2027 1039 esse

505 1058 661 1109 trium
686 1054 1042 1126 Capitulorum
1069 1057 1465 1126 damnationem,
1494 1057 1589 1119 ipsi
1622 1056 1770 1107 etiam
1796 1056 1882 1123 qui
1906 1072 2028 1106 con-

504 1123 772 1181 senserunt
817 1126 1057 1193 primates
1098 1136 1143 1177 et
1176 1127 1399 1194 episwpi
1429 1123 1656 1178 Orientis
1685 1127 2026 1195 agnoverint:

505 1214 634 1267 quos
670 1198 935 1266 redarguit
958 1197 1098 1267 quod
1129 1198 1424 1267 imperatori
1454 1212 1553 1249 non
1586 1198 1882 1251 restiterim.

505 1302 705 1359 Verum
734 1305 841 1359 hoc
895 1304 1169 1359 insolitum
1200 1321 1307 1359 non
1351 1314 1465 1370 est,
1500 1315 1560 1360 ut
1607 1307 1689 1361 vel
1732 1306 2029 1377 apostolica

434 1394 592 1451 sedes
622 1403 978 1451 temeratores
1009 1405 1245 1466 paterna:
1273 1399 1555 1452 sententia:
1587 1408 1840 1469 tanquam
1867 1415 2029 1454 exce-

437 1487 627 1543 dentes
656 1503 684 1539 a
717 1485 820 1541 lide
849 1487 1163 1557 corriperet,
1191 1487 1275 1541 vel
1307 1488 1716 1543 incontaminati
1744 1489 1945 1559 quique
1973 1496 2028 1543 et

438 1582 507 1637 ab
535 1582 636 1639 hac
678 1583 1095 1653 praesumptione
1138 1585 1351 1654 penitus
1393 1585 1586 1650 alieni,
1636 1584 2030 1640 contestatione

440 1673 649 1744 publica
692 1673 760 1729 de
803 1674 896 1729 tali
921 1674 1065 1729 facto
1090 1684 1474 1744 quererentur,
1504 1686 1559 1731 et
1599 1678 2028 1747 pronuntiarent,

438 1764 579 1834 quod
610 1764 655 1819 si
680 1765 783 1819 hoc
803 1765 973 1821 semel
999 1766 1289 1821 admissum
1317 1766 1497 1832 fuerit,
1522 1783 1628 1822 non
1650 1775 1855 1821 tantum
1877 1767 2030 1823 Chal-

438 1853 791 1918 cedonensis,
836 1854 929 1910 sed
986 1857 1225 1910 omnium
1279 1858 1633 1912 conciliorum
1689 1857 2030 1913 deﬁnitiones

440 1954 689 2002 constare
713 1963 819 2002 non
848 1948 1072 2018 possint.
1109 1947 1240 2002 lllud
1275 1957 1357 2004 est
1385 1949 1674 2014 insuetum,
1703 1949 1830 2003 illud
1861 1949 2027 2003 mira-
2062 1928 2101 1984 θ

440 2036 564 2101 bile,
598 2038 724 2092 illud
761 2038 813 2092 in
843 2054 951 2107 quo
1001 2054 1201 2108 magna
1224 2040 1303 2095 vis
1328 2041 1570 2095 veritatis
1595 2049 1852 2111 apparet,
1885 2041 2030 2111 quod

440 2126 586 2199 ipsos
614 2145 826 2199 quoque
858 2139 1272 2201 praesumptores
1302 2132 1526 2187 internis
1566 2134 1908 2189 conscientia:
1935 2134 2030 2188 sti-

440 2220 599 2275 mulis
627 2220 784 2275 fateri
814 2223 1010 2291 coegit,
1044 2222 1112 2277 ad
1140 2222 1560 2280 destructionem
1587 2224 1781 2296 synodi
1808 2225 2033 2280 Chalce-

440 2311 693 2368 dunensis
714 2313 828 2368 ιιωο
858 2314 1021 2369 fuisse
1059 2316 1377 2385 composita.
1422 2315 1555 2371 Nam
1593 2318 1796 2388 primus
1832 2316 2033 2374 contir-

441 2412 619 2458 mator
658 2420 845 2459 eorum
874 2404 1094 2462 Mennas
1149 2405 1778 2478 Constantinopolitanus
1825 2409 2061 2478 episco-~

442 2506 563 2562 pus,
594 2509 714 2549 cum
740 2494 915 2551 adhuc
960 2505 1307 2552 cunctaretur
1344 2498 1545 2566 scripto
1570 2508 1615 2565 η,
1670 2500 1805 2555 sicut
1834 2514 2035 2570 prazce-

444 2592 600 2656 ptum
633 2584 825 2651 fuerat,
858 2588 935 2641 eis
962 2588 1203 2657 prmbere
1259 2604 1600 2655 consensum,
1632 2598 1820 2645 contra
1871 2605 2033 2661 syno-

442 2675 572 2732 dum
603 2674 1099 2733 Chalcedonensem
1148 2679 1265 2734 fieri
1312 2688 1644 2749 protestatus
1696 2688 1797 2736 est.
1846 2680 1951 2736 Sed
1980 2687 2036 2736 et

444 2776 796 2838 posteaquam
846 2769 1146 2834 consensit,
1178 2785 1210 2824 a
1248 2770 1502 2839 prtedicto
1552 2771 1872 2826 venerabilis
1916 2785 2035 2826 me-

444 2858 630 2912 moria:
655 2857 932 2928 Stephano
959 2858 1211 2915 Ecclesiae
1241 2861 1501 2916 Romanis
1545 2863 1774 2918 diacono
1804 2871 1859 2918 et
1904 2877 2036 2934 apo-

444 2949 691 3005 crisiario
713 2960 1032 3020 conventus,
1057 2968 1155 3007 cur
1181 2952 1346 3022 priori
1373 2954 1657 3009 sententia:
1685 2969 1795 3009 suae
1822 2961 2037 3008 contra.

444 3039 557 3095 rius
608 3040 966 3109 acquievisset
1014 3042 1097 3097 his
1144 3058 1263 3112 qum
1300 3053 1427 3099 ante
1476 3044 1820 3115 culpaverat,
1871 3053 1926 3099 et
1971 3046 2039 3101 de

445 3130 641 3200 quibus
662 3146 721 3187 se
745 3132 876 3188 nihil
914 3142 1159 3189 acturum
1191 3135 1308 3191 sine
1340 3136 1637 3207 apostolica
1667 3138 1795 3193 sede
1836 3138 2039 3209 promi-

445 3230 619 3288 serat;
650 3224 748 3278 sub
779 3239 843 3279 ea
868 3240 927 3280 se
955 3225 1265 3281 conditione
1310 3228 1556 3293 cessisse,
1591 3227 1896 3297 ctjuratum
1928 3229 2033 3285 sibi

2127 690 2232 744 que
2257 690 2508 744 corpore,
2553 688 2801 742 magnum
2833 672 2960 727 illud
2992 670 3109 726 fidei
3151 672 3489 741 percepimus
3518 682 3575 726 et
3602 688 3706 727 ser—
3774 708 3779 711 -

2129 781 2256 820 vare
2285 766 2670 834 spopondimus
2699 769 3090 817 sacramentum
3124 779 3135 814 :
3170 770 3224 815 et
3265 776 3372 815 non
3414 760 3528 815 sola
3561 777 3713 827 voce,

2129 872 2313 912 verum
2373 856 2536 910 etiam
2590 855 2754 910 totius
2809 853 2993 907 habitu
3059 853 3325 924 corporis,
3399 850 3719 921 profitemur

2127 946 2341 1000 exuisse
2367 960 2465 999 nos
2503 944 2772 998 hominem
2800 953 3040 999 veterem
3067 958 3188 998 cum
3215 942 3429 998 actibus
3456 943 3585 998 suis.
3608 941 3718 997 Cur

2127 1038 2309 1106 itaque
2340 1052 2481 1090 nunc
2504 1045 2680 1089 actum
2712 1037 2797 1089 cui
2825 1036 3277 1100 renuntiavimus,
3315 1036 3514 1090 veteris
3545 1035 3713 1090 homi-

2128 1128 2210 1182 nis
2222 1136 2578 1191 resumcntes,
2598 1126 2777 1181 nescio
2793 1126 2918 1196 quid
2939 1125 3425 1181 extraordinarium
3447 1125 3502 1180 in
3526 1133 3715 1193 aperto

2128 1217 2197 1273 de
2243 1218 2356 1287 ipsa
2408 1216 2511 1271 fide
2565 1216 2904 1287 paciscimur,
2959 1214 3207 1270 Ecclesia
3249 1215 3549 1285 ignorante,
3597 1230 3716 1284 qtae

2130 1308 2283 1363 testis
2328 1308 2443 1375 fuit,
2492 1307 2707 1377 quando
2735 1323 2835 1364 nos
2870 1308 3016 1361 illam
3044 1307 3360 1377 simpliciter
3408 1317 3717 1362 servaturos

2130 1399 2305 1469 palam
2334 1407 2390 1453 et
2418 1398 2544 1453 nudi
2582 1398 2915 1466 iuravimus?
2948 1396 3079 1464 Quis
3123 1413 3288 1469 porro
3337 1398 3716 1453 auctoritatem

2130 1501 2477 1547 contemnere
2499 1490 2670 1560 possit
2697 1490 2959 1545 istorum?
2980 1489 3099 1558 quis
3119 1489 3327 1544 dubitet
3356 1489 3543 1544 talium
3565 1487 3718 1558 sequi

2129 1580 2475 1643 sententiam,
2505 1580 2691 1635 videns
2711 1582 2963 1649 quoniam
2986 1580 3155 1636 libere
3175 1580 3243 1635 ab
3272 1580 3351 1636 eis
3376 1587 3432 1635 et
3455 1579 3721 1649 intrepide

2129 1674 2326 1728 veritas
2351 1671 2671 1743 prtedicatur
2696 1675 2710 1704 ¹
2735 1674 2758 1727 i
2787 1672 2966 1728 Zoilus
2989 1688 3205 1742 quoque
3231 1671 3605 1727 Alexandriam
3628 1686 3721 1725 ur-

2128 1763 2211 1818 bis
2239 1763 2485 1830 antistes,
2515 1778 2636 1818 cum
2660 1761 2959 1818 Romanum
2983 1763 3293 1834 episcopum
3317 1763 3503 1818 venire
3528 1776 3722 1832 cogno-

2129 1864 2325 1922 sceret,
2349 1855 2563 1910 obviam
2590 1855 2667 1911 illi
2695 1855 2763 1910 ad
2790 1853 3026 1910 Siciliam
3055 1855 3219 1921 misit,
3249 1869 3587 1923 conquerens
3633 1868 3721 1908 ne-

2131 1946 2381 2003 cessitate
2425 1961 2486 2001 se
2524 1945 2596 1999 ad
2636 1945 2804 2017 ipsius
2853 1946 3057 2001 decreti
3101 1943 3511 2000 allirmationem
3560 1943 3722 1999 fuisse

2132 2037 2467 2108 compulsum
2497 2055 2510 2091 :
2545 2037 2690 2107 quod
2722 2038 2812 2092 hic
2839 2038 2910 2103 ei,
2936 2047 3222 2108 postquam
3255 2038 3422 2106 venit,
3450 2038 3590 2093 idem
3621 2036 3723 2092 Ito-

2132 2146 2322 2186 manus
2350 2129 2635 2201 episcopus
2662 2129 2719 2185 in
2757 2129 2896 2186 facie
2919 2131 3118 2201 palam,
3146 2130 3300 2186 nobis
3326 2144 3542 2199 quoque
3587 2131 3724 2184 inter

2133 2225 2269 2280 alios
2290 2225 2666 2296 praesentibus,
2689 2224 3053 2294 exprobravit.
3075 2222 3304 2279 Necnon
3325 2231 3380 2278 et
3393 2221 3726 2293 Ephraamius

2134 2314 2534 2380 Antiochenus,
2566 2329 2689 2371 cum
2727 2314 2961 2385 primum
2998 2313 3050 2368 ei
3097 2313 3459 2380 mandaretur,
3515 2321 3574 2367 ut
3620 2312 3727 2367 hoc

2135 2405 2298 2459 etiam
2327 2404 2443 2474 ipse
2486 2403 2838 2460 rescribendo
2878 2401 3135 2468 firmaret,
3184 2402 3489 2459 consentire
3531 2400 3724 2456 noluit.

2134 2498 2206 2552 At
2231 2504 2518 2568 postquam
2549 2496 2600 2552 ei
2636 2495 3010 2551 denuntiatum
3036 2503 3124 2550 est
3164 2494 3309 2564 quod
3363 2491 3727 2550 excludendua

2135 2578 2297 2656 esset,
2329 2590 2433 2645 nisi
2461 2589 2683 2655 faceret,
2711 2588 2793 2644 sui
2822 2588 3003 2658 potius
3031 2587 3253 2643 honoris
3275 2601 3438 2656 quam
3469 2585 3726 2648 veritatis,

2135 2684 2365 2739 dilector
2390 2683 2639 2738 inventus
2667 2689 2768 2737 est.
2802 2680 2941 2748 Quid
2980 2681 3140 2736 etiam
3183 2678 3375 2734 Petrus
3419 2677 3730 2747 Hierosoly-

2136 2774 2406 2831 mitanus?
2438 2788 2618 2829 nonne
2645 2772 2860 2843 publica
2892 2771 3081 2826 notitia
3110 2768 3275 2825 refert
3303 2770 3558 2838 quoniam
3602 2782 3733 2821 con-

2136 2871 2389 2926 veniente
2442 2867 2513 2923 ad
2558 2883 2619 2924 se
2663 2865 3009 2922 multitudine
3059 2865 3474 2929 monachorum,
3525 2863 3732 2932 iuratus

2138 2958 2527 3033 pronuntiavit,
2581 2958 2725 3028 quod
2763 2957 2810 3012 si
2854 2958 2976 3025 quis
3030 2956 3205 3011 eidem
3253 2956 3475 3011 decreto
3527 2952 3733 3008 novitio

2140 3050 2487 3116 consentiret,
2511 3055 2700 3104 contra
2720 3046 3160 3103 Chalcedonense
3187 3046 3473 3101 concilium
3496 3043 3735 3099 faceret?

2142 3157 2245 3197 nec
2273 3149 2452 3196 tamen
2481 3154 2540 3195 se
2561 3139 2628 3194 ab
2648 3136 2764 3206 ejus
2786 3136 3143 3193 consensione
3171 3135 3467 3207 suspendit.
3500 3132 3618 3190 Hoc
3642 3150 3737 3189 auo

2144 3240 2253 3288 tem
2273 3272 2289 3298 ,
2317 3231 2464 3287 velut
2498 3229 2930 3298 htereditarium,
2959 3229 3027 3284 de
3066 3227 3508 3299 praevaricatione
3550 3227 3736 3297 prima

447 3309 609 3366 fuisse
638 3311 935 3383 respondit,
962 3314 1105 3381 quod
1126 3313 1543 3387 chirographum
1569 3332 1725 3372 suum
1751 3318 2037 3389 reciperet,
2070 3310 2113 3371 C
2147 3324 2286 3380 illius
2328 3323 2570 3378 mulieris
2616 3322 2993 3391 cognoscimus
3039 3336 3161 3376 esse
3208 3327 3568 3382 contractum.
3617 3335 3738 3388 quae

446 3402 492 3455 si
522 3400 635 3457 hate
664 3400 938 3459 Romanus
968 3406 1254 3477 episc0pus
1276 3425 1382 3464 non
1406 3411 1677 3480 probaret.
1702 3411 1759 3464 ln
1776 3427 1882 3481 quo
1912 3412 2042 3468 satis

450 3494 692 3549 ostendit
736 3494 804 3550 de
843 3495 1049 3566 judicio
1098 3515 1156 3555 se
1188 3502 1367 3569 potius
1407 3503 1645 3558 hmnano
1671 3519 1830 3573 quam
1862 3505 2042 3560 divino

449 3599 568 3639 esse
597 3586 908 3641 sollicitum.
939 3588 1043 3646 Sed
1070 3592 1332 3662 nunquid,
1356 3594 1439 3648 vel
1464 3594 1506 3649 si
1529 3595 1801 3664 propriam
1824 3610 2041 3648 manum

450 3673 697 3731 Romano
742 3679 998 3749 episcopo
1043 3698 1152 3736 non
1198 3684 1465 3752 probante
1511 3686 1759 3755 recipiat,
1805 3686 2044 3757 nihilque

451 3764 689 3835 illiquod
722 3770 913 3823 metuit
956 3770 1023 3825 de
1066 3772 1268 3840 judicio
1315 3775 1550 3830 humano
1596 3779 1890 3844 contingat,
1923 3778 2043 3832 ideo

450 3860 777 3913 sententiam
816 3859 907 3915 Dei
933 3861 1132 3929 jUdlt'lS
1162 3873 1324 3933 atque
1374 3867 1564 3921 ultoris
1610 3866 1860 3934 effugiet?
1900 3868 2045 3921 Nun-

452 3961 613 4019 quam
640 3949 743 4004 hoc
764 3951 814 4005 ei
842 3952 1064 4007 alterius
1093 3965 1302 4009 secreta
1326 3956 1550 4025 juratio,
1582 3956 1677 4013 sed
1718 3958 1832 4012 sola
1862 3973 2045 4012 corre-

452 4040 564 4095 ctio
591 4056 687 4095 sua
716 4045 1012 4111 prmstabit.
1046 4044 1225 4101 Semel
1248 4045 1358 4102 Deo
1376 4048 1695 4116 juravimus,
1729 4049 2044 4118 imperator,

453 4148 575 4186 cum
600 4133 904 4203 baptizandi
937 4136 991 4189 in
1032 4145 1206 4191 morte
1233 4135 1327 4191 ﬁlii
1376 4137 1494 4207 ejus
1534 4139 1919 4209 spopondimus
1948 4154 2047 4192 nos

452 4221 576 4276 lidei
605 4238 710 4293 qua
741 4224 931 4279 salvati
959 4241 1164 4290 sumus,
1192 4229 1462 4283 custodire
1485 4229 1808 4299 depositum.
1840 4228 2049 4285 Adver-

453 4330 545 4370 sus
577 4315 719 4369 hanc
748 4315 912 4384 igitur
942 4318 1072 4373 dare
1113 4318 1196 4372 vel
1241 4319 1486 4389 accipere
1512 4320 1896 4388 juramentum,
1930 4334 2047 4372 ma-

453 4420 615 4475 gnum
644 4407 864 4477 perjurii
891 4411 1093 4465 crimen
1118 4418 1220 4465 est.
1249 4410 1381 4464 Nam
1410 4412 1455 4464 si
1486 4411 1643 4465 nimis
1665 4412 1903 4466 terribile
1932 4428 2049 4466 cre-

454 4497 599 4552 ditur
624 4514 743 4554 cum
767 4499 840 4553 ita
868 4516 1051 4555 secum
1074 4502 1323 4557 homines
1350 4500 1529 4558 foedus
1576 4504 1763 4558 ineunt
1793 4506 1845 4558 in
1878 4503 2050 4574 jusju-

454 4594 701 4658 randum,
731 4600 792 4648 ut
846 4595 1055 4663 aliquos
1094 4596 1233 4651 inter
1274 4607 1431 4667 pacta
1484 4600 1748 4668 baptizari
1795 4597 2043 4655 faciant:

2142 3414 2293 3484 prius
2319 3413 2661 3469 interdictum
2704 3412 2806 3467 sibi
2836 3410 2999 3466 fuisse
3027 3411 3324 3481 respondit,
3368 3426 3436 3465 ne
3483 3409 3549 3465 de
3595 3410 3738 3480 ligno

2142 3504 2289 3574 quod
2321 3512 2439 3561 erat
2468 3504 2523 3558 in
2561 3503 2739 3558 medio
2776 3502 3010 3573 paradisi
3062 3501 3404 3567 comederet,
3462 3509 3518 3557 et
3554 3510 3740 3571 postea

2143 3597 2290 3666 quod
2320 3597 2434 3667 ipsa
2461 3596 2708 3651 illicitum
2738 3596 3181 3665 pronuntiaverat
3209 3594 3507 3664 usurpavit,
3538 3608 3598 3650 ac
3627 3592 3742 3648 viro

2143 3696 2203 3741 ut
2231 3686 2539 3743 comederet
2579 3685 2865 3756 persuasit.
2905 3684 2975 3739 Et
3019 3686 3145 3753 quid
3193 3683 3435 3739 dicemus
3487 3683 3553 3736 ad
3597 3682 3741 3736 hmo?

2146 3779 2246 3833 nisi
2278 3778 2422 3848 quod
2466 3777 2580 3846 ipse
2619 3776 2877 3830 Dominus
2920 3774 3054 3829 dixit
3087 3793 3099 3826 :
3138 3773 3505 3827 Verumtamen
3539 3774 3744 3827 veniens

2146 3870 2315 3923 Filius
2345 3869 2593 3929 hominis.
2623 3876 2774 3936 putas
2822 3867 3042 3920 inveniet
3085 3864 3243 3935 ﬁdem
3286 3866 3343 3918 in
3393 3874 3531 3917 terra
3575 3862 3741 3936 (Luc.

2148 3978 2295 4026 πίνης,
2328 3959 2430 4030 8)?
2479 3958 2596 4013 Jam
2649 3972 2779 4013 vero
2810 3957 2877 4012 de
2902 3956 3129 4011 aliarum
3164 3956 3442 4012 civitatum
3479 3956 3747 4025 episcopis

2150 4051 2280 4123 quid
2312 4052 2616 4121 loquamur,
2646 4050 2738 4118 qui
2769 4056 2823 4103 et
2852 4063 2973 4104 cum
3001 4048 3239 4103 scribere
3267 4046 3740 4116 compellerentur,

2150 4143 2323 4214 palam
2350 4126 2779 4195 reclamaverunt
2806 4149 2994 4194 contra
3024 4152 3272 4207 magnam
3302 4136 3566 4208 synodum
3589 4134 3703 4189 fieri
3726 4152 3741 4189 :

2149 4244 2206 4290 et
2234 4243 2358 4305 post
2385 4234 2857 4303 subscriptionem,
2882 4239 3183 4286 memorato
3203 4230 3477 4299 Stephano
3501 4227 3746 4283 Romano

2149 4327 2380 4381 diacono
2420 4325 2631 4380 libellos
2669 4324 2950 4387 dederunt,
2985 4322 3100 4376 sedi
3130 4321 3442 4391 apostolicae
3474 4320 3749 4374 transmito

2149 4418 2362 4483 tendos,
2391 4414 2711 4473 confitentes
2734 4416 2788 4469 in
2818 4415 2896 4471 eis
2920 4414 3063 4484 quod
3090 4430 3121 4468 a
3147 4413 3749 4484 Constantinopolitano

2152 4511 2408 4581 episcopo
2432 4508 2605 4564 coacti
2633 4507 3060 4573 subscriberent;
3094 4506 3185 4575 qui
3212 4506 3259 4562 si
3289 4522 3318 4559 a
3343 4514 3522 4560 vestra
3549 4505 3752 4575 pietate

2153 4609 2480 4672 quaerantur,
2526 4606 2787 4670 poterunt
2817 4606 2872 4653 et
2915 4598 3056 4669 apud
3089 4614 3183 4653 vos
3211 4597 3411 4652 nostris
3440 4596 3750 4651 assertioni-

454 4682 580 4752 quid
606 4682 673 4738 de
700 4684 790 4739 illo
814 4686 1121 4753 juramento
1151 4689 1474 4743 credendum
1505 4698 1586 4743 est
1623 4690 1675 4744 in
1704 4705 1811 4759 quo
1860 4705 2047 4746 sumus
2076 4672 2128 4733 Ῑ)
2155 4695 2252 4748 bus
2283 4691 2548 4747 attestari.
2580 4688 2737 4745 Unde
2762 4705 2869 4743 non
2898 4688 3073 4744 solum
3103 4688 3205 4759 ipsi
3226 4688 3318 4758 qui
3348 4688 3465 4742 haec
3487 4688 3747 4752 fecerunt,

455 4790 576 4828 cum
608 4774 718 4831 Deo
761 4776 991 4847 depacti,
1031 4787 1086 4833 et
1130 4795 1229 4834 nos
1280 4783 1372 4850 qui
1414 4781 1711 4851 juravimus
1755 4783 2048 4852 baptizati?

454 4861 559 4919 Sed
590 4874 645 4921 et
665 4867 835 4937 ipsam
865 4870 998 4923 tanti
1027 4870 1267 4940 mysterii
1306 4886 1488 4941 quaeso
1532 4872 1841 4927 consideres
1881 4873 2051 4928 actio-

454 4973 615 5013 nem:
647 4962 1095 5029 quemadmodum
1119 4962 1335 5019 lavacro
1374 4965 1800 5035 regenerationis
1828 4965 2051 5021 abluen-

455 5048 527 5114 di,
563 5050 614 5104 iu
637 5061 931 5123 conspectu
952 5053 1043 5108 Dei
1070 5061 1125 5109 et
1149 5063 1459 5110 sanctorum
1486 5057 1797 5124 angelorum
1826 5065 2048 5123 stemus,

456 5142 669 5197 occulta
716 5144 997 5199 dedecoris
1042 5143 1279 5200 Ecclesia
1334 5152 1475 5202 teste
1521 5147 1858 5201 damnantt-s.
1909 5147 2051 5202 Nihil

533 5377 559 5405 ι
593 5366 672 5421 Ad
701 5369 844 5421 hunc
872 5366 1051 5421 locum
1082 5373 1290 5434 spectat
1318 5364 1462 5434 quod
1490 5365 1569 5434 ait
1595 5364 1645 5417 in
1684 5364 1824 5417 libro
1851 5372 2041 5418 contra

460 5438 761 5517 Mutianutn
789 5433 1271 5517 :__Commemorare
1316 5433 1451 5517 quod
1477 5433 1602 5517 alibi
1647 5436 2049 5517 fecimus,"qno-

461 5508 615 5563 modo
662 5510 766 5561 sive
807 5506 1031 5561 Mennas
1070 5503 1691 5574 Constantinopolitanae,
1738 5506 1841 5558 sive
1867 5503 2047 5574 Zoilus

460 5578 880 5641 Alexandrinus,
923 5579 1027 5631 sive
1065 5573 1419 5630 Antioc/tenus
1456 5574 1813 5643 Epimemius,
1848 5584 1897 5626 et
1941 5573 2047 5626 Pe-

459 5658 572 5704 trus
604 5648 1109 5717 ﬂierosolymitanus
1128 5686 1142 5711 ,
1178 5656 1453 5717 antequam
1474 5646 1558 5717 vel
1598 5646 1946 5717 consentirent
1976 5644 2051 5717 vel

459 5720 722 5785 cederent,
751 5714 928 5772 testati
973 5725 1092 5771 sunt
1140 5717 1255 5786 ﬁeri
1300 5714 1402 5770 non
1447 5716 1647 5769 debere.
1694 5714 1768 5769 De
1804 5715 1884 5769 his
1908 5714 2053 5768 enim

2154 4785 2249 4841 sed
2271 4793 2325 4841 et
2355 4785 2427 4837 illi
2459 4784 2621 4838 etiam
2667 4782 2760 4851 qui
2791 4781 3115 4836 facientibus
3139 4781 3585 4835 counuunicando
3614 4796 3750 4835 con-

2156 4876 2416 4943 sentiunt,
2438 4876 2505 4930 de
2534 4873 2833 4943 ignorantia
2860 4873 3183 4941 semctipsos
3210 4886 3470 4926 excusare
3496 4886 3600 4925 non
3630 4884 3750 4940 pos-

2158 4974 2301 5032 sunt,
2331 4975 2386 5021 et
2413 4964 2611 5019 frustra
2639 4964 2995 5027 dissimulant,
3026 4964 3223 5016 frustra
3250 4976 3309 5015 se
3328 4960 3515 5014 dicunt
3540 4960 3750 5014 nescire

2158 5060 2301 5129 quod
2332 5059 2529 5114 factum
2578 5066 2684 5126 est,
2732 5059 2847 5112 sive
2886 5057 3034 5112 lucra
3080 5052 3398 5124 temporalia
3442 5052 3748 5121 diligentes,

2156 5150 2269 5204 sive
2307 5149 2473 5217 gratis
2510 5162 2635 5202 suas
2674 5148 2881 5201 animas
2928 5147 3275 5216 negligentes.
3318 5140 3414 5195 Cui
3452 5142 3597 5195 enim
3638 5156 3750 5197 non

2148 5373 2381 5434 quatuor
2431 5363 2621 5418 ordine
2670 5361 2867 5422 docet,
2907 5376 2971 5434 ac
3021 5375 3141 5434 mox
3171 5357 3361 5434 _etiam
3409 5357 3476 5434 de
3533 5358 3744 5434 cmteris

2150 5429 2418 5503 episcOpis
2460 5452 2471 5485 :
2506 5448 2629 5486 nam
2661 5446 2849 5503 omnes
2872 5432 2936 5483 ad
2977 5431 3134 5482 trium
3162 5429 3750 5503 Capitunt__damuatio-

2155 5499 2274 5558 nem
2307 5499 2668 5571 eompeilebat
2709 5500 3021 5569 imperator,
3066 5515 3187 5553 cum
3215 5499 3752 5571 muneribusditaret

2155 5569 2535 5637 asseutienlcs,
2588 5571 2919 5625 reluctantes
2956 5578 3335 5623 exauctoraret
3369 5578 3461 5623 aut
3490 5569 3752 5638 plcetcret

2156 5646 2367 5709 exsilio,
2402 5653 2461 5697 ut
2488 5652 2570 5697 est
2599 5639 2739 5709 apud
2764 5638 3069 5693 Liberatum
3112 5641 3163 5694 in
3187 5649 3429 5696 extremo
3458 5639 3747 5694 breviario.

537 5971 552 6000 ’
593 5966 731 6025 Cod.
770 5965 988 6031 Vcron.,
1035 5964 1343 6036 pradicatnr
1374 5963 1614 6037 aquibus
1658 5960 1748 6015 sub
1788 5960 1912 6019 ﬁdei
1950 5956 2219 6013 commisso
2244 5956 2305 6006 de
2333 5953 2457 6023 fidei
2482 5968 2638 6006 causa
2671 5950 3005 6007 decernitur?
