4114 6482
429 333 527 386 6ΞἹ

1516 333 1806 390 FACUMN
1853 337 2064 394 El‘lSC.
2113 339 2612 396 liERillANENSlS

3627 321 3738 378 6‘28

429 446 658 503 suﬁiciat
685 446 750 502 ad
774 462 1208 517 cognoscendum
1239 464 1412 505 causa:
1443 452 1713 518 meritum,
1742 455 1858 508 sola
1897 471 2028 510 con-
2057 460 2105 518 Α
2132 473 2291 527 quam
2341 468 2484 514 tenet
2533 457 2844 513 defensione
2891 455 3205 511 certantes?
3251 452 3408 508 Enim
3454 468 3582 509 vero
3621 453 3727 510 dici

428 538 596 593 fessio
628 548 1109 608 transgressurum,
1143 549 1198 595 et
1225 541 1403 596 verbis
1451 543 1665 611 publice
1694 544 1834 599 facta
1863 555 1919 600 et
1966 547 2030 600 li-

432 631 588 686 bellis
610 633 891 701 exposita?
918 631 1232 687 Manifestos
1255 634 1455 688 habent
1476 650 1690 690 errores
1717 651 1904 692 eorum
1935 639 2029 708 qui

429 723 808 781 verisimilibus
837 725 1188 792 argumentis,
1219 725 1371 793 quasi
1400 734 1713 780 constanter
1737 741 1828 779 sua
1853 737 2029 782 errata

429 815 760 882 defendunt;
783 825 837 869 et
863 817 964 870 iste
991 816 1092 870 illis
1121 817 1423 885 incognitus
1449 834 1569 874 esse
1609 827 1808 890 potest,
1839 829 2029 874 aucto-

430 923 550 962 rum
594 923 816 962 suorum
861 909 1207 964 confessione
1253 911 1580 966 damnatus?
1627 910 1722 968 llis
1777 915 2028 970 omnibus

429 999 645 1054 accedit
691 1007 748 1053 et
773 1000 1038 1055 confessio
1087 1000 1376 1055 Domitiani
1425 1001 1647 1066 Galatze,
1705 1003 2030 1076 Ancyrensis

431 1095 560 1148 olim
595 1094 856 1165 episcopi,
907 1110 1068 1164 quem
1119 1096 1421 1152 confessum
1453 1097 1685 1154 diximus
1723 1101 1866 1166 quod
1915 1099 2030 1167 ejus

431 1189 726 1257 complices
772 1186 1078 1257 Origeniani
1128 1189 1196 1242 ad
1259 1188 1517 1244 Ecclesia:
1564 1191 2030 1246 conturbationem

432 1278 531 1332 ista
563 1279 734 1333 moliti
774 1287 918 1333 sunt.
954 1278 1086 1333 Nam
1132 1279 1185 1334 in
1233 1279 1415 1335 libello
1463 1296 1621 1350 quem
1671 1282 1738 1335 ad
1781 1282 2028 1350 Vigilium

431 1368 671 1436 scripsit,
692 1383 1032 1437 conquerens
1051 1368 1116 1423 de
1137 1369 1220 1424 his
1237 1369 1326 1436 qui
1348 1370 1790 1426 contradicebant
1816 1371 2032 1440 dogma-

435 1458 578 1512 tibus
597 1456 860 1526 Origenis,
894 1461 1183 1516 asserentis
1213 1461 1418 1516 animas
1448 1462 1709 1517 humanas
1743 1476 1868 1518 ante
1910 1481 2031 1520 cor-

435 1563 570 1620 pora
610 1551 662 1604 in
692 1551 923 1620 quadam
952 1553 1113 1608 beata
1162 1554 1268 1607 vita
1297 1556 1701 1623 prmexstitisse,
1746 1564 1800 1610 et
1841 1572 2030 1613 omnes

436 1657 555 1713 qua:
577 1641 775 1698 fueint
805 1651 1011 1700 :eterno
1039 1645 1302 1714 supplicio
1325 1645 1633 1712 destinatio,
1668 1649 1718 1702 in
1749 1651 2029 1720 pristinam

437 1735 822 1789 beatitudinem
873 1752 993 1790 cum
1023 1737 1238 1792 diabolo
1281 1746 1336 1793 et
1382 1740 1583 1808 angelis
1633 1740 1747 1810 ejus
1787 1743 2025 1810 restitui;

2133 549 2358 604 forsitan
2388 558 2456 606 ab
2489 551 2598 605 alio
2629 556 2846 620 posset,
2883 547 3026 617 quod
3055 547 3278 617 spiritus
3305 545 3520 614 quidem
3544 561 3730 616 prom-

2132 651 2286 714 ptus,
2333 659 2461 698 caro
2506 653 2686 698 autem
2731 642 2971 704 infirma,
3021 639 3110 692 diu
3150 638 3421 692 cruciatus
3449 637 3588 692 ferre
3619 653 3727 691 non

2133 735 2310 804 potuit
2344 751 2355 786 :
2400 741 2459 787 ut
2506 749 2676 803 prona
2721 733 2792 787 sit
2833 729 3216 800 indulgentiam
3259 727 3730 782 succumbentibus

2135 825 2376 880 tribuere
2401 824 2817 894 uniuscujusque
2847 821 3177 878 conscientia
3204 819 3288 874 sui
3317 818 3591 887 fragilitas.
3623 817 3731 874 So-

2132 915 2210 969 l-et
2238 917 2378 970 enim
2433 915 2501 970 de
2546 916 2794 970 humanis
2837 913 3122 976 cordibus,
3170 925 3272 982 pro
3313 909 3601 965 devotione
3646 910 3732 964 sui

2135 1007 2306 1062 fidelis
2348 1008 2596 1076 exordii,
2634 1007 2679 1063 si
2726 1022 2834 1062 non
2888 1011 3197 1076 perseveret
3237 1018 3406 1072 usque
3449 1001 3504 1057 in
3534 1002 3728 1070 tinem,

2133 1100 2346 1153 veniam
2377 1098 2789 1169 pusillanimitas
2826 1098 3137 1167 impetrare.
3168 1093 3275 1148 Sed
3317 1094 3370 1147 in
3419 1093 3520 1148 hac
3565 1107 3732 1147 causa

2133 1189 2260 1258 quid
2294 1189 2508 1243 tandem
2538 1196 2717 1259 potest
2744 1186 3106 1242 excusationis
3134 1184 3397 1240 obtendi?
3426 1182 3731 1238 Praesertim

2133 1295 2254 1334 cum
2280 1289 2458 1336 vestra
2481 1280 2786 1343 clementia,
2815 1279 2896 1333 sui
2922 1274 3262 1345 cognomenti
3288 1290 3396 1329 non
3421 1274 3729 1338 immemor,

2134 1371 2187 1426 in
2217 1372 2344 1442 ipsis
2372 1385 2590 1441 quoque
2619 1367 3112 1424 contradicentibus
3152 1365 3253 1421 sibi
3293 1363 3558 1419 haereticis
3596 1361 3731 1419 nihil

2132 1464 2305 1531 egerit
2333 1461 2704 1516 inclementer.
2754 1459 2810 1514 Si
2861 1458 2989 1529 quid
3017 1458 3182 1525 igitur
3225 1455 3295 1510 ob
3325 1453 3464 1508 banc
3509 1466 3732 1508 causam

2132 1555 2323 1624 aliquis
2352 1553 2667 1624 pertulerit,
2699 1551 2911 1606 illorum
2961 1549 3131 1617 magis
3165 1555 3246 1601 est
3287 1543 3565 1600 invidiosis
3599 1556 3732 1614 sug-

2133 1649 2462 1719 gestionibus
2502 1644 2871 1716 imputandum
2889 1683 2903 1708 ,
2931 1641 3022 1712 qui
3064 1639 3462 1695 dissimulantes
3488 1636 3556 1691 ab
3577 1636 3733 1706 aliis,

2135 1756 2299 1796 unum
2351 1740 2454 1795 sibi
2505 1739 2680 1795 solum
2726 1735 3100 1792 contradicere
3129 1732 3513 1802 querebantur.
3566 1727 3733 1796 Quasi

435 1825 566 1879 dicit
591 1827 752 1880 etiam
785 1827 897 1881 haec
927 1846 939 1881 :
971 1847 988 1878 ι
1025 1827 1391 1883 Prosiiuerunt
1418 1830 1483 1884 ad
1501 1832 2032 1889 anathematizandos
2064 1839 2108 1898 Β
2136 1848 2267 1888 vero
2314 1847 2423 1886 non
2462 1831 2676 1896 statim,
2712 1836 2771 1882 ut
2809 1826 3087 1882 meditatio
3128 1823 3250 1878 facti
3284 1821 3440 1890 hujus
3469 1820 3730 1887 innotuit,

437 1917 810 1973 sanctissimos
855 1918 1359 1986 etgloriosissimos
1397 1920 1681 1990 doctores,
1731 1923 1830 1977 sub
1873 1939 2033 1979 occa-

433 2008 592 2060 sione
631 2021 819 2062 eorum
860 2021 981 2076 qua:
1018 2007 1086 2063 de
1129 2009 1527 2078 praeexistentia
1581 2019 1638 2066 et
1694 2014 2034 2073 restitutione

437 2106 588 2152 mota
635 2105 780 2164 sunt,
809 2098 1140 2169 dogmatum,
1171 2100 1273 2155 sub
1306 2101 1486 2171 specie
1513 2102 1728 2171 quidem
1767 2103 2029 2176 Origenls,

441 2205 630 2245 omnes
679 2197 860 2244 autem
896 2191 988 2259 qui
1041 2199 1167 2247 ante
1206 2207 1328 2246 eum
1373 2201 1430 2248 et
1483 2203 1606 2263 post
1657 2211 1778 2250 eum
1819 2195 2035 2253 fuerunt

438 2278 655 2336 sanctos
683 2281 1220 2338 anathematizantes.
1257 2283 1321 2338 Hi
1353 2300 1481 2339 vero
1511 2287 1601 2354 qui
1640 2298 2035 2356 proposuerant

438 2373 743 2440 hujusmodi
769 2372 964 2440 dogma
998 2373 1310 2440 defendere,
1339 2374 1392 2428 id
1441 2375 1665 2445 implere
1697 2378 1842 2431 nullo
1872 2378 2032 2433 modo

439 2465 723 2517 voluerunt
755 2481 768 2516 :
801 2464 894 2518 sed
927 2464 1086 2518 talem
1135 2465 1500 2534 relinquentes
1527 2464 1871 2536 conflictum,
1910 2484 2035 2524 con-

438 2559 574 2610 versi
606 2565 733 2610 suut
762 2564 822 2610 ut
849 2565 1130 2611 moverent
1157 2554 1418 2612 adversus
1443 2556 1786 2613 Theodorum
1817 2561 1903 2629 qui
1938 2558 2035 2615 fuit

439 2645 847 2718 Mopsuestenus
895 2648 1211 2718 episcopus,
1274 2655 1329 2703 et
1374 2649 1553 2704 moliri
1590 2660 1868 2719 coeperunt
1903 2666 2034 2720 qua-

442 2747 600 2791 tenus
630 2738 1180 2792 anathematizaretur
1203 2747 1260 2793 et
1288 2738 1398 2802 ille,
1433 2739 1499 2793 ad
1547 2740 1920 2808 abolitionem,
1978 2751 2035 2795 ut

439 2828 724 2896 putabant,
750 2843 934 2881 eorum
965 2843 1085 2897 quae
1112 2838 1302 2883 contra
1332 2829 1616 2898 Origenem
1654 2841 1800 2886 mota
1830 2835 2033 2887 consti-

441 2925 656 2971 tuerant
693 2921 729 2970 ι.
766 2937 783 2970 ι
847 2915 946 2974 His
994 2927 1173 2974 autem
1204 2920 1578 2988 consideratis,
1619 2922 2035 2978 clementissime

437 3009 751 3079 imperator,
783 3011 902 3081 quis
931 3027 1040 3066 non
1069 3011 1332 3082 intelligat
1380 3014 1658 3084 quoniam,
1694 3015 1736 3068 si
1776 3013 2036 3070 Ecclesia-

433 3115 560 3155 rum
601 3102 860 3171 primates
906 3117 1133 3170 quorum
1179 3103 1548 3158 confessiones
1593 3106 2029 3171 memoravimus,

2137 1922 2454 1979 Christiana:
2476 1920 2647 1992 plebis
2686 1918 2910 1974 ollendit
2938 1917 3207 1980 auditum,
3251 1921 3310 1968 ut
3339 1927 3475 1967 unus
3501 1912 3604 1966 hoc
3638 1925 3730 1965 vo-

2135 2015 2298 2070 luisse
2333 2013 2354 2045 ³
2388 2012 2564 2068 facere
2596 2010 2886 2076 diceretur,
2919 2016 3172 2076 tanquam
3205 2017 3410 2074 magna:
3457 2009 3512 2057 et
3547 2001 3732 2069 singu-

2137 2107 2262 2161 laris
2285 2114 2428 2161 esset
2445 2104 2685 2174 justitize,
2715 2116 2820 2156 non
2845 2099 3206 2155 condemnare
3227 2102 3309 2150 tot
3329 2089 3664 2148 venerabiles
3685 2089 3730 2158 ⁸,

2136 2196 2225 2266 qui
2253 2203 2439 2250 contra
2469 2192 2908 2249 Chalcedonense
2943 2186 3228 2243 concilium
3256 2186 3360 2239 hoc
3390 2180 3504 2237 ﬁeri
3529 2195 3730 2251 cogno-

2136 2295 2355 2352 verunt,
2395 2285 2679 2356 palamque
2719 2280 2970 2337 detestati
3008 2285 3134 2334 sunt
3163 2278 3206 2332 ⁵.
3245 2274 3348 2342 Qui
3385 2283 3564 2328 tamen
3608 2272 3730 2328 sub-

2135 2378 2464 2447 scripserunt
2490 2373 2892 2430 delinitionibus
2930 2371 3051 2425 libri
3089 2370 3142 2422 in
3189 2382 3298 2439 quo
3347 2365 3548 2421 dictum
3595 2371 3680 2419 est
3711 2383 3729 2418 :

2144 2487 2161 2520 ι
2195 2468 2250 2523 Si
2279 2467 2397 2537 quis
2422 2466 2550 2521 dicit
2578 2466 2693 2520 huic
2719 2479 2820 2519 nos
2841 2461 2911 2516 ad
2937 2459 3230 2516 abolendos
3252 2465 3345 2512 aut
3365 2454 3730 2511 excludendos

2135 2568 2352 2616 sanctos
2397 2557 2588 2614 Patres
2616 2557 2707 2627 qui
2739 2557 2792 2611 in
2831 2551 3261 2610 Chalcedonensi
3290 2549 3442 2604 fuere
3472 2547 3731 2617 concilio,

2135 2655 2365 2720 dixisse,
2408 2653 2691 2707 anathema
2729 2651 2825 2717 sit;
2867 2669 2885 2701 ›
2931 2656 3094 2716 atque
3132 2645 3207 2698 ita
3233 2642 3553 2712 semetipsos
3596 2655 3730 2694 aua-

2138 2746 2319 2800 thema
2349 2745 2609 2807 fecerunt,
2641 2741 2733 2811 qui
2762 2740 3001 2795 dicentes
3021 2737 3278 2792 adversus
3305 2740 3521 2788 sanctos
3543 2728 3732 2786 Patres

2135 2843 2225 2913 qui
2266 2842 2318 2896 in
2361 2837 2787 2895 Chalcedonensi
2831 2835 2982 2890 fuere
3019 2830 3269 2894 concilio,
3301 2828 3417 2884 haec
3446 2841 3566 2883 esse
3589 2839 3728 2879 con-

2135 2935 2357 3004 scripta,
2389 2939 2754 2997 assenserunt,
2787 2935 2846 2982 ut
2873 2927 2916 2982 si
2937 2925 3056 2996 quis
3084 2923 3188 2978 hoc
3216 2920 3366 2986 dicit,
3395 2915 3487 2971 ﬂat
3506 2916 3730 2970 anathe-

2135 3040 2242 3078 ma.
2287 3023 2440 3090 Quod
2469 3023 2512 3077 si
2547 3023 2653 3076 hoc
2697 3022 2858 3075 etiam
2901 3033 3009 3071 non
3053 3014 3271 3080 fuisset,
3305 3006 3543 3080 nunquid
3586 3007 3731 3062 inter

2135 3129 2368 3171 canones
2400 3122 2560 3183 atque
2589 3119 2788 3167 statuta
2813 3110 3006 3178 quibus
3037 3105 3102 3160 de
3124 3103 3286 3159 rebus
3317 3099 3510 3156 divinis
3541 3098 3729 3153 decer-

437 3208 537 3263 pro
560 3195 788 3248 veritate
817 3204 1143 3258 constarent,
1179 3195 1338 3250 facile
1366 3195 1434 3250 de
1465 3196 1618 3250 vobis
1649 3209 1872 3266 possent
1900 3198 2034 3253 obti-
2061 3228 2105 3287 Ο
2138 3209 2302 3273 nitur,
2341 3205 2531 3259 haberi
2560 3203 2738 3267 debet,
2771 3209 2831 3255 ut
2875 3200 2919 3254 si
2951 3197 3070 3266 quis
3100 3195 3169 3250 de
3197 3191 3584 3287 conscriptore,
3605 3187 3730 3287 qui-

441 3299 572 3337 nere
600 3300 668 3338 ne
691 3283 858 3348 fieret,
892 3285 1036 3355 quod
1065 3285 1259 3340 frustra
1291 3301 1372 3353 se,
1399 3302 1505 3342 non
1534 3288 1813 3343 voluntate
1844 3291 2034 3345 fecisse

441 3381 746 3435 caueantur.
781 3375 942 3441 Quasi
988 3391 1115 3431 vero
1147 3387 1369 3447 propter
1411 3379 1516 3434 hoc
1571 3388 1774 3433 tantum
1804 3381 2034 3436 ordinati

440 3480 626 3519 sumus
651 3467 911 3536 episcopi,
945 3475 1003 3521 ut
1032 3468 1266 3523 ditemur
1292 3471 1594 3541 principum
1624 3471 1798 3539 donis,
1829 3482 1885 3527 et
1911 3490 2033 3528 cum

442 3558 518 3610 eis
542 3558 682 3612 inter
702 3561 995 3615 maximas’
1017 3570 1315 3632 potestates
1339 3564 1746 3627 consedeamus,
1781 3575 2032 3636 tanquam

440 3648 606 3703 divini
637 3651 923 3705 sacerdotii
955 3653 1244 3723 privilegiis
1274 3653 1388 3709 fulti
1417 3673 1429 3707 :
1465 3657 1636 3710 sicubi
1669 3666 1848 3711 autem
1891 3659 2038 3712 falla-

441 3741 541 3796 ciis
583 3743 940 3811 malignorum
983 3760 1103 3814 qua:
1145 3747 1304 3802 nullis
1351 3750 1680 3818 temporibus
1729 3751 2031 3816 defuerunt,

439 3833 642 3902 aliquid
671 3835 748 3887 eis
779 3834 920 3888 inter
957 3843 1134 3890 tantas
1172 3837 1483 3906 reipublic-re
1515 3855 1623 3893 suae
1657 3856 1815 3894 curas
1855 3843 2032 3896 subre-

441 3931 590 3992 ptum
646 3922 844 3989 fuerit,
901 3925 1049 3994 quod
1099 3926 1352 3982 Ecclesiae
1409 3928 1502 3983 Dei
1555 3931 1890 3998 prmjudicet,
1949 3933 2034 3986 vel

442 4011 694 4068 Ecclesia:
726 4029 912 4083 pacem
944 4016 1124 4072 turbet
1150 4035 1161 4069 :
1189 4031 1295 4071 non
1333 4018 1413 4072 eis
1443 4019 1733 4074 debeamus
1763 4036 1858 4089 pro
1900 4022 2036 4093 ipso-

440 4117 556 4159 rum
595 4106 770 4160 salute
797 4121 916 4175 quae
943 4115 1068 4161 sunt
1096 4122 1219 4162 vera
1248 4122 1556 4177 suggerere,
1611 4119 1667 4164 et
1713 4111 1758 4164 si
1814 4125 2034 4166 necesse

440 4195 620 4264 fuerit,
667 4199 944 4266 religionis
985 4201 1307 4255 auctoritate
1345 4201 1619 4266 resistere,
1659 4219 1722 4257 ac
1769 4205 2036 4273 patienter

441 4285 792 4344 offensionem
822 4306 1038 4361 quoque
1085 4292 1319 4359 illorum,
1351 4294 1394 4347 si
1444 4294 1716 4361 acciderit,
1748 4297 2031 4350 sustinere.

441 4375 508 4430 Et
535 4379 621 4432 ubi
650 4381 756 4434 erit
785 4381 914 4435 illud
963 4383 1337 4452 propheticum
1363 4401 1374 4437 :
1403 4383 1675 4449 Loquetur
1726 4389 1777 4440 in
1814 4390 2035 4442 testimo-

441 4468 540 4520 niis
567 4469 670 4521 luis
683 4469 736 4521 in
757 4481 1029 4540 conspectu
1051 4489 1251 4542 regum,
1275 4484 1325 4527 et
1345 4489 1448 4528 non
1479 4476 1833 4548 confundebar
1856 4479 2027 4545 (Psal.

2137 3312 2350 3368 cunque
2391 3297 2460 3350 sit
2489 3302 2579 3348 aut
2621 3294 2854 3356 dicatur,
2900 3289 3043 3344 illius
3084 3285 3208 3340 libri
3238 3283 3394 3338 aliter
3437 3277 3730 3335 crediderit

2137 3405 2296 3460 quam
2321 3389 2433 3442 vult
2461 3388 2575 3457 ipse
2602 3384 2956 3454 conscriptor,
2991 3377 3276 3434 anathema
3305 3374 3374 3429 sit
3395 3372 3539 3426 velut
3557 3369 3730 3423 luere-

2139 3484 2294 3547 ticus,
2327 3496 2450 3538 cum
2492 3479 2537 3534 si
2565 3477 2845 3530 videbatur
2876 3473 2947 3527 ita
2991 3468 3208 3526 decerni
3237 3481 3301 3522 ac
3330 3463 3438 3519 dici
3462 3461 3731 3529 debuerit,

2142 3583 2197 3627 ut
2227 3573 2510 3626 anathema
2543 3569 2721 3630 fieret,
2755 3566 2797 3620 si
2828 3565 2946 3634 quis
2977 3562 3043 3617 ad
3073 3557 3372 3615 abolendos
3423 3562 3517 3608 aut
3545 3553 3733 3607 exclu-

2139 3663 2343 3717 dendos
2387 3667 2602 3715 sanctos
2648 3655 2834 3711 Patres
2877 3655 2968 3724 qui
3013 3654 3066 3707 in
3113 3648 3539 3707 Chalcedonensi
3581 3645 3732 3702 fuere

2139 3752 2389 3818 concilio,
2412 3750 2488 3804 eis
2517 3761 2635 3816 qua:
2655 3746 2708 3800 in
2737 3751 3038 3800 memorato
3067 3742 3203 3796 libro
3234 3739 3376 3794 dicta
3404 3746 3528 3792 sunt
3553 3746 3735 3790 utere~

2138 3858 2243 3900 tur.
2277 3841 2439 3898 Nunc
2473 3850 2679 3905 autem,
2726 3853 2794 3893 ne
2835 3836 2956 3906 quis
2987 3833 3182 3888 talibus
3228 3830 3386 3886 dictis
3413 3828 3731 3894 resisteret,

2141 3938 2389 3993 omnibus
2419 3933 2753 3989 interdicitur
2779 3931 2932 4000 queri
2958 3947 2971 3982 :
3000 3927 3074 3982 uti
3105 3941 3236 3980 vero
3265 3925 3346 3980 eis
3374 3923 3441 3979 ad
3463 3921 3733 3978 exclusio-

2140 4046 2261 4085 nem
2288 4035 2484 4082 sancta:
2513 4025 2723 4097 synodi,
2754 4023 2885 4078 nulli
2916 4027 3160 4090 negatur.
3193 4017 3393 4073 Verum
3415 4013 3562 4085 quia,
3591 4012 3734 4068 sicut

2138 4121 2591 4192 praedixeramus,
2651 4124 2761 4170 tam
2809 4114 3094 4184 epistolam
3147 4107 3469 4165 venerabilis
3517 4105 3624 4160 Iba:
3678 4110 3734 4160 et

2139 4213 2464 4271 Theodoreti
2493 4212 2693 4282 scripta
2725 4224 2885 4278 quam
2909 4203 3180 4260 Theodori
3216 4202 3438 4271 ejusque
3477 4199 3734 4268 dogmata

2138 4306 2191 4359 in
2235 4284 2604 4375 praijudicium
2648 4297 2839 4372 synodi
2880 4293 3340 4350 Chalcedonensis
3385 4289 3733 4362 probavimus

2139 4409 2257 4449 esse
2283 4393 2534 4446 damnata
2568 4407 2583 4444 ε
2616 4389 2745 4444 illud
2771 4388 2958 4454 etiam,
2984 4385 3128 4455 quod
3159 4381 3397 4438 secundo
3423 4379 3730 4450 partitionis

2139 4484 2260 4538 loco
2299 4481 2660 4552 promisimus,
2693 4479 2796 4534 hoc
2824 4475 3096 4532 volumine
3125 4473 3412 4530 terminato
3435 4471 3548 4541 jam
3577 4469 3732 4525 debe-

441 4572 624 4624 cxvm,
656 4559 787 4628 46)?
818 4562 917 4616 nisi
943 4563 1080 4618 forte
1110 4575 1355 4634 pastores
1380 4569 1597 4634 Quidem
1628 4570 1693 4622 ad
1724 4571 1807 4624 lac
1834 4582 1888 4625 et
1919 4573 2029 4625 vel-
2065 4605 2109 4660 ι)
2140 4590 2260 4630 mus
2307 4573 2613 4630 ostendere.
2654 4571 2920 4638 Quoniam
2965 4569 3163 4624 frustra
3209 4575 3436 4635 negatur
3482 4562 3731 4618 eamdem

441 4652 576 4718 lora,
603 4653 670 4707 ad
699 4656 1017 4710 avertendae
1045 4673 1175 4712 vero
1207 4659 1457 4728 luporum
1485 4663 1707 4717 insidias
1747 4673 1802 4718 et
1834 4667 2027 4720 tuenda

439 4743 599 4797 ovilia
617 4785 632 4811 ,
671 4745 1001 4802 desertores.

508 4832 644 4899 Quid
687 4836 830 4889 enim
853 4836 966 4905 jam
992 4839 1133 4908 passi
1162 4838 1390 4909 fuimus,
1415 4843 1496 4896 vel
1527 4842 1652 4911 quid
1684 4845 1794 4912 pali
1825 4845 1891 4898 ah
1921 4845 2023 4898 im-

434 4931 689 4993 peratore
737 4925 1040 4984 Christiano
1091 4930 1398 4997 timuimus,
1454 4947 1554 5000 pro
1601 4933 1840 5002 ejusdem
1900 4933 2022 4988 fidei

405 5128 412 5135 ’
508 5135 524 5163 ¹
563 5132 698 5203 (10d.
727 5135 924 5191 Veron.
957 5147 1013 5192 et
1043 5156 1142 5203 ms,
1176 5143 1534 5195 constiterant.

506 5205 527 5282 ξ
558 5201 708 5282 idem
738 5207 886 5282 cod.,
917 5201 1174 5282 maxime:
1197 5216 1272 5264 vel
1294 5229 1451 5282 supra
1480 5213 1757 5265 "inminuta.

506 5272 528 5346 ξ
557 5271 701 5346 idem
731 5271 882 5346 cod.,
908 5281 1152 5334 noluisse.

506 5341 528 5372 ⁴
556 5337 700 5398 Idem
723 5337 879 5413 cod.,.
898 5350 1211 5405 venerabiles
1245 5349 1451 5415 Patres,
1483 5368 1595 5404 cum
1621 5361 1667 5405 et
1692 5350 1815 5421 ipsi,
1846 5368 2024 5421 quent-

2139 4669 2419 4738 epistolam
2450 4684 2476 4720 a
2508 4665 2714 4736 synodo
2740 4662 2903 4718 fuisse
2926 4661 3238 4732 probatam;
3260 4655 3357 4712 sed
3382 4653 3723 4754 Eutychiani,

2139 4768 2196 4812 ut
2215 4757 2373 4812 nobis
2403 4757 2704 4820 illuderent,
2735 4753 2839 4808 hoc
2860 4750 3195 4806 mendacium
3217 4761 3316 4818 per
3334 4759 3463 4803 suos
3484 4750 3716 4800 semina-

2135 4866 2259 4906 vere
2287 4849 2544 4903 fautores.

2130 5140 2408 5192 admodum
2437 5139 2631 5192 dictum
2679 5148 2788 5205 est,
2840 5145 2900 5192 ut
2941 5137 3046 5191 sint
3090 5130 3495 5200 insanabiles,
3542 5140 3728 5186 contra

2134 5209 2566 5274 Claalcedonense,
2597 5217 2704 5265 etc.

2205 5286 2224 5314 ⁸
2249 5278 2398 5334 Idem
2424 5279 2570 5344 cod.,
2604 5280 2776 5334 testati
2805 5284 2946 5334 sunt.
