4114 6554
351 345 450 399 651

1435 335 1732 394 FACUNDI
1777 333 1984 392 EPlSC.
2021 325 2526 388 llERSilANENSlS

3555 329 3664 389 632

357 456 596 530 precatio
636 464 661 494 ι
694 454 870 510 omnis
901 452 1027 508 cleri
1069 451 1360 506 Edessenae
1395 450 1632 507 civitatis
1682 448 1952 521 synodali-
1983 449 2036 508 Α
2061 447 2380 516 episcopos?
2405 447 2640 516 Denique
2659 443 2844 500 fraude
2865 459 2924 502 se
2947 446 3046 501 ista
3070 444 3325 518 iactasse,
3349 446 3510 502 etiam
3537 451 3664 518 ipsi,

371 553 472 605 bus
523 549 688 620 gestis
719 548 985 618 appellata
1030 547 1117 610 sit,
1151 544 1420 600 sententia
1472 558 1601 600 vero
1651 543 1843 612 synodi
1894 556 1962 596 ex

360 642 564 697 relecta
617 639 734 710 ejus
783 639 1010 707 epistola
1059 637 1420 690 orthodoxam
1473 651 1596 690 eum
1648 635 1966 706 apparuisse

369 741 564 788 testata
587 741 669 786 cst
698 749 712 784 :
741 740 795 785 et
825 730 947 798 quia
981 730 1124 783 illam
1159 729 1572 795 postulationem
1618 740 1673 784 et
1701 729 1954 798 depreca-

363 829 593 886 tionem,
639 823 706 876 ab
752 823 896 875 omni
928 821 1076 874 clero
1125 821 1417 876 Edessena:
1455 822 1684 875 civitatis
1724 821 1789 874 ad
1825 821 1964 874 Pho-

370 917 500 970 tium
527 925 581 968 (ιι
608 914 950 968 Eustachium
977 923 1136 982 atque
1171 912 1426 967 Uranium
1450 913 1732 982 episcopos
1762 913 1965 983 datam,

362 1007 486 1062 lbas
500 1007 778 1076 rpiSCOptts
805 1020 900 1072 pro
913 1021 971 1060 se
989 1005 1197 1059 recitari
1219 1005 1435 1075 petivit;
1458 1007 1722 1059 sententia
1739 1020 1867 1060 vero
1881 1020 1968 1078 sy-

367 1099 517 1161 nodi,
545 1099 682 1152 sicut
711 1099 898 1152 eadem
927 1113 1045 1167 qua:
1075 1098 1346 1165 posuimus
1377 1097 1536 1152 verba
1567 1097 1873 1163 declarant,
1901 1097 1970 1152 de

365 1189 626 1258 rescripto
641 1189 882 1257 epistola:
907 1189 1070 1258 ipsius
1096 1189 1198 1242 lbze
1215 1189 1355 1258 quod
1379 1189 1641 1256 prolatum
1664 1198 1747 1245 est
1767 1192 1834 1244 ab
1851 1189 1970 1259 ejus

365 1281 702 1345 adversario,
755 1280 1141 1346 pronuntiavit,
1191 1279 1332 1346 quod
1379 1279 1678 1333 Orthodoxa
1721 1281 1970 1348 apparuit

371 1369 491 1437 ejus
541 1367 798 1422 dictatio?
829 1367 1105 1423 Facillime
1146 1369 1323 1436 itaque
1355 1367 1678 1438 probabunt,
1720 1369 1764 1422 si
1796 1380 1971 1424 tamen

373 1460 478 1514 ulla
526 1459 842 1526 probatone
873 1457 960 1512 hic
989 1473 1123 1527 opus
1155 1466 1260 1523 est,
1290 1459 1430 1512 aliud
1456 1473 1576 1513 esse
1608 1459 1748 1528 quod
1793 1474 1888 1528 pro
1914 1473 1974 1514 se

371 1553 584 1608 recitari
629 1552 821 1621 petivit
865 1551 983 1605 lbas
1014 1551 1324 1620 episcopus,
1354 1559 1406 1607 et
1437 1552 1579 1607 aliud
1613 1553 1754 1622 quod
1785 1563 1973 1609 contra

373 1657 496 1696 eum
531 1641 750 1712 protulit
797 1642 888 1711 qui
937 1642 1053 1710 ejus
1102 1643 1446 1698 adversarius
1475 1643 1756 1699 existebat.
1787 1645 1890 1701 Sed
1921 1655 1977 1701 et

374 1733 478 1790 hoc
508 1733 761 1804 adjicient
788 1736 913 1804 quia
950 1749 1050 1790 nec
1089 1737 1350 1791 attinebat
1381 1737 1445 1791 ad
1473 1754 1586 1793 rem
1621 1748 1677 1794 ut
1699 1739 1767 1795 de
1797 1748 1975 1809 postu-

2065 547 2422 607 extorquentc
2460 541 2684 592 veritate
2729 537 2814 593 vel
2857 538 3031 604 inviti,
3075 538 3156 593 vel
3189 539 3376 604 nescii,
3414 540 3666 608 prodide-

2072 641 2217 686 runt.
2253 631 2382 685 Nam
2417 641 2535 700 post
2577 630 2772 690 multas
2801 641 2853 685 et
2883 631 3056 686 varias
3081 647 3206 687 suas
3229 632 3663 702 adinventiones,

2072 733 2194 794 post
2225 723 2434 777 labores
2485 738 2708 791 magnos
2756 732 2813 777 et
2843 721 3222 787 infructuosos,
3255 724 3450 793 quibus
3477 725 3541 779 ad
3571 727 3669 779 de-

2070 815 2371 883 ceptionem
2425 814 2658 867 facilium
2711 823 2954 884 apertam
3003 815 3177 868 lucem
3209 815 3386 870 verbis
3419 816 3671 873 inanibus

2071 906 2363 960 obseurare
2389 906 2570 960 conati
2603 915 2748 970 sunt,
2783 908 2835 959 in
2863 907 3053 960 eodem
3082 907 3216 961 libro
3243 923 3341 962 suo
3370 909 3657 964 dixcrnt:

2079 1021 2097 1051 ι
2132 1001 2364 1068 Culpans
2405 999 2641 1054 Joannes
2673 999 2958 1054 haereticus
3001 1008 3241 1054 sanctam
3272 1002 3556 1072 synodum,
3581 1017 3676 1058 os-

2077 1091 2315 1145 tenditur
2368 1091 2556 1145 eadem
2609 1091 2824 1160 quidem
2883 1106 3074 1161 sapere
3141 1093 3280 1148 sicut
3344 1096 3410 1150 ad
3480 1096 3667 1150 Μαι-ἱππ

2075 1183 2296 1250 epistola
2335 1182 2637 1236 :coiifiten~
2667 1191 2844 1237 autem
2892 1198 3008 1236 eam
3054 1185 3336 1252 expulsam
3377 1196 3538 1254 atque
3569 1188 3665 1243 de-

2075 1284 2332 1328 structum
2361 1289 2389 1327 a
2421 1284 2604 1329 sancta
2644 1276 2874 1344 synodo,
2915 1277 3204 1333 conﬁtetur
3233 1279 3393 1332 etiam
3426 1280 3671 1336 similiter

2077 1370 2354 1436 expu'sutn
2399 1368 2466 1421 ab
2516 1381 2576 1421 ea
2608 1379 2660 1423 et
2688 1368 3032 1424 Theodorum
3079 1369 3302 1437 impium
3343 1371 3672 1440 Mepsueste-

2079 1475 2226 1514 num.
2278 1458 2344 1514 Et
2381 1459 2628 1524 quoniam
2671 1460 3085 1515 calumniatores
3134 1476 3239 1515 non
3285 1463 3580 1532 respiciunt
3618 1463 3673 1518 in

2083 1549 2280 1604 ultimo
2312 1548 2500 1602 ordine
2539 1547 2780 1614 definita,
2823 1550 2914 1603 sed
2947 1563 3069 1605 ante
3101 1551 3389 1620 perfectum
3410 1554 3673 1623 judicium

2081 1655 2108 1694 a
2143 1640 2456 1711 quibusdam
2492 1641 2714 1695 forsitan
2757 1641 2928 1707 dicta;
2969 1653 3184 1708 oportet
3225 1660 3550 1713 cogno'cere
3590 1663 3678 1706 reo

2080 1741 2221 1786 ctam
2250 1732 2508 1786 habentes
2527 1733 3039 1803 intentionem,quia
3063 1733 3114 1787 in
3140 1736 3358 1806 synodis
3385 1739 3512 1792 nihil
3538 1754 3677 1807 ιιι-ω·

349 1823 580 1883 ἰλιίοοθ
626 1836 679 1882 et,
705 1829 1083 1895 deprecatione
1112 1817 1239 1882 cieri
1276 1828 1563 1885 Edessena
1589 1831 1818 1885 civitatis
1847 1846 1973 1901 ριιο-
2008 1833 2055 1892 Β
2077 1823 2342 1893 judicent,
2387 1839 2504 1892 qua'
2527 1832 2652 1878 ante
2684 1823 2974 1892 perfectum
3003 1825 3264 1895 judicium
3294 1843 3321 1880 a
3352 1830 3670 1898 quibusdam

389 1921 751 1986 nuntiaretur,
778 1920 916 1989 quod
940 1920 1238 1974 orthodoxa
1270 1931 1414 1975 esset
1439 1921 1555 1991 ejus
1585 1924 1822 1992 dictatio,
1856 1939 1976 1978 cum

379 2015 555 2084 potius
584 2027 744 2082 super
775 2012 998 2082 epistola
1030 2012 1135 2066 lba:
1163 2015 1427 2067 sententia
1459 2013 1649 2083 synodi
1687 2024 1972 2083 exspecta-

337 2118 340 2121 '
381 2114 531 2160 retur
571 2113 748 2158 utrum
791 2119 910 2159 eam
959 2102 1266 2157 haereticam
1291 2117 1356 2156 an
1387 2104 1740 2159 orthodoxam
1772 2104 1983 2173 judica'

381 2205 525 2251 rent.
572 2195 705 2251 Cum
734 2208 862 2264 ergo
903 2203 956 2249 et
987 2193 1112 2248 illud
1138 2193 1454 2264 objicerent,
1478 2195 1618 2266 quod
1649 2195 1898 2250 similiter
1927 2195 1980 2249 in

383 2287 571 2342 eadem
595 2287 802 2358 synodo
826 2285 1027 2340 dictum
1052 2297 1128 2338 est
1161 2304 1172 2338 :
1208 2284 1415 2339 Dudum
1441 2287 1653 2356 quidem
1675 2300 1742 2340 ex
1767 2285 1982 2341 reiectis

384 2380 639 2435 innoxius
668 2378 1069 2433 demonstratus
1109 2389 1190 2431 est
1237 2378 1704 2433 reverentissimus
1739 2378 1893 2445 lbas;
1927 2378 1982 2432 in

380 2472 578 2543 quibus
607 2473 805 2526 etenim
839 2470 982 2525 visus
1008 2480 1090 2525 est
1111 2470 1330 2539 culpare
1354 2471 1493 2525 male
1524 2471 1750 2541 loquens
1783 2471 1981 2526 beatis-

381 2564 577 2624 simum
599 2563 878 2636 Cyrillum,
908 2563 958 2616 in
995 2564 1381 2633 posterioribus
1425 2574 1570 2618 recte
1591 2563 1867 2619 confessus
1898 2578 1986 2618 re-

384 2658 527 2728 spuit
549 2656 636 2712 illa
662 2659 855 2728 quibus
877 2655 1217 2724 culpaverat;
1246 2655 1481 2724 nunquid
1506 2667 1719 2710 econtra
1752 2656 1986 2711 mutire?

388 2747 645 2819 numquid
699 2750 968 2818 respirare
995 2746 1329 2802 valebimus?
1377 2746 1513 2814 Quid
1545 2749 1686 2802 enim
1717 2746 1835 2802 lbas
1866 2747 1986 2817 epi-

393 2854 594 2909 scopus
624 2839 676 2893 in
721 2837 809 2892 illa
842 2837 1197 2908 postulatione
1226 2845 1281 2891 et
1307 2835 1680 2906 deprecatione
1703 2853 1861 2908 quam
1895 2853 1990 2906 pro

392 2931 487 2986 illo
519 2932 692 2986 clerus
736 2929 912 2984 omnis
940 2929 1229 2983 Edessena
1251 2928 1482 2983 civitatis
1507 2928 1749 2995 miserat,
1783 2929 1989 2986 locutus

391 3023 563 3078 fuerat
588 3023 655 3078 de
675 3022 832 3079 beato
857 3021 1080 3093 Cyrillo,
1114 3021 1256 3091 quod
1286 3019 1560 3076 diceretur
1589 3022 1642 3076 in
1685 3022 1990 3090 posteriori-

391 3115 490 3171 bus
517 3117 823 3186 respuisse?
853 3115 910 3170 Si
939 3115 1060 3184 quis
1083 3126 1261 3169 autem
1291 3114 1429 3184 legat
1459 3113 1576 3184 ejus
1604 3113 1888 3183 epistulam
1916 3113 1983 3168 ad

2084 1915 2302 1971 forsitan
2333 1917 2468 1968 dicta
2497 1925 2643 1982 sunt,
2671 1915 2750 1968 eis
2790 1931 2909 1986 quae
2930 1915 2996 1971 ab
3016 1917 3267 1972 omnibus
3296 1919 3454 1973 simul
3479 1923 3528 1973 in
3557 1922 3678 1978 ulti-

2086 2023 2174 2062 mo
2213 2009 2543 2064 definiuntur
2587 2008 2796 2075 ordine,
2839 2009 2966 2064 licet
2987 2011 3202 2066 dissona
3226 2016 3494 2068 communi
3522 2031 3679 2087 appa«

2087 2111 2236 2154 ream
2279 2100 2504 2154 calculo.
2555 2099 2796 2170 Denique
2829 2112 3045 2156 sanctus
3074 2103 3354 2160 Anatolius
3390 2107 3521 2161 dixit
3556 2111 3680 2178 quia

2089 2191 2376 2246 Dioscorus
2400 2208 2503 2245 non
2530 2202 2747 2262 propter
2773 2190 2930 2246 fidem
2954 2192 3240 2248 damnatus
3271 2206 3372 2261 est,
3393 2207 3448 2251 et
3469 2199 3569 2253 hoc
3589 2215 3682 2255 ne-

2087 2299 2189 2352 que
2207 2282 2573 2352 pratjudicium
2607 2285 3103 2339 communicalculo
3117 2287 3305 2358 synodi
3333 2288 3477 2355 fecit,
3508 2305 3688 2361 neque

2090 2374 2401 2429 Dioscorum
2425 2377 2492 2429 ab
2507 2374 2901 2444 adjudicatione
2939 2377 3184 2430 liberavit
3206 2378 3258 2432 in
3289 2380 3544 2450 Eutychis
3563 2369 3684 2452 per-

2090 2478 2394 2522 manentem
2427 2467 2791 2534 perversitate.
2809 2488 2825 2520 ι
2847 2467 2901 2522 lu
2923 2468 3006 2524 his
3029 2469 3186 2539 igitur
3207 2470 3475 2540 omnibus,
3491 2476 3690 2534 omitto

2090 2575 2234 2614 nunc
2273 2574 2518 2630 arguere,
2539 2561 2678 2630 quod
2707 2561 2759 2614 in
2785 2561 2886 2614 hoc
2917 2560 3055 2616 libro
3101 2565 3282 2617 nescio
3305 2565 3423 2632 quis
3448 2565 3684 2624 Joannes

2093 2653 2380 2708 hmreticus
2411 2668 2515 2707 non
2545 2663 2624 2708 est
2653 2655 2911 2721 probatus
2937 2654 3124 2708 eadem
3153 2657 3423 2723 sapuisse,
3455 2658 3595 2711 sicut
3615 2658 3684 2714 ad

2091 2745 2278 2799 Marini
2297 2745 2538 2814 epiStola,
2567 2743 2651 2798 vel
2673 2744 2796 2813 quia
2821 2745 2891 2799 ita
2913 2747 3154 2814 sapuerit
3175 2760 3296 2801 esse
3311 2746 3681 2804 detestandus.

2091 2838 2292 2892 Omitto
2315 2839 2438 2908 quia
2471 2852 2567 2893 nec
2613 2838 2746 2892 illud
2797 2839 3079 2906 probatum
3124 2850 3226 2906 est,
3264 2840 3404 2909 quod
3449 2840 3686 2905 iactatur

2094 2929 2234 2984 idem
2262 2929 2499 2985 Joannes
2531 2930 2693 2985 fuisse
2723 2929 3022 2998 confessus,
3056 2933 3368 2999 praedictam
3405 2936 3686 3003 epistulam

2094 3023 2419 3078 destructam
2446 3033 2610 3092 atque
2639 3024 2916 3092 expulsam
2943 3037 2970 3075 a
3001 3034 3188 3079 sancta
3216 3026 3446 3094 synodo.
3479 3027 3691 3084 Omitto

2093 3118 2214 3188 quia
2247 3117 2379 3172 nihil
2411 3116 2698 3171 Theodmo
2730 3115 3045 3185 prmjudicat
3094 3117 3237 3186 quod
3269 3133 3390 3173 eum
3434 3121 3688 3176 similiter

392 3206 575 3261 Mat-im
609 3207 824 3262 Persam
853 3205 1051 3269 datam,
1091 3220 1251 3275 quam
1281 3206 1333 3259 in
1365 3207 1612 3272 sequenti
1658 3204 1792 3259 libro
1819 3220 1987 3274 pone-
2019 3215 2064 3276 ρ
2095 3223 2125 3261 a
2156 3209 2367 3278 synodo
2393 3209 2675 3278 expulsum
2701 3209 2904 3264 dixisse
2927 3208 3119 3275 fertur,
3153 3211 3406 3280 quoniam
3429 3213 3472 3266 si
3505 3213 3570 3266 ab
3596 3214 3689 3268 illo

393 3313 536 3361 mus,
565 3297 635 3352 ibi
664 3298 777 3352 haac
802 3297 981 3350 omnia
1024 3296 1380 3365 recognoscit.
1430 3294 1623 3350 Verum
1667 3309 1822 3360 ecce,
1869 3296 1912 3349 si
1961 3295 1980 3328 ⁸

375 3380 785 3456 multiplicibus
832 3386 1168 3440 documentis
1201 3388 1486 3441 ostendent
1528 3388 1666 3457 quod
1701 3389 1980 3458 epistolam

392 3478 501 3533 Iba:
529 3479 766 3550 synodus
808 3477 1164 3532 orthodoxam
1192 3477 1470 3548 judicavit,
1501 3478 1568 3534 de
1590 3496 1690 3550 qua
1724 3481 1838 3550 ipse
1868 3481 1983 3536 lbas

395 3569 570 3626 fuerat
619 3581 936 3637 accusatus;
987 3572 1224 3642 nunquid
1271 3557 1602 3628 ostendimus
1641 3584 1696 3630 et
1743 3590 1863 3643 nos,
1897 3576 1984 3631 ubi

395 3669 574 3723 amnis
602 3667 779 3722 clerus
813 3666 1100 3721 Edessena:
1123 3667 1355 3721 civitatis
1385 3677 1665 3723 accusatus
1709 3678 1812 3735 est,
1843 3669 1986 3736 quod

397 3774 500 3813 non
570 3758 922 3813 orthodoxam
982 3758 1395 3828 postulationem
1455 3767 1508 3813 et
1554 3758 1986 3826 deprecationem

395 3864 496 3920 pro
518 3849 631 3920 ipsi)
656 3848 743 3903 lba
773 3825 1033 3918 episcopo,
1048 3848 1242 3902 miseri
1261 3890 1274 3910 ,
1299 3857 1356 3902 ut
1388 3851 1751 3902 necessarium
1781 3849 1988 3919 synodo

403 3943 677 3996 videretur
723 3942 788 3994 de
819 3940 905 3994 illa
939 3939 1303 4008 pronuntiare,
1335 3939 1476 4008 quod
1508 3939 1807 3993 orthodoxa
1833 3938 1990 3994 fuerit

397 4035 513 4101 eius
533 4033 747 4087 dictatio
763 4032 786 4085 7
801 4041 892 4086 aut
913 4033 1069 4086 etiam
1086 4031 1127 4086 si
1149 4032 1248 4086 hoc
1268 4042 1447 4101 posset
1475 4032 1706 4099 ostendi,
1727 4033 1990 4101 approba-

397 4129 471 4179 tio
486 4125 858 4196 posmlatimiis
870 4134 923 4179 et
937 4124 1329 4193 deprecationis
1348 4124 1381 4179 il
1409 4127 1488 4180 ius
1503 4124 1642 4179 lbam
1659 4127 1986 4195 episcopum,

397 4228 453 4276 et
483 4235 586 4273 non
635 4221 778 4290 ipsos
831 4221 1208 4288 deprecatores
1239 4219 1558 4274 absolveret.
1593 4218 1723 4272 Nam
1751 4228 1803 4274 et
1828 4219 1991 4289 ip~ius

398 4310 680 4367 sententia:
713 4311 937 4366 recitare
960 4313 1121 4367 verba
1152 4311 1436 4377 debemus,
1462 4311 1503 4365 si
1532 4310 1689 4377 forte,
1731 4311 1994 4381 quemad—

401 4404 616 4458 modum
665 4419 826 4474 super
854 4406 956 4460 Iba:
980 4407 1255 4474 epistolam
1297 4405 1493 4460 faetum
1538 4417 1641 4472 est,
1674 4405 1864 4474 aliquis
1891 4406 1994 4460 Pa-

400 4503 540 4550 trum
567 4494 705 4549 dixit
751 4495 801 4549 in
838 4497 923 4549 illa
949 4497 1155 4566 synodo
1193 4515 1204 4548 :
1239 4498 1513 4563 Scriptura
1544 4499 1915 4567 postulationis
1941 4507 1991 4552 et

2088 3301 2411 3368 exigeretur,
2440 3299 2668 3367 probare
2699 3314 2804 3353 non
2839 3309 3048 3369 posset.
3077 3299 3191 3355 Hoc
3220 3311 3302 3355 est
3336 3317 3519 3368 unum,
3547 3302 3689 3370 quod

2086 3392 2214 3445 volo
2246 3391 2449 3457 dicere,
2475 3393 2601 3462 quia
2629 3392 2753 3447 licet
2775 3393 3000 3462 trepidis
3024 3403 3082 3447 et
3108 3394 3538 3451 inconstantibus
3567 3413 3689 3451 ver-

2087 3484 2194 3553 bis,
2227 3484 2580 3552 prodiderunt
2602 3485 2747 3539 scire
2779 3499 2840 3539 se
2869 3485 3012 3555 quod
3043 3501 3072 3539 a
3107 3487 3316 3556 synodo
3344 3487 3570 3556 epistola
3600 3487 3690 3544 illa

2090 3586 2334 3645 suscepta
2369 3575 2459 3639 sit,
2489 3578 2582 3631 sed
2633 3584 2692 3630 ut
2722 3577 2876 3630 nobis
2903 3578 3194 3633 illuderent
3225 3579 3313 3632 illa
3338 3581 3516 3633 omnia
3561 3596 3692 3635 con-

2091 3668 2386 3722 finxerunt.
2417 3669 2547 3724 Nam
2580 3669 2854 3738 quomodo
2883 3670 3186 3724 nescientes
3215 3670 3282 3724 de
3315 3671 3397 3724 illa
3426 3673 3690 3743 synodum

2091 3760 2380 3830 protulisse
2409 3760 2755 3830 sententiam,
2790 3743 3032 3816 dicereut
3060 3761 3198 3830 quod
3227 3765 3278 3814 in
3303 3763 3523 3833 synodis
3549 3763 3688 3817 nihil

2093 3850 2464 3919 praejudicent,
2492 3867 2612 3919 qua:
2639 3863 2765 3906 ante
2789 3851 3080 3921 perfectum
3108 3851 3370 3922 judicium
3404 3869 3432 3905 a
3471 3856 3694 3922 quibus-

2093 3943 2214 3996 dam
2250 3942 2472 3997 forsitan
2503 3943 2641 3997 dicta
2673 3954 2818 4012 sunt,
2855 3946 2934 3999 eis
2986 3961 3107 4014 qua:
3137 3947 3204 4000 ab
3240 3946 3492 4000 omnibus
3532 3947 3695 4012 simul

2096 4033 2147 4087 in
2177 4033 2362 4088 ultimo
2391 4033 2716 4089 definiuntur
2738 4035 2971 4089 ordine?
3004 4036 3165 4108 Ergo,
3217 4037 3343 4091 licet
3369 4038 3690 4106 quibusdam

2095 4124 2516 4192 dissertantibus,
2545 4128 2687 4182 scire
2722 4141 2780 4182 se
2806 4137 2980 4182 tamen
3009 4128 3238 4182 confessi
3267 4139 3394 4182 sunt
3429 4129 3496 4183 de
3525 4145 3695 4184 vene-

2095 4217 2279 4270 rabilis
2310 4217 2414 4271 lba:
2441 4218 2668 4287 epistola
2702 4220 2967 4289 synodum
2995 4218 3293 4288 judicasse.
3340 4219 3490 4286 Quod
3531 4221 3697 4276 etiam

2097 4307 2150 4360 in
2184 4309 2570 4377 posterioribus
2597 4310 2839 4378 ejusdem
2871 4310 2951 4364 sui
2980 4310 3099 4364 libri
3130 4310 3380 4365 similiter
3417 4311 3648 4384 produnt
3680 4353 3696 4377 ,

2099 4400 2166 4452 ita
2195 4400 2434 4455 dicentes
2461 4417 2473 4453 :
2513 4418 2531 4451 ε
2569 4400 2635 4455 Ει
2667 4401 2781 4456 [NEC
2812 4400 3028 4471 quidem
3053 4402 3193 4455 dicta
3237 4414 3378 4468 sunt,
3429 4415 3484 4456 ut
3514 4418 3698 4457 osmn-

2100 4492 2317 4546 dei-etur
2347 4491 2594 4546 omnibus
2617 4492 2738 4562 quia
2773 4495 2824 4547 in
2848 4494 2937 4546 his
2965 4509 3082 4563 qua:
3121 4497 3278 4548 factae
3322 4505 3445 4548 sunt
3479 4495 3696 4564 synodi,

402 4587 800 4659 deprecationis
830 4591 1006 4644 omnis
1052 4589 1181 4644 cleri
1227 4590 1515 4645 Edessena:
1559 4592 1789 4646 civitatis
1816 4591 1994 4646 ortbo-
2022 4592 2076 4651 D
2103 4588 2181 4639 vel
2215 4587 2258 4640 si
2290 4602 2413 4654 qua,
2450 4596 2506 4639 ut
2545 4601 2689 4652 saepe
2719 4587 3001 4656 contingit,
3055 4588 3386 4641 dissonantia
3438 4587 3506 4640 ab
3556 4588 3698 4655 judi-

401 4684 539 4737 doxa
568 4682 727 4737 nobis
755 4682 1018 4751 apparuit.
1045 4682 1148 4737 Sed
1183 4684 1316 4736 nihil
1347 4687 1450 4737 tale
1478 4682 1780 4738 valebimus
1812 4693 1992 4740 osten-

401 4775 552 4840 dere,
587 4781 642 4827 et
681 4772 883 4842 optime
927 4773 1128 4825 scimus
1170 4771 1292 4845 quia
1327 4787 1550 4828 necesse
1580 4788 1683 4828 non
1710 4784 1827 4828 erat
1848 4775 1992 4828 illam

403 4865 813 4935 postulationem
839 4876 887 4918 et
920 4863 1357 4933 deprecatio:-em
1382 4865 1738 4920 orthodoxam
1763 4881 1997 4936 pronun-

404 4959 544 5023 tiari,
595 4956 661 5012 de
685 4973 789 5026 qua
833 4956 973 5011 nulla
1027 4957 1149 5012 talis
1194 4958 1417 5027 quzestio
1445 4958 1784 5022 vertebatur;
1815 4959 1908 5013 sed
1942 4967 1997 5012 ut

404 5063 504 5104 nos
544 5051 608 5104 ad
645 5050 784 5104 illius
815 5048 1060 5116 epistolae
1087 5049 1590 5104 condemnationem
1623 5051 1994 5105 hareticorum

404 5137 640 5194 fautores
697 5141 1031 5204 inducerent,
1081 5141 1179 5195 ista
1228 5143 1521 5196 finxerunt.
1551 5141 1682 5195 Nam
1712 5154 1878 5210 quare
1907 5140 1995 5194 Iba

405 5234 658 5302 cpisi~opo
691 5243 964 5299 accusato,
1008 5238 1185 5288 omnis
1233 5234 1406 5288 clerus
1449 5234 1996 5295 Edessenaecivita‘is

406 5324 844 5391 pronuntiaretur
874 5324 1242 5388 ortliodoxus;
1287 5335 1378 5377 aut
1425 5323 1732 5378 orthodoxe
1757 5339 1994 5392 promnt-

407 5414 538 5468 tiato
560 5418 704 5469 onmi
727 5418 874 5471 clero
898 5417 1184 5470 EdeSscnze
1210 5415 1460 5480 civitatis,
1489 5415 1603 5469 lbas
1626 5416 1996 5470 absolveretur

477 5575 507 5604 ⁸
528 5563 834 5620 Διδασκαλία
863 5565 946 5616 καὶ
966 5561 1453 5636 παρᾴκ).ησις,τῖαρά
1474 5559 1664 5636 παντὸς
1691 5565 1780 5636 tot?
1807 5559 1988 5632 κλήρου

415 5648 500 5698 τῆς
519 5634 829 5692 ’[ιὶδεσσηνῶν
855 5630 1230 5706 μητροτξόλεως.
1252 5703 1259 5706 Α
1284 5630 1555 5706 δῆθ’(ξμιίιη
1589 5631 1849 5706 prscripta
1883 5630 1983 5681 est.

414 5709 465 5766 in
491 5708 806 5760 clericorum
856 5699 1018 5772 pot-ro
1058 5700 1541 5768 suliscriptionibus
1584 5699 1878 5756 6:35am)!“
1907 5718 1992 5752 so-

482 5845 500 5878 ί
533 5843 665 5899 Cod.
707 5841 926 5909 \’ezon.,
956 5857 1064 5894 ατο
1097 5840 1190 5910 ipsi
1221 5838 1599 5909 ttttcllipiicibus.

2096 4679 2341 4733 cantibus
2366 4679 2500 4733 facta
2531 4681 2720 4745 fuerat,
2753 4687 2988 4732 atlamen
3022 4679 3197 4734 nullus
3223 4694 3285 4734 ea
3313 4696 3428 4748 qua:
3460 4696 3553 4749 per
3579 4697 3698 4748 par-

2103 4781 2181 4825 tes
2211 4771 2466 4825 dicuntur
2493 4771 2740 4839 attendit,
2777 4773 2871 4828 sed
2896 4787 2962 4826 ea
2989 4787 3106 4842 quae
3129 4772 3196 4826 ab
3226 4773 3477 4828 omnibus
3509 4775 3698 4828 ultimo

2100 4863 2429 4918 definiuntur
2460 4864 2515 4917 in
2540 4864 2749 4919 ordine.
2790 4885 2810 4917 ι
2865 4866 3060 4919 Verum
3093 4867 3248 4920 nobis
3277 4865 3478 4920 sufficit
3509 4880 3697 4920 eorum

2101 4955 2256 5011 dolos
2285 4956 2448 5010 etiam
2482 4957 2608 5024 ipsis
2636 4957 3020 5012 confitentibus
3041 4958 3380 5028 cognovisse.
3409 4957 3695 5024 (Sa-terum,

2105 5063 2204 5102 nec
2231 5047 2346 5102 istis
2375 5049 2847 5104 adinventionibus
2877 5050 3225 5104 assentimus.
3283 5049 3522 5103 Primum
3576 5049 3703 5116 qui-

2104 5141 2247 5206 dem,
2282 5157 2348 5196 ne
2375 5157 2498 5196 cum
2521 5143 2625 5196 illis
2654 5158 2758 5197 non
2784 5143 2959 5197 solum
2991 5143 3297 5208 mendaces,
3324 5145 3417 5197 sed
3444 5143 3608 5196 etiam
3646 5142 3702 5200 in

2105 5231 2222 5299 ipso
2248 5232 2527 5288 mendacio
2542 5233 3007 5302 deprehendantur
3029 5233 3325 5302 instabiles,
3352 5242 3408 5287 ut
3432 5232 3696 5294 dicamus.

2107 5339 2211 5378 non
2239 5325 2306 5379 de
2334 5326 2438 5379 Iba:
2467 5326 2712 5395 epistola.
2743 5327 2838 5382 sed
2870 5328 2937 5382 de
2963 5328 3227 5396 scriptura
3253 5327 3624 5394 postulationis
3645 5335 3705 5380 et

2105 5417 2503 5486 deprecationis
2531 5419 2705 5474 omnis
2735 5419 2864 5474 cli-ri
2897 5420 3187 5475 Edessena
3226 5419 3481 5484 civitatis,
3531 5434 3704 5489 syno-

2101 5558 2206 5612 lum
2249 5561 2565 5629 appellatur,
2599 5573 2756 5626 quam
2786 5557 3054 5621 interpres
3084 5556 3274 5628 synodi
3319 5569 3458 5611 nunc
3507 5556 3707 5609 instru-

2099 5635 2312 5684 ctioucm
2349 5633 2540 5697 ieddtt,
2577 5645 2714 5683 nunc
2742 5633 3135 5699 sugges:.‘onem.
