4114 6476
104 258 317 372 V635

1101 302 1234 357 PRO
1274 297 1704 355 DEFENSIONE
1742 295 1958 351 TlllUM
1998 289 2316 375 CAPITUL.
2360 287 2487 345 LIB.
2518 288 2585 346 Υ.

3390 282 3493 338 650

208 433 334 488 dum
365 421 742 499 pronuntiasse
770 418 786 454 ¹
818 434 833 476 :
864 416 1029 475 sediu
1057 414 1277 486 synodis
1303 413 1429 466 nihil
1453 410 1800 482 praeiudicare
1831 413 1876 471 Α
1910 407 2108 462 nullam
2139 404 2384 475 injuriam
2417 403 2676 458 adversus
2721 408 2965 458 sanetum
2991 397 3178 454 fecerit
3204 395 3497 471 Cyrillum:

210 538 329 593 qua;
355 528 484 573 ante
515 515 808 585 perlectum
850 509 1110 579 judicium
1156 520 1186 558 a
1232 503 1551 574 qiibnsdaiu
1581 502 1801 555 forsitan

210 615 350 670 dicta
405 615 551 663 sunt.
605 603 806 658 Deinde
835 601 958 669 quia
989 595 1330 652 inveniuntur
1359 595 1547 650 eadem
1577 601 1603 629 ι
1645 607 1806 660 super

214 703 437 771 epistola
459 700 563 752 Iba:
581 698 599 727 ²
623 693 923 752 sententiae.
949 705 1056 744 non
1082 699 1205 742 ante
1223 687 1511 755 perfectum
1525 684 1803 752 judicium,

214 796 309 852 sed
340 796 392 848 in
425 791 633 853 ultimo,
663 787 798 840 sicut
836 784 1040 843 dicunt,
1080 780 1269 835 ordine
1318 778 1703 847 promulgatae;
1753 783 1808 829 et

215 901 320 940 non
349 882 670 948 aliquorum,
704 874 798 930 sed
823 873 1062 927 omnium
1094 885 1237 937 esse,
1268 868 1461 937 quibus
1504 867 1680 920 nullus
1724 875 1811 920 est

216 977 529 1044 refragatus.
559 969 801 1037 Exigitur
820 965 964 1021 enim
994 979 1024 1044 a_
1049 962 1202 1017 nobis
1227 970 1388 1031 atque
1416 960 1611 1013 dicitur
1641 975 1654 1011 :
1681 958 1813 1011 Pro-

217 1067 341 1122 hate
362 1040 583 1120 concilii
625 1040 1035 1120 dissonantium,
1072 1068 1230 1122 quam
1275 1051 1496 1117 dicitis;
1544 1049 1813 1105 05tendite

218 1159 311 1213 ubi
366 1154 684 1225 quibusdam
744 1147 1211 1219 pronuntiaiitibus
1268 1144 1624 1199 orthodoxam
1693 1156 1814 1198 esse

220 1249 324 1304 Iba:
351 1246 651 1317 epistolam,
684 1241 776 1296 alii
807 1238 1249 1296 contradixerunt
1274 1236 1415 1306 quod
1458 1236 1620 1302 impia
1650 1233 1816 1287 fuerit

220 1355 275 1398 et
304 1343 555 1412 profana;
605 1348 658 1394 et
689 1347 807 1406 post
836 1330 1220 1389 dissonantiam
1265 1344 1423 1399 quam
1468 1328 1647 1382 dicitis
1686 1337 1816 1380 ante

221 1436 517 1508 perfectum
567 1432 825 1506 judicium
883 1429 1101 1495 factam,
1151 1425 1473 1482 concordem
1529 1424 1585 1477 iu
1631 1423 1817 1477 ultimo

218 1527 541 1583 sententiam
588 1522 777 1595 synodi
823 1520 1212 1585 demonstrate,
1265 1514 1640 1570 Nestorianam
1673 1513 1816 1568 hanc

220 1627 277 1675 et
304 1616 670 1681 blasphemam
725 1613 1006 1682 epistolam
1043 1610 1385 1679 respuentis:
1420 1609 1654 1678 alioquin
1710 1607 1817 1662 Ne-

226 1708 462 1762 storiana
488 1705 649 1761 etiam
677 1704 766 1758 illa
796 1703 1031 1775 synodus
1063 1701 1180 1765 fuit,
1208 1715 1327 1770 qua:
1354 1700 1515 1753 talem
1540 1699 1818 1768 epistolam

1909 501 2208 554 ostenditur
2225 504 2407 566 aperte
2429 495 2573 549 ibam
2597 496 2663 547 ad
2691 492 3497 561 Mariniepistolamdenegassc.

1911 593 2077 648 Porro
2110 591 2223 645 haec
2274 590 2582 644 adinventio
2631 587 2838 641 deiicax
2891 587 3111 640 omnino
3148 594 3201 640 et
3252 585 3502 640 irrisione

1910 683 2067 751 digna
2115 691 2219 735 est.
2266 680 2397 733 Nam
2436 680 2562 733 licet
2618 688 2743 732 ante
2793 677 3053 743 prolatam
3107 678 3394 731 adversum
3442 691 3504 731 se

1912 774 2194 841 epistolam
2226 773 2276 824 iu
2302 770 2506 839 judicio
2551 769 2940 824 venerabilium
2992 768 3167 823 Photii
3213 776 3269 822 et
3310 767 3503 823 Eusta-

1916 864 2023 917 chii
2054 873 2213 931 atque
2239 862 2421 917 Uranii
2442 861 2837 929 episcoporum,
2869 859 3006 913 hanc
3033 859 3099 912 de
3119 859 3336 913 nomine
3365 858 3507 913 beati

1912 956 2100 1031 Cyrilli
2129 958 2537 1012 altercationem
2582 955 3054 1009 reverentissimus
3088 952 3204 1007 lbas
3242 966 3363 1005 cum
3412 966 3505 1006 ac-

1912 1050 2254 1105 cusatoribus
2281 1048 2390 1102 suis
2425 1047 2691 1114 habuerit,
2724 1055 2844 1114 post
2877 1045 2989 1113 prol
3014 1054 3136 1097 stam
3163 1058 3287 1097 vero
3316 1043 3508 1096 adver-

1918 1157 2038 1195 sum
2073 1155 2133 1194 se
2168 1138 2448 1207 epistolam
2481 1152 2651 1203 suam,
2687 1136 2889 1190 nullum
2939 1136 3237 1203 negationis
3282 1134 3507 1189 verbum

1918 1244 2103 1287 c0utra
2135 1231 2385 1286 retulisse
2425 1230 2720 1284 doceatur:
2765 1238 2944 1281 tamen
2978 1241 3082 1280 non
3114 1228 3253 1280 sicut
3282 1226 3347 1279 ab
3391 1225 3511 1279 istis

1918 1328 1985 1381 ad
2012 1324 2404 1380 obsciirandam
2433 1324 2737 1390 veritatem,
2778 1320 2860 1375 vel
2897 1318 3216 1388 composita,
3263 1320 3344 1373 vel
3376 1327 3512 1371 atte-

1921 1428 2080 1474 nuata
2110 1427 2234 1471 sunt
2261 1417 2443 1481 verba,
2487 1414 2563 1468 sic
2608 1414 2663 1467 in
2713 1411 2820 1467 illis
2864 1412 3030 1482 gestis
3071 1411 3370 1466 habentur:
3418 1410 3512 1465 ubi

1921 1528 2043 1568 cum
2068 1513 2117 1567 ei
2146 1525 2274 1566 suus
2302 1509 2564 1579 objiceret
2591 1515 2878 1563 accusator
2915 1506 3091 1560 Maras
3132 1503 3408 1575 presbyter
3458 1509 3513 1558 et

1922 1603 2172 1659 diceret:
2213 1601 2297 1656 An
2328 1615 2437 1654 non
2483 1598 2686 1660 dixisti,
2740 1595 2955 1666 quando
2997 1595 3291 1666 ﬂagitatum
3332 1600 3418 1648 est
3459 1593 3514 1647 in

1923 1701 2152 1759 secreto,
2175 1692 2329 1746 bona:
2348 1688 2620 1744 memoria:
2641 1686 2899 1757 Cyrillum
2923 1694 3172 1754 tanquam
3196 1682 3514 1738 haereticum

224 1803 575 1860 orthodoxam
605 1800 883 1870 judicavit.
917 1799 1152 1867 Apparet
1179 1796 1337 1863 igitur
1375 1793 1542 1864 quod,
1583 1793 1666 1846 his
1695 1808 1816 1847 om-
1848 1788 1894 1849 Β
1924 1786 2228 1849 habuimus,
2280 1792 2335 1837 et
2373 1781 2547 1836 donec
2594 1778 3097 1833 anathematizasset
3145 1790 3241 1830 sua
3285 1775 3515 1843 capitula

222 1892 384 1950 nibus
431 1890 723 1946 mendaciis
770 1888 1001 1942 inaniter
1044 1885 1366 1948 adinventis,
1415 1899 1520 1938 non
1553 1883 1816 1950 excusari,

224 1982 325 2038 sed
362 1980 743 2036 inexcusabilis
771 1979 944 2046 potius
968 1977 1136 2032 videri
1168 1985 1313 2033 tanta
1345 1975 1583 2047 synodus
1632 1976 1818 2044 possit,

230 2085 482 2142 tanquam
511 2072 640 2126 nihil
673 2071 866 2125 habeat
894 2085 1000 2140 quo
1028 2069 1241 2125 delendi
1269 2068 1539 2124 veraciter
1569 2076 1750 2137 queat.

861 2221 1090 2279 CAPUT
1130 2221 1197 2278 ll.

233 2340 387 2411 Quod
417 2342 548 2411 falso
591 2342 767 2411 dicant
800 2338 948 2411 Ibam
989 2354 1198 2409 negasse
1240 2336 1531 2411 injudicio
1559 2337 1829 2404 episcopo-

284 2430 398 2468 rum
418 2409 604 2465 ‘Photii
634 2420 677 2465 et
710 2409 981 2463 Eustachii
1010 2410 1276 2479 epistolam
1306 2409 1453 2461 illam
1472 2423 1617 2461 suam
1648 2422 1773 2461 esse.

308 2522 463 2581 Unde
494 2539 592 2578 nec
619 2522 748 2577 illud
799 2521 1047 2586 dicimus,
1100 2520 1240 2590 quod
1274 2520 1398 2573 item
1431 2519 1482 2572 in
1515 2532 1659 2586 saepe
1689 2517 1831 2572 dicto

231 2633 337 2676 suo
366 2618 520 2679 libro.
555 2615 646 2685 qui
675 2624 998 2685 praenotatos
1022 2621 1105 2668 est
1132 2613 1267 2668 falso
1294 2612 1451 2667 titulo
1476 2611 1705 2665 nominis
1726 2611 1830 2675 sui,

229 2709 509 2775 dixerunt,
536 2706 660 2778 quia
692 2706 834 2760 illam
865 2704 1147 2774 epistolam
1175 2703 1312 2770 apud
1339 2693 1546 2773 judices
1577 2702 1823 2755 Photiuin

188 2822 191 2825 ·
232 2809 296 2856 et
324 2799 664 2853 Eustachium
690 2813 837 2851 suam
870 2810 991 2851 esse
1030 2794 1241 2864 negavit
1293 2792 1412 2847 lbas
1442 2792 1728 2861 episc0pus
1778 2789 1829 2844 δ.

235 2890 397 2958 Quod
429 2900 482 2944 et
514 2889 686 2957 ipsum
716 2898 899 2956 aperte
928 2887 1116 2941 falsum
1150 2894 1250 2949 est,
1282 2894 1336 2939 et
1363 2884 1410 2937 si
1443 2882 1667 2936 velimus
1698 2896 1832 2936 con-

235 2993 324 3040 tra
353 2980 729 3037 conscientiam
758 2979 937 3033 dicere
976 2976 1043 3031 ab
1067 2975 1196 3046 ipsis
1226 2975 1417 3030 iterum
1445 2973 1536 3043 qui
1565 2974 1678 3026 him:
1700 2986 1840 3026 men-

234 3073 390 3129 dacia
420 3073 842 3138 seminaverunt,
876 3069 1123 3124 similiter
1169 3069 1467 3137 arguimur,
1509 3066 1599 3134 qui
1651 3072 1834 3141 postea

1924 1894 2030 1934 non
2061 1878 2357 1945 recepimus
2384 1875 2545 1929 eum?
2592 1873 2734 1927 idem
2760 1870 3224 1927 reverentissimus
3268 1868 3383 1924 [bas
3404 1870 3516 1938 epi-

1923 1984 2124 2037 scopus
2173 1965 2450 2036 respondit
2484 1981 2495 2016 :
2529 1962 2668 2018 Vere
2713 1978 2820 2016 non
2851 1976 2967 2016 sum
2997 1974 3245 2024 memor;
3271 1959 3315 2012 si
3342 1970 3517 2017 autem

1925 2068 1981 2114 et
2010 2068 2034 2097 ο
2062 2058 2171 2112 dixi
2203 2056 2223 2087 ⁶
2251 2056 2374 2125 quia
2406 2068 2531 2109 vere
2551 2051 2812 2107 orientale
2832 2050 3114 2105 concilium
3142 2050 3344 2117 recepit
3370 2065 3519 2115 eum,

1929 2159 2208 2221 postquam
2240 2162 2335 2201 sua
2355 2144 2588 2214 capitula
2621 2142 2952 2198 retractavit.
3007 2141 3075 2197 Et
3125 2141 3318 2196 iterum
3339 2183 3353 2208 ,
3395 2155 3520 2201 cum

1929 2242 2215 2312 praedictus
2241 2239 2412 2293 Maras
2435 2236 2637 2291 diceret
2665 2250 2787 2291 eum
2817 2234 2884 2289 de
2912 2242 3205 2289 memorato
3231 2232 3389 2288 beato
3421 2231 3520 2301 Cy-

1929 2334 2053 2389 rillo
2079 2332 2317 2386 dixisse:
2357 2328 2672 2382 llmreticuin
2712 2340 2833 2380 eum
2870 2323 3173 2385 habuimus,
3208 2321 3383 2377 donec
3425 2335 3522 2376 sua

1916 2416 2434 2480 'anatheinatizasset
2453 2416 2717 2486 capitula;
2742 2415 2882 2471 idem
2903 2414 3375 2470 reverentissimus
3402 2412 3523 2466 lbas

1932 2516 2216 2586 episcopus
2244 2511 2417 2565 dixit:
2464 2509 2577 2576 Ego
2610 2516 2889 2577 postquam
2933 2520 3029 2560 sua
3075 2503 3307 2573 capitula
3359 2503 3522 2557 inter-

1936 2617 2173 2680 pretatus
2217 2612 2321 2667 est,
2373 2611 2577 2656 tantum
2619 2598 2863 2653 abstineo
2910 2598 2979 2651 ab
3005 2596 3348 2651 anathemate
3386 2593 3521 2649 viri:

1936 2699 2061 2771 quia
2080 2706 2134 2753 et
2164 2697 2370 2750 litteras
2396 2691 2464 2747 ab
2486 2704 2554 2746 eo
2582 2689 2814 2757 suscepi,
2844 2696 2899 2742 et
2928 2687 3134 2740 litteras
3155 2686 3204 2740 ei
3233 2685 3427 2747 direxi,
3472 2691 3526 2741 et

1937 2788 2348 2849 communicavit
2389 2784 2544 2851 mihi,
2591 2792 2646 2837 et
2689 2778 3079 2836 communicavi
3117 2778 3190 2834 ei.
3236 2776 3355 2831 Non
3397 2790 3527 2845 ergo

1939 2881 2317 2955 negavitrlbas
2363 2878 2505 2948 quod
2554 2875 2865 2929 limreticum
2893 2887 3014 2928 eum
3046 2868 3332 2938 aliquando
3362 2867 3528 2925 fuisse

1940 2975 2241 3049 putaverit,
2289 2973 2382 3028 sed
2426 2971 2525 3025 hoc
2554 2968 2693 3023 dixit
2726 2967 2849 3035 quia
2895 2975 3011 3036 post
3040 2964 3299 3019 unitatem
3332 2964 3525 3020 factam

1939 3070 2257 3128 abstinuerit
2283 3067 2352 3122 ab
2371 3065 2710 3121 anathemate
2740 3062 2863 3126 viri,
2912 3060 3053 3128 quod
3094 3068 3149 3113 et
3179 3059 3266 3112 illa
3303 3058 3528 3126 epistola

218 3162 535 3220 “herum:
569 3161 844 3216 θδῑεηάίῑθ
868 3160 1019 3213 "oms
1050 3159 1164 3228 ipsa
1187 3156 1483 3227 negationis
1512 3157 1629 3222 eius
1653 3155 1835 3220 verba.
1867 3171 1912 3233 ρ
1945 3165 2265 3219 manifestat.
2298 3160 2412 3215 Non
2440 3167 2522 3213 est
2550 3165 2727 3210 autem
2760 3153 2900 3207 idem
2931 3151 3071 3221 quod
3104 3150 3220 3204 lbas
3248 3149 3531 3219 episcopus

240 3256 294 3311 si
320 3254 487 3309 dixit:
520 3253 633 3307 Mea
666 3267 769 3306 non
800 3258 882 3305 est
916 3253 1029 3304 hinc
1056 3265 1173 3319 qua:
1200 3249 1488 3303 adversum
1520 3262 1604 3300 me
1630 3246 1840 3317 profer-

248 3354 336 3401 tur
360 3344 618 3414 epistola;
645 3358 746 3398 non
771 3359 869 3413 ego
887 3357 1001 3396 eam
1022 3342 1232 3410 scripsi,
1260 3355 1363 3394 non
1383 3355 1480 3409 ego
1502 3338 1716 3393 dictavi.
1740 3337 1843 3391 Os-

229 3438 456 3492 -tendite
478 3439 637 3491 etiam
671 3435 826 3489 nobis
853 3444 1223 3494 accusatorum
1279 3431 1397 3500 ejus
1442 3430 1839 3497 replicationes,

253 3532 446 3601 quibus
470 3546 591 3583 eum
622 3538 903 3598 negantem
934 3527 1000 3581 de
1024 3527 1122 3579 hac
1152 3540 1236 3590 re,
1268 3524 1407 3577 sicut
1448 3521 1515 3575 de
1543 3521 1659 3574 aliis
1707 3535 1844 3589 quo-

253 3639 357 3693 que
412 3622 610 3688 causis,
643 3621 968 3674 convincere
1012 3617 1357 3671 nitebantur:
1392 3613 1658 3668 ostendite
1682 3613 1843 3666 etiam

254 3730 388 3783 quos
414 3724 596 3779 testes,
617 3722 670 3769 ut
693 3713 791 3766 hoc
812 3711 859 3765 ei
884 3711 1192 3780 probarent,
1214 3706 1553 3762 adduxerim.
1568 3703 1846 3760 Ostendite

256 3808 498 3876 judicutn
529 3805 849 3860 sententiam
903 3819 994 3870 per
1022 3818 1178 3873 quam
1210 3801 1684 3870 pronuntiaverunt
1707 3795 1845 3866 quod

258 3899 380 3953 ideo
428 3899 574 3952 illum
607 3896 958 3961 absolverint,
993 3895 1119 3964 quia
1150 3892 1364 3959 probari
1388 3905 1494 3944 nou
1523 3888 1693 3959 potuit
1732 3888 1846 3955 ejus

259 3990 444 4053 fuisse,
477 4003 634 4059 quam
654 4004 801 4043 suam
827 3988 989 4042 fuisse
1008 3985 1274 4041 inﬁciatus
1286 3994 1367 4039 est
1382 3982 1403 4014 ⁸
1423 3993 1503 4051 :et
1519 3983 1642 4048 quid
1659 3981 1846 4034 horum

260 4079 623 4148 ﬂagitantibus
650 4077 715 4131 "?
744 4075 979 4145 nunquid
1012 4076 1063 4129 in
1094 4075 1199 4128 illis
1225 4076 1388 4142 gestis
1416 4072 1554 4140 apud
1602 4069 1846 4125 l’hotium

261 4179 317 4225 et
348 4170 685 4223 Eustachium
729 4168 749 4198 ⁸
787 4179 942 4236 atque
976 4166 1227 4221 Uranium
1261 4162 1454 4218 habitis
1498 4163 1602 4215 tale
1644 4159 1847 4229 aliqu'd

264 4260 609 4316 continetur?
638 4260 716 4313 An
752 4259 832 4312 his
860 4256 1110 4312 omnibus
1156 4269 1253 4309 nos
1280 4254 1673 4316 deﬁcientibus,
1722 4250 1848 4304 illud

269 4354 507 4421 ineptum
550 4363 735 4405 contra
767 4349 1234 4420 respondebimus,
1265 4347 1407 4417 quod
1457 4348 1510 4401 in
1570 4359 1668 4400 suo
1714 4344 1850 4397 libro

267 4458 494 4513 posuere
524 4438 765 4497 dicentes
793 4461 806 4496 :
839 4442 1055 4496 Inventa
1087 4448 1169 4493 est
1201 4446 1377 4492 autem
1411 4437 1462 4489 in
1493 4435 1696 4490 eisdem
1720 4433 1849 4488 actis

1945 3255 2117 3310 dixit:
2152 3254 2261 3324 Ego
2294 3262 2571 3320 postquam
2600 3246 2834 3314 capitula
2865 3258 2958 3296 sua
3001 3242 3380 3309 interpretatus
3411 3248 3531 3305 est,

1949 3355 2155 3401 tantum
2210 3344 2457 3397 abstineo
2507 3341 2573 3393 ab
2603 3337 2947 3392 anathemate
2977 3333 3116 3392 viri:
3164 3343 3218 3387 et
3270 3330 3409 3401 quod
3451 3331 3534 3387 isti

1945 3454 2067 3493 eum
2097 3437 2293 3491 dixisse
2323 3441 2637 3502 posuerunt,
2670 3430 2791 3499 quia
2826 3436 2946 3497 post
2975 3426 3265 3481 unitionem
3293 3426 3535 3480 Orienta-

1946 3531 2075 3585 lium
2099 3537 2152 3583 et
2180 3525 2350 3582 sancti
2374 3524 2579 3595 Cyrilli,
2611 3523 2812 3576 nullam
2846 3519 3096 3587 injuriam
3122 3517 3379 3571 adversus
3408 3530 3533 3570 eum

1948 3621 2158 3687 fecerit,
2188 3617 2341 3688 quasi
2367 3626 2704 3682 consequens
2735 3611 2824 3678 sit,
2858 3620 2916 3663 ut
2945 3610 3069 3678 quia
3093 3608 3203 3677 jam
3235 3607 3535 3660 abstinuis-

1947 3724 2033 3769 set
2062 3714 2181 3768 lbas
2208 3712 2277 3764 ab
2296 3707 2633 3764 anathemate
2659 3704 2798 3757 beati
2822 3702 3027 3771 Cyrilli,
3049 3700 3168 3753 ideo
3190 3713 3289 3751 nec
3316 3697 3537 3750 credere

1949 3815 2096 3869 ante,
2152 3817 2252 3857 nec
2299 3810 2484 3869 pOStea
2531 3796 2712 3850 dicere
2771 3792 3050 3862 potuisset,
3082 3787 3225 3857 quod
3257 3787 3538 3854 aliquando

1951 3899 2104 3953 fuerit
2131 3896 2330 3963 lapsus,
2358 3880 2515 3960 quem
2547 3888 2722 3958 potius
2749 3898 3065 3941 conversum
3096 3882 3163 3935 ab
3200 3894 3386 3935 errore
3410 3878 3538 3933 false

1952 3998 2248 4061 potaverat.
2282 3986 2349 4040 Et
2376 3991 2661 4053 propterea
2697 3978 2835 4033 istud
2862 3990 3073 4047 quoque
3102 3971 3529 4029 commentitium

1952 4084 2144 4137 melius
2172 4093 2268 4133 nos
2298 4078 2435 4131 ultro
2458 4074 2780 4144 respuimus,
2807 4085 2968 4139 quam
3012 4069 3080 4122 ab
3110 4066 3241 4136 ipsis
3269 4081 3299 4119 a
3340 4066 3537 4134 quibus

1951 4175 2294 4228 adinventum
2327 4176 2428 4231 est,
2462 4180 2583 4221 cum
2617 4172 2801 4218 nostra
2838 4159 3181 4215 confessione
3229 4164 3415 4225 postea
3456 4169 3543 4209 ro-

1953 4265 2188 4321 fellatur.
2213 4261 2267 4316 Si
2297 4269 2472 4312 autem
2497 4255 2714 4326 quaeris,
2738 4252 2997 4323 Auguste,
3046 4262 3373 4320 cognoscere
3404 4247 3544 4315 quod

1955 4372 2058 4412 non
2090 4356 2208 4410 istis
2228 4350 2471 4406 obscuris
2517 4357 2572 4402 et
2617 4345 2853 4415 captitiis
2894 4341 3402 4405 adinventionibus,
3448 4338 3546 4393 sed

1955 4465 2050 4507 sua
2124 4454 2317 4518 sponte
2382 4440 2682 4511 conspicuis
2739 4447 2795 4494 et
2853 4435 3189 4491 evidentibus
3253 4432 3547 4487 documen-

265 4535 666 4604 apudl'hotium
686 4534 1098 4588 etEustachium
1125 4532 1340 4596 habitis,
1370 4526 1851 4583 etsatisl‘actiolba:
1881 4546 2030 4619 Dus
2063 4583 2079 4609 ν
2142 4555 2261 4612 qme
2328 4552 2453 4601 νει-ε
2501 4535 2636 4589 [πω
2688 4541 2772 4588 εει
2844 4530 3056 4601 negatio
3114 4529 3550 4594 demonstretur;

266 4630 332 4683 ad
364 4629 476 4682 h.cc
497 4629 745 4691 dicentis,
777 4629 898 4697 quia
932 4637 1049 4695 post
1082 4626 1377 4681 unitionem
1419 4622 1768 4678 Orientalium
1794 4629 1851 4675 et

267 4720 438 4775 sancti
465 4720 645 4791 Cyrilii
678 4721 876 4773 nullam
911 4718 1157 4787 injuriam
1202 4717 1465 4769 adversus
1491 4728 1612 4767 eum
1644 4710 1849 4766 fecerit.

270 4813 339 4869 Et
366 4804 649 4882 adjiciunt:
672 4813 726 4867 Si
750 4826 880 4881 ergo
908 4811 1120 4879 impiam
1147 4808 1425 4876 epistolam
1461 4815 1577 4876 post
1598 4803 1856 4858 unitionis

270 4915 481 4976 tempus
506 4906 786 4976 signiﬁcat,
809 4904 926 4959 lbas
942 4914 1118 4958 autem
1136 4902 1394 4972 dicitquia
1414 4909 1535 4971 post
1562 4900 1857 4955 unitionem

345 5145 374 5174 ι
414 5135 572 5190 Forte
597 5133 804 5188 eadem.

343 5204 376 5247 δ
416 5207 527 5259 Non
555 5221 740 5258 ausum
764 5217 885 5257 esse
914 5216 1064 5254 suam
1085 5199 1264 5253 dicere
1292 5196 1481 5251 astruit
1508 5195 1668 5249 etiam
1692 5193 1862 5247 Iusti:

274 5279 467 5335 niamts
493 5278 545 5329 in
574 5277 768 5337 edicto,
792 5277 843 5327 ἐν
861 5268 1156 5333 Χαλκηδόνι,
1183 5263 1700 5341 κατηγορηθεὶς⁸Ιϐας
1730 5265 1859 5341 μεῖά

274 5358 368 5409 τήν
398 5352 672 5420 ἀνάγνωσιν
692 5354 783 5405 τῆς
806 5344 1021 5404 ἀσεϐοῦς
1053 5336 1325 5399 ἐπιστολῆςί
1350 5336 1441 5391 ob:
1463 5339 1706 5406 ἐτόλμησε
1733 5336 1861 5389 ταύ-

356 5524 372 5555 ¹
413 5521 543 5574 Cod.
578 5520 796 5584 Veron.,
832 5516 1185 5586 pronuntiasse
1218 5512 1357 5586 quod
1379 5509 1663 5586 orthodoxa
1692 5503 1867 5575 fuerit,

282 5605 328 5649 et
358 5594 539 5646 iterum
570 5592 631 5641 de
657 5580 1016 5658 ipsa'qiiidem
1072 5584 1288 5652 epistola
1338 5580 1591 5650 synodum
1638 5590 1868 5648 pronun-

285 5667 443 5721 tiasse
465 5679 481 5723 ;
507 5663 594 5714 sed
622 5661 676 5712 in
700 5659 928 5728 synodis.
960 5666 1064 5709 cie.

359 5736 379 5767 ⁸
422 5732 563 5785 Μειῐη
595 5725 741 5784 ροό.Ῐ
770 5728 948 5796 synodi
971 5725 1244 5779 sententiw.

364 5803 386 5838 ³
424 5802 569 5859 idem
600 5801 743 5870 cod.,
768 5786 880 5870 ejus
902 5797 1057 5869 fuisse
1086 5797 1232 5850 illam
1251 5791 1539 5865 epistolam,
1574 5798 1662 5843 aut
1693 5786 1873 5841 saltem

1958 4632 2194 4701 attende,
2223 4643 2430 4700 quaeso,
2458 4624 2633 4695 qualis
2673 4622 2832 4677 fuerit
2872 4634 3034 4689 super
3081 4619 3186 4673 alio
3223 4616 3459 4687 capitulo
3496 4615 3549 4669 in

1961 4725 2148 4783 eadem
2181 4719 2549 4778 controversia
2578 4714 2743 4783 ipsius
2770 4712 2876 4768 lbie
2901 4709 3135 4779 negatio,
3180 4707 3350 4777 qualis
3390 4705 3551 4762 etiam

1964 4827 2149 4875 contra
2177 4811 2452 4882 replicatio
2483 4815 2879 4870 accusatorum,
2908 4802 3082 4873 qualis
3111 4800 3449 4854 interlocutio
3466 4796 3552 4865 ju~

1968 4912 2167 4969 dicum.
2201 4904 2355 4964 Unde
2374 4902 2736 4960 necessarium
2766 4898 2891 4955 duxi
2920 4911 2989 4952 ex
3015 4892 3217 4951 eisdem
3254 4881 3420 4962 gestis
3453 4890 3551 4945 aii-

1959 5140 2048 5178 την
2078 5116 2451 5171 οἰκειώσασθαι.
2483 5107 2747 5163 Ceterum
2776 5103 2905 5159 nihil
2928 5101 3034 5178 tale
3055 5100 3108 5157 in
3136 5097 3343 5178 synodo
3366 5113 3401 5152 v
3421 5112 3552 5178 cou-

1961 5166 2505 5255 iiigfiiiéjieuuia
2537 5186 2765 5255 etquae
2791 5174 3075 5244 opponitur
3093 5166 3422 5239 conjectura,
3441 5166 3552 5223 sci-

1961 5249 2175 5327 tequea
2209 5252 2456 5327 Facundo
2488 5249 2768 5327 refellitur.

2040 5317 2061 5367 ἒ
2106 5326 2286 5391 Forte,
2312 5323 2494 5375 iterum
2519 5318 2626 5372 dixi
2651 5317 2793 5380 quia.

1972 5499 2092 5571 quia
2111 5498 2227 5571 ipse
2251 5495 2534 5571 lbas_sua_m
2564 5485 3119 5571 [iiisseltnﬁciatusesh

2047 5569 2068 5598 ⁸
2110 5554 2248 5621 Idem
2283 5564 2425 5627 cod.,
2459 5554 2805 5629 ﬂagitantibus
2830 5554 3185 5629 ostgidimus?

2049 5640 2069 5670 ⁸
2110 5639 2249 5691 Idem
2279 5622 2423 5696 cod.,
2458 5622 2777 5688 Eua-(aciem.
2803 5627 2883 5681 vel
2908 5624 3256 5679 Eustothiunt.
3280 5622 3372 5681 Sic
3394 5622 3559 5687 etiam

1978 5709 2137 5780 paulo
2167 5707 2301 5760 infra
2333 5717 2386 5780 et
2415 5697 2841 5780 alibi_l_egendmn
2869 5706 2970 5779 est.

2052 5778 2072 5810 '
2111 5778 2253 5834 Idi-ui
2283 5776 2431 5845 cod.,
2463 5772 2658 5841 etdixi,
2689 5770 2796 5824 dixi
2822 5769 2963 5839 quia,
2993 5773 3099 5822 etc.
