4114 6512
542 298 650 353 635

1655 293 1953 353 FACUADI
1995 294 2208 352 EPISC.
2247 295 2750 352 iiERiiIANE-NSB

3749 298 3848 355 σει

543 429 650 490 qua
678 415 730 468 in
779 414 924 469 hunc
951 414 1140 468 librum
1167 411 1405 482 exempli
1455 413 1622 481 gratia
1675 414 2003 480 transferre,
2054 413 2144 468 ubi
2175 416 2225 474 Α
2255 429 2376 468 esse
2405 416 2705 486 negaverit.
2735 417 2791 473 Si
2823 425 2999 472 autem
3030 418 3081 471 in
3110 431 3296 474 eorum
3319 415 3522 487 judicio
3558 432 3664 472 non
3693 417 3855 473 doce-

548 511 836 579 tmdictus
877 509 1070 574 Maras,
1103 521 1240 564 unus
1268 523 1334 563 ex
1375 510 1782 564 accusatoribus
1825 510 1993 578 ipsius
2034 505 2140 561 Ibat

547 605 807 673 episcopi,
838 603 975 657 dixit
1018 603 1079 656 *ε
1131 620 1150 654 t
1208 602 1344 669 Quid
1396 601 1563 658 habes
1609 602 1677 658 de
1727 603 1829 658 dde
1880 599 2143 657 movere?

551 695 726 751 Maras
755 694 1030 764 alloquens
1057 693 1191 748 dixit
1219 703 1246 732 ι
1272 711 1284 746 :
1320 693 1434 748 Non
1489 693 1703 750 invideo
1733 693 1953 749 Christo
2004 691 2146 747 facto

552 788 683 852 Deo;
713 788 764 841 in
796 795 1052 854 quantum
1083 787 1223 841 enim
1251 786 1366 855 ipse
1401 787 1573 841 factus
1611 797 1716 851 εει,
1750 795 1806 841 et
1845 801 1944 848 eio
1977 786 2146 839 factus

551 893 692 932 sum.
727 877 1168 932 Reverentissimi
1217 879 1455 946 episcopi
1499 877 1750 931 dixerunt
1805 893 1824 931 :
1874 875 2147 932 Conlitca-

553 978 641 1021 tur
662 971 682 1000 ²
711 970 1177 1024 reverentissimus
1223 969 1361 1033 ibas,
1386 969 1430 1022 si
1455 969 1568 1023 haec
1590 969 1656 1022 ab
1675 985 1742 1024 eo
1768 969 1970 1036 prolata
2001 977 2146 1021 sunt.

554 1057 1040 1114 Reverezttissimus
1071 1060 1352 1128 episc0pus
1389 1061 1559 1114 dixit:
1614 1060 1910 1116 Anathema
1968 1061 2016 1114 ei
2064 1058 2152 1129 qui

553 1149 689 1203 dixit
731 1161 785 1204 et
827 1152 876 1204 ei
920 1151 1010 1219 qui
1054 1151 1448 1214 calumniatur,
1495 1167 1597 1220 ego
1646 1152 1792 1206 enim
1853 1167 1958 1206 non
2014 1151 2151 1206 di\i.

557 1239 774 1294 Samuel
806 1240 976 1295 dixit:
1022 1241 1210 1296 Testes
1253 1243 1406 1297 nobis
1436 1245 1673 1296 existunt
1718 1242 1878 1312 hujus
1929 1246 2042 1308 rei,
2088 1258 2154 1296 ex

555 1334 749 1401 quibus
777 1334 862 1387 hic
883 1342 1006 1388 sunt
1030 1347 1310 1402 :rogautus
1340 1337 1436 1388 bos
1453 1351 1476 1385 a
1494 1336 1644 1389 vobis
1667 1345 1916 1390 evocatos
1932 1335 2155 1403 suscipi,

557 1434 613 1478 et
635 1425 850 1493 propria
865 1440 993 1480 voce
1005 1425 1190 1479 testari
1215 1427 1254 1479 si
1271 1441 1395 1482 eum
1410 1427 1431 1458 ³
1451 1428 1718 1481 audierint
1735 1429 1848 1482 haec
1864 1427 2156 1482 dicentem.

558 1516 1044 1572 Reverentissitnus
1073 1519 1190 1572 ibas
1217 1519 1502 1587 episcopus
1544 1519 1714 1574 dixit:
1753 1519 1940 1574 Decies
1966 1519 2160 1574 millies

559 1624 661 1676 ego
680 1612 847 1664 secari
873 1611 1062 1678 patior,
1093 1626 1253 1680 quam
1283 1611 1464 1666 dicere
1497 1611 1597 1664 hoc
1616 1613 1870 1665 verbum:
1898 1611 2037 1666 absit
2062 1609 2163 1665 hoc

561 1703 786 1758 verbum
819 1719 902 1758 me
933 1706 1013 1758 vel
1045 1705 1314 1775 cegitare;
1341 1705 1433 1760 sed
1463 1705 1576 1760 scio
1600 1719 1700 1774 ego
1717 1705 1839 1774 quia
1871 1704 2166 1774 unusquis-

2246 516 2330 561 lur
2359 507 2480 562 ibas
2508 523 2733 579 negasse
2764 507 2903 579 quod
2938 509 3104 576 ipsius
3135 509 3296 564 fuerit
3327 510 3414 564 illa
3438 510 3690 578 epistola,
3717 526 3858 580 quo-

2247 601 2409 656 modo
2462 601 2689 656 istorum
2730 602 3072 656 suasionibus
3122 603 3530 667 acquiescentes
3599 603 3846 658 dicemus

2249 695 2371 765 quia
2396 709 2539 757 eam,
2570 693 2709 763 quod
2742 692 2887 762 prius
2915 707 3019 746 non
3051 691 3270 758 fecerat,
3309 703 3490 762 postea
3538 695 3589 748 in
3642 694 3860 764 synodo

2251 800 2401 840 suam
2434 784 2600 839 fuisse
2633 783 2942 852 denegavit,
2974 783 3060 837 ubi
3093 783 3268 852 petitis
3317 799 3482 850 super
3530 784 3644 852 ipsa
3691 786 3843 838 inve-

2255 876 2473 931 niuntur
2504 876 2726 946 prolatm
2775 878 3077 937 sententiae,
3127 886 3181 931 et
3216 874 3358 930 idem
3399 877 3517 932 ibas
3567 878 3861 946 episcopus

2255 973 2371 1042 ejus
2400 972 2695 1026 reiectione
2720 971 3015 1038 purgatur?
3037 967 3168 1024 Nam
3201 979 3256 1024 et
3281 971 3381 1024 hoc
3411 971 3460 1024 in
3494 986 3591 1024 suo
3619 970 3763 1024 libro
3787 972 3860 1026 ita

2257 1064 2509 1118 dixerunt
2535 1081 2546 1116 :
2586 1079 2603 1114 t
2632 1061 2737 1116 Sed
2769 1065 2930 1116 etiam
2962 1062 3014 1116 in
3045 1071 3230 1115 sancta
3249 1061 3672 1117 Cliztlcedonensi
3694 1077 3862 1134 syno-

2258 1154 2327 1210 do
2355 1156 2544 1210 volens
2570 1154 2688 1209 ibas
2717 1154 2940 1208 liberum
2969 1168 3028 1208 se
3059 1153 3232 1220 ipsum
3268 1153 3336 1208 de
3365 1155 3707 1209 accusatione
3748 1155 3864 1224 epi-

2261 1245 2414 1301 stolm
2439 1246 2833 1311 demonsttare,
2864 1257 2983 1313 post
3018 1245 3369 1302 reiectionem
3416 1247 3683 1316 ejusdem,
3736 1262 3866 1302 mox

2265 1337 2566 1407 huiusmodi
2595 1337 2935 1393 sermonibus
2965 1338 3083 1390 haec
3104 1338 3177 1390 ait
3204 1351 3216 1388 :
3245 1336 3442 1392 iubete
3467 1339 3628 1407 relegi
3657 1338 3867 1392 litteras

2264 1431 2583 1486 clericorum
2618 1429 3113 1492 Edesscnurum,ut
3135 1429 3472 1499 cognoscatis
3513 1431 3637 1500 quia
3681 1431 3750 1483 ab
3783 1429 3869 1484 his

2267 1537 2384 1591 qum
2421 1521 2550 1576 mihi
2583 1522 2728 1576 illata
2763 1533 2883 1575 sunt
2930 1521 3143 1576 alienus
3181 1535 3321 1589 sum,
3369 1527 3424 1577 et
3472 1522 3578 1576 vim
3625 1521 3868 1591 pertuli:

2267 1623 2323 1670 et
2347 1615 2548 1670 reiecta
2579 1623 2660 1669 est
2681 1628 2800 1683 qua:
2830 1615 2954 1667 data
2981 1622 3064 1668 est
3092 1612 3163 1667 ab
3192 1627 3258 1667 eo
3289 1611 3516 1682 epistola
3543 1613 3872 1668 clericorum

2273 1705 2695 1771 Edessenorunt,
2729 1705 2779 1758 in
2809 1719 2912 1775 qua
2942 1703 3374 1759 testiﬁcabantur
3414 1703 3462 1758 ei
3495 1717 3614 1759 cum
3661 1702 3872 1773 jureju-

562 1809 670 1862 q-ze
689 1808 754 1849 ex
783 1793 1125 1850 confessione
1144 1797 1407 1850 salvator.
1447 1796 1884 1850 iteverentissimi
1912 1793 2157 1864 epis-cpi
2199 1797 2239 1857 Β
2272 1797 2459 1863 rando,
2493 1798 2615 1865 quia
2648 1796 2778 1850 nulli
2810 1794 3012 1851 conscii
3057 1805 3183 1850 sunt
3226 1794 3489 1850 adversus
3537 1809 3660 1850 eum
3714 1794 3875 1851 factas

563 1888 854 1942 dixerunt:
886 1889 944 1942 In
975 1887 1276 1942 ecclesiatte
1321 1887 1458 1942 dicis
1507 1887 2004 1942 reverentissimum
2050 1885 2164 1954 epi-

563 1993 789 2048 scopum
819 1979 960 2033 ibam
1013 1979 1129 2033 haec
1159 1978 1402 2034 dixisse?
1440 1977 1659 2034 Samuel
1705 1978 1876 2033 dixit:
1919 1978 2166 2033 Consue-

569 2070 700 2124 tudo
733 2080 815 2124 est
849 2071 902 2122 in
931 2069 1020 2125 die
1049 2078 1238 2124 sancto
1283 2070 1523 2135 Paschm,
1554 2077 1645 2123 aut
1695 2079 1819 2124 ante
1862 2065 2005 2123 diem
2037 2067 2168 2122 dare

570 2178 695 2219 eum
725 2163 794 2218 de
823 2178 984 2217 manu
1016 2163 1228 2218 clericis
1277 2162 1522 2233 quaedam
1552 2175 1649 2230 pro
1678 2160 2002 2215 feStivitate:
2043 2159 2169 2216 inde

567 2269 690 2310 eum
715 2254 835 2309 haec
861 2255 992 2309 dare
1024 2254 1232 2308 futurus
1259 2261 1424 2318 esset,
1469 2253 1756 2322 al‘oquitur
1803 2251 2072 2321 primitus,
2115 2256 2170 2306 et

567 2345 648 2401 sic
671 2345 786 2400 dat.
814 2345 1091 2400 Allocutus
1119 2353 1204 2400 est
1231 2353 1410 2399 autem
1435 2344 1542 2398 hoc
1583 2353 1637 2398 et
1677 2356 1862 2399 coram
1917 2341 2169 2397 omnibus

568 2447 624 2493 et
666 2439 1020 2507 praesentibus
1065 2437 1306 2506 clericis,
1357 2446 1416 2492 ut
1463 2438 1771 2504 accipereut
1818 2449 1880 2490 ea
1923 2449 2043 2504 quae
2073 2446 2171 2501 pro

573 2531 861 2586 festivitate
887 2530 1126 2585 dantur:
1154 2537 1210 2584 et
1235 2528 1589 2585 convincetur
1616 2528 1685 2582 ab
1717 2527 1986 2597 aliquibus
2012 2539 2079 2580 ex
2104 2523 2172 2579 iis

573 2627 788 2680 clericis
820 2624 908 2679 hic
934 2625 1218 2690 stantibus,
1254 2626 1342 2694 qui
1375 2623 1477 2678 hoc
1507 2623 1573 2677 ab
1619 2623 1726 2678 isto
1768 2620 2052 2676 audierunt
2081 2620 2166 2674 die

574 2725 746 2771 etum.
777 2715 1218 2772 Reverentissimi
1250 2714 1492 2785 episcopi
1527 2714 1780 2770 dixerunt
1801 2729 1816 2766 :
1837 2713 1978 2768 Ante
2007 2725 2178 2780 quan-

573 2815 926 2874 tum-tempus
954 2807 1070 2860 haec
1095 2806 1298 2861 dixisse
1323 2805 1823 2861 reverentissimum
1855 2803 2001 2858 ibam
2048 2803 2169 2871 epl-

573 2911 794 2968 scopum
816 2887 1130 2967 proﬁteris?
1155 2895 1376 2951 Samuel
1407 2896 1560 2960 dixit,
1599 2893 1737 2952 Sunt
1767 2904 1877 2948 tres
1896 2893 2022 2948 anui
2057 2894 2177 2962 plus

574 2992 774 3055 minus,
803 2990 944 3060 quod
985 2990 1128 3044 dicta
1150 2996 1297 3044 sunt.
1330 3008 1348 3040 ι
1384 2988 1654 3051 Attendis,
1687 2989 1942 3057 Auguste,
1985 3000 2178 3056 quem-

577 3081 866 3138 admodum
918 3081 1066 3149 prius
1117 3095 1146 3132 a
1196 3079 1474 3149 iudicibus
1524 3079 1886 3147 interrogatus
1931 3077 2002 3131 sit
2061 3077 2180 3130 ibas

2270 1889 2644 1954 accusationis,
2681 1904 2854 1959 neque
2869 1898 3198 1960 cognoscunt
3216 1902 3337 1943 eum
3361 1887 3690 1943 contrarium
3708 1886 3876 1957 quid~

2267 1981 2391 2036 dam
2435 1989 2596 2036 rectae
2645 1979 2840 2035 fecisse
2885 1977 3028 2033 ﬁdei.
3067 1995 3090 2032 ι
3140 1979 3196 2033 in
3230 1978 3421 2048 quibus
3472 1977 3674 2043 verbis,
3733 1975 3874 2033 illud

2270 2076 2418 2146 prius
2444 2073 2830 2129 advertendum
2862 2083 2967 2138 est,
2992 2071 3134 2142 quod
3169 2072 3238 2127 ab
3269 2072 3518 2127 illusione
3548 2070 3706 2126 solita
3755 2085 3876 2127 non

2272 2169 2547 2232 recedant,
2571 2178 2626 2221 ttt
2658 2167 2802 2221 illam
2834 2166 3188 2234 scripturam,
3221 2182 3380 2235 quam
3413 2181 3510 2236 pro
3559 2177 3878 2222 memorato

2272 2259 2358 2314 lba
2384 2258 2562 2314 omnis
2581 2259 2758 2313 clerus
2793 2258 3082 2312 Edessena:
3128 2258 3362 2312 civitatis
3408 2257 3620 2322 obtulit,
3675 2257 3880 2325 epist)-

2273 2352 2381 2408 iam
2425 2350 2770 2421 appellent“,
2804 2350 3052 2406 volentes
3103 2364 3199 2418 per
3244 2348 3492 2417 epistolae
3541 2363 3766 2412 nomen,
3821 2349 3876 2402 iu

2274 2440 2418 2498 aliud
2445 2443 2598 2498 nobis
2627 2449 2942 2497 convertere
2968 2442 3290 2496 sententiam
3315 2440 3525 2511 synodi,
3557 2455 3678 2509 qua:
3713 2455 3880 2510 super

2275 2535 2503 2602 epistola
2535 2533 2705 2602 ipsius
2746 2517 3091 2603 ibzeproiata
3128 2543 3250 2590 est:
3303 2541 3360 2588 ut
3403 2533 3688 2588 credentes
3734 2535 3880 2603 quod

2276 2627 2423 2684 illam
2457 2628 2869 2696 postulationem
2890 2637 2942 2683 et
2965 2627 3402 2696 deprecationem
3424 2625 3553 2682 cieri
3581 2625 3846 2682 E-lesseui
3865 2670 3881 2695 ,

2278 2716 2454 2787 potius
2501 2732 2660 2786 quain
2729 2726 3078 2772 memoratam
3128 2715 3453 2785 epistolam,
3507 2719 3882 2786 pronuntiavit

2279 2808 2657 2869 orthodoxam,
2691 2807 2744 2860 in
2770 2806 3280 2863 condemnationem
3307 2808 3422 2878 ejus
3453 2808 3870 2864 adducerentur.

2283 2899 2485 2954 Deinde
2531 2899 2804 2969 quomodo
2837 2899 2904 2954 ad
2955 2900 3363 2970 denegationem
3415 2900 3583 2967 ipsius
3634 2901 3886 2976 epistola

2283 2991 2460 3046 omnis
2490 2990 2618 3047 cieri
2650 2991 2907 3047 Edesseni
2953 2993 3317 3048 testimonium
3350 3007 3703 3062 quereretur,
3750 3010 3879 3049 cum

2286 3091 2626 3137 accusatores
2652 3095 2761 3136 non
2780 3084 3020 3151 epistolae
3047 3083 3113 3136 ad
3133 3083 3316 3138 iiarim
3343 3085 3581 3155 scriptae,
3623 3086 3719 3140 sed
3746 3085 3888 3142 illius

579 3173 880 3242 episcopus,
933 3182 1113 3226 utrum
1159 3172 1229 3226 ab
1276 3185 1344 3225 eo
1391 3171 1600 3240 prolata
1642 3171 1711 3225 sit
1773 3170 1865 3224 illa
1931 3169 2254 3239 biasphe-C
2285 3173 2686 3243 insuspicabilis
2721 3173 3094 3242 blasphemiae,
3114 3175 3342 3230 clericos
3383 3174 3686 3231 Edessetos
3717 3187 3887 3234 testes

585 3267 730 3330 mia;
761 3264 1213 3335 quemadmodum
1263 3264 1423 3318 etiam
1477 3273 1819 3319 accusatores
1863 3263 1887 3296 ⁸
1927 3264 2182 3319 adversus

582 3370 704 3413 eum
761 3364 926 3410 testes
1001 3356 1223 3424 produci
1295 3356 1649 3425 petiverunt;
1723 3354 2180 3424 quemadmodum

583 3446 790 3518 iudices
837 3449 1148 3512 quaesierint
1207 3449 1275 3524 ab
1325 3448 1771 3514 acetisatoribus,
1843 3462 1950 3516 quo
2021 3447 2182 3516 loco,

584 3553 690 3609 quo
742 3548 1002 3606 tempore,
1033 3540 1228 3608 quibus
1271 3539 1630 3608 praesentibus
1670 3539 1807 3593 hanc
1839 3553 1959 3594 eam
1994 3539 2016 3570 '
2045 3539 2186 3594 blas-

585 3625 854 3699 phemiam
911 3625 1152 3685 dicerent
1209 3630 1539 3699 protulisse:
1593 3638 1649 3683 et
1692 3629 1770 3682 illi
1838 3630 2183 3698 pertinaces,

585 3729 640 3775 et
684 3720 858 3776 locum
908 3720 1216 3790 designant,
1249 3727 1305 3774 et
1353 3731 1564 3790 tempus
1615 3731 1938 3786 memorant,
1981 3725 2038 3774 et
2083 3728 2188 3774 tes-

585 3819 667 3865 tes
712 3811 1082 3880 pronuntiaut,
1137 3821 1192 3867 et
1239 3812 1450 3884 quoties
1492 3811 1607 3864 haec
1650 3811 1816 3877 dicta,
1847 3812 2062 3880 quoties
2102 3825 2190 3866 re-

586 3901 778 3970 plicata
807 3902 942 3966 sint,
988 3901 1226 3969 ipsorum
1278 3911 1554 3972 gestorum
1598 3911 1796 3957 caetera
1835 3901 1970 3955 satis
2005 3911 2190 3955 osten-

589 3991 742 4046 dunt.
773 3990 910 4058 Quid
933 3992 1039 4046 tale
1063 3993 1398 4060 potuerimus
1431 3991 1661 4060 probare
1707 4005 1872 4061 super
1922 3991 2037 4047 illa'
2068 3992 2191 4061 epi-

588 4082 733 4137 stola
765 4083 985 4150 factum,
1047 4095 1102 4136 ut
1131 4082 1376 4138 dicamus
1415 4083 1707 4152 quod-eam
1749 4084 2040 4151 praedictus
2071 4084 2190 4140 Ibas

589 4187 740 4229 suam
771 4174 934 4230 fuisse
965 4177 1258 4244 negaverit,
1280 4190 1441 4245 quam
1474 4177 1525 4230 in
1562 4185 1769 4232 tantum
1809 4187 1866 4234 et
1908 4180 2010 4248 ipsi
2047 4179 2194 4248 judi-

591 4281 684 4322 ccs
712 4268 826 4336 ejus
855 4267 1020 4324 fuisse
1045 4267 1158 4337 jam
1197 4277 1483 4335 noverant,
1514 4277 1572 4322 tit
1605 4285 1707 4325 nec
1746 4270 2191 4340 interrogandum

593 4374 716 4413 eum
734 4371 982 4428 putarent
998 4372 1175 4415 utrum
1198 4362 1366 4431 ipsius
1389 4361 1579 4417 tuerit?
1607 4362 1826 4419 Frustra
1841 4365 2038 4433 itaque,
2056 4363 2194 4419 sicut

593 4453 731 4517 dixi,
761 4453 996 4508 fautores
1024 4455 1400 4510 hereticorum
1431 4470 1531 4511 nos
1576 4457 1836 4512 induci-re
1880 4457 2188 4524 voluerant,

2287 3265 2451 3320 fuisse
2480 3265 2688 3321 mentiti
2717 3266 2867 3320 sint?
2915 3267 2970 3321 in
3001 3267 3093 3320 illo
3123 3268 3300 3337 itaque
3331 3269 3564 3335 capitulo
3595 3284 3783 3324 eorum
3814 3283 3890 3325 te.

2287 3356 2602 3410 stimonium
2633 3358 2840 3428 synodo
2870 3357 3036 3428 relegi
3061 3361 3423 3413 necessarium
3457 3359 3577 3427 iuit,
3610 3360 3797 3430 inquo
3822 3361 3891 3416 ab

2287 3449 2696 3504 accusatoribus
2718 3448 2935 3504 fuerant
2964 3451 3247 3504 nominati.
3277 3449 3517 3519 Denique
3541 3467 3639 3506 nec
3665 3452 3768 3521 ipsi
3823 3453 3893 3509 de

2289 3543 2390 3596 hac
2419 3541 2668 3611 epistola,
2696 3541 2790 3595 sed
2823 3553 2877 3596 et
2901 3542 2968 3596 de
2995 3541 3082 3595 illa
3116 3551 3320 3596 tantum
3351 3542 3682 3611 blasphemia
3707 3545 3894 3598 testati

2292 3642 2437 3688 sunt.
2463 3631 2592 3687 Nam
2622 3632 2909 3688 ostendant
2932 3633 3086 3688 nobis
3112 3634 3164 3687 in
3189 3635 3300 3703 ipsa
3327 3634 3690 3702 postulatione
3717 3647 3774 3688 et
3795 3619 3895 3689 de-

2292 3725 2623 3793 precatione,
2675 3726 2767 3780 ubi
2814 3726 3050 3781 dixerint
3089 3727 3232 3796 quod
3284 3726 3472 3780 illam"
3505 3729 3790 3793 epistolam
3842 3731 3895 3786 in

2287 3819 2492 3889 judicio
2540 3819 3099 3875 reverentissimorum
3144 3819 3317 3874 Pbotii
3349 3829 3402 3874 et
3427 3819 3695 3874 Eustachii
3738 3833 3901 3892 atque

2294 3911 2479 3968 Uranii
2511 3927 2616 3966 non
2650 3922 2920 3982 negatam,
2953 3914 3004 3965 in
3038 3912 3244 3981 synodo
3292 3922 3476 3983 postea
3526 3913 3643 3967 lbas
3687 3915 3898 3981 episco-

2292 4017 2392 4073 pus
2423 4019 2572 4058 suam
2602 4003 2762 4058 fuisse
2788 4003 3055 4058 inﬁciattts
3083 4013 3186 4059 est.
3221 4003 3477 4072 Alioquin
3523 4003 3780 4057 omnibus
3809 4019 3898 4071 ap.

2294 4094 2506 4164 parebit
2531 4094 2673 4166 quod
2705 4095 2773 4150 ad
2803 4095 3138 4150 illudendum
3171 4095 3326 4151 nobis
3361 4096 3460 4150 ista
3491 4095 3894 4150 confinxerint:

2295 4186 2420 4240 utsi
2451 4185 2552 4240 hoc
2583 4184 2924 4240 mendacium
2978 4195 3334 4248 sectaremur,
3383 4196 3566 4254 postea
3612 4200 3714 4239 nos
3766 4199 3896 4239 cou-

2295 4275 2575 4332 vincerent
2621 4285 2783 4344 atque
2823 4275 3216 4331 confunderent
3261 4291 3326 4330 ex
3377 4274 3679 4329 manifestis
3723 4275 3895 4343 ipsius

2295 4365 2486 4436 synodi
2519 4366 2806 4421 sententiis
2833 4383 2845 4418 :
2873 4381 3007 4436 quas
3035 4366 3276 4436 proiecto
3308 4366 3388 4421 vel
3425 4367 3468 4419 si
3497 4367 3727 4434 probare
3778 4380 3902 4433 pos-

2295 4457 2486 4525 simus,
2545 4472 2650 4513 non
2682 4457 2749 4513 ab
2788 4457 3058 4522 omnibus,
3113 4457 3209 4513 sed
3237 4471 3264 4510 a
3307 4456 3650 4526 quibusdam,
3682 4457 3704 4489 ⁸
3733 4471 3902 4524 super

595 4553 655 4596 ut
683 4542 986 4599 diceremus
1012 4546 1154 4612 quod
1188 4545 1334 4600 illam
1377 4549 1663 4616 epistolam
1709 4547 1830 4602 [bas
1879 4547 1931 4601 in
1979 4547 2193 4618 judicio
2219 4559 2270 4620 D
2297 4550 2540 4604 eamdem
2576 4549 2887 4619 epistolam,
2910 4553 2954 4605 si
2977 4565 3098 4605 eam
3131 4565 3282 4605 suam
3306 4556 3526 4620 negaret
3550 4549 3668 4604 lbas
3692 4550 3904 4618 episco-

597 4633 970 4706 episcoporum
1003 4636 1176 4691 Pbotii
1196 4645 1253 4693 et
1281 4637 1555 4695 Eustachii
1599 4649 1762 4709 atque
1801 4639 1983 4696 Uranii
2029 4655 2182 4695 suam

671 4799 699 4828 ι
742 4791 960 4848 Rectius
992 4794 1072 4869 _in
1158 4795 1390 4869 synodo
1443 4793 1865 4869 Chalcedonensi
1913 4810 1925 4844 :
1999 4795 2179 4869 Mépat;

601 4857 728 4916 εἶπε·
772 4866 1088 4939 Προσομιλῷν
1144 4857 1298 4921 siina.
1332 4863 1510 4939 Marus
1557 4866 1732 4939 digit,
1779 4857 2096 4939 Alloquens:
2137 4864 2188 4918 id

600 4945 680 4986 est
742 4934 838 5003 pro
893 4936 1174 5004 concione,
1233 4937 1381 4989 dixit.
1442 4936 1561 4988 Ibas
1605 4935 1884 4998 nimirum,
1935 4934 2002 4987 ad
2031 4949 2189 5003 quem

601 5005 832 5072 pertinet
859 5021 977 5074 qum
994 5018 1310 5076 sequuntur.
1345 5008 1477 5062 Sunt
1501 5015 1555 5060 et
1579 5006 1683 5059 alia
1704 5017 1813 5059 tum
1845 5005 1896 5058 in
1929 5005 2051 5071 hoc,
2083 5015 2194 5059 tum

593 5156 604 5162 '
673 5142 692 5174 ‘
733 5141 866 5195 Cod.
911 5138 1134 5206 Verum,
1168 5139 1342 5194 dixit:
1378 5139 1450 5192 De
1475 5139 1576 5209 ﬁde
1605 5155 1858 5193 movemus
1891 5141 2051 5202 prius.
2086 5141 2188 5194 Re-

601 5212 934 5266 uerentissimi
963 5213 1185 5280 epierpi
1216 5212 1455 5265 dixerim!
1481 5225 1499 5264 :
1526 5210 1663 5277 Quid
1695 5212 1846 5265 [tabes
1868 5211 1932 5265 de
1959 5211 2058 5276 ﬁde
2086 5228 2194 5264 mo-

605 5289 757 5337 vere."
814 5283 994 5336 Maras
1041 5281 1310 5348 alloquens
1360 5283 1512 5346 dixit,
1569 5293 1672 5337 etc.
1728 5283 2039 5335 Consonant
2081 5293 2196 5336 acta

605 5354 794 5476 εγω)ῗί
822 5355 1125 5424 Berytensis
1156 5359 1375 5408 recitata
1399 5354 1451 5408 in
1481 5353 1712 5407 concilio
1739 5353 2198 5416 Chalcedonensi,

606 5431 713 5476 act.
780 5430 829 5476 ~t.

606 5431 713 5477 act.
743 5430 829 5477 I‘i.

642 5495 700 5574 ι’
756 5494 896 5549 idem
946 5493 1092 5560 cod.,
1141 5494 1444 5561 conﬁteatur
1499 5496 1663 5563 prius.
1727 5494 1800 5548 ita
1857 5495 2020 5549 etiam
2080 5492 2200 5547 loco

685 5579 793 5618 MO.

665 5573 793 5618 tato.

607 5578 656 5619 ei
684 5633 705 5666 ⁸
747 5635 887 5688 idem
918 5635 1066 5698 cod.,
1093 5653 1196 5691 non
1225 5639 1503 5692 audierint.
1533 5637 1668 5692 Vide
1691 5638 1793 5692 ioc.
1827 5637 1920 5689 cit.

685 5705 706 5734 ⁸
749 5706 891 5760 idem
921 5707 1066 5769 cod.,
1091 5709 1520 5776 qttemadmo.:'um
1539 5718 1583 5761 et
1605 5711 1712 5778 ipse
1735 5706 1987 5777 negaverit
2016 5721 2074 5758 ac
2099 5709 2203 5774 fuc-

612 5775 683 5828 rit
710 5786 1032 5840 exsecratus;
1056 5775 1480 5846 quoiiiadmoduut
1513 5775 1660 5834 etiam
1685 5775 2026 5832 accusatores.

672 5847 709 5922 ,⁵
749 5846 894 5900 idem
927 5849 1071 5915 cod.,
1103 5863 1234 5902 cum.

2294 4655 2412 4710 pus.
2448 4640 2658 4696 Dictum
2688 4650 2772 4697 est
2798 4643 2940 4697 enim
2969 4640 3097 4710 illic,
3129 4641 3269 4697 sicut
3317 4655 3478 4711 supra
3516 4642 3905 4697 meminimus:

2287 4794 2350 4877 in
2373 4797 2654 4877 superiore
2680 4796 2870 4865 synodi
2897 4797 3203 4877 Berytensis
3229 4806 3407 4862 texui,
3433 4780 3552 4866 quas
3588 4795 3905 4877 Facundum

2303 4867 2495 4922 vitioso
2525 4867 2712 4922 codice
2745 4883 2897 4922 usum
2941 4882 3060 4922 esse
3084 4870 3331 4933 docemt,
3360 4884 3484 4923 cum
3529 4869 3907 4924 etneudatiora

2301 4948 2409 4991 suit
2437 4937 2489 4991 in
2511 4937 2960 4994 Chalcedonensi.

2373 5142 2394 5173 ⁸
2435 5140 2577 5194 idem
2626 5139 2774 5204 cod.,
2819 5140 3034 5193 civitatis
3089 5140 3314 5200 miserat,
3355 5145 3596 5190 vocarent
3639 5136 3910 5197 epistolam

2299 5228 2414 5283 quo:
2442 5211 2512 5264 ibi
2558 5211 2835 5283 postulatio
2857 5220 2902 5265 et
2921 5211 3220 5283 _(lcprecatio
3243 5208 3504 5279 appellata
3532 5217 3622 5283 est,
3659 5209 3909 5283 edentes.

2374 5285 2393 5314 "
2437 5283 2581 5336 Idem
2613 5282 2765 5352 cod.,
2791 5281 2930 5351 quod
2957 5282 3100 5335 illum
3128 5283 3396 5352 epistolam
3427 5296 3526 5332 non
3555 5279 3666 5348 ipse
3688 5279 3906 5352 scripse-

2311 5356 2374 5407 rit
2403 5356 2472 5406 ad
2505 5352 2693 5406 Marini
2746 5351 2981 5413 Persam,
3029 5350 3165 5404 sicut
3199 5353 3454 5404 evidenter
3507 5350 3733 5402 attestati
3788 5357 3911 5400 sunt

2311 5427 2443 5489 quod
2475 5423 2702 5476 illamab
2741 5439 2802 5478 eo
2838 5423 3206 5490 b.’asphem'am
3256 5437 3356 5474 non
3397 5420 3678 5483 audierint,
3709 5428 3757 5473 et
3790 5429 3912 5472 tunc

2314 5499 2442 5564 forte
2465 5495 2837 5564 persuadebunt
2858 5503 2911 5547 ut
2939 5504 2983 5548 et
3007 5511 3097 5546 nos
3127 5495 3357 5545 dicamus
3385 5490 3520 5559 quod
3548 5505 3684 5562 sirpe
3719 5493 3913 5543 dictum

2315 5563 2584 5637 epistolam
2609 5567 2661 5618 in
2693 5566 2888 5632 iudicio
2913 5566 3453 5637 revet'etttissintorttrrt,
3481 5570 3584 5637 etc.

2389 5638 2410 5669 ⁸
2453 5639 2594 5690 hiem
2623 5631 2770 5700 cod.,
2801 5652 2954 5705 super
2985 5639 3214 5688 eamdem
3241 5634 3504 5703 epistolam
3534 5632 3600 5684 ibi
3631 5631 3870 5705 prolatus
3891 5673 3906 5695 ,

2317 5718 2511 5761 tet-tum
2543 5716 2614 5760 est
2646 5716 2832 5769 tamen,
2865 5704 3013 5774 quod
3039 5722 3071 5758 η
3115 5706 3495 5772 qttibttsrttttqae
3534 5704 3755 5772 proferri
3811 5719 3912 5758 non

2323 5780 2512 5848 possint
2545 5795 2698 5848 super
2726 5779 2865 5832 illaut
2895 5778 3188 5846 epistotam,
3210 5777 3252 5831 si
3280 5792 3413 5841 eam,
3446 5785 3552 5831 etc.
