4114 6490
275 327 378 387 637

1202 320 1337 378 PRO
1378 321 1809 381 DEFENSIONE
1837 320 2051 378 TRIUM
2089 320 2401 389 CAPITUL.
2433 319 2560 376 LIB.
2590 319 2654 375 ν.

3448 314 3553 374 638

275 443 635 510 Cognovnnus
661 454 726 496 cx
749 441 1013 505 sententia
1048 440 1602 495 ret'crentissimorutn
1644 442 1854 507 episco—
1883 434 1935 494 A
1992 432 1995 435 ’
2037 432 2177 510 εςοζὶ
2201 431 3053 510 non_sedisse._quodqaesynoai
3082 434 3392 510 auctoritati
3445 452 3551 489 non

280 547 493 600 porum,
528 531 670 585 Ibam
705 531 1197 584 reverentissimum
1227 531 1536 600 episcopum
1582 532 1855 587 innoxium

275 622 702 678 tleinonstrutum
730 639 743 674 :
775 621 906 675 lecta
937 623 1078 676 enim
1111 621 1225 692 ejus
1248 623 1471 690 epistola
1514 625 1863 693 cognovimus

282 730 399 769 cum
426 730 547 770 esse
573 713 951 778 orthoduxum,
981 723 1029 766 et
1065 714 1165 768 hoc
1194 716 1556 779 decernimus,
1600 728 1653 769 et
1694 715 1866 770 hono-

284 826 391 863 rem
423 809 470 863 ei
519 812 877 877 episcopatus,
919 818 973 861 et
1005 810 1293 864 Ecc‘esiam
1336 810 1404 864 de
1434 826 1535 880 qua
1579 811 1776 879 injuste
1815 822 1867 866 et

285 898 475 954 absens
524 899 780 966 expulsus
826 908 925 959 est,
992 898 1310 964 instaurari;
1372 914 1428 955 et.
1491 904 1593 956 alia
1652 918 1771 972 quae
1816 904 1866 956 in

286 989 419 1056 ipsis
493 990 662 1057 gestis
740 989 933 1042 similia
985 992 1348 1045 continentur.
1391 992 1669 1057 Quomodo
1739 1008 1870 1063 ergo

292 1096 398 1132 non
429 1080 575 1133 velut
606 1079 824 1133 insanos
866 1096 1118 1136 accusare
1162 1083 1536 1138 convincimur
1569 1085 1750 1139 Patres
1780 1087 1872 1154 qui

287 1171 623 1227 Chalcedona
670 1184 1058 1237 converte-ant,
1099 1175 1142 1228 si
1188 1174 1430 1229 dicamus
1474 1190 1568 1230 eos
1596 1176 1739 1230 illius
1762 1179 1873 1246 epi-

289 1270 438 1326 stola:
469 1269 663 1324 merito
686 1284 846 1337 quam
887 1284 1038 1324 suam
1068 1270 1184 1324 ibas
1226 1281 1530 1339 negaverat,
1560 1280 1612 1326 et
1660 1272 1870 1340 episcov

290 1360 437 1429 patui
464 1368 519 1413 et
568 1359 821 1413 Ecclesiae
852 1361 866 1389 ¹
892 1359 1101 1413 restitui
1144 1359 1456 1426 iudicasse?
1498 1361 1751 1416 Advertat
1781 1378 1876 1416 au.

291 1460 399 1506 tem
442 1452 700 1507 serenitas
753 1460 861 1515 tua,
906 1452 1353 1518 quernadmodum
1382 1467 1446 1507 se
1474 1454 1612 1508 scire
1636 1471 1822 1509 verum
1848 1457 1872 1488 ¹

296 1540 564 1609 prodant,
622 1540 761 1609 quod
811 1540 955 1595 illam
1009 1542 1290 1609 epistolam
1338 1557 1491 1596 suam
1558 1544 1724 1599 fuisse
1771 1562 1877 1600 non

291 1630 570 1698 negaverit
610 1630 728 1685 ibas
767 1630 1067 1698 episcenos.
1106 1632 1364 1687 Dixerunt
1402 1633 1548 1688 enim
1576 1643 1632 1687 et
1683 1636 1783 1688 hoc
1823 1637 1876 1689 in

293 1734 393 1774 suo
453 1721 621 1786 libro,
670 1720 812 1788 quod
867 1720 918 1773 in
977 1734 1176 1786 nostro,
1208 1724 1444 1778 secundo
1499 1726 1876 1782 meminimus:

2038 501 2191 566 obsit,
2221 504 2265 555 si
2302 503 2353 554 in
2386 520 2446 556 ea
2488 502 2704 556 sedeant
2755 502 2844 574 qui
2875 508 2938 557 ab
2975 505 3161 557 lm'resi
3196 508 3550 572 resipuerunt.

2033 616 2182 671 Sane
2198 617 2481 672 videamus
2496 617 2657 687 quale
2672 617 2744 672 sit
2759 618 2923 673 etiam
2945 618 3105 680 illud,
3124 617 3272 686 quod
3294 618 3557 673 similiter

1967 708 2023 765 in
2053 710 2467 765 excusationem
2493 709 2674 779 ipsius
2696 710 2892 779 synodi
2929 726 3031 766 nos
3069 725 3323 765 asserere
3358 710 3557 765 volue-

1970 812 2119 865 runt,
2140 810 2200 855 ut
2220 799 2685 854 ideo‘diceremus
2706 800 3039 854 sententiam
3059 814 3228 868 super
3257 799 3552 875 epistolam

1968 895 2034 949 ad
2056 894 2176 962 ejus
2202 893 2223 923 ⁸
2257 893 2479 948 decreta
2506 892 2731 946 minime
2762 892 3070 961 pertinere,
3090 892 3237 961 quod
3257 890 3415 957 quasi
3434 902 3557 960 post

1970 985 2378 1040 damnationem
2398 985 2658 1054 Eutycbis
2682 992 2849 1053 atque
2873 983 3141 1047 Dioscori,
3167 994 3402 1053 postque
3425 981 3553 1035 fidei

1941 1069 2377 1141 deﬁnitionem,
2409 1071 2924 1144 Theodorus'atque
2966 1076 3087 1129 lbas
3120 1076 3171 1128 in
3203 1076 3444 1128 concilio
3467 1089 3557 1127 se—

1968 1169 2174 1225 derint.
2210 1168 2302 1223 Sic
2316 1172 2462 1223 enim
2489 1171 2570 1224 eis
2603 1170 2656 1223 in
2680 1184 2785 1224 suo
2808 1168 2955 1222 libro
2975 1168 3153 1222 visum
3175 1167 3462 1222 estdicere
3487 1167 3559 1221 de

1970 1260 2790 1317 reverentissimisTheodoreto
2807 1270 2971 1330 atque
2989 1261 3081 1315 lba
3099 1260 3375 1329 episc0pis
3390 1279 3401 1313 :
3417 1260 3560 1327 Quia

1980 1364 2201 1424 propter
2226 1356 2370 1423 quod
2393 1357 2624 1409 accusati
2648 1364 2796 1420 sunt,
2821 1367 2880 1410 ut
2910 1358 3140 1413 Nestorii
3171 1360 3364 1431 dogma
3393 1365 3565 1417 susci-

1982 1447 2213 1515 pientes,
2252 1463 2357 1501 non
2402 1449 2609 1503 evocati
2650 1457 2799 1512 sunt,
2833 1458 2891 1503 ut
2919 1450 3171 1505 sederent
3215 1466 3336 1506 cum
3381 1465 3564 1508 sancta

1982 1538 2209 1610 synodo.
2240 1538 2345 1593 Sed
2383 1550 2728 1607 posteaquam
2756 1539 2824 1593 de
2850 1540 3095 1610 Eutyche
3120 1550 3175 1595 et
3204 1541 3462 1597 Dioscoro
3491 1545 3567 1598 fa-

1984 1643 2130 1685 ctum
2160 1638 2242 1683 est
2266 1629 2547 1698 judicium,
2581 1638 2636 1684 et
2657 1631 2915 1699 disposita
2946 1642 3069 1685 sunt
3097 1648 3128 1686 a
3157 1641 3338 1687 sancta
3360 1636 3566 1706 synodo

1986 1733 2131 1774 recta
2159 1721 2373 1775 Patrum
2411 1722 2722 1789 constituta,
2754 1737 2852 1789 per
2876 1735 2996 1790 quae
3039 1723 3485 1792 adjudicaverunt
3514 1736 3569 1788 et

309 1827 328 1861 ε
371 1811 595 1880 Oportet
654 1811 917 1879 inspicere
976 1810 1042 1864 ad
1093 1811 1278 1867 Marim
1331 1814 1645 1881 epistolam,
1703 1816 1880 1869 omnia
1914 1795 1961 1857 Β
1988 1814 2312 1869 anathemaﬁ
2355 1813 2703 1883 subjecerunt
2751 1815 3057 1871 Nestorium
3100 1826 3156 1872 et
3189 1817 3487 1891 Eutychem
3516 1831 3569 1879 et

294 1907 511 1976 quidem
554 1907 671 1961 sine
702 1906 812 1961 Deo
858 1914 914 1963 et
944 1908 1107 1977 impie
1154 1908 1443 1973 dicentem,
1495 1907 1622 1962 illud
1651 1916 1885 1962 tantum-

290 1998 457 2053 modo
486 1998 858 2055 ostendentem
891 1997 1045 2062 bene,
1080 1998 1202 2066 quia
1242 2012 1310 2051 ex
1341 1997 1432 2050 illo
1456 1996 1767 2053 Theodorus
1791 2010 1884 2066 per

296 2089 570 2144 Orientem
616 2090 667 2143 in
697 2090 942 2144 ecclesiis
972 2089 1450 2149 ansthematiza’tus
1493 2096 1577 2145 eSt
1615 2106 1627 2138 :
1677 2108 1698 2142 ι
1741 2089 1882 2159 quod

304 2196 408 2235 non
432 2180 673 2237 dicereut
700 2181 744 2235 si
774 2180 945 2248 ipsum
970 2180 1253 2248 epistolam
1275 2181 1344 2236 ab
1372 2179 1463 2237 Iba
1481 2181 1765 2236 crederent
1786 2182 1882 2237 deo

300 2279 570 2338 negatam.
603 2270 707 2327 Sed
760 2270 1119 2338 respondeant
1164 2271 1339 2335 nobis,
1382 2273 1536 2338 cujus
1580 2272 1885 2342 testimonio

302 2365 382 2419 usi
425 2374 570 2427 sunt,
603 2365 728 2430 quia
774 2379 839 2419 ex
886 2364 979 2418 illo
1023 2364 1337 2418 Theodorus
1385 2378 1478 2432 per
1508 2364 1780 2419 Orientem
1827 2365 1884 2418 in

288 2455 546 2511 ecclesiis
564 2455 1038 2511 anathematizatus
1059 2464 1141 2509 est
1160 2454 1182 2506 ?
1204 2454 1257 2510 Si
1285 2456 1423 2510 enim
1452 2456 1570 2510 lbas
1588 2471 1741 2510 suam
1762 2470 1886 2511 esse

303 2546 514 2615 negatit
547 2547 691 2600 illam
721 2547 1021 2614 episto‘am,
1060 2556 1115 2600 et
1154 2546 1436 2600 conﬁctam
1467 2548 1728 2602 adversus
1757 2562 1879 2602 eum

300 2638 371 2693 ab
395 2638 796 2694 accusatoribus
840 2638 1048 2705 dicunt,
1089 2640 1207 2694 sine
1253 2638 1583 2694 dubitatione
1634 2641 1780 2695 falsis
1810 2650 1888 2696 te-

304 2732 476 2786 stibus
501 2731 583 2787 usi
614 2741 757 2797 sunt,
790 2731 911 2801 quia
935 2747 1000 2787 ex
1032 2732 1123 2786 illo
1150 2731 1464 2788 Theodorus
1495 2746 1591 2801 per
1615 2732 1885 2789 Orientem

305 2821 359 2877 in
387 2823 631 2878 ecclesiis
655 2822 1138 2878 anathematizatus
1165 2833 1269 2878 est.
1300 2824 1357 2879 Si
1378 2833 1579 2890 autem,
1612 2825 1753 2894 quod
1777 2839 1889 2879 ma-

306 2913 387 2982 gis
415 2911 740 2969 credendum
770 2924 874 2979 est,
905 2914 1173 2982 denegant
1199 2915 1320 2983 quia
1369 2914 1517 2969 falsis
1546 2916 1774 2970 testibus
1804 2916 1887 2971 usi

306 3015 450 3067 sunt,
482 3002 620 3060 scire
648 3019 707 3058 se
756 3006 945 3059 iterum
978 3006 1231 3073 produnt,
1262 3007 1403 3075 quod
1433 3007 1574 3061 illam
1606 3010 1887 3075 epistolam

307 3107 458 3147 suam
492 3093 657 3151 fuisse
681 3093 802 3150 lbas
827 3094 1113 3164 episcopus
1139 3110 1246 3151 non
1276 3098 1505 3167 negavit,
1528 3109 1583 3153 et
1611 3100 1781 3167 ipsam
1797 3116 1885 3171 sy-

307 3185 476 3239 nodus
496 3187 861 3252 pronuntiavit
884 3187 1257 3241 orthodoxam.
1282 3187 1583 3254 Postremo,
1602 3189 1730 3258 quid
1753 3204 1888 3257 opus

313 3286 431 3331 erat
463 3276 766 3343 epistolam,
788 3292 895 3330 non
923 3277 1404 3345 silumprivatam,
1434 3290 1486 3333 et
1512 3280 1578 3333 ad
1602 3281 1887 3350 synodum,

308 3366 445 3422 sicut
467 3367 762 3434 afﬁrmant,
792 3369 1091 3424 nullatenus
1115 3370 1492 3438 pertinentem,
1512 3387 1697 3426 verum
1727 3376 1887 3427 etiam

311 3457 462 3524 cujus
485 3467 673 3514 auctor
697 3468 838 3514 esset
866 3460 1120 3526 incertus,
1150 3461 1469 3516 universalis
1502 3463 1752 3517 Ecclesia:
1789 3480 1891 3518 nu-

311 3564 403 3617 per
431 3551 773 3605 condemnari
802 3553 1065 3606 sententia
1092 3553 1114 3605 ‘i
1145 3552 1192 3606 si
1226 3561 1402 3607 tamen
1429 3555 1696 3608 sententia
1724 3555 1890 3611 fuisse

312 3641 541 3697 dicenda
562 3651 668 3707 est,
691 3642 777 3697 ubi
799 3644 899 3697 sub
928 3644 1151 3712 criptor,
1181 3658 1287 3696 non
1314 3644 1457 3714 quod
1486 3646 1750 3699 sentiebat
1769 3661 1892 3715 ape-

309 3733 435 3797 ruit,
470 3733 565 3787 sed
592 3734 868 3803 exemplar
910 3734 1085 3799 potius
1114 3734 1359 3789 formulae
1411 3736 1513 3789 sibi
1560 3736 1700 3789 data:
1743 3747 1889 3790 tran-

310 3824 547 3891 scripsit.
578 3823 732 3880 Unde
760 3825 841 3878 vel
872 3824 915 3878 si
943 3824 1124 3879 omnia
1168 3841 1287 3895 qua:
1309 3826 1557 3894 superius
1596 3826 1735 3881 dicta
1766 3837 1891 3882 sunt

309 3917 623 3983 defuissent,
664 3917 796 3972 satis
823 3918 1121 3972 indicarent
1146 3933 1213 3972 ex
1242 3918 1358 3972 solo
1384 3918 1506 3973 facti
1534 3918 1700 3988 ipsius
1722 3919 1883 3973 modo

307 4010 452 4063 scire
477 4023 536 4063 se
554 4009 692 4077 quod
712 4008 983 4065 aconcilio
996 4008 1281 4063 universali
1299 4018 1512 4076 recepta
1528 4009 1615 4063 sit.
1636 4010 1887 4079 Alioquin

294 4116 417 4156 non
453 4108 773 4169 quaererent,
794 4100 895 4153 nisi
927 4102 975 4152 iu
1000 4097 1239 4167 ejusdem
1261 4099 1474 4153 concilii
1500 4098 1889 4168 prtejudieium,

309 4200 371 4244 ut
397 4204 516 4243 eam
565 4188 880 4243 universalis
908 4188 1143 4242 Ecclesia
1190 4188 1598 4243 condemnaret.
1634 4188 1888 4244 Desinant

305 4280 487 4349 itaque
512 4279 622 4348 jam
663 4278 896 4332 fautores
941 4278 1335 4343 haereticorum,
1368 4279 1448 4331 vel
1478 4278 1801 4346 deprehensi
1827 4294 1890 4336 ac

290 4370 527 4440 proditi,
564 4381 619 4423 ut
647 4370 801 4424 nobis
847 4369 1092 4432 illudant,
1120 4367 1361 4423 studiose
1388 4368 1408 4398 ³
1429 4369 1631 4437 jactare
1659 4370 1780 4438 quia
1807 4386 1896 4441 sy-

309 4461 483 4515 nodus
514 4475 621 4513 non
648 4460 753 4516 lbte
789 4458 1068 4529 epistolam
1110 4458 1470 4526 pronuntiavit
1495 4459 1888 4515 orthodoxam:

292 4566 383 4611 ne
413 4552 696 4606 videantur
728 4521 838 4605 non.
862 4548 1060 4619 aliquid
1093 4521 1264 4602 oculis
1293 4549 1513 4614 nostris,
1545 4549 1686 4618 quod
1717 4551 1893 4606 medio
1920 4521 1970 4580 D

308 4641 398 4696 die
428 4641 683 4708 vidimus,
713 4640 807 4694 sed
836 4638 983 4708 ipsos
1013 4638 1198 4693 oculos
1227 4636 1418 4706 quibus
1448 4636 1714 4703 videmus,
1740 4638 1894 4695 nobis

309 4732 447 4787 velle
476 4729 662 4785 furari.

909 4860 1134 4917 CAPUT
1188 4861 1276 4915 Ill.

302 4961 458 5028 Quod
484 4961 617 5031 [also
656 4960 834 5012 dicant
858 4957 1238 5031 Theodoretum
1274 4954 1332 5031 in
1363 4954 1579 5031 consilio
1607 4955 1893 5031 Clialcgdo.

377 5023 520 5086 stensi
549 5033 649 5084 nisi
681 5041 795 5099 post
831 5028 1213 5081 damnationem
1266 5023 1515 5094 Eutychis
1558 5034 1709 5096 atque
1756 5029 1894 5083 Dio.

384 5243 407 5271 ⁸
442 5232 869 5303 acclamantibus
896 5230 950 5303 in
982 5225 1193 5303 actione
1233 5222 1403 5303 prima
1432 5229 1718 5303 multarum
1746 5244 1886 5303 Apro.

304 5306 602 5361 vinciamm
623 5302 909 5371 episcopis,
931 5299 1171 5365 jttdicum
1194 5297 1509 5371 auctoritate
1534 5297 1619 5350 vix
1649 5297 1883 5356 obtinuit

312 5363 682 5432 Theodoretus
705 5386 761 5427 ut
787 5363 852 5427 ex
875 5363 1081 5443 synodo
1110 5379 1216 5420 non
1247 5363 1624 5421 exturbaretur
1651 5385 1664 5422 :
1699 5384 1884 5438 postea

388 5580 560 5633 'Cod.
612 5577 837 5644 Veron.,
886 5582 1237 5645 episcopatum
1285 5585 1330 5631 et
1375 5576 1639 5630 ecclesiam
1690 5571 1891 5625 restftui

313 5654 407 5716 ind
430 5664 591 5702 casse.

392 5717 411 5745 ’
440 5720 580 5772 Idem
605 5716 752 5782 cod.,
782 5717 911 5771 scire
934 5718 1135 5772 iterum.

388 5787 410 5819 ³
444 5786 590 5847 idem
620 5786 768 5855 cod.,
793 5787 1054 5843 insidiose.

1914 3157 1961 3225 α

1989 1904 2219 1972 maligna
2272 1918 2458 1957 eorum
2504 1903 2717 1959 decreta
2767 1916 3059 1974 sequentes
3099 1925 3113 1973 ;
3152 1917 3281 1965 tunc
3327 1912 3570 1980 praedicti

1986 1994 2355 2051 Theodoretus
2378 2005 2434 2050 et
2454 1995 2572 2050 lbas
2598 1995 2848 2050 adierunt
2866 2006 3101 2051 sanctam
3129 1999 3416 2067 synodum.
3439 2003 3571 2068 Quis

1985 2086 2207 2155 ignarus
2226 2102 2415 2141 eorum
2439 2102 2559 2157 qua:
2580 2088 2630 2142 in
2660 2088 2751 2142 illa
2777 2088 2984 2160 synodo
3006 2099 3156 2159 gesta
3176 2100 3304 2146 sunt
3327 2094 3572 2150 crederet

1985 2179 2127 2247 quod
2168 2180 2256 2234 isti
2288 2180 2355 2233 de
2392 2194 2551 2233 causa
2582 2181 2789 2247 publica
2818 2189 2874 2235 et
2917 2180 2973 2235 in
3008 2192 3302 2250 conspectu
3325 2184 3565 2241 omnium

1986 2272 2086 2325 sita
2134 2272 2445 2341 contingere
2496 2271 2614 2324 talia
2654 2271 2998 2339 potuissent?
3069 2271 3208 2336 Quid
3246 2275 3421 2343 ergo?
3468 2291 3573 2329 non

1986 2364 2127 2419 sedit
2148 2378 2269 2417 cum
2296 2374 2480 2416 sancte
2512 2363 2719 2432 synodo
2732 2347 3113 2417 ‘Iheodoretus
3133 2365 3445 2434 episcopus,
3470 2362 3573 2421 nisi

1988 2458 2042 2511 in
2072 2457 2282 2511 actione
2311 2466 2523 2521 octava,
2559 2464 2839 2523 postquam
2883 2454 3081 2510 iactum
3125 2464 3211 2510 est
3237 2458 3305 2510 de
3332 2457 3577 2526 Eutyche

1986 2557 2042 2605 et
2073 2548 2331 2601 Dioscoro
2356 2546 2639 2612 judicium,
2683 2555 2742 2601 et
2765 2547 3026 2615 disposita
3057 2556 3183 2602 sunt
3206 2564 3231 2599 ι
3256 2557 3440 2603 sancta
3476 2564 3576 2619 sy-

1989 2641 2130 2696 nodo
2160 2648 2304 2693 recta
2335 2640 2550 2693 Patrum
2578 2640 2913 2695 constituta?
2946 2640 3011 2693 Et
3037 2641 3306 2709 quomodo
3344 2643 3578 2698 refertur

1986 2733 2041 2787 in
2070 2732 2311 2802 ejusdem
2339 2732 2530 2801 synodi
2561 2731 2747 2801 gestis,
2779 2730 2998 2800 quodin
3035 2733 3143 2800 ipsa
3173 2734 3341 2801 prima
3367 2734 3577 2791 actione

1991 2826 2528 2881 Theodoretusiuter
2558 2828 2693 2880 alios
2717 2828 2999 2896 episcopos
3045 2829 3185 2882 sedit
3209 2837 3255 2894 ι,
3293 2832 3577 2887 consulatu

1992 2918 2250 2973 Marciani
2298 2918 2521 2985 Augusti
2546 2959 2561 2983 ,
2588 2933 2685 2972 vm
2724 2919 2845 2973 idus
2886 2919 3133 2974 Octobris
3165 2921 3189 2973 τ
3218 2922 3299 2975 An
3353 2937 3458 2976 non
3504 2923 3578 2979 ibi

1984 3009 2342 3064 continentur
2390 3010 2507 3064 haec
2545 3009 2752 3063 verba?
2794 3028 2814 3062 ε
2861 3008 3243 3065 Gloriosissimi
3270 3012 3481 3080 judices
3524 3018 3578 3071 et

1990 3108 2355 3176 amplissimus
2382 3116 2601 3164 senatus
2630 3107 2881 3161 dixerunt
2909 3124 2923 3161 :
2968 3107 3300 3177 lngrediatur
3328 3124 3579 3165 reveren-

1995 3199 2230 3255 tissimus
2269 3199 2559 3269 episcopus
2586 3197 2981 3264 Theodoretus,
3014 3206 3075 3253 ut
3102 3199 3169 3253 sit
3198 3201 3465 3269 particeps
3493 3216 3582 3272 sy.

1986 3289 2143 3353 nodi,
2185 3289 2307 3358 quia
2334 3297 2393 3345 et
2430 3289 2665 3344 restituit
2709 3289 2757 3343 ei
2801 3290 3172 3358 episcdpatum
3213 3291 3581 3346 sanctissimus

1984 3380 2430 3449 archiepiscopus
2475 3380 2617 3447 Leo,
2663 3388 2718 3434 et
2760 3378 3155 3434 sacratissimus
3200 3394 3262 3433 ac
3313 3381 3583 3449 piissimus

1992 3469 2285 3537 imperator
2316 3471 2495 3523 sanxit
2522 3485 2642 3524 eum
2667 3471 2859 3525 adesse
2899 3478 3101 3524 sancta:
3132 3472 3363 3541 synodo.
3402 3471 3583 3527 Theo--

1992 3562 2211 3616 doretus
2240 3563 2708 3617 reverentissimns
2754 3563 3042 3630 episcopus
3071 3563 3339 3617 transiens
3388 3564 3438 3616 in
3471 3578 3584 3619 me-

1992 3653 2141 3708 dium
2163 3653 2305 3707 dixit
2333 3670 2347 3707 :
2370 3654 2565 3707 Preces
2593 3653 2762 3707 obtuli
2779 3652 3153 3707 sacratissimis
3185 3662 3239 3707 et
3267 3654 3289 3684 ⁵
3319 3651 3584 3707 Christia-

1992 3743 2242 3799 nissimis
2271 3743 2415 3797 orbis
2463 3742 2715 3807 dominis,
2750 3751 2804 3796 et
2852 3742 3062 3796 narravi
3088 3756 3206 3810 quae
3253 3744 3304 3795 iu
3336 3757 3422 3796 me
3465 3753 3584 3799 acta

1994 3841 2127 3889 sunt
2152 3834 2395 3897 vulnera,
2443 3840 2498 3887 et
2524 3847 2716 3901 precor
2746 3833 2841 3886 has
2870 3833 3091 3901 perlegi.
3140 3850 3159 3884 ι
3204 3832 3271 3885 Et
3298 3841 3416 3900 post
3448 3833 3585 3888 hanc

1990 3924 2236 3993 ejusdem
2281 3924 2703 3979 reverentissimi
2755 3923 3079 3979 Theodoreti
3125 3923 3581 3991 prosecutionem,

1995 4017 2482 4087 interloquentibus
2526 4018 2718 4071 iterum
2758 4014 3160 4086 gloriosissimis
3203 4014 3474 4084 judicibus
3522 4028 3585 4068 ac

1994 4121 2212 4177 senatu,
2244 4111 2385 4178 quod
2414 4120 2469 4165 et
2490 4124 2517 4164 a
2548 4110 2890 4164 sanctissimo
2911 4108 3165 4177 episeopo
3196 4106 3408 4176 inclyta!
3436 4106 3584 4160 urbis

1994 4202 2182 4257 Romae
2203 4204 2477 4271 proprium
2502 4202 2676 4256 locum
2702 4201 2996 4270 recepisset
3018 4198 3157 4253 idem
3183 4198 3582 4261 Theodoretus,

1994 4306 2051 4351 et
2088 4295 2456 4350 testimonium
2488 4292 2708 4347 haberet
2737 4289 2953 4344 Maximi
2986 4287 3306 4343 Antiocheni
3347 4286 3583 4355 episcopi

1992 4386 2137 4455 quod
2171 4385 2448 4440 catholica:
2480 4383 2602 4437 ﬁdei
2630 4393 2792 4446 esset,
2823 4380 2963 4435 sicut
2987 4378 3056 4433 ibi
3084 4377 3339 4445 scriptum
3365 4387 3469 4443 est,
3500 4392 3585 4432 se-

1997 4480 2075 4532 dit
2101 4482 2153 4532 iu
2178 4478 2375 4542 medio,
2409 4478 2636 4544 ipsoque
2666 4481 2950 4542 praesente,
2976 4478 3031 4525 et
3056 4470 3197 4526 inter
3222 4470 3357 4525 alios
3379 4470 3585 4539 episco-

1996 4584 2094 4638 pos
2111 4568 2444 4631 considente,
2461 4567 2682 4621 recitata
2703 4574 2827 4618 sunt
2847 4578 2967 4633 quae
2993 4563 3091 4617 sub
3111 4563 3367 4617 Dioscoro
3387 4562 3585 4631 Ephesi

2000 4664 2215 4717 fuerant
2255 4669 2426 4730 gesta.
2456 4660 2698 4726 Cumque
2743 4654 3078 4710 damnandus
3122 4653 3262 4709 idem
3298 4653 3585 4708 Dioscorus

1997 4769 2125 4811 cum
2157 4753 2402 4810 iuvenali
2435 4746 2928 4819 Hierosolymitano
2949 4756 3003 4800 et
3025 4744 3340 4815 quibusdam
3365 4743 3482 4797 aliis
3508 4735 3586 4796 vi;

1997 4848 2236 4911 deretur,
2251 4845 2316 4899 ad
2342 4844 2718 4910 imperatorem
2744 4840 2895 4909 prius
2917 4837 3255 4892 referendum
3274 4849 3394 4889 esse
3415 4834 3583 4887 duxe-

1999 4948 2143 4996 runt.
2196 4936 2329 4991 Illud
2363 4936 2519 5005 plane
2575 4931 2847 4987 fatendum
2889 4938 2995 4994 est,
3042 4927 3184 4998 quod
3216 4926 3333 4980 lbas
3377 4924 3579 4993 episcm

1998 5044 2100 5103 pus
2145 5031 2200 5085 in
2241 5026 2482 5098 synodo,
2518 5038 2625 5080 non
2676 5023 2779 5077 nisi
2832 5029 3111 5090 postquam
3162 5016 3279 5085 ejus
3324 5029 3483 5069 causa
3529 5015 3588 5070 in

1996 5233 2049 5286 in
2093 5246 2303 5286 acuone
2329 5234 2361 5283 8
2392 5244 2573 5300 jn<sus
2622 5238 2706 5281 est
2751 5222 3262 5300 anatiiemadicere
3305 5217 3575 5300 Nestorio,

1994 5314 2155 5371 atque
2195 5303 2265 5355 ita
2295 5288 2533 5355 omnium
2567 5310 2829 5371 Consensu
2862 5292 3116 5347 Ecclesia:
3146 5302 3258 5343 suae
3284 5288 3468 5342 sedem
3492 5302 3584 5342 re-

1998 5369 2158 5443 cepit,
2191 5381 2244 5428 et
2276 5373 2450 5426 locum
2482 5372 2535 5425 in
2560 5369 2784 5440 synodo.

2072 5570 2093 5600 ⁸
2125 5569 2267 5623 idem
2291 5566 2437 5628 cod.,
2460 5582 2612 5634 super
2630 5565 2845 5634 epistola
2876 5560 2981 5619 Ihm
3003 5561 3208 5642 prolata
3229 5555 3297 5609 ad
3318 5570 3450 5679 canus.
3471 5563 3580 5635 etc.

2076 5641 2096 5671 ⁸
2131 5640 2270 5679 lilpm
2328 5637 2447 5679 mni.
2464 5677 2473 5679 μ
2532 5634 2907 5679 snt-rarissimis-
2952 5633 3195 5679 niisstnus
3242 5636 3287 5679 ει
3371 5624 3580 5679 Ιιτωεια-

2076 5641 2096 5671 ⁸
2131 5640 2271 5692 Idem
2328 5624 2476 5702 cod.,
2525 5624 2908 5699 sacratissimis,
2952 5624 3195 5701 piissimis
3242 5636 3287 5679 ct
3329 5624 3580 5679 Christia-

2006 5726 2245 5764 mssums.
