4114 6492
541 321 647 380 639

1650 328 1945 390 FACUNDI
1987 334 2193 391 EPISC.
2239 334 2743 399 iiEiiM‘iANENSiS

3730 357 3849 413 610

548 440 784 507 septima
809 452 865 495 et
890 450 1078 497 octava
1096 443 1338 500 sessione
1360 443 1637 501 “discussa
1665 458 1750 503 est
1778 458 1938 519 atque
1967 449 2134 514 ﬁnita,
2167 450 2217 509 Α
2245 450 2486 520 ejusdem
2519 458 2746 512 actionis
2788 454 3067 511 continent
3113 465 3261 527 gesta
3293 473 3307 511 :
3348 475 3371 509 r
3401 455 3533 513 Cum
3560 460 3843 531 legeretur

545 531 748 589 sederit
775 550 790 588 :
825 551 946 588 nam
975 546 1131 589 antea
1162 535 1406 601 Nonnus,
1438 540 1528 607 qui
1564 554 1661 608 pro
1687 556 1752 596 eo
1783 542 1956 596 fuerat
1985 543 2135 597 ordi-

546 636 741 693 natus,
785 627 836 681 in
868 629 1116 683 omnibus
1160 629 1460 685 actionibus
1500 633 1711 689 sedisse
1752 634 2027 703 reiegitur.
2076 635 2133 689 in

545 726 701 769 sexto
748 717 946 785 quippe
976 732 1256 787 consessu,
1285 719 1408 774 fidei
1437 720 1750 778 definitione
1792 726 2051 793 perfecta,
2083 735 2136 780 et

546 805 615 859 ab
663 808 912 862 omnibus
961 810 1228 878 episcopis
1282 812 1384 865 rite
1430 806 2137 882 subscriptafinterlocmus

549 905 635 949 est
665 896 980 964 imperator,
1005 907 1063 952 ut
1091 900 1293 968 aliquot
1320 901 1512 955 diebus
1534 914 1914 971 exspectarent
1948 920 2136 960 omnes

543 988 804 1056 episcopi,
830 996 887 1042 et
915 990 1135 1057 privatae
1171 1006 1611 1062 quorumcunque
1633 994 1813 1050 causa:
1842 996 2041 1051 ibidem
2074 998 2137 1050 fi-

546 1082 811 1135 uirentur.
845 1082 1131 1152 Postquam
1163 1084 1325 1153 igitur
1356 1087 1406 1139 in
1440 1096 1626 1141 octava
1658 1089 1901 1145 sessione
1939 1107 2135 1160 purga-

544 1178 631 1226 tus
660 1183 744 1226 est
774 1174 915 1228 idem
949 1174 1089 1241 lbas,
1126 1176 1211 1229 his
1246 1192 1366 1244 quae
1391 1178 1498 1245 jam
1530 1179 1744 1235 fuerant
1770 1183 2138 1250 superioribus

543 1265 851 1332 actionilus
901 1267 1121 1321 definita
1163 1267 1519 1337 subscripsit:
1553 1272 1697 1340 quod
1745 1288 1811 1327 ex
1869 1276 2134 1329 sententia

544 1358 720 1412 sancti
772 1360 1004 1412 Anatolii
1045 1358 1628 1430 Constantinopolitani
1682 1367 1945 1435 episcopi,
1975 1382 2134 1436 quam

543 1447 684 1504 inter
709 1450 848 1505 alios
876 1464 1037 1519 super
1070 1453 1236 1520 ipsius
1262 1453 1366 1509 ibte
1396 1469 1556 1509 causa
1589 1456 1641 1510 in
1670 1469 1860 1511 octava
1894 1460 2139 1513 sessione

543 1545 801 1614 protulit,
834 1545 1116 1602 evidenter
1162 1549 1494 1615 ostenditur,
1524 1568 1644 1606 eum
1690 1554 1762 1608 ait
1811 1556 1948 1625 (Act.
1998 1556 2134 1626 l0):

550 1654 570 1688 ι
616 1636 980 1693 iudicantium
1027 1644 1590 1700 reverentissimorum
1624 1649 1905 1703 sententia:
1934 1649 1948 1679 ¹
1983 1649 2139 1705 inuo-

544 1728 689 1784 xium
713 1730 1091 1786 demonstrant
1114 1734 1257 1789 ibam
1295 1737 1792 1792 reverentissimum
1817 1740 1884 1795 ab
1909 1741 1992 1796 his
2019 1757 2139 1811 qum

2240 560 2303 599 ex
2334 546 2523 600 eadem
2566 548 2793 614 epistola
2835 560 2960 616 pars
2989 562 3109 615 qum
3141 547 3214 600 ita
3246 550 3529 603 continet:
3574 551 3843 616 Quamvis

2241 637 2294 691 in
2328 638 2551 693 Domino
2588 639 2717 694 .ii-su
2747 638 2962 694 Christo
2991 638 3087 693 Dei
3118 649 3170 694 et
3201 639 3431 694 hominis
3462 657 3564 695 uua
3599 660 3843 712 persona

2238 730 2326 794 sit,
2357 728 2504 783 aliud
2543 741 2718 785 tamen
2761 738 2843 786 est
2880 732 3021 785 unde
3069 731 3120 784 in
3157 742 3386 801 utroque
3425 736 3725 790 cotutnmiis
3750 746 3843 791 est

2238 822 2591 886 contumci‘a,
2646 824 2791 876 aliud
2839 823 2986 878 unde
3037 823 3340 877 communis
3389 835 3471 878 est
3519 826 3685 896 gloria
3721 845 3734 880 :
3766 829 3841 883 de

2241 920 2424 966 nostro
2451 912 2594 966 enim
2621 914 2693 967 illi
2724 925 2809 969 est
2837 916 3010 967 minor
3034 914 3190 968 Patre
3214 914 3635 979 humanitas;de
3669 918 3842 974 Patre

2244 1001 2320 1056 illi
2354 1011 2438 1056 est
2483 1004 2709 1071 aequalis
2755 1020 2875 1057 cum
2930 1005 3088 1058 Patre
3139 1004 3417 1060 divinitas.
3453 1005 3838 1063 Dubitantibus

2239 1094 2556 1165 iiiyricianis
2582 1106 2634 1151 et
2668 1094 2966 1151 Pairestinis
3013 1098 3475 1153 reverentissimis
3498 1101 3542 1164 ',
3577 1100 3835 1157 Theodo-

2240 1195 2387 1241 retns
2440 1190 2908 1243 reverentissimus
2967 1190 3253 1258 episcopus
3298 1190 3453 1261 Cyrri
3510 1191 3693 1245 dixit:
3740 1193 3842 1248 Est

2240 1276 2401 1331 simul
2432 1278 2739 1344 exemplum
2782 1278 2918 1333 beati
2949 1279 3138 1349 Cyrilii
3172 1280 3241 1332 ita
3288 1278 3511 1346 habens,
3547 1291 3604 1335 et
3633 1280 3839 1337 factum

2242 1365 2537 1435 hominem,
2568 1375 2623 1422 et
2670 1382 2777 1421 non
2806 1368 3141 1423 amittentem
3173 1367 3193 1397 ³
3218 1369 3362 1437 quod
3418 1373 3693 1439 proprium
3723 1381 3836 1428 est.

2242 1455 2553 1510 Permansit
2600 1458 2745 1513 enim
2781 1457 2923 1511 idem
2962 1458 3116 1527 quod
3162 1469 3313 1516 erat:
3357 1460 3676 1529 intelligitur
3702 1479 3839 1517 vero

2240 1546 2458 1601 omnino
2483 1557 2540 1603 et
2564 1548 2708 1602 aliud
2740 1548 2792 1603 in
2823 1550 2932 1603 alio
2960 1549 3102 1618 quod
3156 1551 3394 1619 habitat,
3427 1553 3477 1605 id
3518 1562 3621 1617 est,
3654 1554 3839 1611 divina

2241 1649 2431 1696 natura
2462 1658 2512 1695 ιη
2547 1642 2900 1697 humanitate.
2929 1642 3333 1698 Gloriosissimi
3374 1645 3584 1713 judices
3630 1656 3685 1702 et
3719 1663 3839 1703 am-

2240 1732 2518 1801 plissimus
2538 1743 2757 1787 senatus
2801 1735 3093 1789 dixerunt:
3128 1735 3254 1789 PoSt
3287 1736 3403 1791 inec
3450 1740 3631 1792 omnia
3656 1740 3837 1795 adhuc

544 1820 598 1875 in
618 1835 740 1875 eum
769 1832 1110 1878 accusatores
1136 1826 1426 1881 intulerant
1452 1844 1466 1882 :
1494 1829 1634 1883 unde
1660 1844 1880 1885 omnem
1909 1833 1960 1885 in
1997 1848 2134 1901 prae-

2241 1826 2359 1895 quis
2378 1825 2585 1880 dubitat
2606 1827 2637 1880 τ
2665 1827 3127 1883 Reverentissimi
3159 1830 3400 1901 episcopi
3429 1832 3837 1889 clamat-erunt:

543 1914 684 1969 senti
712 1912 781 1967 de
814 1928 880 1969 eo
914 1916 1277 1984 suspicionem
1308 1919 1528 1987 abjicio,
1561 1922 1815 1988 quoniam
1837 1931 1891 1977 et
1912 1937 2139 1979 causen-

545 2002 610 2056 tit
632 2009 689 2058 et
717 2002 1012 2059 subscribit
1033 2006 1083 2060 ei
1110 2022 1230 2076 qua)
1263 2024 1405 2063 nunc
1430 2009 1499 2063 de
1532 2011 1635 2065 fide
1662 2012 1783 2066 data
1812 2024 1893 2068 est
1916 2023 2137 2071 senten-

545 2093 634 2149 tia:
660 2108 690 2148 a
716 2105 908 2150 sancto
937 2098 1188 2164 concilio,
1219 2109 1273 2155 et
1314 2102 1559 2169 epistolae
1601 2107 1926 2161 sanctissimi
1965 2110 2142 2165 archi-

546 2183 793 2253 episcopi
823 2185 1007 2242 Roma:
1031 2188 1247 2256 Leonis,
1265 2200 1318 2246 et
1344 2192 1562 2260 dignum
1590 2195 1776 2264 judico
1802 2198 2137 2269 episcopatu,

545 2282 599 2328 et
626 2274 825 2331 habere
865 2292 1050 2332 curam
1090 2278 1143 2333 in
1171 2296 1275 2349 qua
1318 2282 1522 2350 pridem
1571 2287 1835 2342 existebat
1868 2290 2131 2347 Ecclesia.

545 2362 621 2417 De
645 2362 833 2419 Nonno
858 2376 1037 2420 autem
1065 2370 1505 2425 reverentissimo
1526 2375 1800 2446 episcOpo,
1829 2379 1916 2446 qui
1960 2379 2137 2437 factus

537 2463 626 2513 est
651 2471 747 2524 pro
779 2472 868 2524 eo,
903 2457 1130 2514 formam
1159 2461 1307 2516 dabit
1348 2463 1610 2520 Maximus
1658 2470 2130 2526 reverentissimus

544 2547 910 2604 Antiocbenus
925 2552 1231 2621 episc0pus.
1248 2571 1266 2606 ι
1287 2552 1419 2609 iiinc
1430 2570 1560 2625 ergo
1573 2557 1853 2626 probatur,
1867 2570 1927 2615 ut
1938 2560 2137 2618 dictum

541 2646 642 2703 est,
661 2640 801 2709 quod
819 2649 941 2710 post
955 2651 1220 2710 octavam,
1238 2644 1290 2699 in
1303 2661 1406 2715 qua
1434 2662 1694 2719 purgatus
1708 2658 1810 2713 est.
1830 2654 2133 2709 sessionem

545 2727 817 2798 prioribus
837 2733 1055 2789 concilii
1086 2735 1471 2807 subscripserit
1495 2740 1749 2809 judicatis
1775 2761 1788 2797 :
1813 2747 1938 2814 quia
1960 2747 2027 2801 de
2049 2747 2142 2802 ilio

541 2828 760 2876 sanctus
773 2823 1051 2880 Anatolius
1064 2827 1115 2880 in
1133 2841 1229 2881 sua
1243 2832 1532 2897 sententia,
1548 2834 1687 2888 sicut
1703 2839 2138 2906 memoravimus,

545 2912 816 2967 consentit
832 2924 887 2968 et
903 2916 1214 2981 subscribit,
1242 2918 1399 2987 dixit,
1434 2937 1538 2977 non
1554 2928 1827 2981 consensit
1845 2938 2004 2997 atque
2018 2933 2142 2987 sub-

545 3004 781 3074 scripsit.
807 3006 922 3061 Non
947 3008 1128 3077 itaque
1148 3022 1358 3066 moveat
1387 3015 1529 3082 quod
1552 3031 1672 3069 cum
1702 3019 1753 3072 in
1776 3022 2144 3089 superioribus

546 3096 849 3152 actionibus
885 3111 1213 3155 memoratus
1247 3102 1366 3158 ibas
1390 3120 1650 3175 nusquam
1682 3108 1887 3180 legatur
1914 3113 2137 3181 sedisse,

2245 1916 2415 1972 Nemo
2445 1918 2675 1973 dubitat.
2725 1938 2743 1971 ι
2790 1919 2916 1975 Ητεε
2941 1921 3125 1976 omnia
3164 1938 3229 1976 ex
3256 1922 3424 1991 ipsius
3453 1927 3642 1994 synodi
3674 1927 3842 1995 gestit

2243 2007 2297 2062 in
2329 2009 2471 2063 hunc
2509 2009 2703 2064 librum
2759 2012 3023 2065 transtuli.
3057 2012 3339 2080 Quomodo
3384 2030 3512 2086 ergo
3543 2016 3747 2072 dicitur
3771 2018 3842 2074 de

2243 2103 2685 2157 reverentissimo
2731 2102 3076 2159 Theodoreto
3124 2107 3380 2176 episcopo
3427 2110 3568 2177 quod
3625 2110 3728 2164 nisi
3789 2111 3843 2169 in

2242 2202 2429 2247 octava
2460 2207 2568 2246 non
2601 2192 2801 2248 sederit
2853 2196 3113 2251 actione?
3144 2196 3201 2251 in
3249 2198 3460 2254 actione
3489 2214 3615 2254 vero
3659 2202 3840 2270 tertia,

2244 2284 2296 2338 in
2327 2298 2429 2350 qua
2459 2283 2749 2338 Dioscorus
2777 2294 2865 2339 est
2900 2285 3205 2353 damnatus,
3228 2303 3349 2356 qua:
3376 2289 3472 2342 fuit
3497 2290 3688 2344 eodem
3711 2307 3841 2347 wn-

2242 2374 2442 2439 suiatu,
2476 2389 2533 2428 ttt
2564 2374 2686 2429 idus
2714 2373 2982 2442 Octobris,
3010 2392 3131 2446 qua:
3160 2379 3324 2434 etiam
3350 2379 3843 2450 absquejudicibns

2244 2479 2307 2519 ac
2339 2476 2532 2520 senatu
2562 2465 2832 2521 celebrata
2863 2475 2967 2534 est,
3013 2476 3068 2522 ct
3096 2469 3285 2539 primae
3328 2470 3615 2539 conjuncta
3668 2475 3719 2527 in
3752 2489 3843 2529 εο-

2245 2556 2456 2611 dicibus
2482 2557 2795 2613 invenitur:
2828 2568 3134 2627 propterea,
3170 2560 3308 2616 sicut
3335 2562 3604 2630 existimo,
3639 2566 3766 2635 quia
3790 2566 3841 2621 in

2245 2648 2463 2702 actione
2488 2649 2662 2717 prima
2686 2649 2956 2716 judicatus
2986 2660 3103 2704 erat
3134 2651 3289 2708 idem
3320 2652 3605 2708 Dioscorus
3632 2656 3842 2724 episco-

2244 2750 2405 2809 patus
2434 2739 2643 2795 honore
2668 2741 2981 2809 privandus,
3015 2752 3072 2797 ut
3102 2743 3218 2813 ejus
3247 2745 3626 2800 condemnatio
3656 2748 3841 2817 proxi-

2246 2846 2333 2886 ma
2353 2841 2705 2901 sequeretur:
2729 2840 2985 2888 caeterum
3009 2849 3115 2888 non
3139 2835 3250 2889 sola
3271 2836 3479 2890 dierum
3499 2840 3840 2907 praenotatio,

2246 2937 2435 2976 verum
2460 2922 2620 2976 etiam
2643 2931 2798 2977 tenor
2825 2924 3060 2992 ipsarum
3088 2927 3385 2992 actionum,
3408 2927 3466 2980 id
3484 2936 3568 2982 est
3588 2929 3842 2985 secunda

2243 3028 2309 3067 ac
2337 3013 2534 3079 tertim,
2558 3028 2683 3067 cum
2709 3012 2920 3083 legitur,
2952 3014 3113 3070 docet
3138 3014 3281 3084 quod
3306 3016 3358 3070 in
3385 3016 3660 3072 codicibus
3682 3018 3841 3073 tertia

2248 3103 2411 3160 fuerit
2436 3106 2687 3159 secundm
2712 3106 3023 3175 praeposita.
3049 3104 3104 3159 in
3129 3120 3232 3174 qua
3259 3107 3412 3162 tertia
3434 3108 3665 3173 actione,
3691 3109 3843 3178 quin-

548 3183 820 3241 invenitur
839 3199 1013 3244 tamen
1032 3192 1082 3246 in
1097 3193 1174 3245 eis
1192 3208 1311 3247 cum
1336 3194 1526 3250 Nonno
1552 3212 1646 3268 pro
1667 3213 1727 3255 se
1740 3201 2135 3273 ordinatojudi-

2254 3196 2566 3266 quagesimo
2593 3204 2649 3249 et
2696 3196 2879 3265 quinto
2907 3196 3047 3261 loco,
3076 3195 3300 3263 Nonno,
3327 3199 3415 3267 qui
3448 3213 3547 3266 pro
3578 3199 3667 3252 lba
3696 3198 3842 3255 ordi~

549 3275 687 3329 catis
713 3278 926 3331 concilii
951 3280 1352 3348 subscripsisse.
1378 3284 1511 3339 Nam
1540 3296 1662 3356 post
1685 3299 1925 3345 octavam
1952 3297 2143 3350 sessio-

547 3379 696 3434 nem,
708 3382 807 3435 qua
826 3380 1078 3436 purgatus
1095 3371 1209 3426 ibas
1221 3374 1468 3443 cpiscopa
1479 3384 1587 3430 tum
1607 3378 1863 3437 Ecclesiae
1879 3399 1989 3439 suae
2002 3400 2145 3440 rece-

550 3459 652 3528 pit,
676 3458 987 3528 pra-dictum
1007 3461 1252 3516 Nounum
1278 3466 1330 3519 in
1352 3467 1469 3521 aliis
1491 3468 1811 3540 actionibus,
1839 3475 2031 3542 quibus
2048 3476 2141 3530 iis-

548 3550 673 3606 dem
690 3552 974 3622 episcopus
996 3552 1113 3609 ibas
1138 3542 1399 3623 interfuit,
1419 3575 1517 3615 nec
1536 3562 1763 3629 sedisse,
1780 3581 1880 3621 nec
1900 3569 2140 3623 subscri-

550 3643 726 3712 psisse
752 3646 1071 3713 repetimus.
1105 3647 1161 3702 in
1184 3651 1418 3706 secunda
1450 3667 1665 3724 quoque
1686 3658 1921 3723 actione,
1945 3675 2063 3729 quae
2084 3663 2137 3716 in

547 3735 824 3790 codicibus
847 3738 1067 3807 quidem
1106 3750 1229 3809 post
1269 3743 1481 3797 tertiam
1512 3745 1787 3813 scribitur,
1818 3748 1918 3803 fuit
1955 3762 2137 3806 autem

544 3825 738 3880 eodem
764 3829 1069 3895 consulatu,
1092 3847 1145 3884 vr
1173 3830 1296 3887 idus
1321 3832 1591 3899 Octobris,
1622 3836 1674 3890 in
1700 3854 1801 3906 qua
1827 3839 1896 3894 de
1925 3846 2139 3899 statutis

547 3913 669 3971 fidei
694 3926 950 3974 tractatus
969 3921 1176 3989 incipit,
1197 3925 1530 3979 centesimus
1552 3935 1606 3980 et
1628 3928 1944 3985 undecimus
1963 3932 2139 3988 Theo-

544 4005 767 4063 doretus
816 4009 977 4063 sedit.
1014 4010 1259 4082 Cumque
1314 4025 1435 4083 post
1481 4017 1858 4074 recitationem
1907 4025 2139 4092 symboii

545 4104 909 4156 trecentorum
932 4102 1121 4159 decem
1144 4114 1200 4161 et
1222 4116 1345 4162 octo
1361 4108 1580 4163 Patrum
1607 4111 1695 4177 qui
1718 4113 1856 4180 apud
1882 4114 2134 4185 Nicaeam,

548 4195 606 4277 ct
648 4198 865 4277 centum
894 4201 950 4247 et
977 4194 1361 4268 quinquaginta
1391 4200 1482 4267 qui
1509 4200 1649 4268 apud
1683 4201 2138 4277 Constantinopo-

543 4274 637 4331 lim
669 4276 907 4346 fuerunt,
942 4292 999 4337 et
1022 4284 1248 4340 duarum
1281 4288 1638 4356 epistularum
1667 4289 1808 4347 beati
1839 4274 2053 4365 Cyrilii,
2082 4298 2135 4354 id

544 4375 630 4423 est
657 4370 722 4424 ad
751 4371 1057 4428 Nestorium
1081 4384 1136 4431 et
1156 4377 1223 4431 ad
1247 4378 1509 4435 Joannem
1529 4381 1946 4453 Antiocbrnuni,
1972 4390 2135 4444 etiam

546 4470 698 4526 papa:
726 4458 921 4514 Leonis
949 4464 1015 4517 ad
1045 4456 1358 4522 Flavianum
1396 4472 1727 4541 relegeretur
1752 4477 2002 4544 epistula,
2036 4479 2137 4535 du-

545 4548 778 4608 bitantes
809 4554 1025 4622 quidam
1051 4558 1119 4613 de
1157 4560 1429 4631 aliquibus
1458 4566 1638 4621 verbis
1670 4567 1839 4636 ipsius
1867 4571 2132 4643 epistolae,

2245 3300 2403 3345 natus
2443 3288 2636 3352 fuerat,
2689 3289 3062 3345 subscribente
3105 3300 3265 3358 atque
3311 3292 3571 3348 dicente:
3617 3294 3841 3351 Nonnus

2244 3382 2526 3451 episcopus
2556 3380 2787 3435 civitatis
2838 3381 3125 3437 Edessena:
3174 3382 3500 3453 subscripsi;
3532 3384 3692 3439 etiam
3726 3386 3843 3455 ipse

2243 3474 2359 3528 ibas
2392 3473 2691 3528 centesimo
2737 3475 3135 3543 septuagesimo
3163 3474 3396 3542 septimo
3420 3475 3558 3542 loco,
3588 3477 3730 3531 sicut
3755 3479 3841 3531 in-

2244 3563 2523 3629 venimus,
2555 3563 2886 3618 damnationi
2927 3564 3045 3632 ejus
3096 3566 3167 3618 ita
3200 3566 3528 3623 subscribit:
3558 3567 3679 3623 ibas
3724 3570 3839 3637 epi-

2242 3669 2439 3724 scopus
2469 3655 2756 3710 Edessena:
2800 3655 3033 3711 civitatis
3058 3657 3387 3727 subscripsi;
3414 3659 3610 3716 deinde
3648 3671 3843 3731 quarto

2242 3762 2523 3810 consessu,
2569 3747 2761 3802 eodem
2809 3748 3108 3814 consulatu,
3158 3759 3309 3804 sexto
3341 3751 3550 3805 decimo
3577 3754 3836 3810 calendas

2242 3838 2594 3905 Novembris,
2627 3840 2980 3896 centesimum
3031 3840 3402 3896 duodecimum
3436 3844 3839 3901 Theodoretutn

2241 3929 2550 3998 episcopum
2579 3930 2807 3996 sedisse,
2840 3941 2894 3986 ct
2912 3946 3073 4001 super
3094 3942 3387 3988 memorata
3408 3936 3635 4003 epistola
3660 3940 3840 3992 sancti

2240 4023 2440 4079 Leonis
2480 4024 2758 4093 trigesimo
2797 4035 2853 4081 et
2881 4034 3072 4081 octavo
3097 4026 3215 4083 ioco
3260 4028 3640 4083 interlocutum
3671 4029 3842 4087 fuisse

2241 4118 2560 4184 reperimus,
2609 4118 2697 4172 ubi
2739 4120 2996 4187 scriptum
3041 4129 3165 4175 est:
3214 4140 3233 4174 ι
3279 4122 3654 4179 'i‘beodoretus
3684 4140 3841 4180 reve~

2241 4210 2585 4265 rentissimus
2613 4211 2899 4280 episcopus
2936 4211 3091 4281 Cyrri
3120 4212 3257 4267 dixit
3285 4231 3299 4266 :
3331 4213 3577 4269 Concinit
3606 4215 3842 4284 epistola

2240 4303 2564 4357 sanctissimi
2597 4304 2830 4372 episcopi
2858 4303 2879 4335 ⁸
2908 4305 3109 4359 domini
3137 4305 3333 4360 Leonis
3356 4306 3477 4363 fidei
3498 4322 3529 4361 a
3558 4311 3767 4364 sanctis
3788 4320 3842 4367 et

2240 4395 2564 4450 beatissimis
2593 4394 2836 4449 Patribus
2866 4396 2918 4450 in
2966 4395 3143 4451 Nicaea
3186 4401 3465 4468 expositas,
3494 4411 3549 4455 et
3595 4402 3842 4471 symbolo

2242 4487 2362 4539 fidei
2393 4487 2444 4540 in
2472 4485 2934 4556 Constantinopoli
2955 4488 3156 4543 dictato
3186 4504 3218 4543 a
3240 4500 3456 4545 centum
3479 4504 3533 4547 et
3567 4494 3838 4562 quinqua-

2240 4576 2407 4647 ginta,
2460 4588 2517 4631 et
2561 4578 2799 4645 epistolis
2850 4578 2990 4632 beati
3046 4579 3259 4650 Cyriiii.
3311 4601 3332 4635 ι
3378 4583 3453 4636 De
3482 4584 3668 4651 quinta
3710 4599 3842 4640 vero

545 4643 689 4711 quod
734 4654 789 4699 et
815 4649 1058 4703 secundo
1097 4650 1234 4706 libro
1266 4653 1379 4721 jam
1429 4655 1699 4721 diximus,
1731 4636 1923 4714 eodem
1957 4636 2136 4719 Theo;
2162 4636 2218 4697 D
2242 4636 2476 4733 actione,
2508 4685 2627 4739 quae
2660 4669 2759 4723 fuit
2780 4670 2969 4725 eodem
3006 4636 3309 4737 consulatu,
3340 4674 3841 4731 undecimocalen-

543 4734 737 4797 doreto
786 4742 1050 4799 rationem
1107 4746 1366 4804 reddente
1416 4749 1613 4804 firmati
1657 4762 1802 4807 sunt.
1852 4753 1943 4811 Sic
1989 4760 2133 4815 enim

614 4950 643 4980 α
663 4942 819 5015 Aliud
848 4952 930 4998 est
967 4945 1155 5015 synodi
1182 4946 1371 5010 sessio,
1403 4946 1547 5001 aliud
1577 4948 1738 5015 actio,
1771 4966 1891 5005 eum
1921 4952 1974 5005 in
2016 4969 2125 5009 uno

541 5012 807 5093 interdum
845 5012 1100 5093 consessu
1149 5016 1639 5093 piu_rc~_caus:e_iei
1680 5012 1920 5093 actiones
1953 5027 2122 5093 eXpii-

540 5085 923 5161 cari_soieant.
971 5085 1027 5138 in
1077 5088 1284 5161 synodo
1330 5086 1755 5161 Chaicedonensi
1799 5106 1890 5145 sex
1943 5085 2127 5161 prima:

542 5154 813 5231 sessiones
860 5170 954 5209 sex
1002 5156 1507 5231 omninoartiones
1560 5162 1857 5227 cootinent,
1905 5154 2128 5231 singula:

541 5225 812 5301 singulas;
840 5236 890 5277 at
920 5226 1091 5280 sessio
1112 5226 1337 5292 septima
1364 5238 1473 5283 tres
1500 5236 1739 5286 actiones
1763 5225 2126 5301 amplectitur,

543 5295 853 5359 septimam,
881 5307 1122 5351 ocnivant
1150 5306 1204 5350 et
1235 5313 1427 5351 nonam
1452 5316 1466 5363 ;
1496 5312 1682 5355 octava
1710 5295 1888 5357 autem
1918 5295 2128 5361 unicun

543 5366 835 5443 actionem,
859 5383 1051 5443 nempe
1078 5370 1359 5443 circuitum.
1391 5371 1624 5436 Denique
1654 5375 1845 5443 synodi
1868 5378 2129 5432 universa:

540 5436 837 5503 sessiones,
869 5437 1001 5502 sive,
1028 5449 1082 5491 ut
1108 5437 1388 5495 Liberatus
1416 5457 1534 5510 cap.
1564 5445 1630 5498 l5
1660 5436 1832 5507 vocat.
1858 5450 2132 5502 secretarii

618 5591 634 5622 '
665 5590 799 5644 Cod.
833 5590 1050 5669 Ycron.,
1075 5592 1431 5669 Judicnntium
1459 5601 1979 5655 revrrentissimarum
2027 5604 2135 5669 epi-

540 5675 809 5731 scoporum
835 5665 978 5737 ﬁdes,
1007 5675 1051 5716 et
1082 5666 1230 5719 lect-'0
1261 5671 1490 5721 omnium
1521 5672 1835 5737 protulerunt
1862 5665 2136 5727 innoxium

541 5743 888 5811 uenienstrunt
910 5733 1088 5811 ibam,
1121 5745 1226 5792 etc.
1279 5739 1435 5794 Paria
1469 5733 1714 5811 leguntur
1753 5752 1857 5800 act.
1909 5745 1973 5797 l0
2003 5755 2135 5800 con-

545 5801 653 5858 ciiii
688 5803 942 5859 Chaiced.

2243 4762 2338 4819 das
2364 4762 2703 4827 Novembris,
2734 4763 2787 4817 in
2821 4779 2921 4835 qua
2952 4764 3099 4833 prius
3126 4767 3392 4836 expositio
3439 4767 3564 4823 fidei
3611 4770 3841 4827 recitata

2234 4957 2384 5013 fuere
2425 4958 2728 5023 duodecim,
2770 4962 3009 5038 actiones
3057 4976 3185 5017 vero
3214 4964 3475 5038 sedecim.
3508 4965 3613 5021 ibas
3671 4969 3836 5038 igitur

2233 5043 2416 5093 causa,
2449 5046 2607 5098 quam
2644 5046 2785 5084 nona
2812 5042 2863 5085 et
2891 5032 3095 5088 decima
3138 5034 3325 5103 synodi
3370 5036 3584 5091 actione
3622 5032 3835 5095 discus-

2236 5115 2551 5178 sam_supra
2602 5105 3035 5178 observavimus,
3068 5116 3213 5178 recte
3260 5118 3291 5178 a
3334 5105 3585 5161 Facundo
3639 5115 3837 5178 partim

2237 5171 2516 5235 septimm,
2552 5173 2742 5238 partim
2800 5184 3006 5227 oetavm
3062 5176 3289 5229 sessioni
3346 5171 3664 5243 ascribitur';
3709 5196 3835 5235 cum

2238 5244 2379 5313 actio
2427 5256 2596 5313 nona,
2632 5253 2690 5294 ut
2732 5243 2932 5297 dictqu
2965 5253 3075 5309 est,
3104 5247 3167 5298 ad
3200 5246 3485 5313 septimani
3529 5251 3834 5308 sessionem

2242 5311 2523 5387 pertineat,
2548 5312 2756 5366 decima
2786 5313 2850 5366 ad
2876 5324 3141 5387 octavam.
3171 5311 3348 5382 Quare
3372 5333 3493 5386 qua:
3524 5322 3679 5386 paulo
3713 5333 3837 5387 post

2239 5397 2308 5434 ex
2353 5384 2597 5455 sessione
2626 5396 2812 5437 octava
2847 5385 3218 5452 proferuntur,
3253 5388 3303 5440 in
3358 5384 3569 5445 actione
3621 5384 3837 5455 decima

2241 5454 2601 5521 reperiuntur.

2315 5612 2335 5687 ξ
2367 5610 2511 5687 idem
2536 5610 2682 5687 cod,
2715 5614 3130 5668 reuerentissimi:
3158 5615 3430 5687 cpismpis.

2313 5680 2334 5712 ⁸
2366 5681 2505 5735 idem
2530 5684 2677 5746 Ctld.,
2702 5697 2999 5738 mu'antrm.

2313 5751 2333 5781 ⁸
2362 5754 2504 5807 idem
2535 5754 2678 5823 cod.,
2721 5755 3110 5824 archiepiscopi.
