4114 6498
251 308 350 366 641

1208 320 1341 376 uno
1383 286 2064 376 osseasroxs'rmun
2102 318 2421 375 CAPITUL.
2458 319 2581 374 un.
2622 320 2683 375 v.

3441 314 3545 372 642

243 444 330 490 est
357 441 520 503 atque
543 429 609 484 ad
642 443 1017 500 ιειηκ-Γειιοιιαιη
1070 433 1257 498 relata,
1294 446 1347 488 ut
1389 448 1570 502 postea
1602 434 1834 489 subscri-
1866 441 1913 494 Α
1941 439 2118 484 ccant.
2180 430 2378 485 Verum
2419 440 2545 499 est,
2621 448 2726 488 non
2783 433 3083 491 interfuerit
3136 438 3532 511 Tbeodoretus,

247 525 518 595 ptinnibus
546 525 788 579 omnium
841 525 1165 591 firmaretur,
1212 528 1343 581 nihil
1375 528 1603 596 probare
1645 541 1834 594 possu-

244 631 400 672 mus:
427 617 551 687 quia
581 624 637 671 et
666 617 993 685 subscriptio
1033 617 1196 673 dilata
1244 628 1347 681 est,
1379 618 1830 688 quemadmodum

247 707 381 771 dixi,
411 718 467 764 et
496 708 551 762 in
581 709 693 777 ipsa
724 709 1001 774 relatione,
1035 726 1136 779 qua
1165 721 1412 767 narratur
1433 711 1626 779 quibus
1649 711 1829 766 consi-

248 798 500 855 dentibus
518 799 706 855 eadem
732 802 997 869 expositio
1023 802 1145 857 fidei
1176 804 1371 858 refecta
1389 812 1491 867 est,
1521 804 1833 858 denomina-

247 891 318 946 tis
352 889 424 945 ibi
458 890 644 960 legatis
675 890 929 946 Romanis
958 902 1011 947 et
1050 893 1169 947 aliis
1216 893 1594 964 quinquaginta
1623 893 1831 949 duobus

243 981 534 1050 epis00pis,
561 981 787 1047 dicitur,
820 980 1238 1038 Considentibus
1268 985 1372 1039 illis
1400 996 1454 1038 et
1476 986 1677 1054 reliqua
1708 1000 1832 1039 sau-

242 1082 330 1127 cta
350 1082 405 1126 et
435 1071 725 1126 universali
744 1073 971 1143 synodo,
1006 1083 1212 1129 tacetur
1231 1086 1409 1130 autem
1438 1077 1504 1131 de
1526 1077 1831 1131 nominibus

242 1173 588 1219 cancrorum.
620 1164 673 1219 In
707 1166 918 1220 actione
950 1181 1075 1221 vero
1100 1179 1275 1233 sexta,
1304 1168 1494 1223 eodem
1524 1169 1829 1235 consulatu,

245 1271 339 1310 vnt
392 1256 643 1311 calendas
671 1257 1008 1324 Not'embris,
1045 1261 1095 1312 in
1128 1276 1229 1329 qua
1266 1275 1497 1329 prmsens
1527 1261 1621 1315 fuit
1650 1271 1704 1317 et
1733 1263 1833 1317 im-

245 1356 484 1415 perator,
527 1357 581 1402 et
611 1363 798 1403 omnes
842 1346 1138 1404 definitioni
1194 1351 1314 1405 fidei
1356 1352 1831 1419 subst'ripserunt,

246 1440 763 1494 anathematizantes
792 1440 1095 1496 Nestorium
1138 1452 1193 1499 et
1224 1444 1517 1514 Eutycbem
1547 1454 1604 1500 et
1640 1460 1833 1501 omnes

242 1531 516 1584 contraria
547 1531 883 1599 sentientes,
911 1532 1179 1589 invenitur
1208 1535 1425 1589 Nonnus
1459 1536 1667 1591 sedisse
1692 1537 1835 1607 vige—

246 1622 415 1677 simus
468 1631 710 1688 octavus,
753 1626 1142 1695 subscripsisse
1184 1638 1361 1681 autem
1392 1627 1699 1699 trigesimus
1728 1630 1834 1698 pri-

246 1728 365 1767 ιιιιιπ
398 1711 497 1766 hor
530 1714 689 1769 modo
716 1733 727 1767 :
758 1715 978 1770 Nonnus
1000 1718 1283 1787 episc0pus
1313 1719 1599 1775 Edessena:
1630 1728 1833 1775 metro-

1938 526 2091 579 sicut
2124 540 2225 579 nec
2264 525 2403 591 lbas,
2458 524 2919 583 Chalcedonensis
2947 530 3245 587 definitioni
3279 537 3532 602 concilii;

1939 614 2181 669 bmccine
2231 615 2460 670 dicenda
2505 628 2680 681 erant,
2715 627 2774 673 ut
2817 621 3226 679 ostenderemus
3253 627 3533 695 epistolam

1943 706 2272 761 venerabilis
2303 707 2431 773 lbm,
2476 722 2581 762 non
2609 709 2673 762 ad
2697 709 2913 766 decreta
2959 714 3125 782 ipsius
3168 717 3378 772 concilii
3408 735 3536 788 per-

1935 798 2130 863 tinere,
2164 798 2286 868 quia
2337 808 2455 868 post
2508 799 2628 855 fidei
2676 800 3046 859 definitionem
3078 806 3145 861 de
3191 805 3280 861 illa
3319 807 3536 879 judica-

1937 894 2048 942 tum
2093 888 2220 942 est?
2267 888 2356 943 Sic
2383 888 2547 958 igitur
2572 892 2734 945 etiam
2779 907 3015 949 canones
3040 896 3421 954 ecclesiastica:
3450 900 3538 957 dl-

1934 978 2194 1048 scipliuze,
2250 979 2337 1047 qui
2379 979 2585 1035 utiliter
2631 980 2702 1035 ibi
2758 991 2885 1037 sunt
2935 994 3057 1053 post
3103 986 3531 1044 definitionem‘

1936 1070 2237 1137 constituti,
2286 1084 2395 1124 non
2448 1070 2513 1126 ad
2563 1072 2809 1127 eamdem
2840 1076 3102 1145 synodum
3135 1079 3403 1147 pertinere
3454 1080 3537 1137 di-

1936 1170 2145 1217 centur.
2180 1162 2244 1216 Et
2285 1161 2489 1216 utinam
2519 1163 2785 1219 docerent
2827 1168 2910 1221 cui
2943 1168 3153 1238 synodo
3184 1171 3306 1225 illos
3336 1171 3536 1227 debea-

1937 1269 2056 1308 mus
2099 1255 2386 1321 ascribere,
2436 1256 2483 1311 si
2531 1272 2594 1310 ea
2625 1272 2798 1324 qutea
2827 1259 3256 1316 Chalcedonensi
3303 1264 3536 1319 concilio

1937 1356 2088 1413 gesta
2118 1357 2262 1415 sunt,
2289 1349 2745 1404 Chalcedonensis
2773 1353 2990 1407 cuncilii
3019 1368 3122 1408 non
3154 1364 3297 1409 sunt.
3334 1356 3536 1414 Deinde

1936 1440 2208 1509 quomodo
2236 1442 2537 1504 contraria,
2569 1450 2625 1495 et
2665 1444 2951 1511 semetipsa
2998 1444 3311 1503 destruente
3359 1462 3537 1504 asser-

1938 1531 2105 1594 tione,
2138 1530 2227 1583 illa
2259 1531 2499 1600 synodos
2528 1534 2856 1588 excusetur?
2904 1535 3033 1588 Nam
3065 1537 3155 1606 qui
3186 1552 3283 1592 nos
3334 1540 3386 1593 in
3417 1540 3535 1609 ejus

1939 1624 2308 1689 purgationem
2339 1624 2624 1677 voluerunt
2651 1624 2852 1692 dicere,
2902 1626 3045 1694 quod
3076 1643 3237 1683 nemo
3265 1632 3535 1699 respicere

1938 1710 2137 1765 debeat
2162 1727 2226 1765 ea
2255 1726 2377 1781 quae
2398 1720 2523 1766 ante
2551 1710 2847 1782 perfectum
2873 1716 3132 1784 judicium
3162 1733 3192 1771 a
3215 1719 3535 1788 quibusdam

243 1805 385 1873 polis
427 1803 691 1860 definiens
737 1808 1048 1877 subscripsi.
1094 1808 1209 1865 lbas
1252 1814 1437 1877 etiam,
1470 1815 1734 1881 quamvis,
1778 1823 1836 1867 ut
1872 1834 1912 1890 Β
1941 1800 2160 1856 Ῐυηίιθη
2188 1802 2329 1857 diem
2352 1814 2493 1868 sum,
2549 1804 2644 1858 sed
2670 1820 2787 1873 qua!
2818 1805 2874 1859 in
2931 1808 3118 1865 ultimo
3156 1810 3347 1865 Ordine
3395 1811 3535 1866 defi-

244 1893 502 1961 diximus,
534 1896 740 1952 st‘disse
768 1915 873 1953 non
897 1901 1187 1969 relegatur,
1212 1902 1480 1957 invenitur
1512 1914 1687 1958 tamen
1715 1905 1836 1960 sub-

251 1991 535 2059 scripsisse
568 1993 944 2062 nonagesinms
976 1996 1028 2048 in
1062 1995 1142 2049 bis
1171 1996 1383 2050 verbis:
1413 1997 1529 2051 lbas
1554 1999 1837 2067 episcopus

248 2081 553 2137 lidessenus
583 2082 850 2138 definiens
898 2086 1209 2155 subscripsi.
1246 2086 1349 2143 Sed
1387 2094 1441 2141 et
1468 2087 1837 2143 Theodoretns

245 2172 574 2226 centesimus
629 2175 891 2241 septimus
946 2175 1169 2239 sedisse,
1223 2176 1609 2245 subscripsisse
1656 2186 1834 2231 autem

248 2260 579 2316 centesimus
609 2272 663 2316 et
713 2264 1016 2333 trigesimus
1047 2268 1236 2319 tertius
1281 2266 1333 2318 in
1376 2266 1580 2322 eisdem
1611 2269 1791 2321 verbis
1821 2286 1834 2321 :

246 2353 617 2410 'Ibcodoretus
646 2356 802 2425 Cyrri
835 2365 862 2393 ι
888 2356 1153 2411 definiens
1201 2357 1517 2425 subscripsi.
1559 2359 1839 2425 Quomodo

245 2444 408 2514 igitur
459 2445 714 2500 adversus
764 2454 964 2500 tantam
1014 2462 1191 2502 rerum
1234 2448 1555 2503 evidentiam
1601 2450 1838 2505 fautores

245 2534 625 2591 haereticorum
656 2539 869 2593 mentiri
908 2554 1011 2592 non
1063 2540 1269 2608 puduit,
1298 2550 1356 2595 ut
1398 2541 1641 2597 dicerent
1669 2543 1840 2598 Theo-

244 2626 493 2682 doretum
541 2630 874 2699 episcopum,
904 2631 1002 2685 nisi
1034 2642 1153 2701 post
1181 2631 1547 2688 definitionem
1579 2632 1703 2687 fidei
1732 2649 1838 2688 non

244 2719 558 2777 interfuisse
586 2721 855 2777 concilio?
889 2723 953 2777 Et
982 2731 1159 2779 tamen
1204 2723 1381 2779 adhuc
1420 2727 1644 2795 exigunt
1678 2724 1732 2779 in
1761 2733 1841 2779 tot

244 2809 567 2867 falsitatibus
611 2812 965 2882 deprehensi,
1013 2824 1072 2870 ut
1116 2830 1304 2871 eorum
1351 2816 1658 2871 testimonio
1699 2831 1840 2871 nunc

244 2904 641 2959 condemnetur
664 2906 912 2974 epistola,
944 2922 1102 2975 quam
1130 2916 1257 2961 ante
1297 2918 1510 2962 centum
1542 2908 1710 2964 feru'ie
1744 2923 1840 2963 au-

243 3008 348 3047 nos
375 2995 692 3049 universalis
722 2997 958 3066 synodus
996 2997 1331 3066 approbavit.
1366 2998 1497 3064 Quis
1526 2999 1673 3052 dabit
1700 2999 1843 3069 judi-

243 3087 395 3142 cium
443 3087 668 3156 justum,
702 3098 755 3142 et
799 3104 905 3144 non
937 3089 1039 3158 ipsi
1090 3091 1263 3159 potius
1312 3090 1709 3146 damnabuntur
1752 3091 1840 3159 qui

1939 1894 2076 1956 uita;
2108 1893 2210 1961 ipsi
2235 1902 2421 1947 contra
2446 1908 2588 1947 nunc
2619 1896 2639 1924 ³
2676 1895 2907 1948 suadent
2930 1906 2988 1950 ut
3018 1912 3113 1967 per
3140 1898 3243 1954 hoc
3271 1902 3535 1971 synodum

1938 1984 2312 2051 defendamus,
2359 1986 2481 2056 quia
2512 1996 2633 2055 post
2661 1987 3031 2043 definitionem
3063 1990 3132 2045 de
3189 1992 3280 2045 illa
3322 1994 3392 2048 sit
3420 1996 3532 2065 epi-

1938 2077 2076 2132 stola
2127 2078 2452 2149 judicatum,
2502 2088 2559 2133 ut
2610 2094 2708 2135 nos
2749 2089 2973 2149 postea,
3044 2098 3149 2139 non
3197 2093 3404 2141 tantum
3458 2089 3536 2147 rei

1938 2171 2268 2235 ostensione,
2324 2184 2509 2223 verum
2562 2171 2724 2224 etiam
2779 2172 2947 2239 ipsius
2994 2184 3191 2229 nostra:
3218 2177 3535 2234 assertionis

1938 2260 2321 2316 contrarietate
2346 2262 2685 2315 convincant.
2722 2263 2789 2315 At
2812 2278 2916 2317 non
2948 2265 3017 2318 ita
3048 2280 3147 2321 nos
3178 2269 3316 2322 ratio
3346 2270 3531 2327 deficit

1939 2350 2004 2404 ad
2057 2351 2451 2406 defendendam
2510 2352 2775 2422 synodum
2831 2369 2993 2423 super
3022 2355 3129 2411 Iba
3176 2360 3424 2427 epistola,
3480 2368 3537 2415 ut

1936 2441 2065 2497 inde
2095 2442 2241 2496 illam
2280 2454 2467 2498 contra
2508 2443 2968 2514 Eutycbianorum
3015 2448 3313 2504 calumnias
3359 2452 3533 2529 inapi-

1942 2540 2025 2587 ter
2068 2538 2310 2589 excusari
2336 2534 2582 2599 velimus,
2617 2536 2758 2590 unde
2783 2544 2968 2591 contra
3000 2538 3341 2597 Nestorianos
3368 2556 3533 2598 excu-

1940 2625 2052 2677 sari
2087 2638 2195 2678 non
2229 2624 2420 2704 valeat.
2455 2626 2585 2679 Nam
2608 2626 2653 2680 si
2677 2627 2748 2680 ob
2774 2628 2876 2683 hoc
2898 2630 3138 2685 definitio
3167 2632 3290 2687 fidei
3332 2650 3451 2704 qure
3474 2636 3531 2691 in

1942 2713 2031 2767 illa
2053 2714 2258 2785 synodo
2287 2696 2427 2769 facta
2452 2726 2556 2783 est,
2594 2727 2783 2772 contra
2836 2719 3295 2791 Eutycbianorum
3322 2696 3531 2779 calum-

1944 2804 2060 2858 nias
2089 2804 2428 2871 defendatur,
2453 2808 2579 2877 quia
2610 2818 2829 2876 propter
2857 2812 2999 2880 quod
3032 2818 3265 2869 accusati
3318 2817 3531 2875 fuerant

1943 2894 2315 2952 Theodoretus
2337 2909 2391 2952 et
2412 2899 2548 2963 ibas,
2582 2908 2638 2953 ut
2663 2899 2900 2955 Nestorii
2922 2901 3116 2973 dogma
3148 2906 3529 2975 suscipientes,

1946 3004 2054 3042 non
2074 2990 2282 3044 evocati
2300 2999 2493 3045 suntut
2514 3002 2638 3047 ante
2659 2994 2912 3050 sederent
2928 3010 3049 3050 cum
3079 3008 3262 3053 sancta
3288 3001 3497 3071 synodo
3516 3020 3530 3058 :

1946 3078 2015 3133 ob
2062 3078 2166 3134 hoc
2220 3090 2410 3135 contra
2460 3082 2901 3141 Nestorianorum
2957 3089 3256 3145 calumnias
3317 3092 3533 3153 defendi

245 3179 376 3234 talia
428 3179 848 3234 confinxerunt?
890 3180 998 3234 Aut
1040 3180 1309 3250 quomodo
1354 3182 1706 3239 admittentur
1753 3183 1835 3238 vel
1862 3217 1909 3278 Ο
1948 3191 2054 3231 non
2085 3179 2460 3248 poteril,Quod
2476 3179 2757 3233 Anatolius
2775 3179 3420 3252 Constantinopolitanus,
3438 3185 3529 3257 qui

245 3271 491 3326 attestari
531 3271 615 3327 vel
667 3286 923 3328 accusare
970 3286 1291 3342 quemquam
1344 3283 1534 3328 contra
1588 3285 1837 3343 paternos

239 3375 503 3421 eauones,
536 3376 672 3431 quos
722 3365 772 3416 in
821 3364 983 3418 tantis
1032 3363 1403 3417 convincimus
1452 3379 1570 3419 esse
1617 3367 1837 3421 menda-

246 3453 385 3505 ces?
411 3452 478 3507 Et
505 3452 549 3505 si
576 3452 696 3521 quis
734 3452 969 3506 noluerit
1001 3454 1191 3507 talibus
1219 3452 1465 3507 assentiri
1516 3454 1829 3520 mendaciis,

247 3544 541 3600 haereticus
569 3543 885 3613 appellatur,
918 3553 1166 3614 tanquam
1198 3544 1569 3601 ltzereticornm
1598 3547 1665 3600 sit
1693 3548 1834 3603 nolle

246 3638 487 3692 mentiri.
524 3637 618 3692 His
658 3652 817 3703 porro
859 3637 1179 3693 falsitatibus
1224 3639 1647 3705 subscribentea,
1686 3648 1739 3695 et
1779 3642 1832 3696 in

248 3731 452 3787 talibus
496 3731 886 3786 constituentes
916 3731 1280 3787 defensionem
1330 3732 1552 3804 synodi,
1585 3734 1711 3803 quid
1740 3748 1839 3803 pro

248 3825 343 3881 illa
390 3826 682 3895 poterimus
735 3825 1080 3896 Eulycbianis
1112 3828 1454 3895 respondere,
1505 3842 1625 3881 cum
1667 3828 1839 3881 mani-

244 3919 389 3973 festa
434 3933 536 3973 nos
581 3918 805 3974 veritate
845 3918 1224 3974 convicerinti
1253 3923 1358 3974 Ant
1399 3931 1594 3990 quanta
1650 3935 1840 3975 neces-

246 4011 412 4065 sitate
460 4011 758 4066 videbimur
804 4012 869 4065 ad
913 4012 1033 4065 talia
1080 4011 1390 4080 confugisse
1435 4013 1751 4079 mendacia,
1785 4013 1837 4067 in

246 4106 445 4173 quibus
513 4104 711 4159 latendi
774 4105 952 4160 nullus
1013 4114 1097 4160 est
1147 4107 1335 4172 locus,
1393 4116 1643 4175 tanquam
1707 4107 1837 4160 nihil

248 4197 573 4252 remanserit
593 4196 735 4266 quod
766 4212 867 4267 pro
895 4197 1084 4253 eadem
1114 4211 1297 4252 sancta
1340 4199 1546 4268 synodo
1575 4199 1841 4253 veraciter

250 4287 581 4357 respondere
611 4288 924 4358 possimus?
953 4288 1069 4343 Non
1093 4304 1221 4359 ergo
1244 4290 1399 4344 nobis
1446 4291 1842 4358 persuadebunt

249 4385 344 4452 qui
376 4381 830 4452 Eutychianorum
862 4381 1160 4437 calumnias
1189 4382 1517 4437 simulatorie
1545 4382 1842 4438 refellendo

249 4473 639 4541 corroborant,
685 4482 742 4527 ut
786 4473 1030 4527 dicamus
1069 4474 1211 4543 quod
1262 4490 1364 4529 non
1409 4486 1531 4529 ante
1578 4475 1840 4545 synodum

1940 3278 2067 3324 ante
2088 3269 2480 3324 Antiochenum
2504 3272 2736 3340 priorem
2767 3271 2877 3325 illic
2896 3271 3002 3326 sibi
3033 3273 3211 3328 locum
3241 3288 3532 3345 usurpaveo

1939 3368 2044 3423 rat,
2093 3371 2148 3414 et
2175 3362 2289 3429 ipse
2319 3362 2580 3415 Maximus
2612 3362 3005 3431 Autiochenus,
3032 3375 3089 3420 et
3109 3364 3382 3423 iuvenalis
3410 3367 3535 3424 Ilie-

1940 3454 2362 3524 rosolymitanus
2387 3454 2461 3509 ibi
2487 3454 2762 3523 sederunt,
2779 3455 2871 3524 qui
2895 3456 2979 3511 vel
3000 3457 3251 3527 dogmate
3277 3461 3357 3514 vel
3388 3475 3535 3515 com-

1939 3548 2197 3603 munione
2223 3547 2682 3618 Eutychianorum
2716 3548 2904 3617 polluti
2935 3558 3060 3604 ante
3104 3550 3344 3606 fuerant.
3395 3552 3531 3608 Nam

1946 3647 2002 3695 et
2027 3638 2356 3694 venerabilis
2382 3637 2684 3704 Anatolius,
2717 3637 2891 3709 ejecto
2921 3654 3018 3708 pro
3046 3654 3171 3694 vera
3198 3641 3305 3696 fide
3326 3642 3394 3697 ab
3426 3642 3537 3697 En-

1945 3733 2211 3807 tychianis
2256 3735 2411 3787 beato
2442 3731 2718 3798 Flaviano,
2748 3740 2803 3788 et
2834 3740 3053 3787 sanctus
3079 3733 3339 3788 Maximus
3384 3736 3536 3790 simi-

1947 3831 2069 3886 liter
2089 3845 2187 3900 pro
2213 3830 2422 3884 Domno
2463 3830 2718 3899 episcopo
2754 3829 2822 3884 ab
2848 3829 2929 3884 eis
2960 3827 3132 3884 fuerat
3154 3828 3451 3895 ordinatus,
3483 3839 3541 3886 et

1944 3921 2220 3977 Juveualis
2258 3922 2309 3976 in
2342 3922 2515 3991 ipsum
2560 3921 2756 3991 dogma
2808 3919 3201 3993 Eutychianum
3246 3922 3445 3992 lapsus,
3468 3923 3534 3979 ab

1950 4016 2185 4071 Ecclesia
2208 4025 2321 4070 erat
2342 4017 2630 4071 exclusus:
2671 4014 2813 4084 quod
2835 4024 2888 4069 et
2913 4014 3107 4070 littera:
3136 4014 3276 4070 beati
3326 4014 3527 4071 Leonis

1946 4108 2253 4162 etaliornm
2301 4110 2627 4173 scriptorum
2669 4116 3014 4161 monumenta
3067 4107 3364 4162 declarant.
3411 4107 3532 4163 Non

1946 4214 2074 4268 ergo
2105 4199 2180 4252 sic
2207 4199 2434 4252 velimus
2458 4197 2577 4252 fidei
2604 4213 2723 4267 quae
2745 4198 2797 4250 in
2831 4197 2919 4250 illa
2952 4196 3159 4268 synodo
3187 4196 3395 4252 firmata
3428 4207 3536 4267 est,

1948 4292 2239 4346 constituta
2270 4290 2580 4354 defendere,
2614 4298 2671 4342 ut
2694 4303 2755 4343 ea
2784 4289 3028 4343 dicamus
3058 4302 3178 4358 qua:
3206 4303 3304 4344 nos
3324 4288 3539 4359 quidem

1950 4384 2084 4437 nihil
2137 4391 2323 4436 contra
2371 4380 2758 4449 Eutychianos,
2810 4379 2903 4435 sed
2960 4378 3309 4435 Nestorianos
3356 4389 3540 4437 contra

1951 4473 2247 4528 Ecclesium
2294 4473 2579 4542 plurimum
2624 4470 2836 4541 juvant.
2890 4472 3141 4540 Nunquid
3174 4487 3303 4526 vero
3333 4481 3538 4527 tantum

252 4565 529 4634 ingressus
595 4572 681 4617 est
726 4563 1121 4630 Theodoretus,
1183 4580 1342 4634 quam
1388 4565 1457 4619 de
1496 4566 1647 4636 Euty.
1674 4567 1740 4620 he
1788 4577 1842 4622 et
1872 4583 1925 4644 D
1956 4563 2135 4618 valere
2161 4570 2404 4632 possunt,
2437 4561 2502 4615 ad
2528 4560 2890 4615 inclinandum
2944 4558 2998 4613 in
3038 4575 3189 4615 suam
3223 4562 3540 4615 sententiam

252 4655 514 4709 Dioscoro
540 4655 733 4709 factum
780 4666 863 4709 est
902 4655 1179 4725 judicium,
1224 4667 1275 4710 et
1306 4657 1566 4723 eapositio
1588 4657 1711 4712 fidei
1737 4667 1843 4712 ter-

252 4749 476 4804 minata.
510 4748 633 4802 Ha-c
656 4750 798 4802 enim
825 4749 870 4803 si
894 4765 1013 4803 cum
1041 4750 1146 4803 illis
1175 4751 1435 4813 dicamus,
1469 4752 1652 4821 procul
1676 4752 1840 4807 dubio

251 4841 644 4906 convincimur,
692 4858 792 4897 nec
820 4843 1082 4897 evitamus
1114 4842 1488 4897 haereticorum
1519 4844 1838 4910 calumnias,

250 4935 351 4992 sed
393 4934 564 5004 magis
593 4936 869 5003 magisque
900 4934 1189 4988 firmamus.
1242 4935 1427 4991 Sciant
1461 4951 1592 5005 ergo
1637 4952 1733 4989 nos
1764 4937 1842 4989 in-

252 5027 517 5094 telfégere,
546 5025 637 5094 qui
678 5026 832 5078 nobis
863 5023 985 5078 talia
1020 5026 1341 5093 persuadere
1387 5027 1645 5091 ni'untttr,
1701 5026 1842 5095 quod

251 5117 416 5173 nimis
442 5116 776 5173 familiariter
817 5117 1119 5172 inimicitias
1164 5132 1284 5171 cmn
1314 5116 1659 5187 Eutycbianis
1685 5134 1843 5172 exer-

327 5290 354 5358 f
387 5280 442 5335 in
468 5284 600 5358 aclis
617 5281 813 5358 synodi
833 5280 1161 5358 ρεοᾷὡρητος
1180 5279 1456 5358 iniustam;
1479 5282 1638 5358 Κύρου
1661 5281 1839 5358 opina;

252 5353 556 5426 ῥπέγρᾳψκ.
612 5352 783 5426 Syria:
800 5352 1212 5426 -Euphr'atesiae
1250 5353 1457 5415 urbem,
1490 5352 1572 5405 c-ui
1611 5352 1841 5426 praefuit

253 5421 666 5498 :Ihtf'odoretus,
682 5424 768 5477 alii
791 5421 1267 5498 Cyrrhumaup‘n'ov
1288 5432 1501 5498 vocant,
1527 5431 1585 5475 ut
1609 5422 1835 5498 Plinius,

252 5494 603 5570 Ριοιιειξιεισιιεἱ
629 5494 964 5570 Stephanus;
997 5495 1086 5547 alii
1129 5493 1328 5570 Cyrum
1362 5495 1535 5570 stipes,
1569 5493 1840 5570 quomodo

254 5568 397 5633 apud
420 5564 817 5619 Theodoretum
843 5566 1014 5630 ipsum
1033 5563 1250 5632 passiiu,
1275 5563 1590 5631 Procopium
1608 5564 1675 5617 de
1689 5564 1837 5617 Aidi-

259 5637 415 5700 ficiis,
449 5646 502 5689 et
547 5636 849 5690 Hieroclem
880 5636 932 5689 in
963 5637 1319 5707 Synecdemo,
1354 5635 1441 5687 ubi
1473 5635 1589 5703 ejus
1622 5640 1839 5707 provin-

256 5708 355 5761 cia:
384 5709 543 5761 urbes
574 5716 945 5770 recensentur,
974 5706 1269 5780 'lrpa'aroltc,
1300 5709 1455 5781 Κύρος
1476 5749 1489 5774 ,
1520 5706 1797 5777 Σαμόσατα

334 5844 352 5877 ⁸
380 5842 515 5901 Cod.
551 5842 774 5915 Veron,
804 5843 1146 5914 deﬁnitionem
1172 5844 1317 5910 ﬁdei.

1947 4654 2231 4709 concilium
2245 4653 2618 4709 Theodoretus
2640 4660 2695 4708 et
2726 4653 2864 4717 lbas,
2890 4662 3147 4721 quantum
3166 4650 3537 4707 Constantino.

1950 4747 2214 4816 politanus
2252 4757 2304 4801 et
2368 4744 2735 4800 Antiochenus
2786 4752 2948 4813 atque
3014 4744 3540 4815 llierosolymitanus

1949 4843 2207 4912 episcopi,
2233 4844 2321 4913 qui
2365 4842 2522 4910 primi
2555 4849 2672 4909 post
2703 4840 2903 4909 legatos
2945 4838 3258 4906 apostolicae
3280 4836 3425 4891 sedis
3472 4836 3541 4890 ibi

1950 4936 2225 5002 sederunt,
2259 4944 2316 4988 ut
2339 4934 2407 4988 de
2438 4934 2554 4986 aliis
2576 4946 2734 5000 quam
2766 4929 3011 4998 plurimis
3053 4936 3287 4993 taceam,
3335 4928 3422 4998 qui
3449 4941 3540 4997 per

1950 5025 2318 5094 impotentiam
2352 5023 2590 5077 Dioscori
2635 5023 2683 5074 in
2712 5021 3124 5073 affirmationem
3148 5016 3410 5086 dogmatis
3435 5017 3540 5071 Eu.

1953 5120 2184 5192 tychiani
2216 5119 2421 5174 subacti
2469 5117 2614 5187 prius
2643 5113 2888 5178 fuerant;
2937 5119 3030 5164 aut
3058 5118 3237 5165 tantus
3263 5109 3415 5164 labor
3459 5122 3543 5168 est

1950 5292 2004 5338 et
2054 5282 2294 5349 rrliqnte.
2346 5276 2551 5333 Eodem
2585 5274 2765 5349 modo
2805 5274 2950 5349 cives
2998 5272 3080 5326 vel
3130 5273 3407 5349 κυρησταὶ,
3457 5270 3540 5349 vel

1948 5342 2239 5430 κυρρησὲαὶ
2267 5368 2294 5401 a
2328 5347 2682 5410 serit-toribus
2712 5344 3077 5430 appellantur,
3119 5342 3272 5430 et
3307 5342 3544 5430 nummis

1948 5411 2181 5493 antiquis
2232 5422 2628 5493 Antoninorum
2687 5411 3178 5493 acthilippnrum
3214 5412 3400 5480 legere
3438 5420 3545 5465 est:

1948 5497 2060 5555 Διὸς
2079 5485 2091 5493 ’
2109 5493 2406 5547 καταιϐάτου
2438 5490 2765 5566 deﬂuere»,
2782 5485 2881 5566 _vel
2914 5491 3221 5566 Rupit-crdis
3240 5497 3345 5566 seu
3390 5496 3543 5564 κυρεῖ

1947 5552 2106 5627 enim,
2140 5579 2259 5617 cum
2292 5552 2611 5627 templo'v'el
2637 5554 2929 5613 simulacro
2959 5552 3104 5610 Jovis
3130 5552 3422 5617 Catabatae,
3453 5552 3543 5623 qui

1950 5639 2002 5690 in
2030 5650 2090 5689 ea
2117 5634 2248 5688 urbe
2274 5632 2572 5685 colebatur.

2022 5840 2043 5871 ³
2069 5838 2213 5893 fdem
2245 5834 2391 5902 cod.,
2424 5834 2627 5891 iterum.
