4114 6496
583 326 700 381 13ιῦ

1696 321 1992 377 sacrum
2027 288 2776 382 nriscﬁisnnusssss

3799 327 3916 382 6H

586 440 748 497 nobis
767 438 1200 493 Chalcedonense
1217 436 1501 492 concilium
1534 434 1794 492 adversus
1823 435 2187 507 Eutychianos
2216 449 2262 501 Α
2297 439 2517 492 tentiam
2559 439 2891 507 Latinorum,
2944 441 3032 509 qui
3081 456 3201 496 cum
3234 457 3339 496 non
3377 444 3580 512 possint
3610 450 3678 495 ab
3706 461 3793 499 eis
3836 447 3917 501 dc

586 549 757 601 sui-er
787 530 894 586 lbze
923 531 1143 600 epistola
1168 529 1483 595 defendere,
1508 540 1743 598 quantus
1768 528 1926 583 nobis
1954 539 2035 582 est
2062 542 2192 580 con-

589 634 677 680 tra
717 624 1089 688 Nestorianos,
1139 636 1250 677 non
1290 621 1466 677 solum
1497 637 1593 690 pro
1618 621 1867 690 personis
1905 621 2193 674 multorum

590 716 812 773 omnino
840 714 1218 783 episcoporum
1248 712 1338 782 qui
1370 712 1591 767 fuerunt
1620 712 1675 768 in
1704 711 1796 766 illo
1828 710 2080 774 concilio,
2104 725 2193 764 ve-

590 820 716 860 rum
743 805 907 859 etiam
936 818 1031 872 pro
1053 802 1467 859 interlocutione
1487 802 1656 858 sancti
1682 801 1913 855 Anatolii
1936 798 2195 855 Crmstan-

593 896 935 966 tioopulitani
967 894 1250 958 antistitis,
1284 909 1443 963 quem
1478 894 1767 949 Dioscorus
1799 902 1825 929 ι
1849 893 2193 947 conﬁrmam-

595 1003 716 1045 rem
749 987 1070 1059 Euiychiani
1096 985 1385 1056 dogmatis,
1409 994 1464 1041 et
1502 984 1787 1041 catholicis
1814 985 1941 1041 ﬁdei
1971 999 2196 1054 oppres-

598 1092 780 1135 sorem
801 1080 852 1133 in
881 1079 970 1135 illo
996 1079 1225 1135 concilio
1253 1077 1413 1141 dixit,
1467 1092 1570 1133 non
1594 1094 1693 1149 pro
1722 1078 1824 1133 lide
1854 1077 2019 1132 fuisse
2044 1077 2197 1131 dam-

598 1180 787 1226 natum
812 1170 877 1225 b?
906 1169 1061 1224 Unde
1081 1170 1236 1223 nobis
1258 1168 1805 1226 Nestorianidicunt:
1829 1168 2113 1236 Quomodo
2136 1169 2198 1222 il-

594 1263 707 1318 ium
730 1262 996 1334 synodum
1022 1262 1328 1331 recepistis,
1356 1260 1411 1315 in
1435 1278 1539 1332 qua
1565 1278 1671 1316 non
1701 1262 1875 1315 solum
1899 1261 2076 1325 multi,
2101 1262 2195 1316 sed

593 1358 763 1412 etiam
794 1359 1005 1427 potiore
1032 1356 1152 1410 loco
1189 1355 1447 1410 sederunt
1473 1354 1711 1424 cpiscOpi
1739 1353 1828 1423 qui
1856 1364 1910 1408 et
1936 1354 2004 1408 ab
2037 1354 2197 1423 Euty-

599 1446 811 1504 chianis
833 1446 1068 1501 ordinati
1088 1454 1233 1509 sunt,
1256 1454 1312 1500 et
1341 1444 1601 1516 Eutychis
1618 1452 1781 1513 atque
1808 1445 2016 1499 DiOSCOl
2033 1446 2048 1498 i
2065 1444 2197 1514 dog-

598 1531 691 1594 ma
729 1538 900 1593 secuti
940 1538 1238 1608 probantur
1269 1536 1291 1588 Ἰ
1351 1538 1457 1591 Aut
1489 1536 1765 1606 quomodo
1795 1536 2041 1590 asseritis
2079 1551 2196 1589 cam

599 1647 702 1703 pro
724 1630 1025 1685 damnanda
1058 1628 1314 1700 Eutycbis
1338 1637 1499 1696 atque
1537 1627 1778 1683 Dioscuri
1812 1628 2032 1695 pctfiilia
2066 1642 2197 1681 con-

596 1733 891 1795 gregatam,
908 1738 1027 1777 cum
1053 1722 1124 1776 ibi
1143 1720 1769 1789 Constantinoiiolitanus
1786 1721 2061 1773 Anatolius
2080 1735 2201 1786 prr-

2294 545 2562 585 consensu
2592 530 2847 602 Eutychis
2873 544 2960 587 aut
2998 533 3260 600 Dioscuri,
3308 536 3390 589 vel
3435 538 3723 605 cujuslibet
3760 542 3913 593 atte—

2296 623 2410 677 rius
2447 624 2711 689 accusari,
2762 625 2932 694 ipsam
2973 636 3150 679 tamen
3192 626 3390 682 habent
3417 627 3483 682 de
3524 630 3919 689 incarnatioi-e

2295 714 2496 772 Christi
2526 717 2852 770 sententiam
2901 732 3060 787 quam
3110 718 3555 776 Chalcedonense
3598 726 3908 779 concilium

2296 812 2508 864 statuit.
2537 808 3044 866 Deinterfoeutione
3057 826 3267 881 quoque
3280 815 3453 867 sancti
3482 815 3718 872 Anatolii
3743 835 3918 887 qnzun

2298 916 2460 971 super
2487 902 2729 955 Dioscuri
2761 917 2989 970 persona
3022 905 3265 972 protulit,
3317 907 3719 976 respondimus,
3780 928 3917 979 quza

2300 1010 2404 1051 non
2433 998 2497 1049 ad
2531 996 2754 1052 haeresis
2784 996 2991 1052 crimen
3026 999 3298 1066 pertinere
3328 1000 3618 1056 dicendum
3643 1012 3757 1065 est,
3808 1005 3921 1059 ali-

2298 1102 2402 1157 qua
2434 1098 2586 1157 parte
2610 1104 2729 1144 cum
2765 1089 3021 1145 Dioscoro
3049 1091 3187 1146 bene
3214 1092 3453 1147 sensisse
3476 1135 3488 1146 .
3518 1092 3633 1147 Non
3657 1098 3807 1149 enim
3837 1097 3922 1166 ip-

2300 1197 2414 1236 sam
2439 1183 2716 1252 perlldiam
2742 1183 2982 1239 Dioscori
3005 1193 3223 1238 sanctus
3252 1184 3529 1239 Anatolius
3558 1190 3917 1256 approbavit,

2301 1276 2394 1330 sed
2421 1290 2542 1330 eum
2570 1277 2750 1351 potius
2771 1276 2839 1331 ab
2860 1276 2971 1343 ipsa
2998 1276 3215 1344 perﬁdia
3238 1276 3349 1331 lleri
3373 1278 3538 1331 voluit
3562 1286 3915 1333 excusatum.

2302 1367 2461 1420 Aliud
2502 1374 2587 1421 est
2614 1366 2778 1431 enim,
2825 1366 2949 1422 ideo
2989 1368 3300 1422 ha-reticum
3332 1384 3502 1424 excus
3541 1386 3599 1426 re
3636 1373 3780 1438 quod
3816 1388 3919 1426 ca-

2303 1457 2534 1511 tholicus
2560 1469 2793 1527 putetur,
2831 1468 2886 1513 et
2913 1458 3056 1514 aliud
3101 1460 3270 1528 ipsam
3306 1460 3567 1516 baresem
3598 1464 3920 1531 approbare

2302 1556 2463 1619 autne
2482 1549 2775 1606 defendere
2802 1567 2817 1606 :
2842 1551 3297 1621 quemadmodum
3323 1554 3463 1607 aliud
3487 1562 3570 1608 est
3597 1554 3718 1608 ideo
3751 1570 3781 1607 a
3819 1571 3918 1609 cu-

2303 1656 2425 1699 sare
2452 1644 2776 1699 catholicum
2808 1646 2950 1716 quod
2986 1644 3273 1701 hmreticus
3296 1655 3531 1715 putetur,
3567 1658 3622 1701 et
3647 1647 3802 1702 aiiud
3828 1650 3918 1717 i;.-

2304 1750 2417 1791 sam
2460 1738 2769 1806 improbare
2807 1752 2870 1793 ac
2913 1741 3310 1809 reprehendere
3348 1740 3668 1795 catholiCam
3721 1743 3915 1797 ﬁdem.

576 1872 579 1873 ν
609 1815 787 1869 ﬁdiam
815 1816 1053 1870 Dioscuri
1084 1831 1202 1883 qua?
1231 1816 1534 1871 ctmmonis
1559 1812 1628 1865 illi
1653 1828 1775 1866 cum
1811 1813 2052 1881 Eutyche
2077 1815 2198 1867 too-

2306 1828 2435 1883 Nam
2464 1839 2640 1899 potest
2660 1830 2923 1885 castitatis
2949 1832 3276 1901 approbatur
3302 1840 3463 1901 atque
3493 1833 3749 1900 dilector,
3802 1850 3915 1889 non

601 1917 707 1975 rat,
738 1908 1079 1978 approbavit,
1113 1907 1464 1977 pronuntians
1488 1920 1613 1959 eum
1642 1920 1748 1958 non
1781 1919 1879 1973 pro
1914 1906 2015 1957 lide
2042 1904 2193 1957 dom-

601 1999 831 2056 natuml
873 2000 927 2055 Si
955 2010 1133 2054 autem
1167 2014 1266 2054 nos
1294 1999 1391 2052 ista
1435 1996 1877 2051 Nestorianorum
1916 2010 2024 2049 non
2045 2009 2195 2049 curm

610 2103 855 2157 movent,
904 2091 1075 2147 multo
1099 2092 1277 2147 minus
1319 2090 1409 2146 illa
1442 2089 1907 2158 Eutycliianorum
1941 2097 2194 2156 poterunt

602 2198 968 2241 commovere.
1018 2183 1199 2240 Facile
1221 2192 1304 2240 est
1327 2181 1472 2236 enim
1499 2189 1558 2235 ut
1587 2180 1720 2251 ipsis
1748 2196 1966 2249 quoque
2007 2178 2198 2234 Nesto-

602 2275 771 2331 rianis
792 2274 1162 2345 ostendamus,
1188 2273 1443 2344 quoniam
1470 2272 1575 2326 tale
1602 2282 1684 2325 est
1708 2280 1767 2325 ut
1788 2270 1973 2325 dicant
2000 2271 2198 2326 nullius

599 2380 727 2423 esse
780 2365 1150 2431 auctoritatis,
1214 2362 1358 2431 quod
1418 2360 1800 2430 resipiscentes
1846 2374 1876 2413 a
1932 2374 2197 2428 pra-sum-

601 2457 786 2528 ptione
838 2456 1085 2511 Dioscuri
1144 2454 1334 2509 Patres
1371 2452 1463 2521 qui
1509 2466 1634 2507 cum
1686 2451 1807 2506 aliis
1856 2450 2199 2506 Chalcedona

602 2558 992 2615 convenerant,
1044 2547 1413 2603 deﬁnierunt:
1447 2546 1606 2616 quale
1657 2545 1708 2601 si
1758 2546 1987 2611 dicatur,
2037 2548 2200 2601 etiam

605 2640 749 2697 Petri
803 2640 1028 2710 apostoli
1077 2640 1418 2706 doctrinam,
1472 2654 1636 2708 quam
1690 2638 1758 2693 de
1806 2636 2025 2692 Christo
2078 2653 2201 2693 cum

604 2731 725 2786 aliis
776 2733 1032 2801 apostolis
1079 2729 1408 2799 prmdicavit,
1442 2730 1641 2784 nullius
1694 2743 1815 2783 esse
1860 2728 2198 2782 auctoritatis

594 2823 743 2893 quod
791 2823 1065 2879 Christum
1109 2822 1395 2890 aliquando
1454 2820 1750 2890 negaverit,
1808 2830 1900 2874 aut
1928 2820 2071 2890 quod
2117 2835 2202 2875 re-

603 2916 903 2986 prehensus
931 2914 1094 2969 fuerit
1134 2929 1165 2968 a
1210 2913 1388 2977 Paulo,
1422 2926 1545 2967 cum
1588 2926 1694 2966 non
1726 2919 1872 2966 recte
1902 2910 2192 2966 ambulans

599 3008 673 3064 ad
725 3008 1006 3063 veritatem
1056 3004 1330 3074 Evzingelii
1359 3012 1549 3072 gentes
1590 3002 1866 3073 judaizare
1904 3002 2200 3072 compelle-

598 3108 705 3155 ret.
732 3098 901 3167 Quale
919 3108 1002 3154 est
1023 3099 1205 3163 etiam,
1233 3098 1280 3152 si
1306 3095 1603 3152 Sabelliani
1629 3096 1812 3150 dicere
1835 3095 2027 3159 velint,
2083 3095 2203 3149 ideo

2300 1922 2591 1990 approbata
2622 1920 3000 1989 fornicatione,
3026 1923 3428 1990 fornicatorem,
3450 1923 3571 1976 dum
3598 1925 3650 1978 in
3674 1940 3917 1992 persmia

2301 2012 2501 2066 fallitur
2522 2053 2537 2079 ,
2584 2028 2669 2083 api
2691 2015 2882 2068 robare
2912 2029 2927 2080 ;
2983 2022 3037 2069 et
3069 2030 3172 2069 non
3199 2015 3496 2083 improbata
3522 2017 3801 2079 castitate,
3831 2034 3916 2071 ca-

2301 2114 2467 2169 stum,
2499 2105 2624 2157 dum
2658 2106 2709 2157 in
2738 2119 2965 2173 persona
3011 2106 3258 2159 similiter
3290 2106 3510 2172 fallitur,
3571 2106 3911 2174 improbare.

2314 2196 2620 2260 Postremo,
2665 2196 2806 2266 quod
2834 2199 3232 2266 promptissime
3263 2198 3582 2260 concedunt,
3631 2199 3778 2252 sicut
3808 2217 3913 2254 non

2312 2286 2434 2340 ideo
2485 2286 2804 2357 Eutycliiani
2858 2286 2940 2341 sui
2970 2287 3238 2356 dOgmatis
3261 2289 3485 2343 crimine
3516 2288 3911 2359 defenduntur,

2302 2377 2427 2447 quia
2460 2385 2715 2445 putantes
2729 2378 2977 2448 antiquos
3006 2390 3185 2449 patres
3216 2379 3265 2434 id
3293 2381 3592 2435 credidisse
3625 2383 3772 2450 quod
3803 2383 3910 2450 ipsi

2305 2469 2541 2538 pessime
2570 2469 2819 2536 credunt,
2862 2473 3302 2542 approbentnos,
3351 2488 3575 2544 quorum
3611 2475 3775 2529 fidem
3815 2479 3915 2531 im-

2304 2576 2586 2635 pognant:
2640 2566 2711 2620 ita
2753 2580 2858 2622 non
2889 2567 3011 2621 ideo
3059 2575 3247 2623 sancto
3282 2569 3535 2623 Anatolio
3579 2569 3914 2640 Eutychiani

2305 2659 2580 2731 dogmatis
2604 2658 2809 2714 crimen
2848 2659 3249 2729 impingendum
3280 2673 3381 2728 εει,
3414 2663 3554 2730 quod
3588 2663 3912 2721 Dioscorqu

2305 2752 2395 2806 vel
2421 2753 2625 2820 putavit
2650 2752 2736 2808 vel
2768 2753 3069 2820 excusavit,
3114 2754 3266 2823 quasi
3323 2769 3350 2808 a
3392 2755 3542 2825 culpa
3578 2757 3913 2826 Eutychiani

2304 2845 2570 2915 dogmatis
2594 2845 2853 2912 alienum,
2886 2862 3005 2901 cum
3040 2848 3211 2915 ipsum
3258 2846 3453 2919 dogma
3504 2847 3911 2920 Eutychianum

2306 2935 2663 2991 cmifutaverit
2701 2943 2861 3007 atque
2899 2936 3264 2991 damnaverit.

2931 3090 3163 3147 CAPUT
3196 3090 3284 3145 IV.

601 3206 665 3247 se
691 3207 798 3246 non
853 3192 1131 3258 suscipere
1171 3189 1427 3244 Ecclesiae
1464 3186 1533 3242 de
1557 3186 1821 3243 Trinitate
1870 3188 2193 3250 doctrinam,
2225 3208 2273 3273 ρ
2306 3206 2459 3273 Quod
2496 3204 2601 3258 Lm
2634 3221 2769 3275 papa
2798 3221 2897 3258 ηοη
2924 3204 3088 3258 solum
3141 3204 3491 3272 αερηεηοηεηι
3546 3204 3670 3272 ﬁde,-
3720 3205 3916 3275 synodi

600 3281 852 3352 quoniam
882 3281 1053 3337 multo
1076 3278 1510 3349 pluresepiscupi
1532 3288 1554 3316 α
1588 3291 1748 3348 quam
1768 3278 1858 3347 qui
1888 3277 1941 3331 in
1964 3277 2199 3332 secunda

603 3386 712 3428 non
762 3372 988 3427 dicenda
1047 3372 1259 3443 synodo
1292 3371 1562 3440 Ephesina
1618 3379 2010 3437 convenerant,
2058 3369 2200 3438 apud

602 3462 905 3531 Ariminum
937 3463 989 3518 in
1008 3462 1269 3519 Aria-um
1306 3462 1503 3532 dogma
1528 3462 1740 3517 fuerant
1765 3460 1993 3524 subacti,
2013 3463 2197 3530 oppri.

605 3567 787 3612 meme
796 3555 1134 3612 Constantio.
1154 3556 1311 3615 Sicut
1329 3570 1459 3627 ergo
1470 3555 1795 3612 Sabellianis
1810 3554 2042 3609 dicimus
2058 3553 2201 3623 quod

612 3664 721 3702 non
752 3658 1033 3719 propterea
1056 3646 1307 3718 fugienda
1329 3649 1403 3703 sit
1421 3646 1681 3702 Ecclesiae
1700 3647 1769 3702 de
1790 3646 2051 3701 'l‘rinitate
2072 3660 2201 3701 con-

605 3741 788 3805 fessio,
808 3741 927 3795 ouia
960 3741 1014 3795 in
1044 3739 1383 3796 Ariminense
1402 3739 1631 3795 concilio
1662 3738 1813 3793 multi
1840 3738 2041 3792 Ariano
2069 3736 2202 3811 dog-

601 3832 731 3887 mati
752 3834 1092 3899 cohibentes,
1117 3843 1225 3889 tres
1254 3833 1499 3888 diversas
1527 3831 1771 3902 ejusdem
1794 3841 1996 3886 sanctae
2025 3831 2201 3886 Trini-

600 3926 728 3980 tatis
754 3925 961 3981 mentiti
992 3935 1118 3981 sunt
1136 3941 1259 3983 esse
1272 3936 1493 3982 naturas
1512 3942 1527 3979 :
1554 3927 1627 3981 ita
1641 3924 1971 3980 Nestorianis
1991 3940 2203 3995 quoque

603 4017 835 4073 dicimus
907 4018 1052 4089 quod
1107 4033 1216 4072 non
1291 4025 1573 4087 propterea
1625 4015 1878 4088 fugienda
1929 4020 1999 4072 sit
2050 4018 2207 4076 Chal-

606 4108 931 4166 cedonensis
960 4107 1151 4181 synodi
1169 4107 1237 4162 de
1259 4122 1361 4161 una
1380 4106 1606 4172 Christi,
1632 4107 1683 4161 id
1706 4114 1790 4161 est
1818 4107 1913 4161 Dei
1947 4107 2208 4164 hominis-

606 4214 712 4269 que
739 4198 1086 4254 subsistentia
1118 4207 1301 4254 sancta
1330 4194 1636 4262 confessio,
1677 4196 1800 4266 quia
1834 4199 1982 4266 prius
2024 4200 2205 4269 oppri-

607 4297 792 4344 mente
820 4290 1094 4357 Dioscoro,
1129 4291 1279 4345 multi
1301 4289 1555 4345 cedentes
1574 4288 1912 4360 Eutycbiano
1939 4290 2199 4362 dogmati,

603 4396 766 4436 unam
798 4382 1039 4452 ejusdem
1086 4383 1448 4440 subsistentia:
1478 4383 1686 4438 mentiti
1731 4393 1859 4437 sunt
1899 4401 2019 4440 esse
2049 4396 2206 4441 natui-

604 4487 742 4526 ram.
801 4475 909 4527 Aut
944 4476 1064 4542 quia
1110 4473 1347 4535 Graecos,
1405 4475 1647 4543 quamvis
1686 4489 1791 4528 non
1832 4490 2048 4542 omnes,
2092 4480 2202 4533 imo

604 4567 1270 4633 comparationeomnium
1292 4567 1593 4634 pauciores,
1625 4568 1675 4619 in
1708 4566 1948 4622 Dioscuri
1976 4582 2200 4626 senten—

603 4654 678 4707 tia
705 4654 883 4725 lapsos
915 4656 1083 4711 luisse
1110 4665 1421 4728 causantur,
1452 4667 1746 4726 sequantur
1779 4668 2052 4717 tantorum
2073 4678 2201 4718 sen-

676 4800 705 4830 ⁸
728 4790 911 4856 Forte,
940 4792 1027 4861 qui
1057 4790 1384 4847 Dioscorum.

671 4861 704 4901 δ
729 4862 977 4934 Nicolaus
1010 4861 1049 4926 l,
1074 4862 1299 4931 epistola
1324 4867 1355 4915 8
1376 4864 1442 4919 ad
1473 4865 1784 4922 Michaelem
1804 4868 1956 4934 imp.,
1985 4866 2203 4922 Diosco-

606 4949 725 4989 rum
774 4935 849 4987 ait
882 4932 1083 4988 idcirco
1136 4935 1469 5003 potissimum
1504 4936 1668 4991 fuisse
1715 4932 2048 4997 damnatum,
2079 4942 2199 5005 quia

603 5005 1211 5077 excommunicationem
1239 5005 1497 5059 adversus
1520 5006 1753 5061 Leonem
1786 5023 1975 5077 papam
1999 5009 2201 5064 dictare

602 5086 1042 5147 praesumpserant.
1074 5075 1273 5144 Absque
1303 5078 1442 5128 omni
1470 5080 1836 5143 controversia,
1859 5075 2062 5147 inquit,
2102 5081 2198 5132 hoc

602 5148 658 5200 in
680 5161 739 5218 eo
766 5146 859 5198 ulti
880 5155 1019 5212 sunt,
1048 5148 1170 5217 quia
1195 5162 1315 5199 cum
1357 5156 1483 5199 esset
1525 5148 1759 5217 inferior,
1800 5146 2047 5218 potiorem
2086 5152 2200 5217 qui-

602 5216 721 5270 bus!
732 5218 824 5269 ibet
856 5216 1072 5269 conatus
1100 5226 1173 5270 est
1201 5218 1447 5269 incessere
1468 5216 1811 5285 contumeliis,
1851 5227 1976 5272 teste
1996 5216 2193 5273 Anato-

602 5288 675 5359 lio
715 5285 1282 5357 Comtantinogotitana
1321 5288 1555 5359 pressule,
1602 5291 1690 5356 qui
1740 5289 1864 5343 dicit
1903 5306 1924 5343 .'
1970 5289 2194 5359 PrOpter

605 5358 764 5430 ﬁdem
790 5374 890 5410 non
913 5366 985 5409 est
1017 5355 1289 5430 dantnatus
1313 5355 1618 5430 Dioscorus,
1640 5359 1729 5413 sed
1757 5364 1878 5430 quia
1901 5355 2197 5415 excommu-

605 5428 914 5499 nicationem
932 5428 1054 5497 fecit
1075 5429 1283 5482 domino
1303 5427 1686 5499 archiepiswpo
1710 5427 1892 5485 Léoru'.
1919 5431 2034 5484 Non
2057 5432 2195 5498 quod

606 5497 895 5551 obscurum
921 5508 1066 5570 esset
1092 5498 1402 5553 Dioscorom
1428 5500 1479 5552 in
1513 5497 1771 5570 Eutychis
1794 5502 1982 5556 haaresi
2009 5497 2197 5565 fuisse,

608 5580 764 5634 quam
797 5579 982 5642 aperte
1025 5569 1374 5642 defenderat;
1405 5571 1501 5625 sed
1547 5569 1691 5637 quia,
1744 5583 1801 5626 ut
1846 5571 2005 5642 legati
2051 5574 2196 5628 sedis

610 5639 1261 5711 apostolicie‘seutentiam
1292 5640 1345 5693 in
1383 5656 1503 5694 eum
1553 5644 1767 5697 actione
1798 5642 1832 5694 ὅ
1860 5639 2195 5711 ρῐυῐεωηιεε

607 5709 896 5783 disserunt,
929 5709 1127 5776 ignosci
1159 5713 1204 5763 ei
1233 5719 1459 5783 poterat,
1494 5713 1631 5766 sicut
1673 5709 1886 5768 caeteris
1927 5715 2193 5783 episcopis

607 5778 699 5843 qui
730 5777 819 5829 illo
836 5781 981 5857 .duce
1011 5777 1310 5857 peccaram,
1345 5782 1447 5857 nisi
1481 5783 1735 5857 secundis
1763 5777 2085 5857 excessibus
2114 5777 2194 5838 'ac

608 5853 906 5908 minaci-tim
932 5853 1483 5907 cxcomniuuicatione
1514 5853 1600 5910 illa
1634 5855 1688 5908 in
1720 5853 1977 5920 Leonem,
2006 5856 2190 5917 priora

2380 3276 2832 3341 Chalcedonensis,
2865 3276 2956 3330 sed
2976 3278 3149 3330 omnia
3187 3279 3300 3344 ejus
3325 3287 3441 3329 acta
3469 3286 3519 3329 et
3543 3277 3756 3329 decreta
3779 3293 3910 3329 σοπ-

2381 3350 2623 3415 ﬁrmarit,
2676 3356 2896 3420 excepto
2931 3352 3072 3418 fastu
3124 3348 3376 3420 Anatolii,
3415 3364 3567 3414 quem
3615 3349 3914 3420 redarguit.

2382 3419 2631 3492 Epistolas
2647 3428 2818 3474 autem
2848 3416 2957 3473 Iba:
2983 3417 3406 3489 approbationem
3434 3434 3535 3472 non
3561 3416 3810 3474 exclusit.

2383 3554 2587 3609 Verum
2613 3553 2738 3623 quia
2762 3559 2819 3607 et
2847 3551 2951 3609 hoc
2972 3552 3104 3606 satis
3141 3553 3410 3620 apparuit,
3436 3549 3689 3621 quoniam
3722 3552 3807 3606 vel
3840 3552 3907 3616 si,

2311 3654 2371 3701 ut
2396 3645 2579 3700 fictum
2605 3654 2710 3709 est,
2773 3644 3148 3700 Theudor-etus
3179 3654 3345 3712 atque
3383 3643 3500 3700 ibas
3528 3644 3770 3713 episcopi
3796 3660 3905 3698 non

2308 3739 2632 3794 interessent
2647 3745 2776 3792 ante
2800 3736 3173 3792 deﬁnitionem
3200 3735 3629 3791 Chalcedonensi
3652 3736 3906 3801 concilio,

2312 3846 2418 3888 non
2450 3846 2520 3887 ex
2554 3846 2622 3887 eo
2649 3832 2821 3888 fuerat
2839 3830 3235 3897 excusandum;
3271 3831 3401 3885 illud
3434 3830 3595 3885 etiam
3625 3830 3899 3900 disquira-

2311 3940 2454 3990 mus,
2478 3924 2634 3994 quale
2655 3924 2745 3989 sit,
2769 3924 2910 3993 quod
2932 3924 3175 3979 dicentes
3196 3923 3261 3977 ad
3286 3923 3579 3978 Romanam
3606 3921 3906 3978 Ecclesia:-

2313 4015 2685 4071 delinitiunem
2718 4025 2925 4070 tantum
2960 4014 3105 4080 lidei,
3134 4030 3239 4070 non
3283 4015 3443 4070 etiam
3492 4022 3642 4084 gesta
3690 4016 3906 4070 coneilu'

2311 4105 2768 4164 Chalcedonensis
2791 4108 2955 4163 fuisse
2988 4108 3211 4176 perlata,
3245 4123 3308 4162 ex
3342 4107 3446 4162 hoc
3475 4107 3662 4162 volunt
3692 4108 3906 4162 efﬁcere

2312 4208 2370 4253 ut
2396 4201 2684 4254 credamus
2711 4199 2855 4268 quod
2903 4196 2956 4251 in
2999 4198 3113 4266 ipsa
3160 4205 3366 4252 tantum
3416 4197 3540 4252 ﬁdei
3590 4198 3906 4254 deﬁnitione

2309 4289 2500 4346 beatus
2529 4290 2641 4345 Leo
2668 4289 2859 4361 synodi
2902 4289 3360 4345 Chalcedonensis
3390 4288 3611 4345 decreta
3658 4292 3906 4345 ﬁnnave-

2306 4384 2397 4449 rit,
2421 4393 2476 4436 et
2508 4398 2605 4439 nos
2632 4398 2847 4453 quoque
2878 4394 3232 4437 memoratam
3260 4383 3542 4452 epistolam
3575 4384 3907 4438 venerabilis

2306 4476 2417 4533 ibas
2440 4478 2763 4553 damnemus
2789 4494 2801 4529 :
2832 4491 2954 4530 cum
2988 4476 3079 4530 ille
3107 4475 3270 4541 dicat,
3320 4475 3781 4542 quemadmodum
3827 4491 3904 4530 se-

2307 4571 2485 4624 cundo
2536 4570 2673 4623 libro
2720 4570 2830 4637 jam
2884 4569 3299 4622 memoravimus
3328 4585 3338 4619 :
3374 4586 3394 4619 ι
3429 4567 3495 4622 Ει
3521 4568 3761 4622 fraterna
3794 4568 3906 4621 uni-

2310 4662 2562 4726 versit-is,
2594 4668 2651 4715 et
2669 4664 2910 4716 omnium
2944 4659 3181 4713 fidelium
3225 4659 3387 4713 corda
3421 4669 3779 4728 cognoscant,
3812 4673 3907 4715 nec

2234 4802 2285 4861 D
2313 4798 2539 4853 crimina
2590 4797 2935 4853 cumulasset.
2970 4797 3075 4855 Sed
3110 4796 3339 4851 Anatolii
3369 4798 3510 4851 aliud
3542 4797 3667 4861 fuit,
3704 4807 3765 4852 ut
3811 4798 3907 4854 Fa-

2314 4870 2492 4923 cundo
2521 4870 2714 4936 placet,
2743 4870 2809 4922 de
2845 4868 3086 4921 Dioscuri
3115 4867 3521 4936 ﬁde.judicium.

2387 4950 2409 4978 ο
2442 4938 3157 5015 Pseudosyoodiiiphesina:
3194 4940 3496 5015 λῃστρικῆς,
3548 4950 3601 4991 ut
3656 4956 3721 4993 ex
3776 4943 3907 4997 actis

2314 5017 2458 5078 patet
2486 5026 2607 5080 quas
2647 5009 2787 5079 apud
2816 5009 3460 5080 Chalcedonem'recitata
3490 5021 3634 5074 sunt,
3666 5015 3904 5079 episcopi

2310 5080 2458 5135 fuere
2495 5079 2600 5135 non
2650 5081 2831 5149 plores
2883 5096 3043 5147 quam
3078 5079 3197 5134 130.
3248 5082 3300 5134 In
3351 5081 3703 5146 Ariminensi,
3774 5094 3905 5138 testu

2309 5153 2625 5215 Athanasio,
2651 5152 2787 5205 libro
2809 5152 2877 5206 de
2900 5150 3151 5220 Synodis,
3178 5165 3341 5219 supra
3369 5152 3786 5220 quadringentos
3813 5171 3905 5205 nu-
3924 5194 3940 5219 ,

2307 5224 2497 5298 literati
2517 5231 2642 5298 sunt
2667 5237 2681 5274 :
2709 5221 2877 5277 Ἦσαν
2908 5222 2961 5298 δὲ
2992 5224 3041 5277 ἐν
3067 5224 3197 5298 αξξτῇ
3223 5226 3488 5298 ἐπίσκοπρι
3508 5220 3574 5290 ν’,
3616 5226 3706 5298 atati
3734 5225 3903 5277 πλέω.

2307 5294 2427 5358 Quo
2456 5293 2573 5348 loco
2596 5294 2863 5361 interpres
2884 5294 3044 5361 v'pro
3064 5294 3110 5345 ν’
3131 5293 3334 5362 legens,
3364 5295 3751 5363 quinquaginta
3784 5298 3903 5347 red-

2308 5365 2446 5419 didit
2473 5378 2569 5433 pro
2601 5364 3026 5433 quadringentis.
3054 5363 3183 5418 Nam
3231 5365 3299 5418 de
3342 5380 3564 5419 nurnero
3601 5365 3688 5416 alii
3745 5364 3905 5419 etiam

2308 5432 2672 5500 consentiunt,
2718 5445 2773 5488 ut
2808 5432 3075 5502 Sulpicius
3116 5434 3351 5489 Severus
3393 5435 3484 5489 lib.
3538 5450 3573 5488 η
3629 5434 3899 5499 Ηὶςιοιτὶω,

2309 5506 2472 5559 Acciti
2495 5515 2584 5559 aut
2609 5507 2767 5559 macta"
2792 5506 3156 5575 quadringenti
3176 5515 3223 5558 et
3262 5506 3545 5575 aliquando
3573 5506 3803 5574 amplius
3823 5522 3903 5557 oc-

2307 5577 2588 5630 cidentales
2639 5576 2887 5647 episcopi.
2920 5576 3071 5643 Quod
3120 5579 3169 5631 si
3217 5578 3420 5632 Severo
3464 5577 3760 5641 credimus,
3812 5579 3901 5645 qui

2304 5647 2534 5701 Arianos
2565 5648 2615 5700 in
2650 5648 2732 5701 bis
2759 5648 2945 5701 scribit
2973 5648 3137 5701 tuisse
3161 5664 3263 5701 non
3294 5648 3525 5714 amplius
3552 5663 3713 5717 quam
3747 5658 3898 5701 octo-

2301 5720 2466 5787 ginta,
2503 5719 2764 5787 reliqnum
2796 5729 2879 5771 est
2919 5730 2977 5773 ut
3023 5720 3309 5772 orthodoxi
3354 5719 3551 5773 fuerint.
3595 5733 3762 5787 Supra
3794 5732 3901 5775 trib

2300 5799 2514 5855 cenios,
2547 5788 2711 5860 duplo
2746 5788 2995 5845 videlicet
3024 5806 3184 5859 quam
3215 5793 3267 5844 in
3302 5791 3573 5860 Ephesius
3598 5804 3660 5845 tt.
