4114 6474
238 344 346 399 615

1094 345 1226 401 PRO
1268 341 1689 399 DEFENSIONE
1717 338 1936 397 TRIUM
1975 337 2291 398 CAPlTUL.
2336 344 2445 400 LIB
2512 348 2568 401 ν.

3416 329 3519 385 Gil}

229 476 344 514 non
370 460 542 514 solum
568 474 662 528 per
692 461 883 514 fratres
904 460 993 529 qui
1018 461 1188 515 vicem
1211 475 1383 514 meam
1408 457 1646 513 exsecuti
1679 465 1825 524 sunt,
1856 458 1904 515 Α
1935 457 2162 511 msﬁniet
2194 461 2409 515 nomine
2438 461 2797 527 roborandus;
2824 459 3093 514 inﬁrmum
3120 470 3277 527 atque
3308 456 3516 509 irritum

237 551 333 606 sed
363 550 524 605 etiam
555 563 652 618 per
681 549 1125 618 approbationem
1160 560 1436 621 gestorum
1460 549 1821 621 synodalium,

239 643 507 712 propriam
558 642 836 697 vobiscum
872 644 1056 698 unisse
1103 644 1447 699 sententiam.
1486 662 1507 697 ι
1539 642 1653 696 Non
1698 655 1826 709 ergo

236 733 408 786 solam
440 730 559 785 ﬁdei
590 730 981 797 deﬁnitionem,
1016 731 1108 786 sed
1139 733 1252 801 ipsa
1280 741 1425 801 gesta
1462 730 1735 803 synodalia
1767 745 1826 787 se

238 822 551 893 pronuntiat
570 823 914 891 approbasse.
940 821 1073 877 Illud
1098 839 1227 877 vero
1247 822 1386 892 quod
1416 838 1480 877 ex
1507 821 1825 891 quihusdam

241 912 383 967 beati
412 913 604 967 Leonis
630 913 894 982 epistolis,
923 912 987 967 ad
1009 914 1379 983 deceptionem
1410 914 1666 977 facilium,
1692 917 1829 968 s’cut

238 1005 342 1059 alia
369 1006 739 1075 decerpentes,
768 1007 919 1060 aiunt
958 1022 1080 1062 eum
1114 1006 1335 1073 dixisse,
1363 1008 1502 1078 quod
1533 1007 1597 1062 ad
1622 1007 1829 1063 exstin-

238 1094 502 1164 guendam
535 1095 705 1150 solam
735 1094 996 1151 haeresem
1025 1107 1081 1152 et
1108 1098 1173 1152 ad
1202 1098 1623 1154 confirmandam
1646 1099 1831 1153 catho-

239 1186 396 1241 licam
425 1185 605 1251 ﬁdem,
639 1185 1078 1243 Chalcedonettse
1104 1189 1389 1243 concilium
1420 1187 1581 1243 fuerit
1609 1204 1832 1258 congre-

238 1285 444 1345 gatum,
469 1287 524 1332 et
553 1292 885 1347 quat-cunque
910 1277 1034 1332 talia
1065 1279 1117 1332 in
1142 1278 1257 1349 ejus
1282 1278 1475 1333 litteris
1507 1279 1826 1345 invenimus,

237 1378 302 1423 ut
322 1370 483 1424 etiam
510 1385 573 1423 ex
620 1369 720 1424 hoc
748 1384 883 1439 quos
921 1371 1192 1440 potuerint
1225 1370 1277 1425 in
1325 1370 1830 1426 condemnationem

237 1460 484 1529 epistolae
508 1460 665 1530 hujus
697 1461 981 1527 adducant,
1014 1470 1269 1532 tanquam
1301 1462 1367 1517 ab
1398 1462 1515 1531 ipso
1546 1478 1651 1517 ﬂOll
1671 1461 1835 1518 fuerit

238 1552 567 1621 approbata;
604 1567 708 1608 non
745 1562 971 1622 propter
1002 1556 1103 1607 hoc
1143 1554 1282 1622 quod
1314 1552 1380 1607 ab
1406 1568 1471 1608 eo
1500 1553 1698 1607 dictum
1726 1563 1829 1620 est,

238 1642 451 1697 abistis
475 1644 787 1697 assumitur.
823 1643 891 1696 Et
918 1643 1120 1699 idcirco
1170 1659 1291 1710 nos,
1321 1659 1417 1700 cur
1459 1644 1560 1699 hoc
1600 1655 1654 1700 et
1695 1660 1829 1715 quo-

239 1731 402 1786 modo
418 1733 633 1803 dixerit,
658 1735 1023 1789 Ostendamus.
1044 1736 1324 1791 Anatolius
1346 1738 1547 1807 quippe
1565 1738 1831 1793 Constan-

1929 547 2033 601 erit
2088 550 2345 619 quidquid
2414 567 2441 604 a
2509 552 2884 621 praedictorum
2946 549 3161 604 Patrum
3225 547 3518 601 sationibus

1928 638 2269 707 discreparit,
2303 656 2530 711 quorum
2579 643 2780 712 regulis
2809 641 3103 712 apostolica
3147 637 3305 693 sedes
3353 653 3515 706 quant

1898 730 2374 786 .revercntissime
2407 742 2625 786 utatur:
2658 734 2978 801 scriptorum
3013 744 3277 794 meorum,
3324 727 3519 797 quibus

1931 821 2513 892 C0tistantinopolitani
2542 825 2794 879 antistitis
2829 834 3053 878 conatus
3100 821 3290 891 repuli,
3321 820 3518 890 poterit

1932 907 2188 960 sanctitas
2231 916 2409 961 vestra
2454 908 2680 963 lectione
2705 922 3035 978 cognoscere
3073 920 3177 969 me,
3226 905 3518 959 auxiliante

1932 994 2044 1051 Deo
2073 1005 2279 1063 nostro,
2304 1006 2359 1052 et
2379 999 2658 1054 catholicae
2690 998 2813 1053 ﬁdei
2845 1008 2897 1053 et
2929 1007 3273 1068 paternarum
3319 995 3520 1049 consti-

1934 1088 2196 1141 tutionum
2216 1102 2337 1143 esse
2366 1088 2665 1144 custodem.
2688 1108 2707 1143 ι
2742 1091 2881 1146 Ecce
2902 1092 3060 1145 etiam
3089 1090 3142 1144 in
3173 1088 3271 1143 hac
3298 1087 3523 1158 epistola

1932 1192 2089 1248 quam
2121 1177 2311 1233 beatus
2344 1178 2455 1234 Leo
2476 1179 2541 1235 ad
2565 1188 2802 1234 sanctam
2836 1181 3096 1252 synodum
3122 1180 3357 1248 scripsit,
3387 1177 3523 1232 nihil

1935 1269 2078 1323 aliud
2111 1270 2237 1333 sibi,
2270 1270 2323 1323 in
2349 1271 2534 1325 eadem
2559 1273 2766 1341 synodo
2812 1273 3152 1342 diSplicuisse
3187 1270 3524 1343 pronuntiat,

1936 1359 2038 1413 nisi
2069 1360 2213 1429 quod
2255 1361 2535 1417 Anatolius
2565 1350 3193 1433 Constantinopolitanus
3239 1363 3526 1432 episcopus

1940 1451 2115 1518 priore
2148 1467 2304 1521 quam
2358 1454 2729 1510 Antiivchenus
2773 1457 2893 1511 loco
2928 1456 3119 1512 Sedere
3165 1454 3525 1525 praesumpsit.

1934 1541 1989 1597 Si
2048 1544 2360 1612 quominus,
2412 1560 2519 1599 non
2549 1547 2718 1600 solam
2744 1548 3065 1603 sententiam
3109 1562 3269 1617 super
3297 1544 3524 1616 epistola

1937 1634 2043 1689 lbie
2075 1635 2338 1704 prolatam
2361 1637 2608 1705 culpasse
2627 1638 2853 1706 dicetur,
2880 1641 2972 1695 sed
2996 1642 3155 1696 etiam
3184 1640 3323 1710 quod
3347 1640 3527 1693 eidem

1936 1731 2370 1788 retierentissimo
2401 1733 2506 1790 [lite
2530 1737 2869 1806 episc0patus
2892 1748 2977 1793 est
3005 1738 3271 1802 redditus,
3306 1750 3527 1790 omnes-

242 1823 632 1893 tinopolitanus
672 1826 982 1895 episcopus,
1033 1830 1183 1896 quia,
1218 1829 1357 1884 sicut
1399 1831 1829 1895 memoravimus,
1870 1825 1909 1881 Β
1938 1831 2042 1883 (ωε
2063 1832 2302 1876 canones
2329 1839 2466 1892 quos
2498 1826 2607 1880 illic
2641 1827 2813 1881 sancti
2842 1827 3029 1883 Patres
3077 1827 3279 1881 utiliter
3317 1834 3529 1882 statue-

240 1914 425 1984 priore
447 1929 605 1983 quam
625 1916 889 1971 Maximus
910 1917 1428 1975 Antiochenus’loco
1452 1921 1504 1974 iu
1533 1922 1720 1976 eadem
1745 1938 1831 1993 sy-

240 2004 386 2060 nodo
416 2005 711 2062 consedere
736 2019 1186 2078 przesnmpserat:
1217 2010 1287 2066 ob
1310 2012 1448 2068 hanc
1466 2028 1679 2068 causam
1710 2016 1832 2070 bea-

240 2104 329 2151 tus
352 2096 486 2165 Leo,
518 2101 858 2181 scribensad
888 2101 1063 2171 ipsum
1098 2104 1430 2175 Anatolium,
1481 2107 1615 2163 dixit
1640 2108 1830 2180 (Epist.

241 2187 338 2259 53)
366 2206 380 2242 :
410 2208 429 2242 ι
467 2190 634 2245 Doleo
678 2195 838 2247 etiam
889 2194 943 2248 in
988 2195 1089 2251 hoc
1111 2197 1456 2254 dilectionem
1516 2209 1661 2253 tuam
1710 2214 1833 2257 esse

244 2281 577 2351 prolapsam,
628 2293 686 2339 ut
730 2287 1126 2342 sacratissimas
1173 2288 1515 2344 Nictenorum
1566 2308 1833 2348 canonum

240 2374 662 2428 constitutiones
691 2378 906 2430 coneris
947 2380 1323 2450 confringere,
1358 2389 1610 2450 tanquam
1641 2398 1834 2452 Oppor-

240 2469 371 2517 tune
395 2476 454 2516 se
479 2462 574 2517 tibi
607 2462 706 2518 hoc
740 2474 951 2534 tempus
980 2468 1257 2533 obtulerit,
1283 2486 1388 2539 quo
1412 2473 1630 2525 secundi
1661 2472 1833 2528 hono-

243 2553 325 2608 ris
372 2554 706 2624 privilegium
762 2557 923 2612 sedes
970 2558 1331 2614 Alexandrina
1393 2562 1722 2631 perdiderit,
1778 2574 1830 2619 et

241 2646 581 2702 Antiochena
626 2648 865 2705 Ecclesia
916 2655 1298 2721 proprietatem
1344 2656 1514 2709 tertiae
1563 2655 1836 2723 dignitatis

240 2736 506 2801 amiserit,
536 2746 597 2791 ut
641 2739 723 2793 his
764 2739 894 2794 locis
934 2741 1040 2811 juri
1075 2751 1169 2797 tuo
1199 2744 1450 2811 subditis,
1497 2760 1688 2802 omnes
1724 2763 1837 2802 me-

240 2826 553 2896 tropolitani
585 2829 823 2899 episcOpi
854 2831 1073 2902 proprio
1122 2834 1325 2889 honore
1356 2837 1650 2904 priventur.
1695 2837 1826 2905 Qui-

240 2917 343 2972 nos
374 2919 628 2974 inauditis
655 2930 709 2976 et
734 2937 1004 2992 utinquam
1035 2934 1162 2980 ante
1189 2927 1423 2993 tentatis,
1453 2929 1524 2981 ita
1557 2926 1826 2995 prtereni-

240 3011 320 3064 ris
335 3012 665 3078 excessibus,
690 3026 748 3066 ut
762 3022 1001 3069 sanctam
1011 3016 1296 3087 synodum,
1311 3019 1377 3073 ad
1392 3019 1838 3091 exstinguendam

240 3101 412 3155 solam
432 3102 701 3171 haresim,
726 3112 779 3160 et
805 3104 871 3160 ad
897 3106 1361 3165 conﬁrmationem
1381 3109 1506 3165 ﬁdei
1530 3111 1832 3183 catholicze,

1936 1916 2062 1961 runt
2095 1908 2163 1964 de
2210 1911 2550 1970 observantia
2595 1918 2970 1971 ecclesiasticae
3009 1918 3325 1988 disciplinae,
3369 1932 3528 1988 quant

1940 1997 2059 2066 ejus
2088 1999 2338 2058 inimicus
2374 2003 2481 2060 Leo
2512 2006 2855 2075 impugnasse
2897 2008 3215 2075 ﬁrmabitur,
3242 2018 3296 2063 et
3335 2018 3531 2063 canora

1935 2104 2056 2158 quae
2088 2093 2395 2161 specialiter
2441 2096 2510 2151 de
2551 2098 2852 2168 quibusque
2907 2099 3152 2169 personis
3194 2098 3262 2154 ibi
3314 2099 3531 2154 decreta

1934 2189 2081 2250 sunt,
2111 2181 2416 2255 infregisse.
2452 2191 2559 2242 Aut
2594 2189 2639 2243 si
2691 2188 2793 2245 hoc
2838 2191 3012 2259 palam
3053 2190 3121 2246 de
3160 2190 3320 2246 beato
3349 2189 3533 2247 Leone

1936 2271 2122 2328 dicere
2166 2290 2273 2330 non
2316 2288 2667 2345 praesumunt,
2723 2280 3023 2351 intelligant
3064 2282 3361 2345 nobiscum,
3408 2282 3532 2352 quia

1935 2377 2054 2419 cum
2084 2366 2152 2421 de
2178 2367 2261 2422 liis
2288 2377 2490 2425 tantum
2520 2371 2729 2428 duobus
2762 2375 2816 2427 in
2839 2373 3267 2431 Chaicedonensi
3293 2377 3525 2431 concilio

1937 2457 2106 2527 gestis
2133 2458 2723 2533 ConstantinOpolitano
2751 2467 3005 2537 episcopo
3034 2470 3319 2536 scriberet,
3348 2469 3398 2524 id
3423 2479 3528 2545 est,

1935 2544 2004 2600 de
2030 2545 2151 2602 ﬁdei
2178 2563 2334 2603 causa
2359 2566 2456 2621 pro
2493 2569 2595 2624 qua
2644 2555 2815 2624 ipsum
2856 2550 3144 2614 concilium
3181 2558 3354 2614 fuerat
3402 2544 3532 2615 con-

1936 2648 2235 2707 gregatum,
2263 2651 2316 2697 et
2347 2642 2414 2699 de
2442 2648 2669 2715 superba
2701 2648 2818 2718 ejus
2841 2649 3096 2717 elatione,
3122 2652 3276 2716 dixit,
3310 2651 3381 2708 Ut
3408 2668 3531 2707 san-

1937 2737 2077 2783 ctam
2105 2732 2363 2802 synodum
2397 2735 2463 2790 ad
2490 2737 2932 2808 exstinguendam
2975 2741 3142 2796 solam
3186 2742 3430 2798 haeresim
3479 2752 3532 2801 et

1940 2822 2006 2877 ad
2044 2822 2504 2883 conﬁrmationem
2546 2829 2667 2885 ﬁdei
2697 2832 2998 2899 catholicis,
3048 2833 3226 2888 studio
3272 2835 3532 2890 Christia-

1938 2913 2143 2970 nissimi
2163 2916 2418 2989 principis
2438 2930 2834 3001 congregatum,
2859 2924 2912 2979 in
2938 2925 3275 2981 occasionem
3297 2926 3533 2981 ambitus

1941 3010 2126 3065 trahas
2148 3018 2202 3066 et
2225 3028 2450 3083 qumque
2472 3014 2665 3070 similia
2689 3017 2739 3071 in
2765 3018 2881 3088 ejus
2905 3018 3491 3088 inveniunturepistolis
3516 3036 3531 3070 :

1945 3100 2052 3157 duo
2073 3103 2185 3156 sola
2209 3120 2327 3173 quae
2354 3104 2584 3161 diviinus
2606 3108 2656 3162 in
2694 3110 2778 3163 his
2808 3110 2983 3165 verbis
3007 3111 3305 3179 dijudicaus
3322 3112 3389 3166 de
3415 3112 3531 3181 (ιιιὶ-

241 3192 427 3248 studio
469 3194 914 3252 Christianissimi
941 3198 1199 3270 principis
1222 3214 1620 3273 congregatam,
1655 3206 1709 3261 in
1742 3221 1830 3261 oc.
1856 3186 1904 3250 C
1935 3189 2036 3247 bus
2059 3192 2255 3249 fecerat
2279 3198 2627 3264 mentionem,
2653 3215 2756 3253 non
2781 3200 2939 3255 etiam
2956 3212 3149 3258 caetera
3173 3219 3291 3271 qua:
3315 3202 3387 3256 ibi
3405 3210 3530 3257 sunt

241 3284 519 3340 casionem
561 3287 793 3342 ambitus
844 3288 1044 3357 trahat,
1077 3298 1134 3347 et
1173 3300 1232 3346 ut
1275 3294 1636 3349 cohibeutiam
1678 3310 1830 3351 sitam

243 3378 343 3433 tibi
373 3377 532 3434 dedat
556 3379 825 3449 impellits.
863 3399 883 3435 ο
919 3381 1046 3437 Non‘
1066 3397 1194 3455 ergo
1225 3401 1290 3440 ex
1338 3385 1422 3440 his
1457 3396 1617 3457 atque
1650 3387 1834 3458 hujus-

244 3468 421 3538 ntodi,
456 3484 576 3540 qum
613 3471 700 3526 vel
751 3472 817 3526 ad
847 3473 1023 3542 ipsum
1062 3476 1394 3543 Anatolium,
1463 3477 1546 3532 vel
1587 3479 1653 3531 ad
1702 3480 1835 3533 alios

244 3572 438 3617 contra
479 3565 650 3630 ipsum
698 3566 1007 3621 Anatolium
1058 3567 1399 3624 beatissimus
1446 3567 1556 3625 Leo
1599 3570 1832 3640 scripsit,

245 3663 498 3723 putemus
522 3654 592 3710 ab
618 3669 686 3710 eo
712 3656 933 3712 concilii
970 3659 1289 3715 sententiam
1324 3660 1685 3728 reprobatam,
1720 3678 1838 3732 quas

246 3759 416 3815 super
434 3746 661 3816 epistula
703 3747 811 3802 lhze
838 3750 1049 3819 prolata
1092 3760 1194 3806 est.
1221 3754 1481 3822 Quoniam
1515 3753 1719 3809 idcirco
1766 3756 1839 3810 ait

244 3846 493 3892 sanctam
523 3839 790 3909 synodum
808 3841 872 3895 ad
900 3841 1344 3916 exstinguendam
1372 3846 1539 3899 solam
1568 3845 1835 3913 haeresim,

247 3937 306 3984 et
326 3930 394 3984 ad
414 3931 878 3988 conﬁrmationem
901 3934 1021 3989 fidei
1046 3936 1350 4003 catholicae,
1378 3938 1556 3992 studio
1580 3936 1842 3992 Christia-

249 4023 462 4078 nissimi
492 4026 749 4096 principis
769 4039 1173 4098 congregatam,
1207 4040 1263 4083 ut
1303 4044 1365 4083 ea
1390 4046 1507 4101 qute
1546 4046 1643 4099 pro
1672 4030 1844 4085 ambi-

252 4116 403 4170 tione
430 4113 1016 4188 Constantiuopolitani
1047 4121 1287 4191 episcopi
1342 4121 1553 4177 fuerant
1590 4131 1844 4193 usurpata

250 4210 596 4278 dissolveret,
627 4212 769 4285 quod
796 4215 850 4270 in
887 4215 1006 4271 aliis
1034 4231 1247 4287 quoque
1281 4216 1496 4286 scriptis
1528 4216 1645 4287 ejus
1675 4218 1845 4272 multo

252 4302 488 4372 amplius
511 4305 809 4374 apparebit.
833 4306 1082 4376 Alioquin
1106 4320 1403 4362 evacuasse
1426 4307 1624 4362 dicitur
1650 4314 1843 4362 statera

251 4392 455 4463 quain
483 4394 573 4449 illa
604 4395 813 4468 synodo
849 4407 999 4467 gesta
1050 4407 1175 4451 sunt
1212 4414 1228 4450 :
1282 4398 1371 4466 qui
1423 4397 1596 4452 eidem
1639 4414 1849 4468 quoque

252 4492 458 4540 sanctas
484 4487 677 4556 synodi
698 4487 838 4557 apud
858 4487 1252 4543 Chalcedonem
1286 4489 1484 4544 habitae
1505 4504 1625 4543 cum
1649 4490 1847 4544 similia

1935 3292 2103 3353 gesta.
2137 3283 2291 3339 Sicut
2319 3288 2608 3356 Apostolus
2629 3289 2696 3342 ad
2734 3289 3105 3361 Pliilippeuses
3139 3291 3208 3347 de
3250 3291 3534 3348 Timotheo

1935 3377 2177 3429 scribens
2202 3376 2274 3431 ait
2299 3395 2313 3430 :
2340 3377 2505 3445 Spero
2535 3389 2705 3433 autem
2736 3383 2789 3435 in
2820 3382 3094 3437 Dominum
3144 3382 3322 3437 Jesum
3358 3383 3533 3438 Timo-

1937 3467 2106 3520 theum
2135 3468 2235 3520 cito
2266 3469 2463 3523 mittere
2496 3471 2564 3524 ad
2597 3487 2679 3525 vos
2713 3487 2731 3525 :
2762 3482 2815 3525 ut
2842 3484 2889 3526 et
2922 3491 3011 3544 ego
3058 3473 3188 3527 bono
3219 3477 3389 3528 animo
3437 3477 3533 3528 sint

1939 3559 2156 3627 cognitis
2178 3574 2292 3624 quae
2318 3560 2454 3613 circa
2478 3578 2564 3615 vos
2591 3570 2734 3616 sunt.
2763 3562 3035 3617 Neminem
3058 3565 3193 3617 enim
3222 3564 3382 3618 habeo
3410 3582 3535 3619 una-

1940 3652 2223 3720 nimemqui
2245 3652 2441 3706 sincera
2461 3652 2730 3718 affectione
2756 3671 2849 3723 pro
2870 3655 3008 3709 vobis
3025 3655 3276 3709 sollicitus
3298 3658 3381 3709 sit.
3411 3656 3535 3709 0m-

1940 3757 2028 3795 nes
2074 3743 2208 3795 enim
2257 3759 2352 3797 sua
2404 3753 2659 3811 quaerunt,
2712 3762 2812 3798 non
2853 3761 2966 3814 qua:
3002 3752 3121 3799 sunt
3167 3744 3292 3799 Jesu
3341 3744 3537 3801 Christi

1945 3832 2111 3904 (Phil.
2155 3850 2215 3900 li,
2256 3836 2371 3905 19).
2396 3834 2513 3890 Non
2538 3839 2589 3891 in
2615 3835 2794 3891 Titum
2824 3846 2876 3891 et
2894 3837 3114 3904 Lucam,
3148 3852 3254 3892 nou
3294 3839 3344 3893 in
3389 3839 3535 3907 Epa-

1948 3925 2254 3994 phroditum
2280 3935 2335 3981 et
2366 3928 2628 3994 Marcum,
2661 3943 2765 3987 non
2790 3928 2842 3982 in
2867 3940 3094 3983 cmteros
3114 3944 3419 3984 sermonem
3454 3930 3537 3983 in-

1947 4019 2194 4083 tendens,
2217 4019 2287 4074 de
2316 4020 2510 4088 quibus
2535 4021 2588 4075 in
2617 4021 2803 4075 eadem
2830 4022 3053 4090 epistola
3084 4020 3214 4076 dicit
3245 4039 3257 4074 :
3292 4021 3540 4089 Evodiam

1946 4124 2094 4180 rogo,
2123 4118 2171 4162 et
2205 4108 2506 4180 Syntychm
2539 4112 2803 4180 deprecor,
2831 4112 2886 4165 id
2934 4114 3101 4183 ipsum
3127 4128 3306 4181 sapere
3332 4113 3386 4166 in
3429 4111 3541 4167 Do-

1949 4202 2111 4255 mino.
2169 4201 2343 4254 Etiam
2388 4218 2512 4271 rogo
2542 4212 2588 4255 et
2617 4211 2682 4267 te,
2725 4219 2967 4273 germane
2995 4220 3224 4273 compar,
3257 4204 3447 4273 adjuva
3474 4203 3541 4257 il-

1951 4295 2030 4349 las
2058 4310 2171 4364 quae
2198 4310 2394 4348 mecum
2425 4294 2782 4349 laboraverunt
2811 4294 2865 4348 in
2896 4293 3199 4367 Evangelia,
3253 4311 3369 4348 cum
3423 4294 3542 4349 Cle—

1952 4399 2117 4442 mente
2145 4396 2192 4441 et
2245 4389 2439 4442 caeteris
2470 4387 2856 4453 adiuvatoribus
2884 4388 3030 4453 meis,
3086 4404 3300 4458 quorum
3332 4389 3543 4445 nomina

1955 4490 2072 4533 sunt
2101 4481 2154 4531 in
2180 4477 2309 4532 libro
2338 4478 2454 4532 vita:
2484 4478 2705 4549 (Philip.
2747 4493 2820 4542 Iv.
2849 4478 2942 4549 2);
2972 4480 3065 4534 sed
3115 4480 3167 4533 itt
3200 4479 3322 4533 illos
3349 4479 3544 4546 potius,

251 4576 587 4649 scripsisset,
621 4589 679 4634 ut
703 4580 1055 4636 intentionem
1086 4581 1354 4636 dictorum
1406 4595 1624 4637 suorum
1673 4584 1835 4637 omni-

1951 4571 2017 4626 de
2045 4570 2238 4639 quibus
2292 4568 2365 4623 ibi
2394 4568 2469 4621 ait
2504 4583 2519 4622 :
2556 4567 2735 4621 Videte
2765 4585 2935 4638 canes,
2979 4571 3141 4624 videte
3170 4571 3331 4623 malos
3360 4586 3545 4639 apera-

253 4665 358 4721 bus
387 4668 642 4737 aperiret,
674 4670 851 4725 intulit
880 4682 1040 4742 atque
1084 4673 1158 4726 ait
1188 4671 1383 4743 (Epist.
1413 4673 1504 4744 6i)
1532 4692 1544 4727 :
1581 4692 1600 4726 ι
1636 4675 1709 4729 De
1750 4691 1841 4728 cu-

253 4759 553 4816 stodiendis
580 4776 795 4833 quoque
816 4776 1126 4819 sanctorum
1152 4764 1365 4820 Patrum
1398 4769 1611 4821 statutis
1644 4781 1761 4835 qua:
1787 4766 1840 4819 in

252 4850 468 4922 synodo
488 4852 701 4909 Nicaena
728 4854 1127 4911 inviolabilihus
1156 4866 1281 4910 sunt
1310 4856 1413 4910 ﬁxa
1446 4856 1697 4923 decretis,
1743 4858 1843 4911 oh-

254 4945 580 4999 servautiam
610 4955 804 5001 vestrm
826 4936 1120 5002 sanctitatis
1141 4950 1427 5015 admoneo,
1451 4961 1506 5003 ut
1528 4949 1648 5019 jura
1670 4951 1845 5005 eccle-

255 5034 482 5101 siarum,
512 5037 650 5092 sicut
679 5040 745 5092 ab
769 5039 868 5093 illis
899 5039 1152 5093 trecentis
1180 5039 1367 5094 decem
1398 5049 1453 5095 et
1482 5048 1603 5095 octo
1627 5041 1644 5073 ί
1676 5041 1845 5096 Patri-

256 5127 364 5180 bus
388 5126 644 5184 divinitus
673 5130 947 5200 inspiratis
987 5141 1114 5186 sunt
1157 5132 1422 5197 ordinata,
1470 5144 1843 5204 permaneant.

194 5202 229 5240 ⁸
256 5215 402 5272 Nihil
424 5218 657 5275 alienum
682 5221 925 5291 improbe
948 5222 1356 5291 concupiscat‘,
1387 5238 1487 5280 nec
1512 5240 1607 5293 per
1628 5227 1848 5281 aitet-ius

259 5308 689 5366 imminutionem
747 5329 898 5368 suum
956 5314 1152 5384 aliquis
1212 5324 1420 5383 qumrat
1483 5330 1847 5387 augmentum.

261 5399 675 5466 Quantumlihet
697 5407 841 5459 cnim
880 5407 1106 5462 extortis
1136 5409 1589 5463 assentationibus
1623 5419 1647 5446 ⁸
1675 5425 1733 5466 se
1768 5411 1851 5463 in-

260 5499 434 5545 struat
460 5493 714 5551 vanitatis
740 5496 924 5561 elatio,
955 5505 1009 5550 et
1036 5498 1303 5567 appetitus
1331 5510 1459 5552 suos
1498 5499 1853 5554 conciliorum

339 5681 365 5708 ⁸
396 5671 518 5727 Isid.
548 5675 733 5737 Μαι-οη
764 5692 848 5729 ass
880 5676 1158 5730 nationibus.

341 5744 358 5772 ³
382 5744 514 5799 Cod.
556 5744 774 5810 Veron.,
809 5749 1035 5801 trecentis
1058 5753 1228 5801 decem
1258 5756 1303 5801 et
1324 5754 1534 5813 septem.

338 5813 522 5871 'ldcm
550 5816 654 5872 cod
679 5856 696 5885 ,
742 5818 966 5886 improbe
1000 5818 1216 5873 ambitus
1251 5818 1612 5887 concupiscat;
1638 5816 1691 5874 iu
1728 5818 1846 5875 edi-

1946 4663 2068 4727 rios,
2105 4660 2268 4715 videte
2294 4660 2631 4713 concisionem
2658 4659 2883 4731 (Philip.
2914 4676 2993 4725 tIt,
3029 4660 3106 4729 2).
3135 4662 3229 4716 llis
3259 4661 3436 4732 itaque
3458 4676 3544 4715 so-

1952 4753 2017 4807 lis
2043 4752 2329 4808 conferens
2351 4750 2715 4816 Timzttlteutn,
2750 4753 2883 4807 dixit
2910 4770 2920 4803 :
2955 4752 3234 4807 Neminem
3264 4754 3406 4806 enim
3449 4752 3544 4804 ha-

1948 4846 2052 4901 beo
2105 4846 2439 4909 unanimem,
2493 4844 2578 4913 qui
2609 4845 2658 4896 in
2690 4845 2897 4898 sincera
2927 4844 3208 4897 affectione
3257 4858 3354 4912 pro
3388 4842 3541 4896 vobis

1950 4937 2211 4992 sollicitus
2240 4937 2345 5003 sit,
2377 4944 2431 4990 et
2458 4950 2553 4990 eos
2579 4944 2782 4989 tantum
2805 4936 3054 5003 attendit,
3076 4945 3132 4989 ut
3159 4934 3384 4999 diceret,
3413 4933 3539 4988 Οιῐι·

1954 5046 2047 5084 nes
2078 5029 2219 5082 enim
2252 5042 2344 5082 sua
2375 5037 2640 5097 quaerunt,
2680 5044 2785 5082 non
2814 5043 2929 5098 qute
2960 5038 3083 5081 sunt
3136 5026 3333 5082 Christi
3385 5026 3536 5080 Jestt.

1958 5120 2194 5189 Danque
2238 5135 2357 5173 cum
2386 5120 2453 5174 de
2487 5120 2605 5188 ipso
2637 5120 2791 5175 beato
2832 5119 3114 5174 Timotheo
3146 5118 3372 5185 loquens
3399 5118 3545 5172 dire-

1957 5219 2040 5264 ret
2066 5227 2078 5263 :
2114 5209 2529 5279 Experimentum
2564 5218 2731 5262 autem
2762 5212 2872 5280 ejus
2900 5224 3202 5279 cognoscens
3231 5205 3273 5275 ³,
3302 5207 3546 5277 quoniam

1958 5300 2089 5353 sicut
2134 5302 2273 5368 patri
2299 5297 2440 5366 ﬁlius
2476 5314 2673 5352 mecum
2701 5300 2904 5353 servivit
2944 5300 2997 5352 in
3044 5298 3339 5367 Evangelia.
3396 5296 3545 5349 Hunc

1960 5393 2116 5462 igitur
2149 5408 2295 5461 spero
2325 5408 2401 5445 me
2446 5393 2642 5444 mittere
2668 5408 2686 5445 :
2714 5409 2833 5447 mox
2870 5403 2923 5445 ut
2966 5394 3136 5447 videro
3165 5406 3280 5460 qua:
3306 5390 3441 5443 circa
3472 5404 3548 5440 me

1964 5494 2102 5537 sunt.
2134 5482 2349 5547 Conﬁdo
2392 5491 2560 5535 autem
2592 5482 2645 5535 in
2677 5481 2920 5548 Domino,
2950 5484 3194 5553 quoniam
3224 5490 3270 5535 et
3316 5481 3423 5554 ipse
3450 5480 3547 5531 cito

1963 5680 2105 5733 tione
2128 5678 2399 5746 Questtelli
2426 5678 2584 5746 epist.
2617 5677 2708 5740 8'1,
2732 5677 2996 5746 improbus
3025 5677 3268 5737 ambitus.

2028 5749 2049 5780 ³
2079 5747 2340 5818 Cognosce
2363 5750 2402 5802 is
2434 5748 2486 5803 itt
2519 5749 2750 5805 editione
2799 5747 3021 5813 Latina;
3070 5750 3359 5819 cognoscite
3385 5747 3541 5819 juxta

1957 5818 2114 5876 ﬁdem
2144 5822 2316 5876 Graeci
2341 5830 2534 5881 textus.
2564 5827 2847 5883 γινώσκετε.
