4114 6518
566 314 667 371 8ιῖ

1640 303 1940 363 FACUNDI
1982 299 2196 358 EPISC.
2242 297 2752 357 HERMIANENSIS

3778 288 3909 346 6-58

570 428 769 482 ueniam
791 441 857 479 aa
879 440 965 480 vos
984 420 1242 493 (Philipp.
1260 418 1451 490 11.29.).
1475 418 1548 473 lbi
1570 427 1786 473 secutus
1811 416 2044 486 adjecit:
2071 414 2181 469 Ne-
2209 416 2262 475 A
2286 419 2515 484 scripta,
2552 416 2594 471 si
2621 416 2872 469 nolumus
2903 424 3093 465 omnes
3131 421 3367 465 canones
3396 404 3600 462 utiliter
3628 421 3656 458 a
3680 408 3909 459 sarct's

572 535 849 575 cessanum
887 526 1058 571 autem
1088 512 1370 569 existimavi
1425 511 1839 582 Epaphroditum
1866 510 2097 578 fratrem,
2128 512 2176 560 et

577 620 983 683 cooperatorem,
1030 617 1080 663 et
1113 605 1509 661 commilitonem
1540 620 1733 671 meum,
1762 612 1986 656 rostrum
2011 608 2178 653 autem

578 703 867 772 apostolum
891 710 939 754 et
969 701 1258 753 ministrum
1304 697 1615 752 necessitatis
1660 710 1807 759 metu,
1866 693 2067 745 mittere
2110 690 2180 742 ad

579 806 666 846 vos
696 806 714 844 :
745 790 989 860 quoniam
1016 789 1222 856 quidem
1252 803 1424 841 omnes
1472 801 1557 839 vos
1588 784 1932 844 dedderabat,
1980 790 2026 834 et
2056 795 2179 833 ma:-

581 894 689 937 stus
720 891 851 948 erat,
900 893 1168 951 propterea
1194 879 1330 947 quod
1390 878 1609 929 audistis
1651 876 1797 928 illum
1836 872 2177 939 inﬁrmatam.

584 973 725 1029 Nam
754 974 1050 1040 inﬁrmatus
1075 979 1147 1024 est
1173 986 1329 1039 usque
1350 967 1418 1021 ad
1444 977 1684 1031 mortem;
1717 966 1803 1018 sed
1837 962 1978 1017 Deus
2004 962 2186 1014 miser-

587 1080 666 1122 tus
691 1077 765 1123 est
796 1067 930 1133 eius.
964 1064 1087 1120 Non
1117 1065 1282 1117 solum
1314 1072 1488 1115 autem
1520 1063 1655 1131 ejus,
1686 1072 1858 1111 verum
1884 1055 2033 1108 etiam
2065 1051 2184 1118 mei,

586 1176 650 1215 ne
686 1160 952 1214 tristitiam
988 1173 1140 1225 super
1194 1156 1455 1208 tristitiam
1512 1153 1771 1205 haberem.
1833 1145 2188 1202 Festinantius

588 1269 713 1325 ergo
739 1252 855 1305 misi
876 1250 1051 1314 illum,
1082 1258 1137 1301 ut
1163 1249 1270 1301 viso
1300 1264 1357 1300 eo
1384 1247 1569 1299 iterum
1602 1240 1892 1312 gaudeatis,
1924 1248 1969 1292 et
2001 1253 2093 1309 ego
2121 1236 2192 1290 si-

591 1360 652 1397 ue
684 1344 889 1396 tristitia
920 1342 1038 1395 sint.
1096 1339 1330 1409 Excipite
1362 1338 1528 1405 itaque
1573 1335 1722 1387 illum
1753 1348 1883 1390 cum,
1921 1330 2110 1400 gaudio
2138 1327 2193 1379 in

593 1434 837 1497 Domino,
871 1443 916 1487 et
944 1430 1239 1501 hujusmodi
1269 1445 1386 1483 cum
1418 1427 1610 1481 honore
1633 1425 1867 1477 habetote
1898 1438 1915 1475 :
1945 1421 2191 1492 quoniam

593 1537 798 1597 propter
821 1539 950 1594 Opus
976 1522 1167 1576 Christi
1198 1537 1356 1589 usque
1387 1521 1455 1571 ad
1482 1526 1695 1571 mortem
1718 1514 1954 1579 accessit,
1988 1513 2196 1565 tradens

594 1621 816 1673 animam
858 1633 1024 1681 suam,
1067 1625 1121 1668 ut
1169 1615 1403 1679 iiiipferet
1432 1614 1484 1664 id
1516 1612 1656 1682 quod
1685 1610 1822 1662 vrbis
1871 1607 2046 1660 deerat
2075 1621 2197 1677 erga

597 1729 763 1765 meum
788 1709 1078 1777 obsequium
1104 1706 1292 1777 (lbid.,
1469 1702 1717 1773 Nunquid
1745 1701 1885 1754 hunc
1916 1698 2198 1769 Epaphro-

2284 508 2534 563 Patribus
2566 508 2617 561 in
2645 506 2832 563 eadem
2863 502 3071 576 synodo
3094 503 3440 565 constitutos,
3465 510 3522 553 et
3542 507 3910 562 emo-raqua:

2280 601 2333 655 in
2361 600 2689 669 specialibus
2713 608 3162 666 quorumcunque
3188 594 3368 647 causis
3396 590 3469 644 ibi
3494 590 3711 643 ﬁrmata
3730 598 3907 652 sunt,

2282 697 2336 751 in
2365 696 2625 764 majorem
2658 708 2819 762 quam
2842 705 2985 745 nunc
3011 689 3262 758 patimur,
3288 684 3763 739 conturbationem
3790 681 3910 734 Ec-

2283 788 2461 843 clesia:
2490 799 2851 841 commovere.
2886 782 3017 848 Quis
3045 789 3225 833 autem
3248 778 3314 832 de
3346 778 3505 831 beato
3534 775 3718 828 Leone
3745 773 3911 827 dice-

2284 894 2344 934 re
2372 878 2586 941 audeat,
2604 875 2853 946 quoniam
2882 875 2926 927 si
2951 872 3263 927 Nestoriaua
3286 877 3433 925 esset
3459 870 3688 936 epistola
3720 881 3901 933 quam

2286 969 2522 1041 synodus
2545 966 2886 1038 approbavit,
2909 963 3215 1035 posthabita
3240 960 3570 1030 blaSpbemia
3597 975 3702 1029 qua
3730 957 3908 1012 Chri-

2288 1071 2405 1116 stus
2434 1072 2659 1131 negatur
2685 1059 2828 1113 Deus
2850 1072 2970 1112 esse
2991 1057 3130 1125 quod
3160 1064 3263 1122 est,
3282 1053 3349 1108 de
3378 1052 3482 1107 hoc
3510 1050 3909 1105 tantummodo

2290 1163 2600 1217 causentur,
2635 1151 2776 1220 quod
2808 1153 2859 1202 in
2892 1149 2981 1203 illa
3023 1147 3232 1220 synodo
3258 1160 3396 1199 unus
3436 1147 3732 1212 episcopus
3789 1158 3911 1199 non

2291 1246 2410 1299 loco
2430 1259 2528 1298 suo
2553 1241 2898 1309 consederit?
2941 1241 3109 1306 Igitur
3149 1248 3239 1293 aut
3268 1239 3370 1292 hoc
3397 1239 3568 1292 solum
3614 1248 3911 1305 peccatum

2292 1333 2541 1404 estquod
2570 1335 2621 1387 in
2663 1333 2870 1404 synodo
2910 1330 3343 1397 Clialccdouensi
3401 1329 3592 1383 beatus
3625 1329 3738 1382 Leo
3793 1329 3911 1383 sibi

2295 1425 2635 1492 displicuisse
2679 1438 2784 1478 non
2813 1423 3015 1488 tacuit;
3067 1433 3161 1475 aut
3181 1423 3226 1475 si
3256 1431 3310 1476 et
3339 1421 3480 1474 aliud
3515 1436 3638 1475 esse
3670 1422 3910 1485 dicitur,

2296 1518 2471 1571 minus
2495 1516 2736 1584 profecto
2764 1527 2842 1570 est
2874 1530 2941 1569 eo
2967 1523 3208 1584 peccato,
3262 1515 3404 1584 quod
3436 1515 3729 1583 episcopus
3759 1513 3911 1568 Con-

2296 1611 2807 1681 stantinopolitanus
2848 1609 3110 1664 admisit:
3160 1617 3416 1662 caeterum
3459 1623 3738 1672 nunquam
3788 1607 3909 1663 Leo

2299 1711 2507 1773 posset,
2540 1702 2728 1757 relicta
2763 1702 2986 1756 haeresis
3014 1715 3199 1766 causa,
3227 1700 3295 1755 de
3327 1701 3481 1754 unius
3511 1702 3755 1769 episcopi
3787 1716 3913 1755 ses~

598 1804 767 1856 ditum
799 1799 1222 1869 Philippeusium
1247 1796 1574 1866 apostolum,
1593 1806 1645 1848 et
1669 1793 1805 1846 alios
1832 1791 1949 1859 ejus
1980 1798 2194 1844 sanctos
2224 1780 2274 1840 Β
2301 1794 2455 1848 sione
2503 1792 2742 1848 causari,
2787 1793 3115 1847 Ostendamr
3144 1801 3322 1845 autem
3366 1792 3542 1856 nobis,
3598 1791 3801 1845 “bium
3827 1805 3913 1858 qua

600 1896 656 1950 in
689 1892 978 1962 Evangelio
1008 1891 1308 1957 adjutores,
1342 1902 1522 1942 sermo
1544 1885 1692 1940 Pauli
1722 1883 2033 1939 attendebat
2062 1895 2195 1950 apo-

601 1986 724 2041 stoli
755 1984 986 2038 dicentis
1014 2001 1026 2034 :
1062 1981 1341 2036 Neminem
1372 1979 1514 2033 enim
1540 1977 1713 2032 habeo
1743 1977 2075 2039 unanimem,
2108 1972 2200 2040 qui

603 2081 813 2132 sincem
863 2076 1147 2130 affectione
1194 2089 1291 2142 pro
1338 2071 1495 2125 vobis
1536 2070 1800 2123 sollicitus
1848 2069 1919 2122 sit
1965 2079 2201 2122 :omncs

603 2168 746 2225 enim
789 2181 882 2220 sua
916 2173 1183 2233 quaerunt,
1214 2180 1321 2217 non
1360 2176 1480 2231 qua:
1526 2170 1653 2215 sunt
1701 2160 1905 2215 Christi
1953 2159 2114 2222 Jesu;
2146 2165 2201 2210 et

606 2278 713 2317 non
745 2261 922 2330 potius
954 2259 1075 2313 illos
1104 2258 1172 2312 de
1215 2255 1409 2325 quibus
1453 2269 1611 2321 supra
1640 2253 1749 2321 jam
1803 2250 2072 2305 diximus?
2120 2248 2200 2304 An

606 2353 878 2411 Unanimis
912 2350 1308 2421 Epaphroditus
1340 2363 1444 2401 non
1481 2346 1648 2400 fuisse
1680 2343 2012 2413 perhibetur,
2046 2357 2153 2411 quo
2184 2340 2200 2371 ⁸

609 2446 678 2500 ab
700 2444 1012 2499 infirmitate
1042 2450 1315 2505 revocato,
1341 2439 1444 2494 sibi
1475 2452 1689 2509 quoque
1714 2433 1879 2489 Deum
1922 2434 2203 2487 misertum

607 2535 757 2597 dicit,
776 2551 841 2588 ue
865 2535 933 2588 de
956 2533 1048 2587 illo
1077 2532 1346 2587 tristitiam
1364 2544 1526 2599 super
1551 2528 1825 2582 tristitiam
1846 2524 2106 2581 haberet?
2123 2525 2205 2579 An

611 2643 711 2698 pro
732 2624 1166 2693 Philippensibus
1181 2638 1286 2677 non
1310 2630 1427 2678 erat
1447 2629 1663 2674 sanctus
1679 2615 2075 2687 Epaphroditus
2097 2613 2209 2669 sin-

610 2734 735 2775 cera
759 2715 1045 2772 affectione
1070 2715 1353 2780 sollicitus,
1384 2728 1521 2783 quos
1544 2709 1730 2765 videre
1752 2708 2119 2773 desiderabat,
2154 2713 2209 2760 et

613 2816 832 2879 propter
850 2822 1073 2878 quorum
1097 2806 1163 2861 de
1187 2821 1282 2860 sua
1312 2803 1624 2859 inﬁrmitate
1648 2798 1961 2855 mmstitiam
1985 2805 2210 2853 moestus

612 2909 749 2966 erat,
769 2914 835 2955 eo
851 2898 993 2969 quod
1011 2896 1279 2952 audierint
1292 2895 1439 2949 illum
1455 2893 1804 2956 infirmaium;
1820 2900 1872 2944 et
1885 2891 1975 2959 qui
1992 2898 2211 2960 propter

611 3006 751 3062 opus
800 2989 1001 3045 Christi
1032 3002 1201 3057 usque
1232 2986 1297 3040 ad
1343 2994 1572 3040 mortem
1612 2990 1939 3047 accesserat,
1994 2982 2212 3036 tradens

613 3085 849 3139 animam
872 3096 1023 3136 suam
1049 3088 1107 3135 ut
1136 3079 1387 3150 impleret
1415 3077 1468 3133 id
1493 3076 1635 3146 quod
1668 3076 1719 3131 ei
1753 3074 1943 3131 deerat
1962 3089 2084 3143 erga
2111 3074 2207 3129 ob-

2302 1887 2491 1941 beatus
2540 1884 2649 1939 Leo
2675 1883 2805 1938 dixit
2834 1882 3034 1952 (Epist.
3068 1881 3161 1951 62)
3218 1898 3325 1937 non
3358 1882 3536 1936 omnia
3578 1898 3640 1936 se
3667 1897 3795 1951 qua:
3857 1883 3914 1937 in

2302 1980 2389 2033 illa
2420 1980 2627 2050 synodo
2656 1989 2770 2032 acta
2798 1984 2924 2031 sunt
2943 1976 3289 2041 confirmare,
3321 1976 3461 2044 quod
3493 1976 3663 2046 ipsius
3715 1977 3913 2046 synodi

2302 2076 2622 2127 sententiam
2649 2086 2812 2140 super
2832 2070 3057 2139 epistola
3086 2069 3188 2123 lbte
3212 2069 3529 2133 detestetur,
3558 2084 3622 2121 ac
3653 2084 3766 2123 non
3805 2084 3911 2136 po-

2304 2167 2412 2220 tius
2459 2164 3035 2232 Constantinopolitani
3080 2162 3318 2232 episc0pi
3357 2162 3709 2215 ambitionem
3742 2162 3911 2215 casti-

2304 2265 2396 2326 get
2418 2266 2575 2326 atque
2598 2265 2875 2320 coerceat;
2902 2264 2957 2310 et
2984 2257 3099 2322 ipso
3123 2264 3366 2323 purgato,
3391 2254 3503 2307 Sola
3528 2253 3776 2323 synodus
3804 2254 3912 2308 cri-

2305 2346 2438 2400 mini
2468 2346 2787 2414 subjacebit,
2816 2345 2860 2398 si
2893 2360 3018 2399 vere
3050 2344 3367 2399 Nestoriana
3397 2351 3482 2397 est
3519 2358 3679 2411 quam
3714 2356 3914 2408 appro-

2306 2437 2454 2492 bavit
2481 2439 2730 2507 epistola.
2761 2437 2894 2491 Nam
2937 2445 2993 2491 et
3020 2436 3256 2492 Maximo
3287 2434 3624 2490 Aulim-lieno
3659 2434 3912 2488 scribens

2308 2531 2450 2586 idem
2476 2531 2664 2586 beatus
2688 2531 2819 2597 Leo,
2852 2531 2935 2585 cui
2972 2530 3260 2599 praedictus
3281 2528 3914 2598 Coustantinopolitanus

2308 2622 2594 2678 Anatolius
2620 2623 2935 2693 dignitatem
2964 2623 3139 2684 tertiae
3168 2622 3314 2677 sedis
3340 2623 3551 2677 auferre
3582 2630 3915 2683 tentaverat,

2311 2714 2413 2770 hoc
2439 2716 2581 2785 quod
2612 2715 2908 2771 asserimus
2962 2714 3307 2769 manifestum
3335 2714 3585 2769 omnibus
3617 2713 3751 2768 facit
3778 2733 3792 2769 :
3825 2714 3916 2783 qui

2311 2812 2435 2875 post
2456 2804 2645 2873 multa,
2677 2820 2796 2872 qute
2823 2812 2878 2859 et
2907 2804 3225 2874 acceptabili
3257 2805 3465 2859 ratione
3485 2814 3541 2859 et
3570 2804 3912 2873 increpatio-

2311 2912 2381 2953 ne
2424 2897 2754 2963 vehementi,
2796 2911 2959 2965 super
3004 2896 3193 2952 eadem
3245 2897 3663 2965 praesumptione
3706 2897 3917 2952 locutus

2311 2996 2416 3054 est,
2451 2989 2732 3058 epistolam
2758 2988 2828 3044 ita
2850 2988 3126 3044 concludit
3153 3005 3166 3042 :
3198 3006 3217 3040 ι
3253 2988 3517 3057 Quidquid
3545 2989 3689 3044 enim
3720 2996 3919 3056 praeter

2314 3080 2577 3150 speciales
2604 3094 2795 3136 causas
2822 3080 3162 3154 synodalium
3196 3081 3546 3136 conciliorum
3575 3081 3643 3134 ad
3682 3095 3917 3135 examen

616 3175 859 3243 δυαυίυιη
889 3171 1070 3226 Ρθυιίῖ
1100 3149 1251 3225 Unde
1282 3170 1445 3223 etiam
1479 3166 1673 3221 ωεπίιο
1691 3166 1769 3221 Eis
1791 3164 2207 3231 οοιηπιθηάεινίιι
2237 3149 2285 3212 c
2316 3149 2621 3244 episcOpale
2650 3149 2910 3239 defertur,
2936 3182 3112 3244 potest
3138 3172 3369 3243 aliquam
3397 3172 3430 3228 d
3451 3171 3732 3241 judicandi
3756 3172 3919 3225 habeo

620 3272 679 3320 ut
699 3262 1003 3333 huiusmodi
1035 3277 1156 3317 cum
1186 3261 1396 3316 honore
1419 3259 1701 3314 haberent.
1734 3257 1806 3314 Ut
1835 3258 1997 3329 igitur
2018 3256 2211 3311 Paulus

619 3355 897 3424 apostolus
928 3352 1366 3423 Philippensibus
1396 3353 1463 3406 de
1492 3351 1775 3407 Timotheo
1813 3352 2074 3418 scribens,
2104 3367 2211 3405 non

620 3450 801 3505 Titum
834 3457 890 3503 et
912 3447 1131 3511 Lucam,
1158 3462 1265 3501 non
1300 3444 1722 3515 Epaphroditum
1743 3454 1794 3498 et
1817 3444 2074 3508 Marcum,
2105 3459 2213 3498 non

618 3550 850 3595 cteteros
871 3554 999 3595 suos
1029 3539 1304 3609 adjutores
1334 3551 1565 3607 quorum
1608 3535 1823 3591 nomina
1845 3545 1970 3591 sunt
1996 3536 2047 3590 in
2078 3535 2214 3591 libro

619 3634 767 3700 vitae,
809 3629 1038 3686 attendit
1078 3645 1199 3686 cum
1229 3628 1434 3684 diceret
1462 3647 1474 3680 :
1508 3625 1788 3683 Neminem
1823 3626 1994 3681 habeo
2024 3627 2215 3682 unani—

620 3742 783 3794 mem,
816 3724 907 3795 qui
935 3723 1144 3778 sincera
1176 3721 1457 3777 affectione
1483 3737 1582 3792 pro
1610 3720 1764 3775 vobis
1796 3720 2063 3775 sollicitus
2092 3717 2165 3773 sit
2196 3734 2211 3771 :

620 3833 809 3875 omnes
838 3817 984 3873 enim
1015 3832 1110 3872 sua
1138 3824 1407 3886 quaerunt,
1454 3828 1559 3869 non
1588 3828 1709 3883 quae
1738 3821 1865 3867 sunt
1891 3810 2090 3865 Christi
2122 3809 2216 3865 Je-

619 3928 717 3979 su;
747 3910 841 3966 sed
872 3912 992 3965 illos
1014 3911 1193 3980 potius
1221 3910 1287 3963 de
1314 3908 1510 3978 quibus
1530 3906 1598 3961 ab
1625 3921 1692 3961 eo
1738 3904 1939 3958 dictum
1965 3914 2047 3957 est
2075 3922 2086 3957 :
2126 3903 2215 3958 Vi-

619 4001 745 4058 dete
773 4015 952 4065 canes,
997 3999 1173 4054 videte
1204 3998 1372 4053 malos
1402 3996 1706 4067 operarios,
1736 3995 1919 4049 videte
1945 3995 2215 4049 concisio-

622 4110 770 4151 nem.
793 4092 868 4147 lta
894 4092 1059 4147 etiam
1076 4090 1421 4147 beatissimus
1448 4089 1554 4144 Leo
1576 4087 1842 4151 scribens,
1868 4101 1971 4140 non
1990 4096 2215 4142 sentt-n-

622 4188 750 4241 tium
804 4200 966 4255 super
1004 4182 1288 4253 epistolam
1322 4181 1430 4238 lbte
1467 4180 1750 4251 prolatam,
1806 4195 1977 4248 neque
2004 4179 2216 4248 episeo-

623 4286 805 4348 patum
836 4275 1090 4345 praedicto
1119 4275 1222 4329 lbre
1253 4273 1549 4339 redditum,
1582 4280 1639 4327 et
1665 4280 1857 4327 caetera
1888 4287 2007 4341 quae
2054 4272 2104 4325 in
2131 4286 2217 4343 sy-

624 4369 767 4424 nodo
797 4366 1225 4423 Chalcedoneusi
1253 4365 1323 4421 de
1351 4365 1670 4436 quibusdam
1709 4364 1955 4431 personis
1999 4362 2217 4418 decreta

624 4470 770 4526 Sunt,
804 4477 975 4531 neque
1002 4476 1171 4515 canon
1184 4476 1241 4515 es
1263 4460 1648 4516 ecclesiasticas
1664 4458 1960 4527 disciplinae
1984 4459 2216 4514 salubri-

2314 3280 2374 3319 re
2399 3266 2688 3331 rationem,
2720 3264 2766 3319 si
2798 3265 2929 3320 nihil
2945 3264 3014 3321 de
3041 3279 3108 3320 eo
3128 3274 3256 3320 esta
3278 3266 3480 3318 sanctis
3505 3263 3756 3318 Patribus
3777 3263 3919 3331 apud

2314 3355 2547 3412 Nicaeam
2589 3356 2891 3413 definitum.
2946 3355 3078 3412 Nam
3116 3356 3258 3427 quod
3288 3356 3358 3411 ab
3386 3355 3601 3410 illorum
3635 3355 3840 3424 regulis
3868 3364 3921 3412 et

2315 3450 2698 3506 constitutione
2742 3449 3043 3515 discordat,
3096 3449 3409 3518 apostolica:
3440 3447 3588 3502 sedis
3635 3462 3916 3516 nunquam

2317 3542 2514 3612 poterit
2539 3542 2785 3597 obtinere
2813 3555 3161 3597 consensum.
3194 3541 3404 3608 Quanta
3437 3553 3566 3593 vero
3587 3547 3616 3576 ι
3643 3538 3921 3607 diligentia

2315 3633 2650 3688 custodiatur
2671 3646 2702 3686 a
2726 3630 3321 3701 nobis,exemplaribus
3349 3628 3467 3698 ejus
3493 3628 3741 3698 epistola:
3761 3643 3919 3698 quam

2317 3727 2385 3780 ad
2435 3725 3090 3793 Constantinopolitanum
3120 3725 3432 3792 episcopum
3485 3720 3917 3789 refrenantesip-

2317 3817 2430 3872 sius
2448 3817 2795 3885 cupiditatem
2828 3816 3143 3880 direximus,
3177 3814 3460 3871 instrueris
3489 3828 3691 3884 :quam
3720 3813 3776 3867 in
3804 3828 3918 3868 om-

2319 3910 2463 3963 nium
2498 3909 2722 3963 fratrum
2752 3916 2812 3963 et
2834 3908 3281 3963 consacerdotum
3305 3916 3610 3963 nostrorum
3633 3905 3799 3961 facies
3827 3920 3918 3959 no-

2320 4003 2490 4057 titiam
2545 4002 2848 4071 pervenire,
2887 4011 2945 4057 ut
2975 4002 3226 4057 noverint
3271 4014 3456 4070 pacem
3500 3998 3918 4056 ecclesiasticam

2320 4110 2415 4164 per
2464 4096 2806 4149 concordiam
2838 4093 2949 4150 Deo
2987 4094 3235 4164 placitam
3282 4093 3484 4148 debere
3512 4092 3749 4147 servari.
3787 4088 3917 4144 Illud

2318 4201 2535 4257 quoque
2582 4186 2929 4241 dilectionem
2982 4194 3130 4240 tuam
3185 4184 3445 4241 convenit
3492 4198 3823 4253 praecavere,
3865 4192 3919 4236 ut

2321 4285 2518 4347 praeter
2563 4291 2659 4332 eos
2706 4279 2797 4347 qui
2821 4284 2949 4331 sunt
2979 4276 3195 4331 Domini
3244 4275 3576 4341 sacerdotes,
3610 4273 3791 4328 nullus
3819 4273 3917 4326 sibi

2324 4368 2553 4425 docendi
2581 4377 2637 4423 et
2664 4367 2989 4438 praedicandi
3027 4367 3117 4438 jus
3146 4366 3343 4422 audeat
3372 4366 3669 4428 vindicare,
3698 4367 3813 4419 sive
3836 4364 3919 4417 ille

2325 4461 2644 4527 monachus,
2677 4464 2795 4517 sive
2818 4461 2911 4516 ille
2939 4461 3132 4527 laicus,
3163 4462 3254 4531 qui
3288 4461 3518 4529 alicujus
3550 4459 3789 4513 scientia:
3820 4473 3916 4510 no-

627 4560 711 4608 tcr
743 4553 851 4606 illic
877 4568 905 4604 a
951 4553 1152 4605 sanctis
1181 4552 1427 4606 Patribus
1457 4551 1778 4605 constitutos
1810 4549 2057 4613 attendit,
2100 4565 2220 4605 cum
2249 4536 2304 4596 Ῑ)
2329 4556 2471 4611 mine
2503 4556 2781 4628 giorietur.
2814 4555 2946 4623 Quia
2979 4555 3080 4610 etsi
3103 4555 3397 4624 optandum
3430 4563 3587 4609 estut
3607 4568 3804 4608 omnes
3826 4553 3921 4606 Ec-

627 4642 836 4697 diceret
865 4658 878 4695 :
910 4640 977 4697 Ut
1006 4653 1243 4696 sanctam
1268 4640 1532 4711 synodum
1560 4641 1625 4695 ad
1655 4642 2102 4711 exstinguendam
2126 4657 2217 4697 so-

630 4733 740 4789 lum
774 4732 1046 4796 haeresim,
1077 4738 1133 4785 et
1175 4731 1241 4785 ad
1272 4731 1733 4786 confirmationem
1774 4731 1897 4787 ﬁdei
1945 4734 2224 4790 catholicas

630 4827 809 4884 studio
840 4826 1285 4881 Christianissimi
1320 4826 1576 4897 principis
1598 4838 1995 4896 congregatum,
2050 4827 2100 4880 in
2128 4840 2224 4881 oc-

629 4920 900 4974 casiouem
930 4918 1160 4973 ambitus
1183 4918 1387 4985 trahas,
1419 4920 1439 4950 ’
1469 4927 1525 4973 et
1551 4918 1632 4973 his
1661 4918 1884 4983 similia;
1917 4918 2010 4973 sed
2034 4934 2225 4987 super-

632 5012 759 5066 bam
791 5011 969 5080 potius
995 5010 1286 5065 elationem
1332 5010 1915 5079 Constantinopolitaui
1963 5011 2220 5078 episcopi,

630 5106 775 5160 sicut
796 5104 908 5172 ipsa
934 5104 1093 5159 verba
1127 5104 1243 5172 ejus
1271 5103 1530 5157 indicant.
1556 5102 1686 5156 Nam
1716 5117 1814 5157 nec
1838 5102 1982 5158 aliud
2018 5106 2225 5159 inveni-

632 5206 725 5251 tur
753 5196 806 5249 in
828 5196 1030 5251 eisdem
1064 5195 1177 5249 suis
1207 5195 1451 5263 epistolis
1477 5194 1739 5263 arguisse.
1774 5193 1863 5249 Sic
1891 5195 2045 5250 nobis
2064 5196 2225 5251 intel-

630 5288 842 5359 ligenda
872 5299 999 5343 sunt
1020 5288 1181 5345 verba
1201 5287 1427 5341 Romani
1459 5285 1677 5353 Leonis,
1708 5288 1785 5341 sic
1804 5289 2223 5356 apostolicorum

631 5381 953 5453 scriptorum
985 5381 1246 5451 exemplis
1276 5378 1570 5435 asserenda
1601 5388 1722 5434 sunt
1743 5379 1888 5435 sedis
1917 5384 2227 5451 apostolica:

718 5572 745 5603 ⁸
765 5564 823 5619 In
853 5565 984 5619 edit.
1015 5566 1181 5619 saticti
1216 5564 1408 5620 Leonis
1435 5563 1529 5617 hoc
1558 5562 1832 5617 inseritur.

707 5736 725 5767 ‘
750 5731 883 5789 Cod.
939 5735 1158 5801 Verum,
1196 5736 1581 5808 Epaphroditus
1610 5755 1709 5791 nou
1743 5738 1861 5805 fuit,
1892 5756 2039 5807 quem
2076 5739 2224 5794 mini-

636 5814 799 5858 strum
825 5809 1131 5862 necessitatis
1162 5825 1267 5863 siue
1290 5811 1447 5879 fuisse
1476 5809 1723 5878 perhibet,
1748 5826 1870 5877 quo,
1900 5821 2006 5865 etc.

2328 4649 2508 4704 clesiae
2538 4648 2633 4703 filii
2682 4663 2802 4717 quae
2827 4657 2970 4703 recta
3002 4655 3058 4701 et
3087 4662 3215 4701 sana
3247 4657 3373 4702 sunt
3414 4647 3655 4714 sapiant,
3709 4660 3815 4700 non
3843 4656 3920 4698 ts-

2331 4758 2452 4795 mcn
2479 4740 2893 4810 permittendum
2927 4748 3011 4795 est
3038 4748 3097 4794 ut
3121 4741 3403 4809 quisquam
3436 4747 3586 4793 extra
3617 4738 3919 4792 sacerdota-

2331 4835 2433 4889 lem
2467 4835 2712 4890 ordinem
2760 4832 3107 4897 constitutus,
3152 4832 3375 4901 gradum
3405 4830 3507 4883 sibi
3557 4827 3921 4898 prmdicatorls

2331 4936 2607 4982 assumat:
2641 4942 2765 4980 cum
2815 4929 2868 4980 in
2918 4925 3159 4980 Ecclesia
3193 4925 3287 4978 Dei
3318 4924 3497 4977 omnia
3525 4922 3779 4977 ordinata
3808 4934 3923 4974 esse

2328 5019 2631 5079 conveniat.
2665 5027 2723 5071 ut
2754 5019 2804 5070 in
2837 5033 2942 5071 uno
2971 5016 3169 5070 Christi
3200 5030 3448 5085 corpore,
3485 5022 3543 5068 et
3567 5013 3919 5068 excellentio-

2331 5126 2391 5165 ra
2419 5110 2656 5164 membra
2682 5125 2838 5163 suum
2870 5107 3103 5163 officium
3134 5108 3415 5177 impleant,
3456 5114 3512 5161 et
3538 5105 3795 5159 inferiora
3838 5119 3920 5157 su-

2332 5201 2631 5272 perioribus
2680 5215 2785 5255 non
2817 5200 3099 5255 resultent.
3140 5218 3158 5251 ι
3192 5197 3467 5254 Manifesta
3490 5202 3641 5262 sunt,
3667 5198 3925 5265 quantuni

2335 5303 2485 5365 puto,
2533 5308 2634 5348 nec
2660 5294 2768 5347 ullo
2805 5308 2926 5361 quas
2972 5292 3390 5347 memoravimus
3420 5296 3583 5359 egent
3610 5291 3917 5355 interprete,

2334 5396 2391 5440 ut
2419 5384 2644 5458 intelligi
2673 5394 2837 5454 queat
2861 5385 3001 5454 quod
3031 5398 3092 5438 ea
3115 5394 3302 5438 contra
3344 5376 3919 5450 Constantinopolitani

2408 5742 2426 5770 ¹
2463 5739 2604 5793 Idem
2643 5738 2788 5800 cod.,
2843 5747 2888 5789 et
2920 5748 2972 5791 ut
3003 5738 3342 5791 cohibeitiam
3373 5736 3499 5803 ιιτ-α.
3534 5731 3919 5805 corinirentzam]

2334 5828 2478 5866 suam
2506 5811 2595 5864 tibi
2625 5812 2801 5867 dedat.
2831 5810 3085 5881 impeltas,
3109 5824 3155 5862 et
3180 5810 3257 5862 his
3285 5808 3497 5863 simit.a.
