4114 6476
324 287 427 342 649

1164 284 1297 342 PRO
1341 281 1771 342 DEFENSIONE
1813 280 2030 339 TRIUM
2068 279 2387 337 CAPITUL.
2429 280 2555 336 LlB.
2592 282 2652 338 V.

3513 290 3620 349 65“)

323 399 559 472 episcopi
594 400 965 468 ambitionem,
1017 417 1120 458 non
1173 412 1360 459 contra
1390 404 1707 459 sententiam
1755 415 1918 471 super
1949 402 1997 461 Α
2025 398 2096 467 la,
2130 417 2223 471 per
2250 418 2406 471 quam
2430 404 2675 461 similiter
2696 404 3047 464 devii’borum
3076 411 3396 483 scriptorum
3426 416 3620 474 Leonis

321 495 607 563 epistolam
643 496 748 551 lbae
781 496 1064 566 prolatam.
1100 497 1289 554 beatus
1309 500 1415 555 Leo
1440 499 1658 554 dixerit.
1689 497 1818 551 Nam
1848 498 1921 552 si-

322 606 374 642 in
400 590 520 643 liter
551 589 793 644 scribens
822 588 982 644 etiam
1007 589 1274 646 Marciano
1304 591 1525 661 principi
1555 588 1922 646 etPuleheriae

325 686 580 749 Augustae
613 679 806 752 (Epist.
843 682 910 735 74
939 690 986 734 et
1029 680 1147 752 75),
1185 697 1316 751 quas
1340 683 1595 751 epistolas
1622 693 1922 736 memorare

325 772 640 843 perlongum
672 781 777 840 cst,
830 788 937 827 non
970 772 1036 828 de
1067 773 1171 827 alia
1214 789 1373 828 causa
1403 774 1771 843 conqueritur.
1818 770 1922 825 Ve-

323 881 441 919 rum
468 865 607 935 quod
640 866 793 933 pejus
814 874 916 929 est,
947 874 1003 920 et
1026 865 1115 919 illa
1140 880 1237 935 pro
1262 866 1455 937 quibus
1483 866 1622 920 dicta
1654 872 1780 920 sunt
1805 862 1921 919 nul-

328 957 411 1013 lus
435 958 723 1011 observare
752 956 1028 1023 dignatur,
1062 968 1115 1011 et
1136 957 1355 1025 inSUper
1383 972 1501 1027 qum
1527 957 1627 1011 alia
1666 963 1794 1010 sunt
1841 956 1923 1010 in-

329 1050 565 1104 tentione
588 1048 914 1115 conscripta,
942 1049 993 1102 in
1033 1048 1399 1118 prmjudicium
1430 1048 1554 1103 ﬁdei
1582 1062 1728 1103 saeva
1757 1048 1921 1102 inter-

330 1142 626 1212 pretatione
676 1150 977 1194 vertuntur.
1031 1141 1365 1195 Contradicit
1411 1149 1588 1193 autem
1644 1140 1918 1193 nobiscum

330 1250 471 1305 papa-
516 1234 785 1299 Gelasius,
823 1234 1010 1287 melior
1049 1245 1103 1288 et
1133 1232 1517 1300 aceeptabilior
1543 1232 1810 1286 dictorum
1839 1229 1921 1285 sui

332 1327 745 1396 pracdeeessoris
770 1328 1056 1395 interpres,
1092 1330 1181 1396 qui
1224 1328 1466 1381 scribens
1496 1326 1759 1380 universis
1803 1325 1921 1393 cpi-

330 1420 507 1488 sc0pis
542 1434 635 1487 per
663 1418 991 1474 Dardaniam
1016 1419 1342 1483 consdtntis,
1373 1433 1433 1472 ea
1462 1433 1579 1488 qua:
1601 1417 1923 1472 memoravi-

331 1526 471 1577 mus,
507 1525 611 1565 non
643 1510 708 1564 ad
743 1510 1160 1564 de-tructionem
1190 1510 1471 1564 sententias
1498 1523 1663 1577 super
1694 1507 1921 1577 cpistola

330 1603 433 1658 ibas
457 1604 701 1671 proiatae,
744 1602 837 1657 sed
869 1602 932 1656 ad
957 1602 1310 1657 coercendam
1341 1599 1921 1670 Constantinopolitini

328 1694 561 1764 episcOpi
586 1697 1082 1764 praesumptionem,
1110 1708 1139 1747 a
1165 1692 1323 1748 beato
1352 1692 1533 1747 Leone
1572 1691 1770 1760 scripta
1803 1703 1922 1745 esse

2027 493 2348 563 interpretes
2375 496 2719 565 refellantur;
2750 501 2843 556 sed
2864 501 3216 569 judicavimus
3246 507 3383 564 hanc
3412 528 3573 566 unum
3595 514 3619 548 ²

2025 584 2192 640 solam
2223 600 2399 642 causa:
2426 589 2692 645 sufﬁcere.
2749 592 2941 647 Verum
2970 605 3105 662 esto,
3138 601 3360 654 semotis
3390 601 3472 656 his
3500 619 3617 657 om-

2026 680 2203 748 nibus,
2233 690 2446 751 putetur
2467 683 2577 740 Leo
2604 684 2880 754 Romanis,
2922 688 2987 743 ad
3017 690 3397 753 destruendam
3431 698 3617 765 synodi

2025 787 2187 840 super
2222 772 2447 840 epistola
2476 776 2583 831 lbae
2610 778 2932 836 sententiam
2962 781 3049 837 illa
3081 784 3300 840 dixisse.
3340 787 3625 853 Quomodo

2026 878 2155 933 ergo
2199 865 2322 921 hinc
2349 869 2586 940 synodus
2635 874 3004 942 excusabitur,
3037 893 3155 947 qua:
3183 890 3237 935 et
3265 884 3533 952 recepisse
3561 885 3625 938 il-

2025 956 2129 1010 lam
2161 958 2468 1027 epistolam,
2520 962 2662 1030 quod
2714 963 2849 1021 false
2880 976 3124 1036 negatum
3174 966 3274 1037 est,
3308 982 3360 1027 ct
3402 990 3507 1029 non
3536 976 3632 1031 de-

2025 1045 2211 1103 buisse
2259 1050 2500 1119 recipere
2539 1051 2719 1109 Leone
2765 1057 3194 1126 reprehendente
3243 1065 3623 1120 convincitur?

2024 1136 2288 1204 Quocirca
2318 1140 2364 1194 si
2385 1141 2458 1196 ita
2482 1143 2813 1213 accipiantur
2840 1147 3145 1218 hujusmodi
3168 1154 3326 1209 verba
3346 1171 3464 1227 quae
3495 1173 3619 1226 pro-

2025 1229 2277 1287 feruntur
2307 1233 2446 1290 beati
2498 1235 2709 1303 Leonis,
2740 1242 2923 1309 procul
2952 1244 3114 1300 dubio
3165 1262 3269 1300 non
3297 1250 3620 1319 repellenda:

2026 1324 2357 1380 accusationi
2378 1328 2589 1397 synodi,
2618 1331 2710 1385 sed
2741 1334 3122 1393 conﬁrmandae
3152 1341 3431 1407 proﬁcient
3454 1359 3467 1409 ;
3493 1352 3545 1398 et
3575 1345 3619 1399 si

2025 1413 2341 1473 Nestoriana
2394 1418 2482 1474 illa
2531 1420 2727 1476 dicitur
2769 1423 3014 1494 epistola,
3058 1428 3241 1484 beatus
3271 1432 3481 1500 quidem
3515 1434 3623 1490 Leu

2028 1505 2292 1576 fortassis,
2329 1511 2400 1565 uti
2429 1510 2537 1579 jam
2589 1513 2787 1569 dictum
2819 1527 2916 1580 est,
2969 1533 2998 1572 a
3050 1519 3363 1576 Nestoriano
3394 1526 3622 1579 crimine

2029 1600 2384 1668 defendetur;
2416 1605 2511 1660 sed
2562 1606 2719 1675 plane
2758 1610 2993 1679 synodus
3025 1612 3476 1671 Chalcedonensis
3508 1618 3623 1685 ipso

2039 1701 2173 1749 teste
2203 1695 2583 1763 damnabitur;
2616 1708 2773 1769 atque
2797 1702 2816 1731 ³
2847 1702 3168 1758 videbuntur
3194 1706 3427 1761 haeretici
3455 1707 3622 1779 Euty-

329 1787 627 1843 conﬁrmat.
662 1785 750 1841 Sic
771 1788 913 1841 enim
945 1786 1072 1841 dicit
1104 1803 1117 1839 :
1150 1804 1168 1838 ι
1204 1787 1353 1841 Sicut
1382 1785 1629 1854 quamvis
1654 1798 1815 1852 parva
1843 1782 1920 1838 ci—
1955 1785 2002 1845 B
2030 1784 2209 1839 chiani
2241 1802 2345 1842 non
2378 1788 2645 1845 immerito
2695 1803 3017 1847 seanostra
3067 1799 3445 1855 communione
3491 1803 3621 1856 sub-

330 1882 463 1936 vitas
493 1880 897 1950 praerogativam
932 1880 1217 1950 pra-sentis
1263 1880 1411 1947 regni
1445 1894 1552 1933 non
1584 1876 1793 1940 minuit,
1841 1877 1920 1930 sic

330 1973 621 2043 imperialis
676 1974 959 2043 praesentia
994 1988 1298 2061 mensuram
1350 1970 1767 2040 dispensat'onis
1796 1967 1918 2022 reli-

331 2066 490 2136 giosae
523 2080 626 2118 non
660 2073 848 2119 mutat.
877 2064 965 2120 Sic
1014 2065 1154 2118 clara
1188 2063 1316 2118 urbs
1362 2063 1451 2117 illa
1492 2069 1755 2131 potestate
1786 2073 1921 2129 prte-

304 2158 494 2211 sentis
541 2156 773 2222 imperii,
801 2156 988 2226 religio
1017 2156 1118 2211 sub
1156 2154 1343 2210 eadem
1374 2163 1397 2192 δ
1429 2164 1555 2209 tunc
1587 2154 1763 2218 ﬁrma,
1797 2160 1921 2207 tunc

330 2246 517 2314 libera,
551 2254 677 2301 tunc
703 2258 956 2316 provecta
987 2245 1250 2313 consistit,
1276 2246 1323 2301 si
1354 2245 1530 2314 potius
1552 2243 1657 2299 hoc
1684 2257 1920 2313 prarseu-

332 2349 382 2396 te
435 2340 706 2410 propriam
742 2346 923 2393 teneat
952 2339 1067 2392 sine
1094 2338 1200 2391 ulla
1250 2336 1653 2407 perturbatione
1700 2348 1917 2390 mensu-

329 2444 464 2486 ram.
500 2430 780 2486 Postremo
806 2431 853 2484 si
874 2429 974 2484 sibi
997 2429 1064 2485 de
1096 2428 1435 2498 imperatoris
1457 2429 1735 2498 praesentia
1769 2428 1919 2483 blan-

330 2521 569 2587 diuntur,
601 2530 655 2576 ct
681 2521 805 2576 inde
836 2528 1024 2590 putant
1052 2520 1659 2590 ConstantinOpolitanm
1690 2521 1920 2576 civitatis

330 2612 562 2680 episcopi
589 2611 853 2679 potiorem
887 2610 998 2665 ﬁeri
1028 2626 1184 2681 posse
1209 2624 1515 2681 personam,
1541 2610 1759 2665 audiant
1782 2611 1920 2665 Mar-

324 2702 538 2755 cianum
569 2701 809 2769 ejusdem
837 2701 1131 2771 principem
1160 2701 1412 2768 civitatis,
1446 2712 1790 2772 posteaquam
1824 2716 1922 2773 pro

332 2803 617 2862 augmento
631 2792 775 2848 urbis
799 2792 964 2863 ipsius
986 2793 1281 2849 sacerdotis
1297 2794 1621 2849 intercessor
1635 2793 1919 2862 accedens,

328 2892 517 2938 contra
541 2884 753 2955 regulas
776 2886 1019 2940 obtinere
1046 2885 1173 2940 nihil
1200 2886 1392 2954 potuit,
1416 2895 1615 2941 sancta:
1644 2887 1921 2943 memoria:

331 2989 521 3050 papam
546 2975 780 3031 Leonem
809 2977 1035 3031 summis
1068 2976 1316 3032 laudibus
1363 2988 1730 3046 prosecutum,
1778 2978 1919 3048 quod

329 3084 597 3127 canonum
629 3070 839 3141 regulas
860 3070 1048 3125 violari
1089 3070 1230 3125 nulla
1265 3070 1421 3126 fuerit
1449 3072 1655 3127 ratione
1695 3086 1919 3142 perpes-

2028 1875 2253 1929 traxisse
2284 1892 2298 1929 :
2329 1876 2374 1931 si
2418 1886 2594 1932 tamen
2643 1880 2740 1949 ipsi
2790 1882 2899 1950 jam
2943 1883 3189 1939 dicentur
3218 1886 3478 1956 hwretici,
3529 1893 3622 1961 qui

2024 1965 2184 2020 etiam
2213 1965 2393 2022 Leone
2421 1976 2554 2024 teste
2580 1972 3007 2040 eomprobabunt
3043 1975 3183 2043 quod
3207 1976 3517 2035 Nestoriana
3544 1983 3616 2038 sit

2021 2057 2260 2127 synodus
2288 2058 2309 2089 δ
2339 2074 2459 2129 qua:
2507 2060 2560 2114 in
2610 2061 2947 2119 confessione
2986 2066 3235 2123 sacrificii
3289 2072 3621 2130 nominatur.

2027 2146 2313 2204 Videamus
2345 2158 2520 2206 tamen
2551 2152 2822 2220 quomodo
2853 2157 2931 2209 vel
2966 2156 3078 2224 ipse
3112 2158 3297 2215 beatus
3328 2162 3435 2217 Leo
3467 2174 3619 2233 pote-

2024 2237 2092 2293 rit
2120 2240 2520 2307 excusari,eum
2548 2242 2617 2297 de
2642 2245 2757 2313 ipso
2784 2261 3000 2315 quoque
3031 2250 3183 2305 nobis
3214 2251 3371 2309 fuerit
3394 2255 3621 2324 dictum,

2025 2328 2131 2385 Cur
2160 2345 2264 2385 non
2298 2336 2556 2402 promptis
2585 2343 2639 2388 et
2669 2336 3003 2394 evidentibus
3045 2343 3221 2397 νθεὺὶς
3269 2355 3472 2404 tantum
3514 2352 3623 2406 cri-

2025 2434 2149 2477 men
2176 2422 2383 2491 arguit?
2414 2437 2509 2477 cur
2538 2440 2643 2480 non
2676 2434 2860 2495 aperte
2889 2442 2951 2483 ac
2982 2431 3260 2489 manifeste
3298 2440 3620 2494 sententiam

2025 2512 2214 2582 synodi
2256 2512 2626 2570 Nestorianam
2674 2516 2953 2586 epistolam
2999 2522 3349 2592 approbautis
3379 2528 3623 2600 infregit!

2026 2602 2134 2658 Cur
2162 2606 2305 2674 quod
2337 2606 2403 2662 ab
2433 2606 2551 2675 ejus
2597 2610 2828 2678 primum
2881 2611 3069 2681 legatis
3102 2617 3397 2674 nuntiatum
3448 2634 3531 2677 est
3572 2626 3623 2679 in

2028 2696 2396 2767 prajudicium
2427 2697 2573 2767 ﬁdei,
2601 2715 2706 2755 non
2736 2700 2806 2756 ita
2836 2704 2996 2759 sedes
3024 2708 3317 2775 apostolica
3343 2710 3364 2741 "
3391 2716 3629 2770 auctori-

2031 2795 2137 2841 tate
2166 2802 2230 2843 ac
2258 2790 2544 2845 severitate
2586 2792 2879 2860 damnavit,
2911 2803 2969 2850 ut
3013 2795 3139 2852 hinc
3188 2798 3429 2856 Ecclesia
3481 2816 3630 2874 post-

2028 2880 2246 2936 modum
2278 2896 2384 2937 non
2413 2884 2584 2952 possit
2611 2885 2903 2957 ambigere,
2934 2887 3033 2944 nisi
3066 2891 3183 2961 quia
3212 2906 3318 2947 non
3348 2910 3471 2949 vera
3498 2912 3623 2951 con-

2029 2972 2278 3039 scientia,
2306 2975 2402 3030 sed
2456 2975 2723 3051 fallaciter
2774 2988 2831 3033 et
2888 2981 3105 3037 nomine
3154 2994 3309 3039 tenus
3358 2986 3624 3044 abdicavit

2029 3063 2357 3135 Nestorium,
2375 3066 2971 3137 prmjudicioCoelestini
2983 3072 3281 3131 decessoris
3294 3077 3373 3131 sui
3389 3092 3627 3147 praeven-

328 3175 442 3221 sus.
499 3161 732 3218 Audiuit
775 3161 1077 3217 Anatolium
1110 3162 1136 3202 ι)
1161 3162 1399 3232 ejusdem
1430 3162 1572 3219 sedis
1599 3163 1917 3233 antistitem,
1947 3170 1995 3229 c
2030 3161 2150 3216 tus?
2170 3160 2420 3232 Alioquin
2454 3163 2569 3232 ejus
2598 3163 2790 3233 dogma
2818 3165 2980 3220 etiam
3013 3167 3065 3221 in
3096 3166 3199 3221 Ibae
3225 3171 3446 3239 cpistola
3481 3172 3645 3228 rcfuo‘

328 3253 533 3310 elerum
568 3254 744 3322 potius
786 3254 1456 3323 Const-ntinopolitanum,
1509 3270 1667 3325 quam
1699 3269 1778 3325 se,
1809 3264 1926 3313 ten-

333 3358 479 3403 tasse
508 3346 682 3415 qualia
711 3347 1075 3414 conﬁtentem,
1108 3349 1337 3417 atquein
1367 3348 1649 3418 apostolici
1681 3349 1926 3417 praesulis

333 3446 501 3493 totum
530 3429 799 3495 dicentem
834 3441 1061 3511 positum
1083 3449 1375 3510 potestate:
1409 3440 1691 3510 ipsumque
1713 3443 1925 3497 beatum

337 3545 524 3600 papam
544 3530 800 3595 Leonem,
824 3533 969 3589 sedis
992 3533 1299 3604 apostolicae
1329 3532 1636 3603 praesulem,
1657 3532 1809 3604 cujus
1830 3548 1924 3605 sy-

337 3622 508 3677 nodus
539 3623 993 3680 Chalcedonensis
1033 3625 1356 3680 auctoritate
1395 3620 1601 3678 ﬁrmata
1626 3632 1731 3691 est,
1776 3623 1929 3694 quid-

338 3713 462 3783 quid
498 3715 634 3769 ultra
666 3723 822 3784 q'nam
851 3715 920 3770 ab
965 3716 1154 3771 eodem
1188 3731 1285 3787 pro
1319 3714 1422 3770 tide
1448 3723 1503 3771 et
1550 3715 1931 3771 communione

339 3806 597 3863 catholica
639 3816 798 3877 atque
839 3809 1134 3877 apostolica
1183 3808 1296 3862 illic
1339 3807 1603 3878 agendum
1660 3816 1933 3863 constaret

341 3912 462 3954 esse
484 3899 809 3970 delegatum,
827 3914 921 3969 per
948 3899 1285 3955 occasionem
1308 3898 1737 3971 congregationis
1760 3900 1928 3971 illius,

339 4001 537 4060 praeter
565 3992 810 4047 Nicasnos
841 4006 1075 4048 canones
1105 4006 1242 4046 nova
1273 3992 1544 4049 videretur
1572 3993 1788 4049 actione
1818 4001 1933 4051 ten-

342 4092 528 4150 tatum,
572 4084 894 4152 competenti
939 4084 1261 4141 refutatione
1306 4098 1585 4141 vacuasse.
1629 4105 1649 4139 ι
1683 4085 1931 4158 Nunquid

339 4176 552 4244 Sapiens
580 4174 826 4231 Gelasius
874 4176 1213 4231 deecssorem
1242 4192 1397 4231 suum
1428 4177 1639 4231 beatum
1695 4176 1933 4234 Leonem

342 4282 439 4337 pro
466 4267 736 4322 sententia
764 4266 953 4337 synodi
985 4281 1149 4336 super
1199 4267 1424 4337 epistola
1454 4268 1777 4324 venerabilis
1806 4267 1930 4341 lbae,

343 4371 405 4411 ac
436 4372 542 4411 non
569 4356 764 4426 potius,
800 4366 852 4411 ut
883 4355 1138 4424 diximus,
1183 4372 1278 4426 pro
1307 4358 1604 4415 ambitione
1626 4358 1934 4416 ConSIanti-

344 4447 640 4518 nopolitani
662 4447 900 4517 epise0pi
926 4447 1126 4503 dixisse
1168 4462 1287 4515 quae
1327 4449 1745 4506 memoravimus
1772 4452 1936 4508 intel-

2032 3262 2189 3309 taret.
2218 3253 2458 3324 Increpat
2481 3255 2760 3311 evidenter
2784 3266 2945 3326 atque
2971 3257 3316 3327 condemnat,
3338 3270 3443 3316 tam
3469 3263 3630 3319 velte.

2030 3346 2297 3402 mentibus
2327 3362 2483 3417 quam
2507 3349 2749 3419 prolixis,
2775 3349 2872 3404 scd
2897 3350 2916 3381 ⁰
2946 3360 3000 3406 et
3030 3351 3210 3407 multis
3240 3352 3502 3423 epistolis,
3526 3371 3633 3413 non

2030 3438 2208 3493 solum
2236 3439 2495 3507 prtedieto
2525 3441 2774 3495 Anatolio
2799 3443 3060 3509 scribens,
3093 3460 3275 3500 verum
3314 3450 3476 3503 etiam
3512 3450 3627 3504 uni-

2033 3547 2204 3588 versze
2233 3534 2464 3604 synodo,
2493 3543 2549 3590 et
2577 3535 2807 3590 Maximo
2835 3537 3192 3604 Anli0cheno,
3225 3542 3460 3611 ipsisque
3490 3544 3636 3612 prin-

2034 3625 2260 3694 cipibus,
2285 3626 2426 3695 quod
2456 3625 2509 3680 in
2538 3627 2630 3681 illo
2660 3627 2888 3682 concilio
2914 3644 3049 3684 unus
3081 3631 3367 3701 episcopus
3399 3650 3504 3688 non
3536 3652 3639 3691 suo

2034 3716 2153 3771 loco
2201 3716 2390 3773 sedere
2434 3718 2803 3789 prmsumpsit,
2848 3727 3009 3786 atque
3057 3721 3155 3775 sibi
3198 3722 3538 3791 diSplicuissc
3583 3730 3637 3783 in

2037 3807 2277 3863 omnium
2311 3807 2649 3863 sacerdotum
2681 3810 2925 3863 notitiam
2962 3813 3182 3879 perferri
3228 3812 3550 3882 demandat;
3583 3829 3632 3873 et

2037 3898 2107 3955 de
2137 3899 2327 3970 synodi
2358 3898 2646 3966 sententia,
2680 3915 2781 3967 qua
2809 3898 3121 3955 Nestoriana
3168 3903 3391 3972 epistola
3434 3919 3633 3974 appro-

2038 3993 2160 4047 bata
2192 4001 2296 4058 est,
2329 4000 2469 4048 tacet
2497 4002 2657 4063 atque
2696 3991 3027 4061 dissimulat;
3065 3995 3145 4049 vel
3176 3998 3220 4049 si
3255 4011 3359 4051 non
3393 4005 3551 4063 tacet,
3582 4009 3636 4053 ut

2039 4084 2237 4155 dicitis,
2269 4085 2399 4141 nihil
2446 4094 2623 4141 tamen
2656 4093 2859 4154 aperte,
2894 4085 3024 4141 nihil
3057 4087 3292 4158 loquitur
3335 4088 3635 4146 evidenter.

2039 4177 2244 4247 Nempe
2272 4176 2375 4232 hoc
2402 4185 2485 4232 est
2513 4176 2657 4246 quod
2686 4176 2740 4231 in
2766 4178 2960 4231 scribis
2986 4186 3043 4232 et
3072 4177 3358 4235 Phariszeis
3390 4179 3635 4250 hypocri-

2045 4271 2111 4328 tis
2140 4270 2397 4327 Dominus
2423 4271 2599 4342 arguit
2628 4269 2842 4341 (Matth.
2868 4285 3021 4341 xxiii,
3043 4269 3136 4341 ‘25)
3166 4269 3432 4328 mentitam
3454 4282 3638 4331 etane-

2044 4363 2193 4419 thum
2219 4372 2274 4419 et
2301 4361 2571 4433 cyminum
2604 4361 2897 4427 decimare,
2922 4369 2975 4416 et
3001 4376 3119 4431 quae
3148 4371 3271 4418 sunt
3295 4363 3539 4435 graviora
3566 4363 3641 4419 le-

2042 4456 2124 4528 gis
2152 4463 2211 4511 et
2238 4454 2397 4512 ﬁdem
2428 4452 2753 4524 relinquere.
2780 4453 2986 4523 Nempe
3015 4454 3118 4509 hoc
3144 4462 3227 4510 est
3253 4455 3397 4524 quod
3428 4457 3480 4509 in
3511 4454 3641 4526 ipsis

342 4540 512 4596 lexit?
534 4540 664 4595 Nam
692 4555 857 4610 quare
888 4554 983 4609 pro
1011 4538 1117 4595 lba:
1142 4540 1367 4609 epistola
1397 4540 1468 4595 ibi
1491 4521 1842 4613 subjungeref
1860 4544 1939 4601 di-
1968 4564 2023 4625 1)
2045 4521 2275 4605 ducibus
2304 4547 2464 4603 caecis
2510 4521 2760 4601 similiter
2791 4521 3061 4617 objurgat,
3091 4521 3321 4602 culicem
3370 4521 3548 4602 colare
3591 4557 3643 4603 et

342 4644 515 4686 cens:
549 4630 651 4686 Per
692 4633 1029 4686 occasionem
1074 4632 1502 4701 congregationis
1529 4632 1694 4701 illius,
1740 4646 1941 4703 praeter

344 4723 591 4778 Nicmnos
636 4738 871 4779 canones
917 4737 1052 4778 nova
1107 4722 1317 4778 videtur
1364 4724 1575 4781 actione
1625 4729 1937 4783 tentatum?

345 4815 532 4871 Nullus
557 4815 714 4884 igitur
743 4823 965 4870 conetur
991 4815 1006 4845 ¹
1029 4812 1147 4883 ejus
1173 4814 1338 4870 verba
1381 4816 1435 4869 in
1462 4815 1621 4871 aliam
1647 4816 1937 4889 detorque-

348 4921 408 4962 re
430 4907 749 4963 sententiam
784 4924 796 4959 :
822 4904 1206 4975 quoniam‘hoc
1245 4920 1346 4962 nec
1373 4905 1487 4976 ipsa
1519 4922 1698 4964 rerum
1722 4910 1938 4967 eviden-

350 5001 441 5068 tia,
468 5015 568 5056 uec
609 4999 855 5056 Gelasius
883 5014 1046 5054 verax
1094 4999 1355 5068 permittit
1404 5002 1709 5074 interpres;
1738 5014 1790 5060 et
1818 5005 1939 5062 ideo

349 5091 586 5147 sinamus
609 5091 957 5162 apostolicam
981 5091 1164 5147 sedem
1201 5092 1538 5165 interpretari
1570 5098 1935 5169 semetipsam,

351 5193 405 5237 et
436 5196 602 5252 quare
646 5184 1036 5254 illasuperiora
1066 5198 1161 5252 per
1189 5183 1422 5241 Leonem
1448 5186 1596 5257 prius
1624 5189 1840 5259 dixerit,
1867 5207 1935 5248 ex

351 5273 435 5327 his
463 5290 582 5344 quae
608 5283 788 5344 postea
820 5291 915 5346 per
956 5276 1227 5332 Gelasium
1271 5279 1447 5335 locuta
1491 5291 1593 5348 est,
1624 5284 1941 5353 prudentius

353 5367 714 5426 advertamus.
738 5370 835 5425 Est
854 5379 911 5426 et
935 5369 1040 5425 alia
1067 5370 1307 5442 ejusdem
1331 5372 1474 5430 beati
1500 5374 1701 5433 Gelasii
1732 5379 1937 5450 episto-

427 5535 453 5565 ³
479 5527 639 5585 Forte
662 5530 860 5584 eodem.

431 5667 448 5698 ⁸
479 5665 612 5721 Cod.
643 5665 861 5733 Veron.,
896 5671 1085 5735 frustra
1112 5681 1340 5727 conetur.

429 5740 451 5771 ¹
480 5738 620 5791 Itlcm
659 5738 805 5806 cod.,
836 5741 1008 5793 etiam.

432 5808 452 5838 ³
483 5808 626 5863 idem
655 5808 801 5874 cod.,
832 5820 983 5879 alque
1013 5812 1105 5867 ita.

564 5898 839 5959 Parnm"
874 5899 1133 5965 LXVII.
1206 5972 1221 5980 _

2044 4641 2307 4699 camelum
2331 4639 2546 4710 g-lutire.
2574 4638 2640 4693 Et
2663 4635 2791 4708 quid
2820 4646 3007 4693 contra
3032 4637 3256 4704 referre,
3283 4639 3408 4707 quid
3434 4637 3499 4692 ad
3522 4638 3641 4707 haec

2044 4733 2128 4789 vel
2153 4746 2251 4802 pro
2278 4731 2437 4787 beato
2454 4728 2634 4786 Leone
2662 4728 2989 4798 respondere
3023 4729 3339 4794 valebimus,
3362 4728 3514 4798 cujus
3544 4743 3643 4795 pro

2044 4822 2304 4879 catholica
2338 4821 2444 4878 ﬁde
2471 4820 2890 4877 sollicitudinem
2921 4835 2983 4877 ac
3010 4819 3363 4890 diligentiam,
3391 4821 3543 4889 cujus
3568 4820 3644 4873 la-

2044 4915 2233 4971 borem
2258 4923 2308 4969 et
2340 4913 2676 4980 industriam,
2702 4912 2855 4982 cujus
2881 4912 3183 4967 libertatem
3212 4918 3369 4981 atque
3396 4919 3644 4967 constan-

2045 5009 2195 5077 tiam,
2225 5017 2401 5063 vestra
2450 5007 2622 5078 pietas
2666 5005 2868 5076 optime
2912 5004 3059 5059 novit
3102 5010 3156 5057 et
3197 5002 3371 5057 omnis
3406 5002 3643 5058 Ecclesia

2046 5100 2343 5172 praedicare
2387 5115 2492 5157 non
2536 5099 2743 5155 cessat?
2772 5098 2879 5154 Sed
2924 5095 3237 5152 Nestoriana
3281 5095 3372 5150 illa
3416 5111 3520 5151 non
3562 5106 3643 5154 est

2046 5200 2292 5270 epistola.
2322 5198 2453 5253 Nam
2487 5198 2727 5268 profecto
2771 5212 2877 5250 non
2920 5210 3038 5250 eam
3088 5196 3271 5250 nescio
3297 5207 3437 5264 ‘quze
3482 5195 3644 5251 modo

2048 5290 2327 5361 vulpecula
2361 5288 2742 5361 emordicarct,
2773 5286 2867 5342 sed
2898 5295 3023 5341 tunc
3061 5284 3171 5342 Leo
3206 5284 3527 5341 fortissimus
3557 5286 3643 5341 in-

2048 5384 2292 5440 vasisset.
2308 5381 2588 5451 Quomodo
2616 5391 2791 5437 autem
2814 5380 2997 5438 dicunt
3017 5378 3211 5454 synodi
3238 5394 3399 5450 super
3421 5379 3644 5452 epistola

2133 5539 2159 5578 b
2190 5541 2246 5595 lu
2279 5538 2472 5594 concil.
2502 5542 2659 5596 Rom.
2693 5555 2792 5597 sun
2819 5541 3092 5598 ftonifacio
3112 5555 3234 5597 ann.
3269 5540 3394 5599 5'50.

2129 5675 2150 5707 ⁸
2178 5676 2321 5730 idem
2344 5677 2490 5743 cod.,
2523 5679 2586 5730 sit
2610 5677 2698 5729 illa
2715 5681 2963 5747 synodus.
3002 5718 3003 5721 η

2130 5748 2151 5777 ⁸
2174 5747 2316 5801 Idem
2344 5748 2488 5814 cod.,
2520 5748 2651 5802 sedis
2675 5751 2987 5817 apostolicaz.

2130 5818 2152 5850 ⁸
2179 5818 2235 5874 In
2267 5818 2386 5875 eod.
2410 5819 2529 5876 cod.
2562 5819 2711 5875 deest
2740 5820 2795 5875 τὸ
2822 5822 2929 5873 sed.
