4114 6474
455 265 552 317 631

1543 273 1834 330 ΡΑαυτςιιι
1871 275 2083 330 EPISC.
2131 274 2640 332 IIEBMMNENSIS

3638 269 3748 327 652

455 377 557 433 Iba:
590 383 912 435 sententiam
962 400 1066 437 non
1113 399 1232 439 esse
1273 401 1298 438 ε]
1352 386 1503 440 beato
1548 389 1724 442 Leone
1758 391 2043 456 ﬁrmatam,
2077 397 2123 450 Α
2153 404 2279 442 cura
2321 398 2502 443 nostra
2535 388 2692 452 ratio,
2738 401 2855 455 quae
2899 400 2995 438 nos
3029 394 3208 438 tuetur
3239 400 3301 437 ac
3337 382 3506 438 ﬁintat
3555 385 3748 439 adver-

454 486 611 538 qnam
636 474 651 502 ¹
679 472 914 528 fatentur
942 491 1004 528 ea
1035 492 1152 543 tllliB
1173 477 1240 531 ab
1259 477 1348 530 illa
1373 487 1499 534 sunt
1519 480 1588 535 de
1616 479 1719 536 ﬁde
1739 489 1934 534 szatuta
1961 481 2050 535 ﬁr-

457 579 662 628 masse;
692 582 808 618 cum
839 565 891 620 in
919 567 1024 621 alia
1053 578 1203 636 parte
1231 578 1508 638 gestorum
1537 588 1601 626 ex
1635 574 1831 642 quibus
1861 572 2048 630 eadem

455 656 681 722 cpistola
721 659 944 714 recitata
987 672 1090 724 est,
1128 661 1430 719 inveniatur
1471 665 1613 734 quod
1654 668 1886 736 scriptor
1933 669 2050 737 ejus

455 743 572 799 lbas
601 746 670 801 de
698 748 1006 805 Nestoriana
1043 754 1233 810 hmresi
1262 755 1423 811 fuerit
1451 761 1770 814 accusatus?
1791 761 1880 815 Sic
1903 763 2046 816 enim

454 845 789 893 accusatores
817 838 934 910 ejus
957 841 1203 898 dixerunt
1229 863 1244 900 :
1281 864 1299 899 ι
1330 846 1458 914 Quia
1487 848 1833 904 Nestorianus
1861 860 1966 918 est,
1994 862 2048 907 et

455 926 666 980 beatum
702 931 953 1000 Cyrillum
1000 935 1316 1006 episcopum
1361 939 1678 995 hmreticum
1711 943 1982 1011 appellat:
2022 962 2040 994 ›

453 1028 503 1070 et
530 1034 714 1072 rursus
747 1022 942 1076 ibidem
977 1027 1283 1082 continetur
1319 1048 1332 1083 :
1369 1048 1386 1080 ς
1431 1031 1605 1084 Maras
1636 1033 1770 1087 dixit
1798 1052 1810 1086 :
1839 1035 1913 1088 De
1944 1035 2047 1090 ﬁde

454 1123 733 1164 movemus
783 1112 985 1180 prius,»
1044 1128 1100 1171 et
1153 1117 1256 1173 alia
1311 1122 1543 1189 capitula
1599 1135 1719 1191 past
1769 1142 2039 1180 movemus.

459 1215 477 1247 ‹
513 1197 955 1258 lievcreutissimi
989 1208 1228 1277 cpi-copi
1262 1210 1505 1266 dixerunt
1536 1229 1548 1264 :
1585 1215 1647 1268 Et
1675 1216 1717 1269 si
1763 1232 1928 1286 propo
1961 1220 2043 1272 ui-

454 1305 572 1342 mus
617 1292 789 1357 vobis,
844 1304 902 1348 ut
953 1297 1356 1354 horum‘lrium
1399 1305 1754 1373 capitulorum
1802 1309 2044 1374 probatio

453 1380 837 1450 subsequatur,
895 1403 998 1440 non
1041 1404 1104 1443 ex
1153 1391 1254 1445 hoc
1289 1393 1689 1462 inquisitionem
1733 1401 2042 1464 negavinus

455 1472 804 1540 reliquorum.
840 1493 858 1528 ι
896 1478 1069 1533 Maras-
1099 1482 1236 1536 dixit
1267 1499 1280 1536 :
1318 1486 1389 1538 De
1421 1486 1524 1542 ﬁde
1558 1504 1835 1544 movemus
1873 1492 2035 1559 prius.

455 1560 545 1612 llis
575 1578 703 1633 ergo
729 1574 783 1618 et
811 1565 1120 1638 hujusmodi
1155 1576 1411 1643 probatur
1440 1581 1582 1648 quod
1614 1583 1894 1651 episcopus
1925 1583 2042 1638 lbas

453 1652 519 1706 de
552 1654 655 1710 ﬁde
691 1673 852 1728 quam
907 1665 1137 1718 maxime
1180 1668 1339 1722 fuerit
1387 1684 1690 1727 accusatus.
1743 1673 1874 1728 Nam
1919 1691 2039 1744 pro-

455 1755 633 1812 pterea
677 1761 862 1807 contra
909 1771 1029 1810 eum
1074 1771 1425 1816 memoratam
1469 1765 1749 1834 epistolam
1802 1771 2039 1836 [rotule-
2075 1776 2118 1833 Β
2149 1771 2344 1826 militer

454 1851 600 1897 ruat.
647 1844 750 1897 Srd
805 1855 859 1899 et
905 1849 1018 1915 illsa
1065 1853 1287 1917 epistola
1342 1855 1477 1908 duas
1519 1866 1738 1912 naturas
1785 1868 1839 1912 ct
1881 1876 2038 1914 unam

453 1946 738 1996 personam
777 1936 930 1990 unius
965 1939 1081 1993 Filii
1117 1941 1331 1998 Domini
1373 1945 1500 2000 Jesu
1535 1947 1734 2003 Christi
1767 1950 2038 2018 pra‘dicat,

454 2037 672 2094 propter
718 2030 857 2098 quod
901 2041 955 2086 et
988 2037 1228 2104 synodus
1271 2055 1388 2093 eam
1437 2045 1803 2110 pronuntiavit
1857 2050 2039 2102 ortho-

453 2117 651 2170 doxam
686 2136 702 2174 :
737 2122 876 2188 quod
914 2125 1133 2181 verbum
1188 2146 1293 2184 non
1343 2133 1628 2200 proferret,
1674 2139 1717 2190 si
1762 2155 1866 2194 non
1899 2150 2041 2193 ινδειι

452 2207 568 2274 ejus
599 2209 669 2263 de
700 2210 803 2267 ﬁde
827 2217 1112 2270 sententia.
1151 2219 1348 2275 Verum
1381 2238 1483 2277 non
1511 2235 1592 2280 est
1618 2243 1783 2295 quare
1811 2229 1896 2283 hic
1927 2245 2041 2284 am-

453 2299 590 2364 plius
639 2300 1002 2360 demoremur.
1059 2306 1164 2377 lpsi
1213 2327 1330 2366 cam
1386 2330 1493 2368 non
1535 2318 1712 2372 dicant
1765 2321 2039 2376 Nestoriu—

451 2406 596 2458 nam,
633 2402 688 2447 et
726 2410 829 2448 non
868 2408 1086 2465 putetur
1129 2401 1194 2456 ad
1225 2419 1440 2458 causam
1488 2407 1609 2462 ﬁdei
1658 2414 1942 2479 pertinere.
1975 2414 2034 2469 Si

453 2491 628 2536 autem
658 2483 970 2541 Nestoriaua
1005 2489 1221 2552 diiisur.
1273 2495 1338 2551 de
1367 2497 1471 2553 ﬁde
1504 2501 1685 2570 utique
1714 2516 1996 2558 accusatur
2023 2525 2033 2557 :

452 2583 504 2627 et
525 2575 776 2646 quiajam
816 2593 1062 2651 suscepta
1093 2585 1285 2640 dicitur
1316 2604 1345 2644 a
1371 2603 1554 2647 sancta
1585 2598 1812 2665 :ynodo,
1845 2613 2035 2653 come-

451 2675 676 2734 quenter
705 2680 758 2724 et
785 2688 808 2722 ει
841 2672 996 2728 beato
1030 2673 1090 2729 L-
1113 2691 1216 2733 one
1247 2680 1440 2736 dicitur
1472 2700 1588 2740 esse
1620 2687 1845 2748 ﬁrmata.
1878 2707 2035 2760 quem

451 2772 554 2812 non
593 2773 786 2844 nrgant
817 2778 879 2817 ea
912 2781 1031 2835 quae
1058 2767 1129 2821 ibi
1162 2769 1229 2824 de
1261 2771 1368 2827 ﬁde
1401 2785 1521 2830 sunt
1551 2787 1744 2832 statuta
1773 2781 2034 2836 ﬁrmasse.

450 2848 583 2904 Nam
627 2851 671 2906 si
719 2860 774 2908 et
817 2854 942 2909 illud
977 2857 1055 2912 eis
1094 2863 1456 2931 Cnttccdatur,
1509 2869 1628 2936 quia
1682 2881 1876 2938 praeter
1910 2872 2034 2929 ﬁdei

449 2944 840 3018 deﬁnitionem,
878 2963 1072 3008 cmtem
1108 2971 1226 3024 qua:
1257 2957 1308 3011 in
1343 2959 1426 3012 illa
1476 2963 1682 3031 synodo
1709 2977 1858 3034 geSIa
1886 2976 2032 3030 sunt,

451 3053 549 3094 nec
591 3043 1022 3112 conlirmaverit,
1075 3064 1247 3118 neque
1293 3051 1629 3110 damnaverit
1662 3075 1672 3110 :
1708 3060 1787 3112 sic
1823 3073 2036 3131 quoque

2153 497 2247 536 sus
2292 495 2480 535 omnes
2529 478 3014 534 contradicentinn
3069 478 3445 545 quaestiones:
3482 490 3556 543 ut,
3605 478 3749 532 sicut

2153 573 2442 643 Apostolus
2467 573 2598 628 dicit
2626 571 2707 643 (Η
2749 570 2929 624 Thess.
2963 586 3018 632 It,
3041 569 3126 640 2),
3162 586 3268 624 non
3300 570 3408 623 cito
3433 587 3751 626 moveamur

2151 680 2181 719 a
2206 675 2400 719 nostro
2429 679 2612 728 sensu,
2649 677 2823 732 neque
2854 670 3174 730 terreamur,
3217 662 3300 716 vel
3334 663 3377 716 si
3409 664 3584 716 minus
3617 663 3748 718 hinc

2153 771 2438 823 possumus
2482 756 2632 820 d.rc,
2681 759 2797 809 sive
2829 755 3073 823 accipere
3110 756 3399 816 rationem,
3440 771 3534 808 cur
3573 769 3747 826 syno-

2152 849 2253 903 dus
2287 847 2640 902 orthodoxam
2667 847 2944 915 judicavit.
2981 845 3162 915 Neque
3194 845 3336 900 enim
3369 855 3452 899 est
3480 847 3576 898 alia
3611 862 3734 900 cou—

2147 941 2392 998 ciliorum
2435 939 2798 996 faciendorum
2846 940 3072 1004 utilitas,
3121 954 3281 1007 quam
3316 939 3537 1008 utquod
3578 939 3746 994 intel-

2155 1035 2294 1088 lectu
2340 1049 2445 1088 non
2475 1034 2737 1102 capimus,
2771 1047 2838 1086 ex
2866 1031 3184 1086 auctoritate
3213 1033 3520 1098 credamus,
3546 1042 3597 1086 et
3629 1035 3746 1088 sic—

2151 1123 2238 1178 ubi
2295 1125 2432 1178 ratio
2474 1124 2647 1177 minus
2679 1122 2836 1176 nobis
2879 1125 3195 1188 occurrerit,
3244 1124 3376 1177 ﬁdes
3404 1139 3470 1178 ne
3502 1125 3745 1178 labantur

2147 1216 2255 1270 cito
2287 1228 2589 1270 succurrat.
2636 1218 2766 1270 Nam
2815 1217 2858 1270 si
2903 1227 3023 1284 post
3070 1217 3344 1270 decretum
3392 1216 3746 1284 disceptarelt

2148 1308 2396 1375 licuerit,
2444 1317 2500 1362 ut
2553 1307 2760 1362 dicatur
2795 1326 2808 1362 :
2839 1308 2993 1362 Prius
3052 1308 3310 1376 pzobetur
3367 1309 3590 1377 cpistola
3648 1312 3742 1363 illa

2146 1402 2286 1473 quod
2325 1416 2469 1457 reeta
2502 1403 2591 1465 sit,
2623 1410 2680 1456 ut
2705 1403 2957 1457 credatur
2988 1404 3151 1456 fuisse
3197 1413 3475 1470 suscepta;
3525 1419 3629 1457 non
3660 1416 3746 1458 est

2151 1509 2318 1564 quare
2361 1497 2470 1562 jam
2524 1493 2746 1548 concilia
2798 1504 3216 1564 congregemur,
3268 1510 3364 1548 ne;
3417 1496 3742 1561 terminatm,

2147 1589 2253 1641 imo
2282 1604 2379 1642 nec
2411 1588 2780 1643 tcrminabiles
2823 1589 3071 1640 dicantur
3115 1587 3464 1657 quaestiones,
3513 1604 3742 1658 quarum

2148 1678 2390 1746 probatio
2438 1695 2651 1747 semper
2681 1680 2936 1748 exigitur.
2971 1679 3076 1733 Cur
3110 1679 3250 1735 enim
3287 1695 3391 1733 non
3425 1679 3633 1733 dicatur
3661 1681 3742 1734 si-

2385 1790 2396 1825 :
2445 1773 2703 1827 l‘robetur
2749 1774 2894 1841 prius
2942 1774 3080 1836 quod
3131 1774 3290 1828 unius
3334 1775 3583 1829 essentia:
3632 1776 3742 1829 sint

2147 1861 2308 1916 Pater
2347 1876 2409 1916 ac
2455 1863 2640 1928 Filius,
2693 1871 2750 1916 ut
2799 1865 3047 1917 credatur
3093 1863 3194 1917 hoc
3247 1863 3464 1918 Nicano
3507 1865 3743 1919 cencLIio

2149 1956 2519 2020 terminatum;
2573 1967 2626 2011 et
2672 1957 2792 2025 quia
2846 1957 3320 2010 consubstantialis
3367 1967 3451 2012 est
3481 1957 3623 2011 Patri
3669 1973 3740 2012 ac

2149 2045 2287 2100 Filio
2318 2045 2547 2114 Spiritus
2580 2058 2817 2107 sanitas.
2872 2047 2993 2116 quia
3029 2067 3131 2102 non
3175 2048 3332 2104 aliter
3363 2049 3506 2104 credi
3560 2061 3740 2118 potest

2144 2139 2283 2208 quod
2336 2143 2435 2193 hoc
2488 2140 2724 2210 synodus
2767 2141 3360 2208 (.oustantiuop'tlitana
3413 2139 3738 2194 decreverit.

2143 2233 2317 2300 Atque
2370 2232 2441 2284 ita
2493 2230 2879 2300 (IUJJSliOIIibIIS
2935 2233 3200 2286 universis
3233 2232 3288 2285 iu
3333 2233 3552 2301 antiquo
3593 2245 3740 2287 statu

2143 2324 2508 2387 mittentibus,
2564 2340 2668 2376 nou
2718 2324 2889 2376 solum
2943 2323 3075 2376 nihil
3107 2325 3432 2393 synodorum
3477 2326 3739 2378 constitu-

2142 2414 2376 2470 tionibus
2431 2418 2732 2470 absolutum
2789 2432 2911 2471 esse
2969 2417 3256 2484 videbitur,
3315 2420 3406 2472 sed
3454 2419 3616 2471 etiam
3665 2420 3740 2472 ad

2143 2509 2535 2577 perpetuandas
2588 2509 2710 2563 lites
2742 2510 3094 2578 quaestionum
3147 2511 3198 2561 iu
3241 2512 3316 2564 eis
3351 2510 3604 2564 memoria
3647 2525 3740 2564 re-

2141 2611 2372 2654 servata.
2423 2599 2481 2654 Et
2514 2598 2634 2655 ideo
2676 2616 2782 2655 non
2832 2603 2971 2655 idem
3019 2605 3212 2656 modus
3241 2617 3362 2656 esse
3391 2603 3553 2658 debet
3579 2613 3742 2670 atque

2139 2693 2272 2746 ordo
2297 2691 2594 2762 qumrendi,
2641 2705 2759 2761 post
2787 2694 3155 2749 deﬁnitionem
3189 2696 3401 2749 concilii
3435 2697 3596 2751 totius
3632 2697 3744 2752 Ec-

2140 2783 2321 2838 clesia:
2365 2785 2724 2840 consensione
2767 2785 2984 2852 tirznati,
3025 2785 3115 2855 qui
3158 2785 3255 2840 fuit
3302 2795 3428 2842 ante
3469 2788 3740 2841 deﬁnitio-

2142 2890 2282 2928 nem.
2337 2876 2488 2928 Tunc
2536 2876 2678 2930 enim
2729 2877 2867 2930 ratio
2927 2879 3183 2946 poscebat
3233 2890 3285 2932 ut
3336 2879 3378 2931 si
3430 2879 3740 2934 orthodoxa

2141 2965 2455 3034 probaretur
2501 2967 2612 3046 illa,
2646 2967 2896 3035 epistola,
2948 2969 3145 3039 suscipi
3186 2971 3286 3023 uJa
3339 2971 3671 3040 judicaretur
3701 2990 3732 3027 a

2141 3057 2395 3129 synodo:
2431 3073 2571 3112 nunc
2617 3070 2795 3114 autem
2848 3062 2985 3114 ratio
3032 3063 3201 3128 poscit
3264 3075 3341 3129 ut,
3391 3066 3434 3118 si
3481 3077 3732 3136 suscepta

453 3149 559 3188 non
602 3141 942 3204 perueiunt"
969 3159 1120 3197 nova:
1151 3144 1438 3217 diligentiae
1484 3163 1790 3220 repertores
1827 3155 2032 3212 crimen
2063 3151 2108 3212 C
2146 3151 2408 3218 probetur
2453 3167 2481 3204 a
2515 3151 2743 3222 synodo,
2785 3152 3055 3220 judicctur
3099 3153 3290 3208 orthod
3319 3172 3418 3209 ειη.
3468 3156 3615 3210 lianc
3641 3161 3740 3211 oi:-

445 3227 767 3282 temeritatis
817 3232 1065 3298 evadere,
1111 3235 1199 3305 qui
1243 3247 1480 3295 statuere
1526 3243 1643 3299 ausi
1690 3255 1816 3300 sunt
1861 3256 1914 3301 et
1951 3247 2035 3302 di-

450 3330 572 3372 cere
606 3335 617 3369 :
655 3317 714 3373 Si
743 3320 863 3389 quis
894 3323 1025 3376 dicit
1066 3335 1264 3382 rectam
1295 3345 1416 3386 esse
1462 3332 1530 3387 ad
1575 3335 1759 3391 lilarim
1791 3338 1811 3368 ²
1835 3340 2038 3408 cpisto-

449 3409 574 3474 lam,
625 3419 864 3466 auteam
891 3414 1151 3499 defendit,
1196 3430 1248 3474 et
1296 3438 1399 3476 non
1433 3426 1850 3485 anatltematizat
1891 3449 2032 3499 eam,

450 3501 736 3557 anathema
789 3505 884 3560 sit.
943 3493 1073 3561 Nam
1123 3525 1239 3566 iam
1293 3514 1749 3575 Chalcedonensis
1799 3525 2038 3593 synodus

450 3599 652 3646 rectam
695 3592 846 3659 dicit,
888 3593 999 3652 Leo
1028 3597 1110 3652 vel
1138 3600 1183 3661 si
1208 3617 1316 3656 non
1342 3606 1643 3673 conﬁrmat,
1674 3624 1780 3664 non
1808 3592 2036 3669 anathe-

449 3681 670 3738 matizat
698 3699 815 3740 eam
849 3704 861 3740 :
896 3689 1198 3745 Anathema
1228 3691 1388 3762 igitur
1418 3695 1485 3752 ab
1518 3697 1635 3754 istis
1676 3715 1798 3757 cum
1829 3706 2039 3775 synodo

449 3775 875 3836 Chalcedonensi
902 3780 1074 3838 factus
1101 3793 1184 3840 est
1212 3785 1340 3841 Leo.

1074 3888 1303 3995 SAPUT
1332 3940 1394 3993 ι’.

446 4045 596 4114 Quod
625 4049 1359 4132 postilecretaiconciliorum
1413 4057 1673 4132 disputare
1705 4077 1806 4115 non
1859 4064 2033 4132 Iiceat,

513 4121 874 4207 nec'audi‘endi
902 4123 1001 4206 sint
1026 4121 1362 4206 Eutycltiani,
1391 4129 1436 4180 si
1465 4121 1671 4184 concilii
1691 4132 1756 4186 de
1796 4133 1904 4188 Ibat
1929 4121 2039 4207 cpi:

512 4193 646 4246 stola
674 4192 964 4262 deﬁnitioni
985 4192 1247 4251 resistant.

524 4323 628 4380 Sed
683 4326 808 4394 quia
857 4327 1099 4384 evidenti
1140 4345 1204 4386 ac
1257 4332 1535 4403 multiplici
1594 4337 2042 4396 documentorum

446 4415 786 4471 convictione
815 4428 1175 4476 monstratum
1201 4432 1306 4489 est,
1330 4425 1660 4482 mendaciter
1687 4432 1871 4499 negari
1894 4432 2037 4501 quod

2142 3243 2470 3298 servantiam
2511 3244 2840 3310 tenentibus,
2879 3244 3008 3298 nihil
3039 3247 3190 3299 nobis
3224 3247 3529 3315 prznvalebit
3565 3251 3738 3303 ltaere-

2144 3340 2370 3394 ticorum
2431 3338 2726 3404 calliditas,
2790 3339 2835 3394 si
2892 3338 3130 3408 judicare
3185 3356 3292 3395 non
3353 3357 3742 3410 prmsuniamns

2145 3431 2287 3499 quod
2343 3430 2640 3499 intelligere
2686 3445 2790 3485 non
2819 3433 3078 3486 valemus.
3131 3434 3444 3501 Quanquam
3491 3436 3738 3489 nonnihil

2143 3523 2510 3579 intelleximus
2534 3523 2592 3578 δε
2621 3523 2986 3581 intelleximus
3016 3525 3154 3580 enim
3187 3526 3561 3583 haereticorum
3585 3530 3735 3582 frau-

2149 3613 2272 3680 des,
2302 3628 2624 3684 erroresque
2665 3615 3060 3672 convincimus.
3093 3616 3208 3671 Non
3239 3632 3368 3687 ergo
3409 3633 3591 3686 parum
3625 3628 3732 3681 est,

2153 3706 2296 3774 quod
2329 3705 2591 3761 veraciter
2618 3707 2944 3763 dedocemus
2975 3724 3236 3774 errorem,
3267 3709 3369 3764 etsi
3400 3713 3607 3779 ptenam
3640 3711 3738 3763 do-

2151 3813 2276 3854 cere
2316 3814 2421 3852 non
2468 3814 2754 3868 possumus
2800 3801 3103 3856 veritatem.
3160 3801 3238 3856 Ad
3297 3803 3582 3857 .lercmiam
3636 3804 3738 3857 Do.

2145 3891 2324 3947 minus
2369 3889 2540 3946 dicit:
2579 3889 2712 3944 Ecce
2757 3891 2877 3944 dedi
2914 3892 3063 3946 verba
3114 3908 3229 3946 mea
3279 3895 3330 3946 in
3379 3910 3435 3946 os
3483 3903 3648 3959 tuum,
3692 3903 3746 3947 et

2145 3980 2384 4036 constitui
2413 3989 2458 4034 te
2489 3980 2642 4035 hodie
2668 3998 2821 4047 super
2849 3993 3044 4053 gentes,
3093 3991 3138 4036 et
3180 4000 3362 4056 regna,
3393 3985 3662 4038 erodit-are
3690 3995 3748 4040 et

2143 4070 2390 4138 effodere,
2436 4081 2482 4126 et
2528 4071 2842 4140 disperdere,
2901 4084 2948 4126 et
2990 4073 3308 4140 recedi/iram
3354 4084 3399 4127 et
3445 4076 3740 4146 replimtare

2144 4159 2278 4232 (Jer.
2311 4177 2349 4227 ι,
2384 4161 2496 4232 10).
2526 4161 2753 4217 Jubetur
2781 4163 2959 4232 itaque
2989 4163 3244 4232 pr0pbeta
3277 4163 3420 4232 pri-is
3445 4166 3735 4220 cradicare

2144 4264 2198 4310 et
2225 4255 2484 4322 eliadere,
2533 4264 2588 4312 et
2611 4256 2926 4326 disperdere
2967 4272 3182 4314 errores
3222 4270 3386 4330 atque
3432 4260 3738 4326 mendacia,

2144 4359 2200 4404 et
2249 4348 2578 4404 reiediﬁcare
2613 4357 2666 4404 et
2707 4349 2949 4418 plantare
3001 4351 3285 4405 scientiam
3331 4362 3386 4408 et
3427 4354 3741 4409 veritatem.

2147 4440 2588 4540 lloc.perfectum
2620 4453 2702 4496 est
2747 4456 2902 4510 opus,
2934 4451 2989 4497 et
3015 4443 3120 4498 iste
3161 4444 3531 4512 praedicatoris
3560 4457 3645 4501 est
3677 4449 3741 4501 ti.

445 4507 727 4613 epistolam
750 4515 1075 4613 venerabilis
1100 4515 1207 4571 Iba:
1233 4519 1473 4589 synodus
1496 4521 1517 4552 ⁸
1545 4526 1912 4592 pronuntiavit
1948 4542 2036 4583 or-
2062 4553 2117 4613 Ι)
2147 4539 2230 4593 nis
2261 4515 2462 4608 :‘quem
2493 4538 2538 4593 si
2569 4554 2675 4593 non
2703 4539 2944 4594 valemus
2989 4541 3278 4612 attingere,
3309 4549 3515 4596 certum
3556 4555 3637 4597 est
3662 4555 3738 4597 ta-

449 4602 766 4671 thodoxam,
797 4615 852 4660 et
889 4605 1047 4682 simul
1083 4609 1334 4679 apparuit
1361 4616 1503 4682 quod
1542 4631 1660 4672 eam
1702 4635 1801 4675 nec
1848 4621 2038 4678 beatus

451 4693 558 4747 Leo
607 4681 983 4752 Nestorianam
1033 4681 1396 4770 judicaverit,
1451 4722 1574 4762 nam
1631 4713 1814 4780 procul
1872 4713 2036 4770 dubio

449 4790 608 4841 etiam
638 4790 920 4846 manifesta
946 4794 1215 4849 sententia
1239 4796 1651 4870 vehementique
1672 4802 1997 4860 damnaret“
2024 4825 2037 4860 ;

445 4879 643 4934 sufﬁcit
690 4882 845 4943 nobis
881 4883 949 4938 ad
981 4884 1353 4943 defensionem
1384 4887 1555 4960 ipsius
1597 4893 1859 4964 epistolae,
1900 4897 2043 4966 quod

445 4989 563 5028 eam
593 4983 737 5029 tanta
768 4975 1025 5046 synodus,
1056 4990 1109 5034 et
1139 4977 1310 5049 ipsius
1337 4992 1526 5038 auctor
1554 4987 1767 5055 synodi,
1805 4990 1887 5043 vir
1911 5005 2042 5058 apo-

445 5067 689 5136 sto'icus,
734 5076 788 5122 et
824 5066 879 5123 in
922 5069 1168 5126 doctrina
1207 5073 1452 5130 veritatis
1493 5085 1605 5132 toto
1649 5079 1781 5134 orbe
1815 5082 2034 5137 notissi-

448 5174 586 5224 mus,
615 5160 946 5228 approbavit.
978 5161 1103 5217 llaec
1131 5173 1210 5218 est
1243 5168 1411 5234 prima
1445 5179 1498 5222 et
1540 5171 1827 5227 immobilis
1850 5188 1913 5228 ac
1938 5189 2032 5230 se-

522 5319 777 5397 ‘_Sy.nod_i
830 5325 1105 5397 cujusque,
1156 5334 1214 5378 ut
1263 5335 1346 5380 est
1389 5329 1527 5397 apud
1567 5331 1913 5389 Athanasium
1966 5337 2017 5391 in

448 5388 794 5474 ιψοιοξζίειρὲἶ
842 5388 1170 5474 inconcuSsa
1205 5406 1290 5474 est
1319 5388 1628 5474 aucioritas,
1676 5415 1730 5458 et
1769 5388 2018 5474 injuriaiii

448 5463 653 5528 synodo
697 5460 819 5517 facit
856 5465 948 5533 qui
1002 5482 1113 5521 rem
1151 5467 1442 5536 judicatam
1489 5460 1681 5529 iterum
1725 5460 2016 5546 exaininat,

524 5602 538 5631 ⁸
571 5601 699 5675 Cod.
740 5603 955 5670 Veron,
986 5625 1153 5675 quem,
1186 5611 1390 5664 scilicet
1421 5612 1672 5669 Leonem.

524 5676 541 5702 ²
573 5673 714 5726 idem
743 5675 887 5738 cod.,
919 5681 1120 5745 impia'tt
1141 5673 1445 5748 epistolam.

515 5815 536 5835 ⁴
575 5813 652 5862 Au
687 5817 918 5878 poerun't
951 5815 971 5865 ?

2146 4647 2266 4686 men
2315 4646 2416 4686 nos
2444 4630 2648 4702 aliquid
2703 4631 2994 4702 incepisse.
3041 4631 3176 4686 Nam
3221 4634 3636 4699 eradiravittttts,
3686 4647 3740 4689 ct

2148 4720 2456 4787 eifodimus,
2507 4734 2561 4776 ct
2583 4722 3001 4791 disperdidimus
3047 4723 3190 4792 quod
3242 4725 3645 4794 eradicandum,
3685 4740 3740 4784 et

2148 4811 2506 4868 effodieadum
2529 4853 2546 4880 ,
2573 4824 2627 4869 et
2657 4814 3074 4883 disperdendum
3103 4815 3231 4881 fuit;
3264 4825 3320 4870 et
3347 4817 3391 4870 si
3421 4819 3596 4871 minus
3620 4833 3739 4886 pos.

2147 4917 2332 4958 sumus
2374 4904 2537 4960 etiam
2571 4905 2901 4960 rctediﬁcare
2945 4916 2999 4960 et
3047 4907 3373 4974 reptautare,
3426 4909 3749 4964 melioribus

2147 4995 2248 5049 hoc
2278 5009 2637 5061 reservemus,
2681 5005 2737 5051 et
2775 4998 2942 5050 simus
2991 4997 3195 5051 interea
3240 4997 3457 5052 Patrum
3499 5003 3738 5053 auctori-

2144 5092 2250 5138 tate
2280 5088 2538 5140 contenti.
2588 5088 2696 5142 Sed
2736 5087 2864 5142 dicit
2918 5088 3113 5157 aliquis
3147 5105 3161 5142 :
3191 5089 3254 5141 Et
3291 5091 3531 5158 nunquid
3575 5091 3740 5162 Enty-

2139 5175 2348 5230 chianis
2404 5178 2786 5235 auctoritatem
2835 5179 3026 5250 synodi
3079 5180 3539 5237 Chalcedonensis
3585 5185 3740 5253 obje-

2120 5337 2418 5418 ’Λσόελευτον
2444 5340 2561 5412 ἔχει
2582 5347 2671 5401 τὴν
2694 5347 2854 5418 Eax-dy
2879 5344 3065 5403 ἑκάστη
3103 5347 3350 5418 σύνοδος,
3390 5350 3473 5402 καὶ
3493 5348 3739 5418 ἀτιμάζε.

2119 5432 2202 5465 ται
2230 5410 2254 5464 ὁ
2285 5410 2602 5492 κρίνα-ςξέἀν
2632 5410 2952 5491 παρ”ἔτέρων
2979 5419 3195 5492 κρίσις
3223 5410 3528 5492 ἑργᾷζηται.
3568 5410 3738 5492 Qttattt

2125 5486 2173 5535 in
2203 5485 2524 5536 sententiam
2571 5485 2718 5551 plura
2752 5485 2940 5539 iterinn
2977 5485 3263 5542 Facundos
3289 5485 3382 5542 lib.
3412 5503 3505 5556 xu,
3536 5505 3652 5560 cap.
3677 5489 3736 5546 ‘2.

2227 5621 2246 5695 ξ’
2280 5621 2421 5695 idem
2446 5622 2589 5695 cod.,
2617 5622 3039 5678 Chalredonensis
3067 5628 3319 5695 synodus.

2225 5691 2244 5722 ⁸
2278 5693 2421 5746 ldem
2447 5694 2592 5760 cod.,
2624 5697 3038 5750 intellexerimus.

2227 5839 2261 5856 "
2290 5834 2469 5896 Fottc,
2501 5835 2809 5893 damnasset.
