4114 6490
357 312 461 367 655

1202 313 1331 369 PRO
1374 309 1790 367 DEFENSIOAE
1831 309 2041 368 TRIUM
2085 313 2397 372 CAPITUL.
2442 315 2567 370 LIB.
2615 317 2673 369 V.
3536 323 3625 372 (iiii

3573 343 3630 376 ,η

352 439 542 482 cturus
574 439 649 490 rs,
681 433 738 480 ut
766 441 831 480 ex
862 440 926 481 co
957 426 1332 482 Nestorianam
1371 444 1474 483 non
1503 442 1624 484 esse
1652 431 1943 484 convincas
1976 433 2020 490 Α
2051 428 2278 500 Spiritus
2308 439 2525 486 sanctus
2572 445 2665 499 per
2695 431 3008 499 prophetam
3040 433 3224 489 dicens
3257 450 3270 487 :
3303 432 3430 489 Filii
3478 440 3632 490 alfeui

357 519 634 590 epistolam
674 519 1000 575 venerabilis
1049 520 1175 585 Ihm,
1233 522 1372 591 quod
1419 538 1536 576 eam
1586 522 1940 576 orthodoxam

357 612 656 682 judicavit:
691 626 812 665 cum
860 611 983 667 inde
1025 613 1204 682 potius
1257 614 1330 667 illi
1391 622 1739 668 memoratam
1787 629 1949 685 syno-

357 707 509 773 dum,
551 706 700 760 velut
746 705 1152 769 Nestorianam,
1196 706 1336 776 quod
1367 722 1484 760 eam
1527 708 1813 776 receperit,
1844 708 1949 763 cri-

358 799 669 856 minentur?
709 798 805 854 Ubi
857 799 1090 870 primum
1142 800 1462 867 respondeo,
1495 798 1748 869 quoniam
1782 799 1952 870 Euty-

358 893 565 949 chlanis
595 893 648 945 in
678 891 777 944 hoc
804 891 1018 945 debitor
1053 907 1157 945 non
1192 906 1330 945 sum.
1360 891 1476 946 Non
1503 893 1643 946 enim
1675 907 1760 946 me
1788 895 1952 948 ratio-

361 988 442 1042 nis
467 987 600 1040 ordo
637 984 898 1054 permittit
929 995 987 1038 ut
1013 983 1094 1038 eis
1119 985 1496 1050 reSpOndcam,
1527 999 1623 1039 cur
1655 986 1724 1039 ita
1772 996 1951 1054 patres

363 1081 530 1134 nostri
572 1095 734 1147 super
786 1079 1014 1148 epistola
1059 1080 1390 1135 venerabilis
1442 1080 1543 1132 lba:
1589 1071 1948 1134 decreverint.

365 1173 521 1226 Prius
562 1181 642 1224 cst
673 1171 816 1224 enim
852 1180 907 1225 ut
945 1173 1213 1225 fateantur
1255 1171 1568 1236 nobiscum,
1602 1171 1743 1240 quod
1788 1170 1950 1225 etiam

365 1261 592 1316 concilio
652 1261 923 1329 Ephesiuo
977 1260 1244 1314 ﬁrmatmn
1301 1261 1604 1329 docuimus,
1666 1261 1950 1316 Dominum

366 1365 605 1408 nostrum
657 1353 837 1407 Jesum
886 1352 1162 1407 Christum
1220 1353 1271 1406 in
1322 1351 1529 1406 duabus
1585 1352 1792 1406 naturis
1834 1365 1952 1406 esse

365 1447 719 1508 credendum,
761 1446 830 1499 de
855 1461 964 1515 quo
992 1455 1076 1499 est
1116 1445 1254 1499 inter
1283 1457 1382 1498 nos
1412 1457 1572 1515 atque
1604 1444 1724 1498 illos
1755 1441 1955 1513 princi-

367 1537 504 1604 palis
533 1535 835 1601 dissensio;
890 1545 942 1589 ct
973 1535 1044 1588 ita
1070 1535 1283 1590 demum
1317 1537 1436 1590 facti
1479 1535 1658 1599 amici,
1691 1534 1952 1590 rationem

364 1627 465 1682 sibi
507 1628 622 1682 dari
658 1629 927 1695 pestulent
956 1627 1162 1696 paterni
1195 1628 1406 1696 judicii.
1440 1628 1495 1681 Si
1533 1631 1712 1682 autem
1751 1627 1952 1681 inimici

373 1729 724 1787 permanent,
772 1727 827 1773 et
869 1727 1136 1788 prt‘ccepta
1188 1719 1280 1773 Dei
1326 1727 1700 1784 contemnunt,
1754 1718 1952 1773 sanctis

2051 518 2240 572 mentiti
2264 526 2382 572 sunt
2412 519 2538 571 milii
2569 518 2735 590 (Psut.
2767 535 2892 586 ινιτ,
2924 519 3036 592 46).
3071 523 3172 590 Qui
3202 525 3362 579 etiam
3393 527 3436 580 si
3464 527 3633 580 Evan-

2051 609 2190 678 gelio
2240 625 2346 665 non
2395 611 2731 676 resisterent,
2785 613 2852 667 de
2882 613 2988 668 illis
3019 623 3194 670 tamen
3223 631 3284 670 se
3309 632 3429 672 esse
3476 634 3628 674 mou-

2051 709 2286 757 strarcnt
2325 701 2392 757 de
2418 703 2610 773 quibus
2641 705 2897 773 scriptum
2939 714 3020 760 est
3054 723 3066 758 :
3103 705 3268 760 Deum
3299 727 3352 764 se
3379 711 3630 778 profiten-

2051 808 2134 853 tur
2161 799 2311 863 scire,
2339 800 2486 867 [actis
2509 806 2674 852 autem
2701 807 2889 868 negant
2913 798 3038 868 (Tit.
3092 814 3130 864 ι,
3181 799 3293 866 16).
3333 819 3352 852 ι
3383 800 3491 854 l-lac
3532 803 3632 872 igi-

2054 902 2138 946 tur
2169 892 2306 946 beati
2338 891 2537 946 Leonis
2582 892 2905 946 auctoritate
2939 901 3121 947 nostra
3170 894 3307 948 ratio
3344 895 3631 950 conﬁrma-

2055 993 2159 1048 tur,
2193 982 2333 1052 quod
2358 983 2635 1050 disputare
2667 998 2765 1037 nos
2794 997 2916 1036 cum
2950 983 3298 1054 Eutychianis
3320 986 3384 1039 de
3406 995 3628 1042 senten-

2055 1074 2123 1126 tia
2156 1089 2322 1142 super
2351 1073 2577 1142 cpistoia
2606 1073 2710 1128 lba:
2737 1074 2941 1143 prolata
2971 1075 3146 1129 nulius
3173 1076 3304 1131 ordo
3335 1079 3633 1148 permittat.

2053 1165 2260 1220 Deinde
2289 1170 2560 1234 quomodo
2607 1167 2688 1220 vel
2737 1167 2837 1233 ipsi
2888 1166 3166 1221 nobiscum
3213 1181 3462 1238 quaerunt
3506 1187 3639 1225 con-

2056 1258 2296 1324 tendere,
2340 1265 2396 1312 et
2426 1272 2680 1311 accusare
2712 1270 2951 1311 sanetam
2983 1259 3270 1328 synodum,
3326 1261 3467 1330 quod
3514 1277 3632 1317 sus~

2053 1351 2258 1419 ecperit
2286 1350 2569 1419 epistolam
2613 1364 2730 1418 qua:
2763 1349 3112 1416 incongruam
3141 1351 3207 1406 de
3239 1350 3394 1406 beato
3434 1355 3634 1423 Cyrillo

2055 1441 2417 1511 suspicionem
2466 1441 2545 1494 sui
2593 1441 2974 1510 conscriptoris
3023 1442 3281 1506 continet,
3335 1443 3437 1497 nisi
3487 1444 3637 1512 prius

2059 1533 2247 1589 falsam
2293 1547 2413 1588 esse
2443 1533 2795 1591 confiteantur
2825 1534 3065 1589 eamdem
3115 1536 3474 1602 suspicionem
3508 1537 3632 1598 lbae,

2058 1639 2160 1695 qua
2211 1624 2416 1694 putavit
2447 1624 2661 1680 beatum
2709 1624 2965 1694 Cyrillum
3020 1626 3071 1678 in
3116 1625 3323 1681 duabus
3363 1626 3634 1682 Christum

2061 1732 2286 1785 negasse
2319 1716 2568 1770 naturis?
2600 1715 2751 1769 Tunc
2777 1717 2920 1770 enim
2949 1726 3201 1786 poterunt
3227 1719 3294 1773 de
3325 1718 3520 1788 iujusta
3555 1737 3640 1775 re-

375 1809 1012 1864 Patrumdefinitionibus
1041 1810 1375 1874 resistentes,
1408 1809 1738 1876 deSpiciendi
1777 1823 1840 1863 ac
1868 1824 1951 1863 re-
1988 1809 2030 1866 Β
2059 1808 2416 1876 prehensioue
2443 1806 2586 1863 beati
2615 1803 2798 1877 Cyrilli
2830 1807 2973 1861 illam
3006 1809 3286 1876 epistolam
3332 1811 3632 1874 criminari,

372 1903 600 1970 pellendi
653 1911 816 1970 sunt,
864 1903 1117 1973 quoniam
1167 1902 1475 1973 importune
1520 1909 1770 1972 quaerunt
1813 1900 1957 1956 illius

368 2008 548 2050 Causa:
577 2011 672 2064 per
699 2009 796 2049 nos
836 1995 1058 2063 ειὐίρίεεὶ
1102 1996 1362 2061 notitiam,
1407 2010 1563 2064 quam
1601 1996 1730 2050 solis
1772 1996 1958 2051 amicis

372 2085 556 2139 deberi
611 2085 662 2138 in
723 2085 1012 2153 Evangelio
1068 2085 1324 2142 Dominus
1372 2084 1544 2139 dicit:
1588 2084 1716 2150 Vos,
1761 2085 1952 2152 inquit,

371 2175 522 2228 amici
566 2176 663 2229 mei
705 2174 844 2250 es'i‘s,
876 2176 919 2227 si
958 2176 1177 2244 feceritis
1221 2191 1336 2244 qua:
1383 2191 1476 2247 ego
1509 2175 1749 2246 prazcipio
1795 2175 1955 2228 vobis.

372 2265 490 2321 Jam
516 2284 616 2321 non
644 2269 757 2320 dico
787 2285 870 2320 vos
913 2284 1101 2334 servos,
1147 2269 1270 2338 quia
1311 2284 1487 2322 servus
1537 2269 1692 2320 nescit
1725 2267 1850 2338 quid
1879 2267 1958 2338 fa-

374 2358 471 2410 ciat
498 2357 737 2411 dominus
767 2361 898 2430 ejus.
954 2358 1052 2412 l’os
1088 2369 1266 2412 autem.
1299 2359 1410 2412 dixi
1445 2359 1656 2422 amicos,
1696 2361 1815 2430 quia
1847 2375 1958 2414 om-

374 2448 457 2501 nia
487 2465 597 2516 qua:
634 2449 806 2501 audivi
844 2466 876 2502 a
917 2447 1070 2504 Patre
1111 2465 1244 2516 meo,
1279 2459 1398 2502 uota
1445 2451 1544 2519 feci
1593 2450 1730 2503 robis
1777 2447 1956 2519 (Joan.

377 2557 469 2606 xv,
503 2539 610 2611 li).
668 2541 780 2595 Non
829 2557 957 2611 ergo
986 2543 1211 2596 debetur
1261 2542 1460 2609 peccati
1506 2544 1678 2597 servis
1714 2551 1766 2597 et
1814 2556 1959 2611 pra:-

381 2641 536 2700 cepta
579 2631 671 2686 Dei
723 2633 1102 2701 spernentibus
1146 2633 1348 2702 paterni
1378 2633 1586 2688 consilii
1615 2635 1770 2699 ratio,
1802 2634 1887 2688 vel
1917 2634 1960 2688 si

376 2739 403 2778 a
431 2724 583 2777 nobis
611 2739 730 2778 eam
757 2724 1065 2794 importune
1103 2735 1263 2795 atque
1305 2733 1632 2795 praepostere
1676 2725 1778 2780 sibi
1808 2725 1960 2795 ﬁagi-

376 2823 488 2869 teut
514 2815 655 2870 dati.
686 2816 775 2870 Sic
803 2817 946 2871 en7m
980 2832 1079 2872 nos
1108 2818 1295 2873 Petrus
1348 2820 1624 2888 apostolus
1655 2816 1872 2889 (IPetr.
1907 2833 1990 2882 tu,

379 2906 466 2974 i5)
516 2915 729 2975 paratos
763 2922 886 2962 esse
921 2907 1074 2976 jubet
1111 2909 1177 2962 ad
1217 2909 1653 2978 respondendum
1685 2911 1830 2964 omni
1871 2925 1967 2978 po-

380 3002 542 3055 scenti
577 3018 672 3055 nos
709 3002 971 3056 rationem
1003 3001 1068 3056 de
1100 3001 1204 3056 ﬁde
1232 3012 1286 3057 et
1317 3016 1410 3071 spe
1439 3018 1558 3072 qua:
1587 3004 1640 3055 in
1671 3002 1826 3057 nobis
1855 3011 1961 3068 est,

379 3108 434 3152 ut
457 3097 522 3151 ad
553 3097 726 3169 ipsum
759 3100 1020 3168 pertineat
1065 3107 1402 3168 apparatum,
1435 3098 1576 3168 quod
1615 3097 1812 3152 Paulus
1840 3111 1965 3153 coa-

363 3190 616 3259 postolus
641 3189 758 3259 ejus
785 3201 963 3244 monet
992 3189 1215 3262 (Coloss.
1252 3205 1324 3255 tv,
1370 3188 1451 3258 6),
1495 3198 1551 3243 ut
1579 3191 1812 3244 sciamus
1836 3205 1967 3260 quo-
1995 3169 2040 3232 C

385 3280 545 3334 modo
574 3292 818 3349 oporteat
865 3293 964 3333 nos
1013 3281 1298 3348 unicuique
1347 3279 1695 3349 respondere.
1727 3280 1969 3336 Scientes

382 3373 544 3444 igtur
573 3374 842 3441 quomodo
872 3383 1122 3441 oporteat
1151 3387 1247 3428 uos
1280 3371 1567 3441 unicuique
1613 3372 1966 3441 respondere,

381 3467 610 3522 dicimus
654 3476 711 3520 ut
753 3467 897 3536 prius
939 3465 1010 3519 iiii
1041 3466 1321 3521 nobiscum
1351 3465 1419 3520 de
1465 3464 1808 3520 confessione
1837 3464 1972 3519 dua-

383 3578 499 3616 rum
544 3573 854 3615 naturarum
887 3559 1085 3616 Christi
1137 3557 1483 3624 conveniant,
1535 3572 1655 3625 qua:
1692 3564 1785 3610 aut
1831 3557 1966 3621 sola,

385 3663 472 3705 aut
505 3653 736 3704 maxima
779 3648 1135 3704 dissensionis
1163 3655 1248 3702 est
1276 3661 1434 3702 causa
1455 3664 1469 3712 ;
1493 3655 1548 3702 et
1579 3655 1704 3702 tunc
1733 3645 1967 3709 residua,

385 3749 660 3795 reservato
690 3739 902 3804 ordine,
949 3739 1309 3808 requirentur.
1357 3735 1490 3792 Nam
1538 3745 1789 3791 manente
1832 3735 1971 3790 inter

386 3849 486 3890 nos
533 3835 624 3888 illa
679 3834 1004 3904 quaestione,
1049 3832 1172 3903 quis
1217 3847 1324 3888 non
1366 3839 1458 3886 aut
1505 3829 1832 3900 superfluum
1879 3836 1973 3882 aut

386 3935 772 3994 prmposternm
813 3924 1038 3994 judicet,
1081 3925 1124 3977 si
1176 3937 1297 3978 cum
1345 3923 1449 3977 illis
1493 3921 1562 3976 de
1591 3922 1782 3994 synodi
1811 3934 1972 3989 super

389 4017 607 4086 epistola
640 4017 745 4071 lba:
766 4016 1032 4071 sententia
1062 4014 1439 4083 disputemus?
1470 4013 1605 4068 Hinc
1637 4014 1824 4068 beatus
1863 4012 1972 4068 Leo

390 4124 507 4162 cum
539 4107 742 4176 legatos
774 4108 1038 4175 expetitos
1079 4106 1320 4174 Augusto
1364 4105 1526 4160 [.eoni
1559 4105 1885 4161 directurnm
1912 4119 1973 4160 se

390 4199 744 4268 promineret,
797 4198 870 4252 ait
900 4197 1092 4268 (Epist.
1116 4196 1211 4266 78)
1242 4215 1254 4250 :
1295 4217 1311 4246 ι
1344 4197 1650 4252 Prmnoscat
1677 4197 1836 4266 igitur
1863 4197 1976 4267 pie-

393 4301 471 4343 tas
493 4299 607 4352 tua,
635 4289 961 4362 venerabilis
992 4291 1302 4358 imperator,
1338 4288 1436 4343 hos
1463 4303 1596 4358 quos
1626 4289 1866 4358 spondeo
1893 4289 1974 4342 di-

394 4382 661 4448 rigendos,
711 4394 818 4434 non
864 4379 931 4432 ad
977 4379 1370 4448 conﬂigendum
1402 4395 1523 4434 cum
1551 4379 1795 4433 hostibus
1827 4379 1972 4447 fidei,

395 4487 492 4525 nec
531 4471 597 4525 ad
646 4471 964 4526 certandum
1013 4479 1198 4526 eontra
1244 4469 1380 4524 ullos
1429 4485 1456 4522 a
1500 4469 1630 4527 sedc
1681 4470 1972 4539 apostolica

2060 1911 2186 1956 tunc
2233 1901 2426 1954 merito
2453 1900 2521 1954 de
2547 1899 2714 1968 ipsius
2757 1898 2963 1969 injuriis
3013 1901 3188 1970 queri,
3240 1901 3285 1957 si
3317 1916 3421 1957 non
3454 1913 3503 1957 ct
3541 1904 3642 1973 ipsi

2058 2008 2177 2047 cum
2206 1991 2462 2060 praedicto
2503 1991 2590 2043 lba
2616 1989 2817 2054 dicant,
2848 1991 2987 2058 quod
3013 2007 3168 2045 unam
3201 1993 3400 2048 Christi
3442 1996 3640 2062 pra-di~

2059 2083 2265 2138 caverit
2291 2097 2412 2136 esse
2445 2090 2708 2134 naturam.
2763 2081 3016 2150 Alioquin
3047 2083 3292 2138 eumdem
3321 2089 3645 2144 reverentis-

2060 2179 2253 2232 simum
2285 2177 2426 2231 lbam
2460 2176 2526 2232 de
2559 2176 2980 2246 reprehensione
3012 2179 3146 2233 falsa
3175 2180 3390 2250 culpare
3417 2199 3521 2239 non
3547 2201 3635 2253 po-

2062 2275 2276 2320 terunt:
2310 2266 2413 2320 nisi
2445 2265 2582 2349 forte
2615 2267 2769 2320 nobis
2802 2270 3174 2335 persuadeant,
3211 2282 3264 2326 et
3292 2273 3504 2329 beatum
3537 2277 3641 2347 Cy-

2062 2360 2238 2413 rillum
2297 2373 2455 2412 unum
2511 2356 2708 2411 Christi
2755 2373 2821 2412 cx
2869 2357 3150 2415 divinitate
3209 2372 3264 2417 et
3315 2365 3644 2422 humanitati

2062 2455 2408 2522 compositam
2465 2451 2786 2521 praedicasse
2837 2462 3124 2522 naturam,
3177 2464 3230 2509 et
3282 2457 3642 2514 orthodoxam

2062 2547 2206 2603 Ibam
2238 2546 2337 2601 hoc
2367 2561 2472 2601 nou
2505 2545 2752 2601 debuisse
2775 2546 3011 2616 culpare,
3060 2548 3202 2616 quod
3235 2549 3412 2603 omnis
3447 2551 3634 2606 Eccle-

2063 2640 2142 2694 sia
2171 2639 2459 2694 cooﬁtctur
2488 2653 2608 2694 esse
2638 2639 2925 2707 culpabile.
2958 2639 3146 2695 Cernis
3178 2643 3355 2711 igitur,
3389 2645 3642 2713 religiose

2065 2732 2336 2802 princeps,
2377 2732 2444 2786 ad
2494 2733 2653 2799 hujus
2698 2732 2938 2801 epistola;
2983 2733 3348 2790 defensionem
3398 2737 3646 2793 sufﬁcere

2066 2827 2222 2880 nobis
2264 2826 2318 2880 in
2353 2826 2608 2894 praesenti
2661 2834 2922 2894 tempore,
2969 2828 3110 2896 quod
3141 2844 3258 2882 cam
3299 2831 3644 2898 probavimus

2067 2916 2425 2972 orthodoxam
2455 2933 2483 2971 a
2508 2918 3045 2988 synodojudicatam,
3071 2936 3170 2975 nec
3196 2937 3224 2975 a
3255 2922 3411 2977 beato
3441 2923 3641 2991 Leone,

2067 3007 2206 3063 sicut
2257 3007 2578 3078 ﬁngebatur,
2629 3009 2930 3078 expulsam,
2978 3011 3070 3065 sed
3106 3012 3279 3080 potius
3317 3027 3438 3068 eum
3467 3017 3646 3071 omni-

2066 3098 2169 3153 bus
2199 3113 2319 3168 qua:
2348 3098 2420 3153 ibi
2457 3107 2582 3153 sunt
2617 3099 2686 3154 de
2731 3099 2836 3154 ﬁde
2877 3109 3072 3155 statuta
3121 3102 3408 3160 ﬁrmatam.
3441 3106 3648 3174 Quam-

2071 3190 2256 3246 obrem
2289 3190 2485 3246 sufﬁcit
2511 3190 2685 3260 nobis,
2713 3199 2772 3245 ut
2798 3192 2996 3247 dictum
3029 3204 3131 3260 est,
3167 3195 3354 3252 horum
3387 3201 3498 3254 sola
3528 3217 3650 3270 pro-

2073 3280 2235 3336 batio.
2286 3281 2562 3353 Siquidem
2596 3298 2771 3352 neque
2817 3285 3110 3340 catholicus
3146 3289 3428 3359 quisquam
3477 3303 3653 3360 potest

2074 3383 2234 3428 tantae
2270 3374 2462 3445 synodi
2493 3375 2797 3431 auctoritati
2846 3377 3120 3443 resistere,
3175 3397 3348 3448 neque
3390 3397 3486 3436 nos
3516 3385 3653 3438 ratio

2072 3463 2200 3518 sinit
2226 3479 2346 3519 cum
2379 3465 2746 3534 Eutychianis,
2799 3466 2992 3521 nedum
3037 3469 3175 3524 inter
3217 3485 3336 3538 nos,
3374 3473 3650 3542 principali

2073 3555 2370 3629 quastione
2392 3555 2557 3622 ﬁnita,
2589 3557 2656 3612 de
2679 3559 2940 3612 sententia
2968 3573 3131 3628 super
3148 3561 3375 3628 epistola
3405 3563 3507 3618 lbae
3533 3582 3655 3633 pro-

2074 3653 2176 3702 lata
2226 3648 2561 3717 confligere:
2594 3651 2825 3705 maxime
2875 3651 3000 3720 quia
3048 3655 3302 3722 conqueri
3349 3656 3416 3709 de
3463 3657 3651 3726 injuria

2076 3741 2215 3797 beati
2241 3741 2426 3812 Cyrilli
2457 3755 2561 3796 non
2585 3750 2875 3812 potuerunt
2904 3743 2943 3807 ³,
2976 3759 3135 3812 quam
3160 3745 3224 3798 ad
3255 3745 3505 3801 invidiam
3538 3766 3652 3802 ma-

2073 3845 2193 3900 gnae
2219 3829 2408 3902 synodi
2439 3831 2624 3886 dolere
2653 3846 2712 3886 se
2740 3830 2970 3902 ﬁngunt,
2997 3832 3097 3887 nisi
3128 3835 3274 3902 prius
3297 3851 3419 3891 eum
3452 3838 3656 3895 fatean-

2077 3930 2162 3976 tur
2195 3923 2248 3977 in
2279 3921 2487 3976 duabus
2512 3919 2781 3977 Christum
2825 3923 3151 3992 praedicasse
3185 3926 3412 3980 naturis.
3456 3928 3654 3982 Verum

2077 4014 2161 4068 his
2203 4029 2322 4082 quae
2373 4013 2596 4070 dicenda
2641 4014 2854 4068 fuerant
2892 4013 3245 4084 sufﬁcienter,
3295 4025 3354 4070 ut
3405 4019 3656 4087 arbitror,

2075 4104 2378 4172 explicatis,
2421 4113 2476 4158 et
2517 4103 2585 4159 ab
2627 4104 2784 4173 hujus
2825 4105 3067 4173 epistoLe
3117 4106 3454 4163 discussione
3500 4111 3659 4180 longe

2076 4196 2308 4264 repulsis
2359 4197 2632 4252 luereticis
2674 4215 2686 4249 :
2735 4199 2857 4265 quia
2906 4213 3000 4266 per
3053 4200 3423 4268 subreptioncs
3473 4219 3657 4257 eorum

2077 4288 2244 4342 multa
2272 4287 2398 4342 vitia
2429 4297 2556 4342 sunt
2586 4288 2761 4342 eidem
2786 4289 3025 4356 epistola:
3051 4287 3184 4344 false
3212 4300 3370 4360 atque
3399 4293 3660 4348 fallaciter

2081 4380 2334 4449 imputata
2368 4395 2382 4433 :
2413 4379 2515 4433 hac
2553 4380 2877 4435 necessitate
2924 4380 3258 4449 compulsus,
3321 4382 3658 4439 instructioni

2081 4469 2427 4539 parvulorum
2474 4479 2817 4535 nostrorum,
2871 4486 2938 4525 ne
2987 4473 3419 4528 scandalizentur
3458 4476 3508 4528 in
3541 4477 3662 4528 tali-

396 4567 726 4634 profecturos
752 4581 764 4615 :
792 4565 916 4633 quia
956 4563 1023 4618 de
1070 4565 1227 4617 rebus
1274 4563 1412 4632 apud
1461 4563 1692 4618 Nicaeam
1747 4571 1802 4618 et
1839 4563 1978 4631 apud
2007 4547 2059 4608 Ῑ)
2086 4563 2204 4626 bus,
2239 4576 2343 4617 non
2376 4561 2529 4631 quasi
2558 4561 2776 4629 grandis
2801 4569 2858 4615 ut
2897 4561 3027 4629 Leo,
3061 4563 3154 4616 St‘ti
3189 4565 3327 4618 inter
3357 4565 3474 4618 illos
3503 4580 3564 4632 gr
3600 4584 3661 4618 u-

397 4658 815 4723 Chalcedonam,
857 4657 999 4712 sicut
1048 4656 1157 4711 Deo
1205 4655 1425 4724 placuit,
1475 4655 1730 4721 deﬁnitis,
1778 4655 1980 4710 nullum

400 4751 659 4804 audemus
688 4749 821 4802 inire
851 4756 1156 4810 tractatum,
1183 4756 1434 4814 tanquam
1473 4745 1630 4800 dubia
1657 4745 1738 4799 vel
1773 4744 1979 4799 inﬁrma

398 4843 506 4895 sint
533 4841 652 4909 qua:
697 4850 842 4893 tanta
876 4855 969 4906 per
1013 4838 1270 4907 Spiritum
1317 4846 1558 4892 sanctum
1597 4837 1709 4891 ﬁxit
1747 4839 1981 4899 auctori-

400 4941 502 4988 tas.
547 4932 890 4987 lnstructioni
922 4941 1100 4986 autem
1150 4933 1493 5000 parvulorum
1527 4941 1855 4997 nostrorum,
1894 4933 1984 5001 qui

404 5033 520 5092 post
549 5025 702 5080 lactis
731 5023 1060 5089 alimoniam,
1101 5022 1223 5078 cibo
1263 5023 1574 5078 desiderant
1613 5023 1870 5078 solidiore
1900 5036 1986 5077 sa-

403 5116 547 5177 tiari,
579 5114 865 5170 ministerii
908 5114 1077 5168 nostri
1122 5115 1424 5182 prmsidium
1459 5131 1563 5168 non
1607 5130 1898 5184 negamus:
1934 5123 1988 5169 et

402 5207 543 5262 sicut
587 5207 948 5276 simpliciores
981 5221 1086 5260 non
1128 5206 1456 5274 spernimus,
1501 5207 1569 5259 ita
1623 5223 1650 5259 a
1697 5206 1986 5261 rebellibus

405 5299 672 5353 haereticis
725 5297 1083 5364 abstinemus,
1136 5312 1404 5352 memores
1447 5298 1700 5366 pra'ccpti
1732 5297 1984 5350 dominici

403 5393 631 5448 dicentis
664 5410 676 5445 :
711 5392 886 5446 Nolite
915 5380 1146 5448 sanctum
1184 5393 1309 5444 dare
1355 5390 1585 5454 canibus,
1639 5406 1796 5459 neque
1839 5391 1988 5444 misc-

405 5486 517 5540 ritis
563 5488 872 5557 margaritas
917 5497 1108 5540 vestras
1155 5495 1273 5540 ante
1314 5502 1494 5556 porcos
1542 5486 1756 5556 (Matth.
1806 5485 1988 5553 vn,ﬁ).

410 5575 577 5631 Nimis
616 5577 812 5646 quippe
845 5575 1143 5647 indignum,
1180 5576 1447 5645 nimisque
1474 5575 1728 5646 injustum
1760 5586 1863 5642 est,
1897 5592 1990 5630 eos

417 5669 482 5723 ad
517 5668 820 5722 libertatem
863 5668 1265 5737 disceptationis
1295 5668 1522 5735 admitti,
1557 5685 1689 5738 quos
1721 5669 1988 5740 signiﬁcat

481 5799 498 5833 ⁸
531 5800 662 5861 Cod.
697 5799 918 5869 Veram,
952 5813 1201 5871 poterunt.

2085 4654 2379 4719 diusculus,
2426 4653 2705 4708 ministerii
2735 4655 2777 4719 ⁸,
2808 4657 3057 4723 quoniam
3087 4666 3140 4709 et
3178 4655 3276 4710 hoc
3325 4659 3436 4724 ipse
3484 4659 3666 4710 lii-atus

2087 4745 2195 4800 Leo
2232 4745 2525 4810 concessit,
2576 4759 2684 4798 non
2730 4759 2867 4814 nego
2911 4747 3438 4815 quantulumcunque
3486 4749 3666 4814 pransi.

2089 4837 2231 4892 dium
2265 4855 2276 4890 :
2305 4837 2406 4890 sub
2433 4837 2533 4891 hac
2563 4836 2873 4892 conditione
2907 4838 3189 4902 duntaxat,
3223 4847 3406 4891 utnon
3442 4839 3492 4891 in
3522 4856 3662 4900 mea.

2088 4945 2246 5000 quam
2291 4928 2597 4984 redditurus
2626 4944 2768 4995 sum,
2799 4928 3010 4983 ratione
3053 4929 3302 4981 meritum
3331 4943 3506 4983 causa:
3537 4944 3665 4983 con-

2091 5022 2330 5087 stituam,
2380 5035 2538 5090 quam
2586 5019 2828 5088 profecto
2873 5018 3122 5087 pervides
3161 5022 3522 5088 terminatam,
3576 5027 3667 5078 sed

2093 5115 2269 5180 potius
2295 5113 2346 5166 in
2371 5113 2688 5166 auctoritate
2719 5126 2924 5177 magna:
2955 5110 3166 5179 synodi,
3196 5126 3351 5180 quam
3386 5111 3525 5166 inter
3558 5114 3637 5167 ha:

2094 5207 2379 5260 reticorum
2415 5207 2604 5259 ﬂuctus
2645 5219 2706 5257 ac
2733 5204 2996 5260 turbines.
3046 5204 3188 5256 sicut
3226 5219 3475 5259 anc0ram
3509 5207 3669 5261 habe-

2096 5314 2213 5351 mus
2255 5299 2446 5351 auimm
2488 5305 2650 5350 tutam
2693 5305 2747 5349 ct
2773 5295 2999 5348 ﬁrmam.
3049 5295 3180 5348 lluic
3211 5311 3338 5364 ergo
3381 5312 3476 5351 nos
3508 5299 3670 5354 devo-

2096 5392 2238 5446 tione
2268 5399 2426 5459 atque
2473 5389 2774 5444 obcdieutia
2826 5388 3136 5456 religiutcs,
3185 5388 3391 5456 objecta
3446 5390 3671 5457 primum

2101 5483 2489 5539 oblatrantibus
2534 5481 2675 5533 mole
2708 5488 2942 5547 paterna:
2971 5479 3271 5544 sentcntiae,
3323 5497 3480 5549 quam
3512 5497 3674 5551 super

2101 5591 2146 5643 e,
2170 5574 2324 5627 isluh
2370 5588 2512 5639 saepe
2555 5572 2697 5625 dicta
2749 5571 3006 5640 prolatam
3035 5570 3338 5639 docuimus,
3367 5575 3417 5627 in
3449 5575 3675 5642 quodam

2100 5665 2459 5736 placidissimo
2502 5663 2622 5717 ﬁdei
2673 5672 2825 5732 portu
2877 5679 3052 5720 causrc
3097 5665 3358 5720 rationem
3404 5666 3485 5721 vel
3531 5666 3674 5722 iuve-

2172 5802 2188 5830 ¹
2225 5799 2364 5854 Idem
2397 5799 2540 5864 cui,
2572 5799 2784 5852 ministri
2816 5801 2929 5854 mei.
