4114 6488
471 285 577 342 ϐὅῦ

1566 284 1862 342 FACUNDI
1903 282 2114 339 EPISC.
2161 279 2664 336 IIERMIANENSIS

3657 277 3765 332 655

472 407 718 462 niendam
767 419 1092 476 quaeramus,
1145 406 1223 460 vel
1255 405 1621 460 ostendamus
1653 405 1922 458 inventam
1955 415 1970 454 :
2006 409 2064 454 ut
2095 403 2145 462 Λ
2174 397 2316 452 niam
2343 411 2460 452 eam
2489 391 2750 466 judicavit
2770 390 3122 447 orthodoxam
3156 409 3166 445 :
3201 391 3343 462 quod
3367 392 3421 447 in
3450 391 3612 464 hujus
3631 409 3767 462 ope-

473 500 612 570 quod
647 500 749 555 fide
780 500 1037 564 creditur,
1081 499 1242 553 etiam
1275 498 1634 568 intelligentia
1674 502 2054 564 cognoscatur,

472 606 577 644 non
607 605 762 658 posse
782 589 929 658 juste
955 590 1275 657 reprehendi
1308 604 1561 659 magnam
1594 587 1883 659 synodum,
1916 597 2053 654 quo-

473 679 3614 707 Μ

2171 488 2245 544 tis
2294 487 2582 551 divisione,
2634 483 2824 540 ultimo
2879 484 3001 538 loco
3045 497 3145 538 nos
3192 484 3537 553 promisimus
3580 496 3768 540 osten—

2174 594 2353 636 θυνος.

1655 746 2007 830 LIBER
2083 739 2578 824 SEXTUS.

979 913 1206 971 CAPUT
1249 913 1538 970 PRIMUM.

469 1023 618 1097 Quod
649 1023 881 1097 synodus
909 1022 1346 1079 Chalcedonensis
1376 1025 1650 1097 epistolam
1698 1022 1808 1097 Iba;
1838 1039 2060 1097 pronun-

537 1095 671 1148 tians
700 1094 1037 1148 orthodoxam
1063 1107 1193 1150 recte
1212 1094 1486 1167 judicarit,
1511 1105 1555 1149 et
1581 1110 1742 1149 sacrm
1774 1095 2058 1162 Scriptura:

533 1180 726 1218 morem
761 1176 934 1218 secuta
972 1167 1058 1231 sit,
1091 1182 1205 1232 qua:
1233 1167 1296 1220 de
1317 1167 1489 1219 multis
1519 1182 1581 1220 ea:
1621 1167 1817 1232 majore
1848 1180 1909 1217 ac
1953 1179 2059 1217 me-

535 1238 662 1289 liore
683 1247 827 1306 parte
851 1237 976 1290 solet
1000 1238 1136 1304 ferre
1157 1239 1483 1291 sententiam.

542 1350 658 1416 Age
705 1363 848 1403 nunc
889 1347 1017 1401 illud
1048 1349 1210 1404 etiam
1241 1349 1384 1418 quod
1416 1356 1680 1417 superest,
1715 1346 1942 1415 probare
1969 1345 2055 1400 in-

466 1439 693 1508 cipimus
739 1446 803 1490 ct’
824 1437 1114 1494 ostendere
1138 1453 1298 1506 quam
1326 1437 1542 1508 indigne
1571 1437 1638 1491 de
1669 1437 1934 1492 sententia
1966 1450 2057 1490 su-

467 1547 560 1600 per
588 1531 813 1600 epistola
841 1531 1162 1587 venerabilis
1209 1531 1314 1586 lb.e
1348 1533 1551 1600 rrolata
1595 1530 2056 1586 Chalcedonensis

466 1623 703 1694 synodus
758 1632 1058 1678 accusetur.
1105 1623 1344 1693 Namque
1374 1638 1494 1677 cunt
1530 1622 1773 1677 eamdem
1802 1636 2053 1692 magnam

463 1713 728 1785 synodum
785 1714 1075 1783 prmdictus
1104 1713 1220 1767 lbas
1275 1713 1560 1782 episcopus
1589 1712 1780 1777 adiret,
1815 1726 2053 1780 conque-

464 1821 591 1862 rens
614 1820 677 1861 ac
717 1805 1002 1876 deplorans
1027 1806 1341 1874 injusntiam
1393 1821 1452 1861 se
1472 1807 1541 1860 ab
1571 1804 1814 1876 Eutyche
1841 1813 1894 1860 et
1923 1805 2054 1859 falsa

460 1899 690 1954 crimina
723 1899 1033 1969 pertulisse,
1059 1910 1218 1967 atque
1245 1901 1297 1952 in
1329 1898 1600 1968 Ephesina
1628 1898 1862 1953 secunda
1891 1912 2054 1968 syno-

463 1993 533 2046 do
560 2001 588 2030 ι
628 2008 736 2048 non
776 1991 1004 2047 dicenda
1047 1993 1323 2046 absentem
1351 2001 1406 2046 et
1437 1991 1737 2055 innoxium,
1764 1991 1904 2046 sicut
1934 1991 2050 2068 ido-

459 2101 688 2140 neorum
739 2083 1183 2139 documentorum
1245 2084 1551 2138 testificatio
1617 2084 2047 2150 demonstrabat,

2165 913 2217 957 ut
2250 903 2431 967 etiam,
2483 900 2626 971 quod
2678 900 3025 957 Nestorianos
3057 900 3359 969 impugnat,
3403 912 3561 952 unam
3592 896 3766 951 conli-

2165 1005 2340 1050 teatur
2363 994 2383 1024 ³
2405 1007 2525 1050 esse
2554 993 3016 1063 personam,quod
3043 1003 3124 1048 est
3146 1008 3282 1046 ttnus
3303 992 3467 1045 Fiiius
3497 989 3768 1044 Dominus

2159 1085 2317 1141 Jesus
2344 1083 2609 1140 Christus.
2640 1086 2806 1139 Porro
2855 1084 3195 1155 Eutychiani,
3229 1084 3470 1138 volentes
3516 1083 3766 1150 ejusdem

2162 1190 2364 1234 sancta:
2392 1180 2579 1250 synodi
2609 1181 2984 1235 auctoritatem
3031 1178 3344 1248 infringere,
3379 1177 3634 1232 simulant
3678 1175 3758 1231 in-

2157 1268 2356 1339 juriam
2388 1285 2447 1325 se
2484 1271 2668 1325 dolere
2697 1270 2836 1325 beati
2865 1270 3072 1340 Cyrilli,
3117 1282 3172 1325 et
3222 1271 3347 1326 hinc
3377 1285 3493 1326 eam
3518 1270 3763 1337 culpabi-

2164 1359 2272 1414 lem
2304 1360 2507 1425 dicunt,
2538 1361 2678 1430 quod
2720 1360 3026 1430 prtrdicta'n
3058 1361 3339 1431 epistolam
3394 1362 3714 1430 pronuntiav
3743 1371 3763 1413 t.

2160 1453 2546 1507 orthodoxam.
2579 1452 2796 1506 Addunt
2827 1462 2879 1507 et
2927 1453 3028 1506 alia
3079 1455 3131 1506 in
3163 1454 3637 1520 reprehensionem
3677 1453 3765 1518 ip-

2163 1547 2275 1600 sins
2305 1546 2568 1612 epistolm,
2600 1561 2717 1615 qum
2748 1561 2846 1600 nec
2870 1545 2968 1615 ipsi
2998 1554 3339 1599 accusatores
3365 1545 3488 1607 lbze,
3513 1546 3763 1612 quamvis

2159 1637 2477 1690 calumniosi
2525 1652 2587 1690 ac
2613 1637 2930 1704 pertinaces,
2976 1639 3028 1690 in
3063 1637 3226 1690 tantis
3253 1652 3374 1704 qua:
3398 1644 3520 1689 sunt
3545 1635 3763 1704 CXpCl’li

2154 1727 2392 1797 jndiciis,
2417 1729 2704 1797 aliquando
2736 1737 2827 1782 aut
2853 1728 3054 1783 alicubi
3083 1729 3347 1798 obiecisse
3371 1737 3761 1792 monstrantur,

2158 1834 2257 1874 nec
2285 1821 2610 1874 erubescunt
2652 1820 3076 1890 impudentiores
3125 1821 3283 1874 toties
3309 1819 3549 1873 refutatis
3589 1833 3760 1873 accn-

2155 1909 2426 1965 satoribus
2455 1909 2706 1965 inveniri.
2745 1912 2875 1964 Nam
2909 1910 2984 1964 illi
3019 1911 3121 1965 hoc
3150 1911 3322 1964 solum
3365 1911 3619 1980 pravd‘cto
3649 1909 3760 1966 lbae

2155 2006 2408 2075 episcOpo
2438 2021 2505 2060 ex
2542 2016 2837 2059 memorata
2869 2005 2987 2074 ejus
3019 2004 3247 2074 epistola
3295 2004 3631 2072 objecerunt,
3663 2019 3759 2057 vo-

2157 2094 2324 2148 lentes
2369 2109 2490 2149 cum
2546 2093 2919 2149 Nestorianum
2974 2094 3165 2158 videri,
3199 2093 3340 2164 quod
3387 2095 3443 2162 in
3474 2109 3533 2146 ea
3589 2095 3755 2147 beato

464 2176 564 2230 sub
595 2176 870 2241 Dioscoro,
904 2173 1159 2245 Eutychis
1208 2184 1369 2244 atque
1417 2175 1735 2246 Eutychiani
1784 2175 2048 2244 dogmatis
2087 2201 2123 2257 ῃ
2154 2184 2358 2256 Cyzil‘o
2381 2186 2610 2240 Nestor-ii
2633 2185 3037 2239 condemuatori
3060 2185 3361 2240 detraxerit
3386 2203 3399 2238 :
3428 2195 3752 2239 czetcrorum

462 2265 766 2331 defensore,
799 2266 963 2321 fuisse
994 2265 1329 2330 damnatum,
1359 2275 1413 2322 et
1441 2266 1492 2320 in
1525 2267 1874 2338 quadraginta
1900 2283 2051 2322 man-

463 2361 644 2414 siones
670 2376 764 2429 per
793 2361 1036 2416 diversas
1074 2361 1391 2416 distractum
1426 2362 1754 2431 provincias,
1780 2363 1967 2434 viginti
1998 2373 2052 2418 et

461 2454 690 2522 amplius
719 2468 966 2509 carceres
1007 2463 1263 2510 mutasse.
1303 2455 1427 2510 llmc
1453 2456 1468 2486 ¹
1493 2450 1912 2511 acclamantibus
1939 2457 2053 2524 epi-

461 2544 664 2628 scopis,
693 2553 747 2599 et
769 2545 1078 2600 dicentibus
1105 2561 1120 2601 :
1153 2545 1444 2602 Absentem
1503 2562 1664 2601 nemo
1693 2547 2048 2614 condemnat;

454 2636 600 2691 male
653 2635 898 2692 fecerunt
953 2639 1045 2708 qui
1100 2653 1222 2694 eum
1254 2649 1453 2711 praiter
1481 2654 1716 2695 canones
1754 2641 2049 2695 damnave-

455 2736 605 2794 runt;
631 2743 749 2797 quae
777 2729 1039 2784 adversas
1068 2729 1344 2785 absentem
1379 2731 1512 2785 facta
1536 2741 1661 2785 sunt
1690 2742 2044 2786 evacuentur:

458 2819 573 2874 haec
618 2836 806 2876 omnes
836 2821 1097 2887 dicimus,
1144 2839 1304 2878 nemo
1362 2823 1688 2878 condemnat
1742 2824 2046 2880 absentem.

457 2910 652 2966 Postea
682 2911 1014 2979 TheOphilus
1047 2912 1327 2979 diaconus,
1386 2915 1472 2982 qui
1507 2913 1646 2968 inter
1690 2914 1828 2968 alios
1881 2914 2050 2984 ipsius

452 3003 774 3059 venerabilis
809 3005 909 3059 Iba:
937 3006 1281 3062 adversarios
1308 3007 1593 3074 existebat,
1617 3018 1805 3062 contra
1829 3008 2050 3080 protulit

455 3103 627 3160 gesta,
662 3095 859 3164 quibus
888 3111 1009 3151 cum
1041 3111 1108 3151 eo
1150 3096 1364 3152 fuerant
1415 3100 1553 3169 apud
1588 3100 1833 3155 Photium
1861 3110 1916 3157 et
1945 3103 2047 3156 Eu.

447 3184 721 3239 stachium
751 3188 771 3217 ²
799 3195 960 3256 atque
1015 3187 1276 3243 Uranium
1323 3189 1636 3259 episcOpos,
1693 3205 1756 3245 ex
1798 3191 2047 3262 delegato

453 3277 742 3333 Theodosii
774 3279 1027 3348 principis
1048 3281 1530 3336 altercatizcorum
1563 3298 1621 3338 se
1659 3284 1888 3339 lectione
1921 3299 2045 3353 pro-

452 3371 675 3426 mittens
714 3372 1025 3440 ostendere,
1060 3374 1202 3439 quod
1254 3389 1359 3428 non
1409 3375 1602 3446 injuria
1659 3376 2045 3432 condemnatus

451 3463 636 3517 fuerit.
673 3461 728 3516 In
773 3477 878 3531 quo
912 3463 1086 3518 Photii
1112 3473 1164 3520 et
1197 3464 1472 3521 Eustachii
1500 3476 1657 3536 atqtte
1691 3466 1872 3522 Uranii
1901 3469 2044 3536 judi-

2160 2293 2307 2344 γενέ»,
2341 2295 2458 2346 qua:
2509 2278 2593 2333 isti
2639 2292 2778 2332 nunc
2830 2277 3119 2346 adjiciunt,
3178 2292 3276 2332 nec
3329 2277 3756 2346 flllnlClllCllllQllG

2159 2367 2484 2421 mentionem
2528 2365 2704 2420 facisre
2745 2376 3201 2435 prmsumpserunt
3235 2384 3246 2418 :
3306 2383 3423 2435 qua:
3463 2366 3755 2430 nos,omni

2159 2467 2344 2511 tenore
2385 2459 2664 2524 ιιι-οι)οεὶιο
2714 2457 2880 2526 ipsius
2926 2457 3188 2526 epistolae,
3222 2473 3286 2511 ex
3319 2457 3508 2512 ordine
3539 2459 3753 2513 refelle-

2153 2564 2187 2600 n
2214 2563 2297 2601 us.
2331 2547 2436 2602 Sed
2470 2548 2680 2600 videtur
2711 2547 2862 2601 nobis
2894 2563 2961 2616 qn
2983 2549 3030 2601 )tl
3066 2549 3213 2615 prius
3243 2548 3476 2603 breviter
3499 2549 3751 2619 qumdam

2153 2638 2338 2692 dicere
2363 2637 2658 2692 debeamus
2686 2637 2752 2692 de
2782 2638 2880 2691 hoc
2911 2637 3270 2708 qnojactatur
3302 2639 3749 2708 vituperationem

2153 2727 2294 2782 beati
2337 2726 2528 2800 Cyrilli
2585 2728 2822 2798 synodus
2870 2729 3218 2798 approbasse,
3252 2738 3306 2784 et
3353 2730 3420 2784 de
3464 2747 3571 2800 quo
3603 2732 3748 2786 illam

2157 2819 2391 2874 maxime
2443 2833 2506 2873 ac
2561 2819 2925 2888 principaliter
2963 2819 3252 2874 adversarii
3285 2819 3630 2876 criminantes
3661 2821 3747 2876 vel

2158 2910 2547 2976 scandalizatit,
2575 2912 2656 2965 vel
2684 2913 2726 2964 si
2754 2912 2852 2965 hoc
2875 2926 2978 2964 non
3005 2919 3247 2980 possunt,
3272 2912 3541 2979 exagitant
3569 2913 3746 2968 minus

2157 3001 2493 3056 instructos:
2546 3017 2774 3070 quorum
2831 3001 3032 3070 aliqui,
3061 3000 3186 3055 licet
3213 3003 3457 3056 eamdem
3504 3015 3745 3059 sanctam

2150 3095 2416 3164 synodum
2469 3107 2566 3163 pro
2615 3109 2726 3149 sua:
2765 3093 2886 3148 fidei
2921 3096 3117 3164 pietate
3147 3110 3209 3150 ac
3248 3096 3534 3152 devotione
3559 3097 3739 3152 delen-

2149 3187 2301 3252 dant,
2333 3195 2512 3241 tamen
2538 3186 2660 3257 quia
2685 3187 2813 3265 dare
2840 3202 2943 3242 non
2964 3197 3184 3258 possunt
3203 3189 3404 3245 exitum
3435 3194 3756 3261 quzrstioni,‘

2149 3277 2596 3347 persuadentihus
2623 3279 2996 3334 hmreticorum
3025 3279 3343 3346 fautoribus,
3369 3296 3610 3338 asserunt
3635 3301 3740 3342 non

2149 3369 2218 3424 ab
2246 3384 2307 3424 ea
2341 3371 2507 3426 fuisse
2530 3381 2857 3440 susceptam.
2889 3372 2994 3426 Nos
3017 3382 3196 3427 autem
3229 3374 3496 3429 evidentis
3524 3378 3738 3430 menda-

2145 3462 2218 3517 cii
2269 3473 2325 3518 et
2372 3465 2440 3520 ab
2486 3464 2806 3520 adversariis
2867 3466 3154 3520 ntin'stta'i
3188 3466 3494 3539 suffragium
3537 3471 3744 3538 pudet;

437 3558 532 3612 cio
557 3557 895 3626 jactavcrant
931 3569 1290 3625 accusatores,
1340 3570 1696 3616 memoratum
1725 3561 2034 3633 episcotium
2067 3579 2112 3640 ρ
2149 3555 2290 3624 quod
2346 3557 2391 3612 si
2443 3556 2665 3611 evidens
2708 3571 2812 3610 non
2857 3557 3065 3620 fuisset,
3103 3558 3378 3630 indignum
3411 3575 3531 3614 esse
3555 3563 3738 3618 deliu't

440 3648 590 3702 ibam
619 3663 679 3704 se
720 3649 1041 3717 probaturos
1080 3652 1500 3708 Nestorianum:
1560 3654 1720 3723 idque
1770 3657 2037 3711 conficere

448 3740 760 3796 nitebantur
785 3757 853 3796 ex
883 3745 1109 3811 epistola
1141 3761 1302 3816 quam
1329 3747 1617 3817 aliquando
1648 3749 1940 3813 scripserat
1967 3749 2034 3804 ad

441 3829 630 3886 Marim
654 3831 885 3903 aliquem
915 3834 1130 3889 Persam
1151 3853 1171 3896 4:
1218 3851 1284 3892 eo
1305 3838 1448 3907 quod
1471 3839 1522 3893 in
1551 3840 1636 3893 illa
1672 3841 1947 3896 videretur
1969 3841 2036 3898 tle

439 3920 600 3976 beato
645 3922 870 3992 Cyrillo,
916 3923 1147 3979 N-estorii
1178 3927 1518 3994 damnatme,
1559 3929 1718 3984 aliter
1745 3943 1906 3998 quam
1948 3945 2034 3986 res

437 4010 617 4066 habuit
641 4029 739 4083 pro
767 4015 1077 4084 suspicione
1108 4031 1202 4071 sua
1227 4019 1454 4082 locutus,
1483 4034 1601 4088 qnte
1630 4020 1730 4086 illi,
1757 4020 1895 4075 sicut
1916 4023 2026 4090 pri-

438 4118 525 4156 mo
554 4104 694 4161 libro
721 4105 1022 4174 docuimus,
1049 4108 1350 4162 communis
1376 4117 1493 4164 erat
1517 4123 1640 4163 cum
1661 4109 2024 4167 Orientalibus

433 4195 764 4266 aliarumque
812 4199 1206 4268 provinciarum
1237 4201 1526 4270 episcopis.
1560 4201 2020 4268 Quemadmodum

432 4298 559 4341 vero
593 4288 645 4341 in
697 4288 811 4356 ipso
843 4289 1016 4346 Photii
1045 4288 1102 4346 et
1133 4291 1425 4357 Eustachii,
1460 4292 1752 4363 Uraniique
1793 4293 2016 4365 judicio,

430 4390 528 4443 pro
555 4378 743 4432 eadem
774 4394 867 4434 sua
899 4382 1130 4449 epistola
1161 4383 1512 4442 Nestorianus
1533 4385 1758 4452 judicari
1791 4400 1898 4440 non
1925 4399 2020 4454 po.

433 4466 551 4530 tuit,
581 4469 831 4534 quoniam
860 4471 973 4525 haec
1014 4472 1126 4526 fieri
1156 4487 1260 4527 non
1293 4475 1503 4530 sinebat
1549 4476 1674 4530 fidei
1706 4485 1851 4531 recta
1890 4491 2022 4531 con-

425 4556 614 4624 fessio,
645 4572 764 4627 qua:
787 4557 983 4615 ibidem
1011 4563 1350 4619 continetur:
1373 4565 1444 4618 ita
1476 4581 1573 4621 nec
1599 4567 1740 4636 apud
1771 4581 2018 4637 magnam

423 4648 691 4718 synodum
714 4650 1104 4707 condemnatus
1131 4664 1234 4720 est,
1264 4670 1384 4710 cum
1407 4655 1479 4711 ibi
1507 4671 1569 4712 ex
1594 4657 1799 4713 eisdem
1828 4660 2016 4728 gestis,

421 4741 490 4795 ab
529 4741 645 4810 ejus
690 4741 1000 4798 adversario
1056 4745 1295 4814 prolatis,
1326 4749 1635 4818 supradicta
1686 4753 2018 4822 relegeretur

419 4831 668 4899 epistola,
701 4834 796 4889 sed
821 4849 886 4890 ex
909 4835 1025 4906 ejus
1055 4847 1139 4893 est
1163 4839 1332 4910 magis
1355 4851 1540 4899 tenore
1579 4854 1854 4915 purgatus.
1879 4845 2010 4900 Nam

2147 3645 2468 3702 Christianae
2493 3647 2839 3703 conscientiae
2869 3648 3204 3704 mendaciter
3225 3651 3516 3707 defendere
3540 3655 3708 3708 verita
3725 3686 3738 3696 -

2143 3748 2273 3795 tem.
2320 3739 2494 3795 [labet
2545 3740 2690 3794 enim
2747 3754 2872 3795 snas
2920 3742 3249 3797 assertiones
3280 3746 3514 3811 Veritas,
3571 3762 3677 3800 non
3709 3765 3737 3804 τι

2142 3833 2424 3888 mendacio
2457 3843 2743 3901 mutuatas,
2793 3835 2989 3904 quibus
3033 3837 3340 3894 testimonio
3390 3843 3736 3899 conscientia}

2145 3941 2249 3980 non
2281 3933 2564 3994 repugnet,
2597 3931 2654 3980 et
2705 3924 2901 3980 invicta
2932 3940 3257 3995 permanens
3304 3930 3734 3989 adversariorum

2143 4014 2440 4069 calumnias
2464 4013 2670 4085 frangat
2696 4031 2710 4069 :
2742 4029 2876 4084 quas
2905 4015 2950 4071 si
2980 4018 3101 4086 quis
3128 4019 3368 4076 invenire
3400 4038 3503 4076 non
3531 4033 3733 4092 potest,

2138 4116 2315 4162 tacere
2344 4107 2520 4178 potius
2551 4107 2718 4178 eligat
2745 4121 2906 4177 quam
2940 4109 3177 4175 mentiri,
3202 4119 3258 4166 et
3289 4112 3404 4167 sola
3429 4115 3498 4168 sit
3537 4115 3732 4170 decre-

2135 4208 2309 4253 torum
2367 4199 2686 4254 auctoritate
2727 4207 3034 4255 contentus.
3067 4199 3202 4255 Nam
3253 4203 3297 4257 si
3347 4219 3444 4259 nos
3489 4205 3732 4265 luerctici

2132 4290 2367 4347 viderint
2395 4293 2447 4346 in
2479 4293 2640 4347 rebus
2671 4294 2967 4362 perspicuis
2997 4309 3096 4348 suo
3117 4297 3192 4350 uti
3220 4298 3520 4365 mendacio,
3543 4303 3731 4372 quales

2128 4394 2226 4436 nos
2253 4381 2304 4435 in
2329 4380 2450 4436 aliis
2480 4383 2759 4451 putabunt,
2791 4398 2910 4452 quas
2941 4383 3190 4440 videntur
3217 4387 3488 4444 obscura?
3513 4391 3580 4446 Et
3606 4394 3731 4451 ideo

2119 4474 2254 4545 jam,
2283 4476 2537 4546 religiose
2595 4476 2907 4547 imperator,
2943 4479 3162 4534 attende
3187 4494 3347 4550 quam
3400 4484 3608 4541 fortiter
3639 4502 3729 4542 ea-

2126 4567 2355 4622 lumnias
2396 4568 2774 4624 haereticorum
2823 4577 2878 4624 et
2907 4570 3023 4626 sine
3055 4573 3160 4626 ulla
3191 4573 3504 4633 difficultate
3532 4579 3726 4635 dissol-

2124 4673 2268 4722 vam,
2300 4657 2543 4727 exempla
2577 4657 2859 4728 proferens
2891 4659 3086 4714 divinae
3115 4662 3430 4732 Scriptum,
3454 4673 3725 4736 quomodo

2123 4763 2153 4802 a
2184 4748 2391 4820 majore
2418 4758 2472 4804 et
2493 4749 2718 4804 meliore
2748 4759 2899 4819 parte
2929 4751 2994 4806 de
3017 4753 3199 4808 multis
3227 4755 3399 4808 soleat
3431 4757 3570 4813 ferre
3599 4775 3724 4814 sen-

2126 4840 2380 4895 tentiam:
2408 4839 2564 4909 cujus
2593 4840 2817 4894 formam
2867 4841 3023 4895 sicuti
3065 4842 3116 4896 in
3143 4843 3392 4898 omnibus
3413 4858 3596 4902 sancta
3627 4864 3722 4921 sy-

418 4925 493 4977 sic
515 4923 649 4979 duas
679 4937 894 4982 naturas
941 4930 991 4983 in
1015 4946 1076 4985 ea
1112 4933 1388 4988 confessus
1412 4943 1514 5002 εει,
1549 4912 2001 5006 quod—Eutychia-
2041 4912 2094 4974 Ῑ)
2120 4932 2293 4988 nodus
2313 4930 2769 4988 Chalcedonensis
2800 4943 2981 4988 secuta
3013 4946 3116 5001 est,
3155 4947 3213 4990 ut
3242 4939 3522 5006 epistolam
3549 4912 3721 5000 vene-

417 5031 516 5072 nos
539 5018 781 5084 offendit,
811 5021 952 5076 unde
1004 5033 1059 5078 et
1104 5026 1451 5083 condemnari
1502 5044 1620 5084 eam
1650 5031 1998 5100 qum-ierunt,

482 5128 826 5211 {Deltteresi
850 5133 1162 5211 Nestoriana
1190 5138 1528 5211 insimulatus
1551 5157 1577 5195 a
1607 5143 1819 5198 clericis
1849 5144 2010 5199 Edes-

417 5202 562 5283 senis
586 5202 702 5256 lbas
725 5205 952 5283 primum
979 5205 1080 5260 fuit
1106 5210 1244 5283 apud
1270 5211 1518 5265 Proclnm
1547 5213 2006 5283 ConstantinOpo-

417 5273 666 5350 litanum,
687 5277 840 5350 cujus
872 5287 1089 5332 exstant
1135 5273 1348 5345 litteras,
1376 5283 1570 5350 quibus
1615 5273 1919 5342 certiorem.
1939 5287 2006 5343 de

415 5351 610 5423 relata
643 5345 761 5423 facit
793 5347 1054 5403 Joannem
1091 5345 1506 5406 Antiocheaum.
1537 5356 1746 5411 Mortuo
1773 5357 2000 5423 Joanne,

413 5413 615 5466 delatus
647 5416 837 5469 iterum
863 5429 945 5473 est
965 5436 991 5473 a
1019 5423 1231 5476 clericis
1255 5423 1320 5476 ad
1339 5423 1598 5479 Domuum
1624 5428 1844 5483 Joannis
1876 5413 1998 5484 sue:

411 5497 702 5561 cessarem,
736 5498 932 5565 etcum
963 5492 1032 5546 ab
1061 5508 1127 5547 eo
1148 5497 1380 5561 suscepti
1427 5513 1532 5550 nun
1560 5509 1762 5565 essent,
1794 5503 1857 5554 ad
1884 5501 2000 5554 Fla-

412 5560 753 5642 vtatrt’t'nn,qu.i
783 5560 968 5614 [’rocln
995 5565 1047 5616 in
1079 5567 1212 5642 urbe
1225 5572 1366 5642 regia
1397 5560 1998 5642 successerat;[latique

409 5621 476 5675 de
509 5621 740 5680 Flaviani
779 5643 1042 5688 consensu
1075 5651 1105 5690 a
1153 5621 1994 5714 'l'heodosio‘lbaejudice;

481 5717 494 5745 ²
529 5714 605 5769 Co
628 5719 661 5770 Ι.
685 5717 900 5785 Verum,
932 5725 1014 5775 Ad
1045 5725 1174 5780 ltwc.

478 5786 499 5816 ³
528 5786 672 5840 Idem
700 5792 845 5856 cod.,
875 5803 919 5845 ct
947 5793 1301 5866 Eustachium,
1332 5799 1414 5856 vel
1442 5799 1784 5860 Ettstatltium.

2113 5025 2296 5080 rabilis
2322 5025 2447 5091 Ibat,
2472 5025 2714 5094 quamvis
2739 5024 2806 5081 de
2850 5026 3008 5080 beato
3038 5025 3240 5099 Cyrillo
3270 5030 3424 5084 alitt-r
3445 5047 3603 5103 quam
3629 5050 3721 5091 res

2121 5139 2268 5214 s_copi
2301 5137 2519 5192 Photius
2540 5147 2603 5214 et,
2625 5137 2934 5192 Eustathius
2956 5152 3078 5214 cum
3113 5138 3544 5214 Ur_a_nio,duplici
3572 5151 3716 5214 apud

2115 5209 2316 5280 :l‘yrum
2341 5221 2394 5264 et
2417 5211 2555 5277 apttd
2575 5211 2823 5280 Berytum
2848 5210 3156 5278 cognitione
3181 5210 3324 5266 Ibam
3343 5209 3711 5274 absolverunt.

2113 5278 2358 5357 [fosthzec
2388 5281 2439 5334 in
2473 5278 2690 5357 nefaria
2717 5280 2924 5350 synodo
2957 5283 3222 5357 Ephesina
3249 5298 3284 5337 tt
3313 5285 3571 5357 Eutychis
3595 5288 3711 5343 fac-

2114 5350 2259 5424 tione
2282 5352 2566 5405 datnnatus
2593 5355 2787 5404 absens
2813 5363 2971 5420 atque
2998 5356 3307 5422 episcopatu
3329 5350 3575 5424 defectus
3602 5373 3712 5416 est.

2111 5422 2225 5486 Qua
2274 5424 2340 5475 de
2373 5439 2429 5477 re
2457 5439 2576 5475 cum
2609 5424 2753 5490 apud
2782 5424 3044 5493 synodum
3080 5422 3571 5484 Cltalcedunensem
3611 5447 3711 5485 ev-

2109 5494 2705 5572 postttlasset.sytiodtis
2725 5496 3051 5572 approbatis,
3071 5505 3130 5572 _ut
3152 5498 3708 5572 antedictttm,Tyriis

2110 5579 2171 5642 ac
2206 5564 2580 5642 Berytensibus
2605 5567 2793 5642 gestis,
2832 5565 3221 5642 Ephesinisque
3251 5564 3708 5642 repttdiatis,'pri—

2103 5636 2299 5689 stinum
2333 5636 2381 5688 ei
2409 5636 2631 5704 gradum
2663 5639 2894 5690 restituit
2925 5638 2975 5692 in
3007 5639 3217 5694 actione
3253 5641 3337 5694 lU.

2176 5750 2195 5780 ³
2220 5751 2360 5805 ldcm
2387 5750 2532 5819 Cod.,
2562 5750 2912 5821 conﬁteretur.
