4114 6556
181 1213 282 1258 ὢὶ...

393 475 492 558 om
1247 471 1381 527 mo
1420 470 1846 528 DEFENSIONE
1885 438 2099 525 Talon
2126 469 2444 528 CAPITUL.
2490 474 2616 530 ue.
2651 475 2739 533 γι.
3582 481 3684 538 658

395 557 578 646 habuit
602 589 950 659 StISpieantis,
977 597 1156 643 tamen
1187 602 1284 659 pro
1313 604 1440 643 vera
1480 587 1600 643 ﬁdei
1644 585 1984 642 confessione
2011 583 2062 644 Α
2090 583 2218 652 stio,
2248 589 2580 656 superﬂuum
2621 590 2870 646 ducens?
2921 590 3060 647 sicut
3102 592 3216 661 ipse
3242 605 3455 662 quoque
3499 595 3687 650 beatus

393 699 553 756 quam
583 682 650 739 de
684 681 895 737 Christo
925 690 1072 735 tenet
1120 681 1160 746 ί,
1191 680 1545 734 orthodoxam
1581 679 1870 747 judicaret.
1900 678 1988 734 Sic

394 791 576 848 regem
606 774 742 830 Juda
788 777 918 844 Asa,
965 789 1121 844 quem
1150 773 1350 828 scimus
1380 786 1484 826 non
1509 771 1564 827 in
1597 773 1774 842 parvis
1805 787 1904 826 nec
1933 771 1987 826 in

396 869 578 938 paucis
607 866 774 922 fuisse
812 865 1106 936 culpatum,
1166 863 1352 918 eadem
1386 863 1670 932 Scriptura
1718 862 1984 918 laudavit:

393 958 547 1028 cujus
575 972 696 1027 qua:
737 954 935 1011 fuerint
972 955 1145 1024 eulpae
1175 954 1320 1024 prius
1349 968 1657 1009 memorare
1685 953 1945 1009 debemus
1973 992 1986 1018 ,

395 1066 456 1104 ac
481 1048 676 1105 deinde
718 1046 988 1118 quomodo
1013 1045 1079 1100 ah
1103 1059 1163 1098 ea
1193 1045 1353 1100 fuerit
1380 1044 1723 1114 praedicatus.
1751 1043 1988 1098 Primum

343 1211 376 1221 _
395 1145 570 1211 itaque
596 1140 811 1201 dicitur,
845 1137 968 1208 quia
991 1136 1068 1190 illi
1099 1149 1387 1190 commune
1416 1149 1537 1190 cum
1570 1135 1751 1190 multis
1777 1133 1991 1202 regibus

395 1233 514 1298 fuit,
546 1233 668 1303 quia
694 1248 801 1287 non
831 1231 1097 1286 destruxit
1123 1230 1335 1285 excelsa
1360 1228 1480 1300 (111
1509 1229 1638 1300 Reg.
1668 1243 1756 1294 xv,
1787 1225 1904 1294 id):
1936 1227 1988 1281 in

395 1325 586 1395 quibus
617 1325 740 1379 licet
770 1323 994 1378 Domino
1021 1321 1640 1387 sacriﬁcaretur,contra
1668 1319 1784 1389 ejus
1813 1328 1990 1375 tamen

396 1423 720 1485 praeceptum
753 1413 1076 1482 ﬁebat,quia
1108 1412 1162 1466 in
1187 1413 1384 1480 templo
1407 1411 1506 1466 sibi
1539 1409 1829 1466 sacriﬁcari
1856 1425 1992 1479 prac-

399 1514 630 1578 ceperat.
678 1505 881 1562 Deinde
908 1505 1032 1575 quia
1060 1504 1188 1560 dato
1237 1515 1464 1575 argento
1493 1512 1550 1558 et
1578 1518 1712 1558 auro
1739 1503 1877 1572 quod
1911 1503 1990 1556 in-

397 1611 612 1659 ventum
643 1609 732 1658 est
757 1603 811 1656 in
845 1602 1110 1657 thesauris
1129 1601 1320 1656 domus
1344 1600 1505 1672 regis,
1535 1608 1722 1655 contra
1746 1600 1877 1654 Basa
1908 1615 1992 1655 re-

396 1713 517 1767 gem
543 1696 706 1752 lsrael
727 1695 866 1765 regis
889 1695 1060 1766 Syria:
1089 1695 1230 1750 male
1259 1692 1778 1764 quaesivitauxilium
1803 1692 1988 1760 (Ibid.,

402 1790 521 1857 l8):
547 1789 690 1844 unde
712 1804 834 1844 cum
863 1798 920 1844 et
944 1786 1240 1858 increpavit
1264 1786 1471 1841 Anania
1503 1785 1783 1855 propheta,
1803 1784 1988 1839 dicens

398 1879 535 1948 quod
570 1880 888 1949 insipienter
916 1879 1084 1949 egerit
1125 1879 1360 1933 conﬁsus
1397 1878 1449 1931 in
1490 1891 1668 1946 regem
1711 1873 1905 1945 Syriae,
1937 1883 1992 1929 et

2092 672 2326 745 Cyrillns
2349 679 2677 747 superﬂuum
2704 681 2874 749 duxit,
2892 697 3026 738 .cum
3059 683 3325 741 scriberet
3353 686 3373 716 ³
3403 684 3689 742 Orientalio

2093 769 2190 824 bus
2213 783 2308 838 per
2332 770 2550 826 Paulum
2577 772 2897 829 Emesenum
2916 776 3474 844 episcopum,dicens:
3500 797 3519 828 c
3545 779 3687 844 Quo-

2090 861 2236 942 niam
2258 879 2384 919 vero
2413 866 2681 934 superﬂua
2700 875 2757 921 et
2777 868 3082 937 importuna
3103 870 3463 926 Ecclesiarum
3492 871 3688 926 divisio

2095 953 2230 1010 facta
2259 966 2362 1023 est,
2404 973 2545 1013 nunc
2572 959 2803 1014 maxime
2828 961 3157 1017 satisfactum
3187 970 3270 1017 est
3298 962 3472 1028 nobis,
3505 963 3683 1018 domi-

2093 1061 2165 1102 no
2212 1063 2332 1103 meo
2390 1051 2832 1106 reverentissimo
2862 1053 3026 1108 Paulo
3067 1053 3308 1110 chartam
3353 1053 3682 1125 proferente,

2096 1138 2380 1194 habentem
2428 1141 2956 1211 irreprehensibilem
3022 1145 3144 1201 ﬁdei
3197 1145 3619 1202 confessionem.
3659 1164 3681 1200 ι

2095 1231 2228 1286 Cum
2252 1232 2412 1302 igitur
2439 1241 2496 1287 et
2522 1235 2637 1302 ipse
2667 1235 2852 1291 beatus
2882 1237 3136 1306 Cyrillns,
3167 1245 3367 1292 rectam
3399 1237 3565 1294 fuisse
3595 1253 3688 1294 co-

2096 1338 2360 1393 gnoscens
2403 1325 2757 1389 Orientalium
2811 1315 3006 1393 ﬁdem,
3055 1343 3152 1397 pro
3203 1329 3333 1384 falsa
3383 1330 3688 1399 suspicione

2096 1431 2253 1486 quam
2279 1415 2346 1472 de
2376 1417 2471 1472 illo
2498 1417 2814 1484 habuerunt,
2845 1434 2948 1474 non
2977 1436 3070 1475 eos
3095 1419 3356 1490 judicavit
3379 1421 3684 1490 haereticos,

2095 1510 2220 1580 quia
2269 1525 2367 1564 nec
2416 1510 2598 1565 debuit
2635 1529 2648 1564 :
2691 1512 2960 1581 quomodo
3001 1521 3185 1566 saneta
3225 1512 3685 1568 Chalcedonensis

2095 1601 2334 1672 synodus
2359 1617 2467 1658 non
2497 1603 2669 1658 eidem
2701 1605 2856 1658 beato
2879 1603 3078 1675 Cyrillo
3103 1605 3372 1662 contraria
3386 1605 3680 1670 videretur,

2095 1693 2139 1746 si
2173 1709 2268 1762 pro
2292 1693 2402 1763 ipsa
2433 1695 2737 1763 suSpicione
2763 1695 2894 1750 falsa
2923 1704 3084 1765 atque
3105 1695 3394 1766 superﬂua,
3415 1712 3595 1752 veram
3629 1705 3685 1752 et

2096 1787 2454 1842 necessariam
2501 1787 2832 1844 dc.Chrislo
2876 1786 3031 1841 ﬁdem
3078 1803 3198 1856 quae
3244 1788 3297 1841 in
3330 1789 3420 1842 illa
3457 1788 3684 1856 epistola

2095 1878 2419 1945 continetur,
2455 1894 2560 1934 non
2614 1880 2984 1948 pronuntiaret
3027 1879 3426 1935 orthodoxam?
3457 1879 3686 1937 I’utavc-

400 1993 502 2031 non
533 1977 584 2031 in
618 1976 905 2031 Dominum
934 1975 1100 2029 Deum
1133 1988 1286 2028 suum
1316 1972 1401 2044 (11
1437 1971 1619 2026 Paral.
1653 1987 1761 2037 xvi,
1788 1970 1868 2041 7).
1896 1968 1984 2024 ln-
2022 1960 2064 2020 Β
2092 1977 2176 2023 rat
2203 1980 2377 2024 autem
2402 1971 2867 2027 reverentissimus
2891 1971 3006 2028 lbas
3035 1973 3342 2041 episcOpus,
3364 1972 3506 2042 quod
3540 1973 3680 2028 idem

401 2084 558 2137 super
595 2068 720 2138 quia
759 2077 814 2122 et
862 2069 1034 2135 ipsum
1087 2067 1350 2121 Ananiam
1395 2065 1736 2135 prophetam,
1772 2070 1989 2132 propter

401 2159 540 2231 quod
569 2176 690 2215 eum
719 2167 990 2227 arguerat,
1023 2157 1326 2227 indignatus
1359 2157 1575 2211 tradidit
1603 2157 1655 2210 in
1685 2153 1988 2210 custodiam

399 2251 565 2306 nervi.
596 2251 874 2306 Postremo
889 2250 959 2306 dc
987 2250 1077 2304 illo
1099 2249 1380 2318 Scriptura
1409 2247 1567 2302 dicit:
1602 2246 1666 2300 Et
1696 2245 1990 2314 inﬁrmatus

403 2354 472 2398 est
498 2346 601 2398 Asa
630 2345 682 2398 in
715 2359 850 2397 anno
882 2343 1142 2413 trigesimo
1171 2351 1218 2396 et
1245 2357 1380 2395 nono
1412 2340 1554 2411 rcgni
1580 2340 1662 2393 sui
1693 2339 1868 2392 dolore
1897 2354 1987 2409 pe-

401 2438 520 2490 dum
549 2436 826 2490 vehementi
843 2451 860 2499 ;
887 2433 1058 2488 verum
1102 2449 1267 2503 neque
1293 2434 1346 2486 in
1372 2431 1701 2503 a'grotatione
1727 2445 1821 2483 sua
1849 2443 1988 2499 qua:-

402 2527 513 2582 sivit
555 2526 850 2590 Dominum,
897 2525 985 2578 sed
1014 2523 1235 2578 medicos
1268 2521 1456 2586 (Ibid.,
1491 2520 1602 2590 19.).
1650 2519 1706 2573 ln
1747 2533 1853 2599 quo
1883 2533 1991 2572 non

403 2629 692 2688 propterea
723 2617 993 2673 credimus
1022 2631 1143 2672 esse
1171 2616 1464 2685 culpatum,
1515 2613 1657 2684 quod
1685 2611 1989 2668 ordinatum

402 2725 428 2762 a
456 2710 562 2764 Deo
590 2708 919 2764 medicorum
947 2694 1198 2763 solatium
1230 2705 1533 2776 requisivit,
1562 2703 1658 2760 sed
1682 2703 1804 2773 quia
1836 2703 1988 2758 sicin

402 2800 615 2855 illorum
666 2809 782 2855 arte
830 2798 1067 2855 conﬁsus
1113 2807 1217 2864 est,
1249 2798 1564 2866 utipsornm
1598 2795 1776 2864 potius
1826 2802 2008 2864 quam'

403 2893 494 2948 Dei
526 2908 621 2962 per
677 2892 822 2962 ipsos
870 2901 1206 2962 exspectaret
1245 2890 1528 2964 auxilium.
1577 2890 1713 2944 Cum
1749 2889 1908 2959 igitur
1937 2890 1991 2943 in

404 2984 484 3037 his
513 2982 813 3038 inveniatur
842 2996 963 3038 esse
990 2981 1289 3052 culpabilis,
1315 2981 1565 3050 quoniam
1599 2989 1772 3036 tamen
1803 2996 1834 3036 a
1873 2980 2003 3036 ωι-⁴

403 3087 521 3131 tura
545 3077 754 3131 Domini
785 3090 892 3132 non
939 3078 1184 3142 recessit,
1215 3091 1387 3146 neque
1414 3075 1576 3130 idolis
1615 3075 1852 3146 gentium
1896 3073 1992 3132 de-

402 3170 644 3237 servivit,
701 3171 872 3241 magis
927 3179 1127 3238 autem,
1154 3170 1292 3225 sicut
1335 3170 1591 3238 scriptum
1641 3178 1745 3238 est,
1775 3167 1994 3225 abstulit

402 3278 591 3318 omnes
621 3263 1028 3320 adinvcntiones
1077 3278 1211 3332 quas
1263 3261 1504 3320 fecerant
1560 3271 1736 3331 patres
1768 3261 1908 3333 ejus,
1940 3270 1994 3318 et

403 3355 676 3410 Maaeham
699 3358 719 3386 ²
744 3363 966 3412 matrem
997 3370 1146 3412 suam
1178 3371 1206 3411 a
1247 3357 1450 3412 cultura
1480 3355 1581 3410 luci
1613 3356 1864 3422 removit,
1905 3355 1989 3424 ip-
2020 3330 2066 3394 Ο

403 3462 629 3518 sumque
657 3447 888 3503 succidit
917 3447 1118 3520 lucum,
1151 3459 1308 3519 atque
1343 3447 1619 3503 succendit
1667 3449 1721 3503 in
1755 3456 1993 3504 torrente

403 3537 633 3605 Cedaon,
683 3539 760 3595 sic
795 3555 916 3594 eum
964 3539 1240 3611 Scriptura
1268 3540 1446 3595 divina
1479 3539 1734 3605 laudavit,
1767 3549 1822 3594 ut
1851 3539 1994 3595 dice—

403 3644 524 3690 ret:
563 3631 708 3689 Fecit
735 3637 838 3687 Asa
878 3635 1014 3704 quod
1058 3645 1251 3688 rectum
1280 3643 1350 3688 est
1380 3634 1432 3687 in
1462 3642 1736 3702 conspectu
1765 3631 1990 3701 Domini,

401 3729 530 3781 sicut
560 3727 726 3780 David
756 3737 896 3797 pater
920 3731 1031 3800 ejus
1071 3726 1193 3799 (III
1221 3729 1342 3796 Reg.
1372 3744 1462 3793 xv,
1499 3729 1609 3798 ll).
1643 3729 1719 3782 Ac
1744 3742 1812 3782 ne
1857 3725 1994 3781 forte

403 3819 611 3874 dicatur
639 3819 780 3890 quod
813 3819 929 3890 ejus
961 3821 1139 3890 priora
1182 3820 1503 3884 laudaverit,
1535 3830 1583 3876 et
1619 3829 1803 3890 postea
1837 3819 1996 3874 fuerit

403 3910 745 3980 dep=avatus,
773 3913 956 3981 accipe
1003 3912 1130 3982 quid
1160 3913 1213 3967 in
1241 3913 1332 3968 illo
1356 3913 1548 3968 iterum
1579 3913 1767 3970 eadem
1813 3913 1996 3982 Scrip-

406 4011 522 4056 tura
574 4001 920 4080 pronuntiet:
967 4001 1345 4068 Verumtamen,
1397 4002 1591 4074 inquit,
1633 4019 1721 4058 cor
1757 4002 1858 4056 Ara
1887 4011 1996 4056 erat

407 4100 686 4166 perfectum
737 4082 1114 4150 cuni‘Domino
1155 4097 1388 4152 omnibus
1439 4097 1617 4152 diebus
1665 4097 1772 4151 suis
1803 4095 1994 4164 (Ibid,

409 4187 520 4258 Η).
553 4189 616 4243 Et
639 4190 823 4259 utique
854 4189 1100 4244 omnibus
1125 4189 1316 4246 diebus
1353 4184 1466 4244 sitis
1497 4205 1602 4243 non
1629 4190 1916 4254 diceretur,
1951 4188 1996 4244 si

407 4281 474 4335 ab
505 4281 649 4335 eoin
699 4295 803 4348 quo
851 4280 1026 4335 fuerat
1058 4279 1310 4336 "laudatus
1361 4280 1649 4350 aliquando
1698 4279 1994 4335 recederet.

410 4373 638 4428 Proinde
665 4389 784 4429 cum
818 4373 908 4428 Dei
939 4374 1213 4443 Scriptura
1243 4388 1422 4444 regem
1454 4375 1581 4438 Asa,
1611 4374 1662 4427 in
1691 4373 1853 4428 tantis
1874 4372 1996 4426 cul-

409 4465 660 4534 pabilem,
702 4465 780 4520 sic
820 4475 1036 4535 propter
1075 4465 1336 4521 culturam
1369 4466 1527 4520 unius
1554 4467 1664 4521 veri
1700 4465 1789 4520 Dei
1813 4465 1997 4520 lauda-

407 4555 565 4621 verit,
593 4562 651 4609 ut
679 4569 800 4610 eum
839 4564 1178 4624 compararet
1204 4563 1362 4625 atque
1384 4555 1651 4611 conferret
1672 4561 1860 4611 sancto
1884 4555 1995 4625 regi

410 4645 596 4710 David,
624 4659 688 4699 ac
732 4647 1098 4714 pronuntiaret
1146 4645 1286 4715 quod
1334 4653 1479 4700 esset
1507 4660 1600 4700 cor
1627 4644 1744 4714 ejus
1782 4643 1998 4714 perfccs

2096 2061 2283 2116 beatus
2330 2062 2564 2131 Cyrillus
2602 2063 2807 2118 directa
2853 2063 2952 2119 sibi
2983 2063 3052 2119 ab
3080 2063 3442 2120 Orientalibus
3471 2065 3685 2122 confes-

2093 2154 2264 2223 sione,
2300 2170 2408 2210 non
2436 2169 2778 2210 communem
2816 2154 3072 2217 ﬁdem_in
3115 2171 3177 2210 ea
3208 2159 3542 2226 cognoverit,
3587 2159 3680 2214 sed

2095 2247 2365 2316 proprium
2395 2263 2635 2303 errorem
2678 2249 2932 2304 correxit.
2977 2248 3129 2316 Quod
3161 2264 3334 2318 neque
3362 2264 3483 2314 nos,
3511 2265 3682 2318 neque

2092 2349 2274 2394 saneta
2305 2339 2761 2396 Chalcedonensis
2805 2341 3043 2412 synodus
3071 2342 3412 2411 approbavit,
3442 2341 3534 2397 ubi
3574 2342 3683 2397 dic-

2094 2437 2204 2485 tum
2232 2439 2318 2486 est
2351 2449 2362 2483 :
2421 2449 2441 2484 ι
2483 2431 2689 2487 Dudum
2719 2431 2934 2501 quidem
2971 2447 3040 2488 ex
3075 2433 3290 2489 relectis
3322 2435 3569 2489 innoxius
3592 2433 3683 2488 de-

2095 2530 2422 2577 monstratus
2452 2531 2532 2578 est
2577 2523 3046 2579 reverentissimus
3095 2523 3234 2579 lbas.
3268 2525 3324 2579 ln
3363 2524 3557 2594 quibus
3603 2534 3683 2580 et-

2093 2613 2237 2668 enim
2261 2613 2404 2668 visus
2428 2623 2511 2669 est
2533 2614 2750 2684 culpare
2774 2615 2914 2671 male
2941 2615 3164 2686 loquens
3186 2616 3554 2671 beatissimum
3579 2616 3683 2687 Cy-

2095 2707 2292 2773 rillum,
2326 2708 2379 2762 in
2414 2709 2798 2778 posterioribus
2847 2719 2994 2766 recte
3039 2711 3319 2768 confessus
3359 2714 3564 2782 respuit
3596 2713 3684 2771 illa

2095 2797 2290 2867 quibus
2314 2799 2675 2868 culpaverat.»
2709 2800 2905 2857 Verum
2929 2818 3035 2858 non
3064 2817 3160 2871 pro
3183 2803 3281 2858 ista
3305 2803 3372 2858 de
3398 2805 3554 2860 beato
3582 2806 3683 2874 Cy-

2096 2889 2218 2946 rillo
2243 2889 2550 2961 suspicione
2590 2892 2678 2946 illa
2728 2891 2952 2962 epistola
2982 2893 3133 2962 quasi
3164 2893 3485 2950 Nestoriana
3514 2896 3684 2952 fuerat

2097 2982 2689 3054 abdicandagquoniam
2717 2985 2874 3056 longe
2894 2985 3115 3042 alterius
3141 2988 3360 3052 erroris,
3380 2995 3436 3042 et
3458 3003 3684 3044 summa:

2099 3076 2152 3132 in
2183 3073 2454 3133 Christum
2482 3075 2796 3147 impietatis,
2841 3079 2945 3134 hoc
2982 3091 3179 3134 nomen
3205 3086 3307 3134 est.
3339 3075 3684 3148 Conscriptor

2097 3175 2276 3224 autem
2320 3169 2488 3238 ipsius
2530 3169 2774 3240 epistola:
2815 3185 2923 3226 non
2957 3171 3276 3226 catholicam
3319 3171 3476 3227 ﬁdem
3522 3186 3684 3242 quam

2099 3277 2228 3320 vere
2257 3262 2445 3319 habuit
2477 3262 2732 3334 Cyrillus,
2761 3277 2986 3334 quaeque
3032 3264 3298 3336 culpanda
3325 3279 3436 3321 non
3465 3273 3568 3332 est,
3591 3267 3684 3322 sed

2098 3356 2274 3428 ipsum
2303 3356 2560 3426 Cyrillum
2583 3358 2834 3428 culpavit,
2881 3360 3154 3416 aestimans
3183 3375 3304 3416 eum
3333 3360 3688 3418 immoderate

2097 3449 2402 3506 resistendo
2427 3449 2660 3507 Nestorii
2689 3451 2922 3520 degmati
2943 3491 2958 3518 ,
3001 3452 3053 3506 in
3077 3452 3405 3507 contrarium
3430 3452 3686 3522 Apolina-

2097 3540 2172 3594 ris
2202 3539 2394 3608 dogma
2424 3556 2518 3608 per
2547 3540 2902 3612 ignorantiam
2945 3541 3175 3611 lapsum.
3209 3542 3334 3598 Haec
3359 3542 3465 3599 duo
3495 3543 3542 3597 si
3573 3543 3686 3600 dis-

2098 3630 2466 3697 criminemus,
2511 3631 2886 3686 Neswrianam
2942 3647 3049 3686 non
3103 3632 3331 3687 dicimus
3381 3632 3682 3700 epistolam,

2099 3739 2256 3793 quam
2303 3722 2540 3792 synodus
2579 3723 2896 3779 catholicam
2927 3723 3062 3778 dixit
3091 3739 3105 3777 :
3145 3725 3400 3794 quoniam
3430 3723 3573 3779 aliud
3602 3736 3687 3780 est

2098 3829 2218 3870 cum
2263 3815 2330 3870 de
2386 3813 2690 3882 hujusmodi
2741 3829 2972 3884 persona
3015 3814 3145 3872 false
3181 3815 3377 3885 aliquid
3416 3816 3686 3882 creditur;

2099 3908 2241 3963 aliud
2275 3923 2402 3964 vero
2431 3923 2552 3963 cum
2580 3907 2648 3964 de
2684 3908 2800 3977 ipso
2829 3907 3149 3963 Christiana:
3179 3908 3300 3964 ﬁdei
3336 3908 3686 3963 fundamento

2101 4001 2241 4056 male
2263 3999 2510 4056 sentitur.
2537 3999 2647 4054 Nisi
2675 3999 2815 4056 forte
2839 4000 2957 4070 quis
2986 3998 3145 4067 dicat,
3181 3998 3321 4070 quod
3351 4014 3448 4070 pro
3489 3999 3686 4070 injuria

2099 4095 2242 4150 beati
2273 4093 2464 4164 Cyrilli
2512 4092 2770 4148 damnare
2799 4092 3038 4164 synodus
3067 4091 3248 4148 debuit
3275 4100 3475 4148 rectam
3529 4092 3688 4148 ﬁdem

2101 4187 2268 4257 ipsius
2290 4187 2472 4259 Cyrilii
2497 4201 2656 4258 quam
2678 4186 2903 4256 epistola
2932 4187 3021 4241 illa
3061 4185 3314 4242 confessa
3337 4193 3442 4250 est,
3459 4193 3549 4240 aut
3571 4200 3688 4242 eam

2101 4299 2205 4340 non
2234 4283 2555 4353 approbire,
2582 4297 2703 4338 cum
2733 4281 2908 4338 divina
2939 4280 3237 4350 Scriptura,
3274 4280 3414 4335 sicut
3453 4279 3688 4335 ostendi-

2101 4389 2241 4440 mus,
2275 4376 2378 4429 Asa
2403 4387 2584 4441 regem
2617 4371 2753 4427 .lnda
2801 4386 2922 4428 cum
2968 4379 3112 4424 tanta
3151 4369 3316 4432 laude,
3363 4369 3688 4439 przetulerit;

2099 4463 2250 4534 quasi
2272 4463 2548 4532 amplioris
2573 4463 2645 4518 sit
2669 4462 2908 4518 criminis
2935 4461 3144 4532 lapsum
3175 4469 3389 4532 putasse
3431 4458 3690 4531 Cyrillum

2100 4556 2410 4625 episcopum
2450 4570 2608 4624 quam
2657 4553 3012 4624 prephetam;
3064 4564 3124 4611 ut
3165 4553 3266 4608 alia
3311 4552 3582 4618 omittam,
3623 4552 3693 4607 de

2102 4657 2322 4719 peccato
2362 4656 2700 4718 arguentem,
2748 4647 2799 4701 in
2849 4645 2996 4700 nervi
3046 4645 3348 4701 custodiam
3387 4645 3692 4700 tradidisse.

409 4743 519 4790 tum
552 4751 672 4789 cum
697 4712 927 4789 Domino
949 4712 1196 4790 omnibus
1223 4735 1411 4789 diebus
1439 4735 1591 4804 ejus;
1622 4712 1890 4806 quomodo
1912 4751 1997 4790 re-
2026 4712 2080 4773 D
2105 4712 2306 4808 'Aceipe
2351 4712 2529 4794 autem
2580 4712 2693 4808 jazn
2733 4747 2788 4794 et
2829 4738 2971 4794 aliud
3003 4739 3334 4808 exemplum,
3382 4739 3527 4809 quod
3578 4738 3693 4792 sine

412 4827 630 4896 ligiosus
677 4827 960 4896 quisquam
1034 4827 1433 4896 reprehendere
1481 4827 1674 4884 audeat
1727 4826 1996 4898 synodum

409 4917 946 4984 Chalcedonensem,
998 4919 1140 4989 quod
1206 4919 1648 4976 consuetudinem
1705 4917 1998 4988 Scriptura:

410 5009 605 5064 divina:
633 5009 965 5080 formamque
1011 5012 1341 5082 custodiens,
1374 5011 1695 5068 venerabilis
1737 5011 1840 5067 Iba:
1886 5012 1999 5081 epi-

409 5104 625 5171 stulam,
644 5105 985 5160 conﬁtentem
1017 5105 1151 5160 duas
1174 5116 1391 5160 naturas
1411 5116 1462 5161 et
1494 5105 2000 5161 nnamChristiesse

412 5210 715 5264 personam,
743 5196 884 5266 quod
915 5199 1151 5251 maxime
1179 5197 1245 5252 ad
1287 5199 1548 5253 culturam
1600 5199 1692 5255 Dei
1727 5199 1998 5269 pertinet,

416 5289 776 5357 pronuntiavit
822 5289 1179 5362 orthodoxam
1221 5309 1234 5343 :
1304 5301 1653 5345 contemnens
1703 5291 1844 5359 quod
1885 5292 2005 5362 ejus

414 5383 750 5452 conscriptor
776 5384 843 5438 de
875 5385 1032 5438 beato
1069 5383 1272 5454 Cyrillo
1304 5385 1460 5440 aliter
1506 5400 1666 5455 qttam
1697 5401 1784 5441 res
1815 5385 2006 5440 habuit

415 5473 590 5529 fuerat
616 5478 936 5546 suspicatus,
961 5485 1016 5532 et
1044 5478 1156 5531 haec
1179 5478 1456 5532 attendere
1483 5519 1498 5545 ,
1527 5478 1610 5533 vel
1636 5477 2002 5549 cujuscunque

417 5567 671 5622 momenti
704 5568 957 5637 pendere.
989 5584 1112 5624 cum
1134 5569 1200 5626 de
1244 5570 1348 5626 ﬁde
1376 5569 1678 5626 (.hristiana
1727 5578 1811 5626 est
1855 5586 2005 5640 qu:c-

530 5775 661 5828 Cno.
690 5774 722 5828 ν
735 5790 863 5830 eron
876 5816 884 5827 .
898 5820 911 5842 ,
941 5785 1182 5830 contmel.

489 5849 508 5880 ¹
542 5847 682 5901 ldcm
731 5847 878 5910 cod.,
922 5857 968 5899 et
1017 5848 1129 5902 Λοια
1167 5858 1376 5903 matrem
1420 5864 1586 5913 suam,
1613 5856 1716 5902 etc.
1747 5849 1866 5901 Asa:
1892 5863 2003 5901 tua-

420 5929 500 5976 ter
544 5919 841 5991 appellatur
887 5921 1000 5972 Ana
1051 5921 1100 5974 in
1148 5921 1332 5975 Gricca
1381 5925 1626 5976 vcrs'ene
1675 5925 1772 5975 τῶν
1822 5918 1998 5985 LXX,

2109 4833 2386 4888 mendacio
2415 4831 2754 4887 defendimus
2774 4831 2970 4902 synodi
2999 4845 3162 4901 super
3191 4830 3416 4900 epistola
3441 4829 3547 4883 Iba:
3573 4843 3692 4882 sen-

2113 4925 2350 4982 tentiam.
2370 4926 2505 4980 Nam
2530 4925 2786 4994 .losaphat
2814 4940 2994 4996 regem
3022 4939 3237 4996 quoque
3263 4923 3510 4978 similiter
3535 4921 3693 4986 Juda,

2111 5018 2274 5073 ﬁlium
2315 5019 2555 5089 prmdicti
2603 5021 2729 5085 Asa,
2775 5017 3121 5073 meminimus
3149 5015 3170 5045 ⁵
3199 5017 3338 5070 inter
3365 5014 3499 5068 alios
3545 5027 3693 5081 rogus

2109 5109 2327 5166 excelsa
2355 5126 2462 5164 non
2490 5110 2770 5165 sustulisse
2792 5107 2880 5176 (ll
2908 5106 3088 5161 Parat.
3120 5122 3212 5173 xx,
3235 5106 3349 5176 55),
3375 5106 3514 5160 sicut
3534 5107 3694 5160 etiam

2109 5213 2315 5274 patrem
2346 5204 2484 5274 ejus.
2537 5203 2740 5260 Deinde
2769 5201 3028 5256 affinitate
3072 5198 3316 5269 junctum
3347 5199 3535 5256 Achab
3588 5202 3694 5269 regi

2109 5300 2334 5372 profano
2387 5301 2590 5366 Israel,
2665 5297 2754 5370 qui
2808 5298 2969 5354 etiam
3025 5299 3080 5352 in
3133 5297 3395 5352 auxilium
3454 5296 3696 5366 ejusdem

2109 5395 2315 5462 Achab,
2352 5394 2655 5464 posthabito
2689 5392 2783 5447 Dei
2823 5405 3073 5448 sermone
3098 5407 3256 5462 quem
3300 5399 3426 5446 ante
3464 5406 3558 5459 per
3601 5390 3695 5445 Mi-

2109 5485 2313 5542 climam
2346 5487 2658 5556 prophetam
2701 5485 2749 5541 ei
2799 5483 3243 5550 annuntiaverat,
3286 5493 3471 5539 contra
3516 5497 3696 5552 regem

2112 5578 2281 5648 Syriae
2329 5577 2524 5633 frustra
2581 5579 2849 5648 pratliatus
2899 5586 2979 5635 est
3025 5575 3138 5650 (II
3186 5576 3364 5648 l’araf.
3411 5591 3561 5645 xvtlt,
3623 5575 3696 5647 l).

2115 5779 2338 5836 Moecha
2363 5785 2539 5849 autem
2566 5776 2616 5830 in
2643 5786 2788 5830 texm
2820 5778 3044 5835 llebrtco
3071 5789 3123 5836 ct
3157 5778 3374 5849 Vulgata
3395 5777 3645 5836 editione.

2184 5853 2203 5882 ³
2231 5851 2370 5903 Idem
2397 5848 2540 5912 cod.,
2573 5849 2880 5902 rescriberet.

2184 5925 2200 5952 λ
2224 5921 2370 5977 Idem
2394 5918 2536 5986 cod.,
2569 5920 2865 5973 invenimus.
