4114 6558
473 397 576 453 659

1549 381 1845 450 ΡΛΕυΝϋΙ
1878 386 2090 443 EPISC.
2152 381 2666 442 llERMlANENSIS

3665 392 3778 452 660

482 514 705 581 Propter
734 510 1231 578 quod,interempto
1263 509 1312 562 itt
1339 507 1527 561 eodem
1561 507 1745 575 pra-lio
1770 512 2065 560 memorato
2098 501 2144 560 A
2174 505 2306 574 regis
2324 507 2603 580 Babylonis
2624 513 2673 578 (Ι
2693 511 2733 564 ν
2765 514 2885 582 “ig.
2915 529 2937 563 κ
2956 493 3010 577 it,
3041 514 3134 576 Ii;
3162 504 3270 566 Ira.
3298 527 3481 574 suis,
3502 511 3578 581 6).
3603 512 3772 566 Cunt-

479 603 687 670 Achah,
719 602 1031 670 obiurgatus
1059 609 1142 654 est
1172 601 1312 654 idem
1343 599 1620 667 Josapltat,
1655 599 1752 652 .leu
1783 597 1894 651 ﬁlio
1924 601 2066 649 Ana~

479 699 565 750 nia
592 697 847 765 propheta
875 695 1121 748 dicente:
1170 693 1232 749 Si
1261 702 1576 760 peccatorem
1605 692 1757 745 illum
1804 689 2068 760 adjuristi,

475 801 524 844 et
551 805 727 844 eorum
755 789 843 856 qui
871 788 1088 842 oderunt
1119 785 1399 842 Dominum
1449 784 1647 837 amicus
1679 800 1752 851 es,
1785 783 1837 836 in
1857 781 1953 834 hoc
1978 796 2069 833 su-

477 900 565 946 per
595 892 642 934 te
671 883 749 934 ira
781 898 810 934 a
838 881 968 950 facie
998 881 1203 934 Domini
1232 877 1322 947 {II
1346 877 1530 932 Paral.
1555 877 1760 943 ωειλ).
1792 877 2071 930 Postremo

478 991 574 1037 pro
621 975 883 1030 societate
938 975 1079 1044 regis
1125 972 1309 1027 Achab
1339 973 1666 1039 iacrepatns,
1701 970 1863 1023 etiam
1898 968 1914 998 ⁸
1947 982 2068 1019 cum

473 1073 706 1126 Uchozia
749 1070 1002 1125 similiter
1045 1067 1273 1136 profano
1303 1081 1427 1136 rege
1481 1065 1662 1129 Israel,
1711 1063 1906 1132 quique
1934 1059 2070 1130 patti

473 1163 659 1218 Achab
691 1164 743 1216 in
786 1176 954 1228 regno
985 1159 1142 1214 simul
1171 1169 1225 1212 et
1258 1159 1310 1212 in
1343 1157 1491 1212 omni
1521 1153 1922 1209 abominatione
1950 1165 2072 1206 sue-

472 1263 732 1319 ceSserat,
782 1253 925 1308 idem
955 1251 1213 1322 Josaphat
1269 1249 1562 1302 amicitiam
1589 1246 1785 1317 jttnxit.
1838 1244 1990 1299 Unde
2018 1251 2072 1297 et

473 1346 736 1409 lleliezer,
777 1336 919 1398 ﬁlius
948 1343 1152 1403 Dodiau
1205 1339 1500 1410 prophetae,
1534 1353 1654 1393 eum
1689 1336 1961 1405 redarguit
1985 1335 2069 1388 di-

470 1456 630 1496 cens:
665 1439 770 1494 Pro
792 1453 851 1492 eo
880 1439 1020 1508 quod
1047 1434 1438 1490 communicasti
1459 1448 1574 1487 cum
1595 1430 1843 1495 Ochozia,
1868 1433 2071 1496 confre-

470 1532 543 1600 git
572 1529 824 1583 Dominus
854 1542 1008 1598 Opera
1040 1536 1126 1580 tua
1156 1522 1248 1598 (II
1273 1523 1458 1578 Paral.
1485 1539 1573 1588 xx,
1596 1521 1710 1592 '57).
1732 1521 1797 1574 Et
1826 1520 1879 1574 in
1910 1518 2071 1572 tantis

471 1623 632 1676 etiam
674 1620 777 1675 iste
826 1618 1190 1688 reprehensus
1230 1624 1388 1684 atque
1417 1613 1685 1681 culpatus,
1737 1620 1916 1665 tamen
1945 1610 2068 1680 quia

463 1701 643 1765 solum
676 1711 843 1765 Deum
894 1707 1064 1765 coluit
1092 1749 1105 1770 ,
1153 1715 1210 1761 et
1233 1705 1487 1775 reliquias
1515 1704 1922 1759 simulacrorum
1951 1717 2071 1771 quae

469 1813 842 1860 remanserant
871 1805 922 1857 in
951 1801 1142 1858 diebus
1172 1802 1337 1870 patris
1366 1799 1504 1869 ejus,
1541 1797 1761 1853 sustulit
1789 1795 1857 1850 de
1902 1805 2064 1858 terra,

2175 618 2281 672 que
2311 611 2456 658 tanta
2487 615 2630 659 esset
2661 606 2838 659 cordis
2892 604 3008 669 eius
3031 605 3215 671 elatio,
3258 613 3315 657 ut
3343 605 3477 658 hanc
3510 605 3773 659 ultionem

2173 696 2545 765 gravissimam
2574 697 2870 766 dejnstitia
2922 698 3013 752 Dei
3067 697 3352 764 reciperet,
3404 696 3594 751 eadem
3623 696 3776 751 Scri-

2175 797 2326 856 plura
2355 788 2423 843 de
2457 787 2549 842 illo
2581 789 2660 843 sic
2689 790 2817 842 dicit
2842 807 2855 846 :
2886 785 3031 842 Fecit
3060 789 3198 858 quod
3246 797 3440 841 rectum
3469 797 3543 843 est
3573 791 3628 842 in
3657 807 3778 844 con-

2175 888 2346 948 spectu
2370 878 2578 934 Domini
2609 881 2884 934 secundum
2915 881 3088 936 omnia
3112 897 3227 950 qum
3253 881 3376 950 fecit
3407 880 3572 934 David
3626 893 3776 951 pater

2173 969 2361 1039 suus(I
2383 969 2566 1042 Vlicg.
2599 973 2828 1038 ltVlll,5;
2864 971 2920 1024 II
2967 971 3416 1042 Paral.x1tx,2).
3447 974 3511 1027 Et
3537 975 3770 1028 iterum:

2177 1061 2276 1116 llic
2303 1065 2356 1117 in
2386 1059 2606 1118 Domino
2638 1064 2743 1118 Deo
2779 1063 2939 1118 Israel
2960 1065 3198 1136 speravit,
3248 1074 3296 1119 rt
3349 1076 3459 1134 post
3507 1084 3622 1119 cum
3664 1084 3774 1120 non

2174 1157 2271 1226 fuit
2301 1157 2348 1211 ei
2367 1157 2554 1212 similis
2595 1157 2861 1227 quianam
2907 1157 2959 1211 in
2999 1157 3199 1228 regibus
3223 1155 3383 1219 Juda,
3415 1169 3461 1212 et
3508 1160 3559 1212 in
3581 1159 3660 1213 Itis
3680 1161 3778 1230 qui

2174 1250 2383 1320 fuerunt
2399 1260 2519 1305 ante
2545 1251 2742 1318 ipsum;
2769 1259 2815 1304 et
2832 1249 3050 1304 adluesit
3077 1251 3311 1314 Domino,
3354 1268 3444 1307 nec
3467 1255 3672 1306 recessit
3703 1254 3774 1305 ab

2173 1339 2308 1410 ipso,
2332 1349 2378 1396 et
2406 1341 2674 1395 custodiuit
2702 1341 2950 1394 mandata
2972 1345 3104 1412 ejus,
3150 1358 3465 1411 qurccunque
3508 1345 3777 1397 mandat-it

2174 1433 2386 1505 Moysi:
2414 1443 2462 1489 et
2486 1444 2594 1488 erat
2630 1436 2879 1490 Dominus
2901 1451 3016 1489 cum
3039 1436 3151 1507 ipso
3171 1436 3223 1490 in
3255 1439 3611 1507 omnibnsUV
3634 1439 3770 1500 lies.

2173 1542 2322 1592 xvm,
2348 1525 2428 1596 5).
2454 1526 2737 1594 Quomodo
2760 1529 2920 1598 igitur
2942 1529 3090 1583 illum
3117 1544 3273 1599 quem
3325 1530 3403 1585 sic
3436 1547 3775 1587 commento-

2173 1622 2330 1686 ravit,
2358 1630 2417 1675 ut
2440 1622 2533 1676 ﬁlii
2567 1637 2781 1692 quoque
2806 1624 2926 1692 ejus
2949 1621 3003 1677 in
3045 1624 3410 1693 Cﬂpli\'Ilalt'lll
3444 1624 3679 1687 adducti,
3714 1628 3769 1682 in

2172 1710 2332 1766 domo
2360 1713 2502 1783 regis
2533 1714 2820 1785 Babylonis
2851 1715 3082 1770 eunuchi
3116 1719 3416 1781 servirent,
3453 1718 3530 1772 sic
3583 1719 3769 1774 divina

2171 1800 2446 1871 Scriptura
2477 1803 2744 1858 laudavit?
2775 1804 2846 1861 Ut
2889 1807 3032 1861 enim
3089 1823 3194 1861 non
3253 1807 3587 1862 attendamus
3622 1813 3771 1879 quod

470 1901 549 1952 sic
573 1913 602 1951 a
636 1898 812 1952 divina
855 1896 1134 1964 Scriptura
1167 1893 1446 1948 laudatur:
1491 1890 1558 1943 Et
1585 1891 1844 1961 ingressus
1871 1897 1943 1941 cst
1968 1886 2065 1939 Jo-
2095 1881 2144 1944 B
2171 1892 2236 1948 de
2263 1893 2356 1948 illo
2377 1894 2532 1960 dixit,
2559 1894 2626 1949 Et
2654 1895 2783 1950 fecit
2833 1899 2972 1966 quod
3034 1910 3236 1954 rectum
3287 1912 3369 1954 est
3400 1901 3450 1954 in
3473 1912 3772 1971 conspectu

471 1991 657 2061 snphat
699 1991 753 2044 in
781 1991 863 2043 via
904 1991 1006 2042 Asa
1037 1988 1201 2057 patris
1225 1987 1327 2052 sui,
1357 1995 1404 2039 et
1433 1999 1538 2037 non
1576 1982 1846 2035 declinavit
1874 1981 1938 2033 ab
1976 1996 2055 2044 ea,

471 2080 704 2152 faciendo
735 2081 874 2150 quod
922 2087 1116 2134 rectam
1153 2087 1224 2132 est
1253 2078 1306 2130 in
1345 2084 1615 2144 canspectu
1643 2074 1846 2128 Domini
1867 2073 2057 2144 (Ibid.,

470 2174 596 2238 32).
644 2172 700 2228 Si
757 2172 914 2242 igitur
961 2185 1140 2240 regem
1191 2182 1405 2239 quoque
1466 2167 1729 2236 Josaphat
1783 2181 1940 2277 qyetn
2005 2165 2058 2220 in

471 2267 635 2320 tantis
682 2279 894 2320 errasse
914 2263 1310 2334 cognOSt-imus,
1359 2269 1413 2316 et
1467 2275 1573 2315 non
1629 2259 1879 2314 solutn’a
1933 2273 2059 2328 pro—

471 2359 643 2425 phetis
670 2359 1028 2427 increpatum,
1053 2370 1238 2411 verum
1268 2356 1430 2410 etiam
1451 2363 1573 2423 post
1591 2351 2054 2409 denuntiationem

466 2456 612 2520 ipsos
637 2449 1030 2519 contempsisse
1059 2447 1368 2518 prophetas,
1401 2461 1499 2516 pro
1534 2446 1627 2500 Dei
1658 2447 1768 2499 veri
1821 2444 2055 2512 cultura,

465 2544 590 2610 quia
640 2557 745 2597 non
799 2541 1018 2597 divertit
1069 2549 1127 2596 ut
1181 2539 1433 2595 adoraret
1458 2537 1590 2593 deos
1620 2537 1844 2604 alienos,
1872 2548 2058 2591 saneta

465 2636 738 2703 Scriptura
764 2633 1038 2704 perhibuit
1064 2647 1169 2688 non
1202 2632 1508 2688 declinasse
1563 2630 1632 2686 ab
1680 2646 1746 2686 eo
1801 2631 1941 2701 quod
1973 2644 2059 2684 re-

465 2737 612 2784 ctum
643 2734 724 2780 est
770 2725 825 2780 in
881 2733 1179 2795 conspectu
1209 2723 1418 2778 Domini
1456 2740 1469 2776 :
1503 2721 1773 2792 quomodo
1819 2721 2059 2791 synodus

463 2818 921 2874 Cha'cedouensis
951 2833 1058 2872 non
1093 2817 1320 2886 profane
1354 2816 1623 2884 culpatur,
1655 2813 1796 2883 quod
1847 2828 2057 2867 morem

465 2912 756 2979 Scriptura:
783 2909 980 2964 divina:
1010 2908 1344 2976 custodiens,
1397 2907 1679 2976 epistulam
1737 2903 2058 2959 venerabilis

466 3005 590 3070 lbte,
621 3003 869 3074 quamvis
919 3001 989 3056 de
1051 3000 1208 3056 beato
1263 2999 1465 3070 Cyrillo
1510 2997 1667 3051 aliter
1713 2995 2056 3064 suSpicantis,

462 3113 560 3167 pro
615 3112 757 3152 verae
809 3094 932 3151 ﬁdei
982 3094 1329 3150 confessione
1353 3105 1512 3162 quam
1541 3090 1804 3154 continet,
1858 3089 1912 3142 in
1953 3101 2059 3155 qua

463 3200 608 3246 recte
635 3187 832 3244 colitur
895 3188 1056 3252 Deus,
1109 3185 1472 3256 pronuntiavit
1510 3181 1916 3237 orthodoxam?
1973 3184 2056 3235 An

2168 1987 2401 2054 Domini,
2425 1989 2717 2044 secundum
2748 1990 3062 2062 omniaquae
3079 1993 3202 2047 fecit
3239 1994 3400 2048 David
3419 2006 3566 2063 pater
3595 2010 3765 2059 suus;

2164 2095 2510 2150 rursumque,
2540 2082 2637 2138 llic
2667 2083 2720 2137 in
2751 2083 2981 2138 Domino
3017 2085 3129 2160 Deo
3186 2087 3347 2142 Israel
3399 2089 3658 2156 speravit,
3712 2101 3768 2144 ct

2165 2185 2434 2244 pOSteuut
2467 2192 2570 2229 non
2622 2176 2718 2230 fuit
2770 2176 2821 2231 ei
2874 2177 3064 2232 similis
3111 2181 3388 2249 quisquam
3436 2181 3486 2234 in
3545 2182 3769 2248 regibus

2162 2266 2298 2320 Jttda
2327 2267 2452 2320 etin
2481 2266 2562 2320 his
2595 2267 2682 2337 qui
2715 2267 2930 2322 fuerunt
2978 2282 3102 2324 ante
3144 2273 3320 2338 ipsum
3352 2289 3366 2325 :
3397 2274 3668 2342 quomodo
3701 2275 3769 2328 de

2164 2356 2258 2412 illo
2286 2356 2486 2411 dictum
2518 2367 2621 2423 est,
2681 2358 2920 2414 Adhaesit
2968 2361 3214 2427 Domino,
3277 2378 3374 2418 nec
3429 2367 3649 2420 recessit
3699 2369 3768 2420 :th

2165 2447 2304 2516 ipso,
2329 2457 2381 2502 et
2405 2448 2692 2502 custodivit
2723 2450 2967 2504 mandata
2993 2451 3128 2520 ejus,
3172 2469 3506 2522 qua‘cunquc
3538 2457 3766 2509 tnanda~

2163 2541 2245 2593 vit
2272 2540 2526 2595 Dominus
2561 2541 2766 2612 Moysi?
2807 2545 2885 2596 An
2937 2543 3072 2598 forte
3128 2546 3324 2599 dicitur
3369 2547 3533 2600 e'atin
3583 2549 3766 2603 contis

2163 2634 2300 2704 ejus,
2329 2649 2448 2704 qua:
2475 2636 2555 2689 sic
2589 2636 2814 2690 Domino
2843 2637 3139 2704 d7sttlicttit,
3172 2638 3464 2694 adhzesisse
3509 2640 3761 2705 Dnuino,

2162 2740 2260 2780 nec
2287 2727 2579 2782 recessisse
2599 2727 2667 2783 ab
2690 2744 2774 2794 eo,
2793 2739 2846 2783 et
2869 2731 3170 2784 eaStodisse
3193 2731 3437 2784 mandata
3453 2731 3587 2799 ejus,
3613 2748 3763 2800 qure-

2162 2831 2374 2884 cunque
2397 2817 2674 2871 mandavit
2721 2817 3004 2886 Dominus,
3055 2834 3176 2875 cum
3199 2822 3269 2875 sit
3314 2821 3489 2875 omnis
3545 2822 3761 2876 initium

2164 2911 2368 2980 peccati
2388 2910 2638 2978 superbia
2663 2910 2686 2964 ?
2715 2910 2853 2978 Quid
2878 2913 2949 2966 ita
2996 2912 3258 2979 dicemus,
3310 2913 3412 2967 nisi
3440 2913 3562 2982 quia
3592 2913 3641 2966 in
3679 2915 3761 2969 It's

2161 3001 2343 3058 verbis
2362 3002 2463 3056 hoc
2488 3001 2713 3072 intelligi
2763 3003 2932 3058 voluit
2978 3003 3069 3058 Dei
3124 3004 3420 3074 Scriptura,
3472 3005 3613 3074 quod
3653 3022 3760 3060 non

2163 3095 2296 3150 sicut
2331 3093 2419 3148 alii
2444 3109 2597 3164 rcges
2618 3093 2748 3150 deos
2774 3098 3012 3166 gentium
3065 3096 3309 3150 adoravit
3357 3097 3633 3164 Ezechias,
3666 3115 3759 3151 ne-

2161 3201 2268 3256 que
2295 3188 2362 3241 ab
2395 3189 2550 3242 unius
2581 3187 2673 3242 Dei
2701 3189 2812 3242 reri
2840 3188 3046 3243 cultura
3096 3189 3383 3255 discessit;
3431 3190 3525 3244 sed
3569 3190 3757 3245 obser-

461 3286 532 3338 to:
549 3293 602 3340 te
649 3283 820 3336 levior
849 3283 1001 3351 culpa
1036 3291 1120 3336 est
1148 3279 1380 3335 amicitia
1403 3291 1459 3335 et
1517 3277 1776 3332 afﬁnitate
1825 3277 2060 3346 profanis
2085 3265 2132 3328 C
2169 3281 2316 3334 vavit
2343 3295 2673 3350 quaecunque
2701 3280 2767 3336 de
2799 3279 2901 3336 hac
2947 3281 3217 3335 mandavit
3253 3283 3510 3338 Dominus
3563 3283 3756 3355 Moysi,

462 3377 625 3433 fuisse
654 3375 1024 3446 coniunctum,
1073 3383 1128 3430 et
1169 3373 1462 3442 prophetas
1507 3373 1703 3427 missos
1748 3386 1777 3424 a
1829 3369 2056 3424 Domino

462 3479 670 3525 contem
681 3469 872 3538 psisse,
895 3481 1051 3537 quam
1069 3466 1135 3521 de
1156 3465 1360 3536 Cyrillo
1379 3465 1632 3534 episcOpo
1647 3463 1838 3518 falsum
1856 3461 2054 3532 aliquid

461 3561 931 3618 testimas‘e?Se.l
963 3561 1070 3630 jam
1098 3559 1336 3625 tertium,
1388 3557 1528 3628 quod
1577 3566 1879 3612 extremum
1913 3571 2047 3624 quoi

460 3674 564 3728 que
599 3658 727 3725 erit,
786 3655 1122 3727 proferamus
1163 3653 1501 3722 exemplum,
1561 3651 1856 3722 quomodo,
1916 3651 2054 3705 sicut

459 3750 716 3815 diximus,
748 3764 774 3801 a
798 3749 1005 3818 majore
1036 3757 1089 3802 et
1122 3747 1348 3801 meliore
1399 3755 1548 3816 parte
1581 3745 1861 3814 Scriptura
1905 3744 2052 3799 divi-

457 3860 522 3899 na
548 3844 615 3897 de
639 3842 821 3897 multis
845 3843 1018 3896 soleat
1048 3840 1190 3896 ferre
1235 3838 1559 3894 sententiam
1588 3855 1602 3902 ;
1644 3838 1798 3905 cujus
1827 3837 2051 3890 formam

457 3947 642 3993 sancta
673 3937 908 4008 synodus
935 3943 1120 3989 secuta
1173 3943 1275 3995 est,
1331 3940 1389 3984 ut
1435 3929 1757 3984 venerabilis
1807 3930 1910 3983 lbze
1942 3931 2054 3998 epi-

457 4029 653 4085 stolam
684 4027 1027 4098 approbaret.
1082 4024 1214 4077 Nam
1269 4024 1337 4077 de
1392 4038 1517 4089 rege
1562 4037 1774 4091 quoque
1821 4021 2050 4075 Ezechia

457 4121 537 4175 sic
564 4119 754 4175 eadem
786 4117 1060 4185 Sciiptttra
1096 4115 1330 4168 narravit
1376 4130 1388 4165 :
1424 4111 1486 4165 In
1535 4113 1711 4166 diebus
1762 4112 1867 4165 illis
1898 4113 2049 4180 inﬁr-

457 4227 625 4270 matus
653 4223 724 4269 est
754 4213 1002 4268 Ezechias
1035 4226 1194 4281 usque
1222 4211 1290 4262 ad
1318 4217 1527 4262 mortem
1553 4206 1638 4277 (II
1663 4207 1844 4262 l’aral.
1879 4224 2047 4271 xxxii,

460 4307 590 4378 24);
623 4317 678 4361 et
714 4307 886 4360 oravit
909 4305 975 4358 ad
1006 4305 1314 4371 Dominum,
1367 4313 1421 4356 et
1477 4301 1750 4355 exaudivit
1793 4317 1937 4365 cunt,
1997 4313 2050 4354 et

457 4396 609 4453 dedit
633 4398 710 4452 illi
734 4397 966 4464 signum,
999 4408 1052 4450 et
1087 4412 1188 4450 mn
1231 4395 1381 4463 juxta
1437 4393 1845 4448 retributionem
1891 4406 2048 4458 quam

461 4490 645 4544 tribuit
679 4489 773 4552 ilii,
809 4488 1215 4556 repraesentavit
1261 4486 1562 4550 Ezechias;
1611 4486 1704 4538 sed
1753 4486 2046 4539 exaltatum

459 4592 541 4638 est
569 4595 663 4637 cor
682 4582 821 4648 ejus,
853 4591 906 4634 et
934 4579 1033 4633 fuit
1060 4594 1222 4648 super
1245 4578 1394 4632 illum
1420 4579 1517 4644 ira,
1547 4593 1592 4632 et
1624 4591 1784 4647 Super
1811 4577 1968 4646 Iuda,
1993 4588 2043 4632 et

2165 3384 2218 3429 et
2243 3372 2691 3441 quemadmodum
2723 3373 2979 3442 scriptum
3027 3385 3103 3428 es:
3135 3391 3148 3427 :
3179 3373 3438 3428 Dcstruxit
3459 3379 3679 3436 excelsa.
3709 3389 3757 3431 et

2162 3465 2462 3520 comminuit
2486 3467 2655 3520 omnia
2682 3466 2981 3529 sima/acra,
3015 3477 3062 3518 ct
3106 3467 3320 3521 abscidit
3352 3470 3509 3531 lacus,
3539 3479 3587 3522 et
3617 3484 3755 3522 com-

2162 3560 2345 3614 minuit
2379 3567 2663 3631 serpentem
2691 3559 2837 3612 itium
2864 3575 3056 3613 relicum
3086 3577 3231 3629 quem
3260 3562 3376 3631 fecit
3423 3562 3644 3631 Moyses,
3673 3565 3757 3616 cui

2162 3652 2261 3720 ﬁlii
2294 3651 2456 3706 Israel
2498 3654 2566 3704 ad
2615 3650 2749 3704 illud
2799 3661 2997 3720 tempus
3042 3653 3401 3721 sacriﬁcabant
3454 3654 3642 3724 (lbid.,
3676 3652 3757 3723 4).

2163 3743 2468 3800 Secundum
2490 3743 2592 3798 hoc
2623 3758 2750 3812 ergo
2780 3743 2957 3798 dictus
2981 3753 3063 3798 est
3083 3745 3375 3799 sditmsisse
3405 3744 3628 3798 Damius
3659 3761 3758 3802 nec

2160 3837 2453 3893 recessisse
2476 3835 2544 3891 ab
2568 3851 2634 3890 eo
2679 3844 2733 3890 et
2774 3836 3079 3892 custodisse
3133 3836 3309 3890 omnia
3341 3837 3586 3889 mandata
3615 3839 3758 3902 ejus,

2160 3943 2492 4000 quit-cunque
2513 3929 2780 3983 mandavit
2824 3928 3299 3999 Dominus-Moysi,
3332 3944 3436 3982 neu
3462 3930 3756 3983 secundum

2160 4021 2303 4076 illam
2333 4022 2510 4078 cordis
2530 4020 2843 4087 elationem,
2879 4035 2978 4090 pro
3009 4034 3114 4089 qua
3143 4028 3248 4074 tam
3273 4018 3530 4089 grandem
3563 4022 3758 4073 meruit

2158 4116 2292 4169 iram
2318 4113 2478 4168 divini
2504 4113 2709 4182 jttdicii.

2793 4225 3020 4282 CAPUT
3071 4226 3131 4280 ll.

2161 4341 2312 4408 Quod
2337 4341 2563 4411 synodus
2585 4335 2996 4411 epistolam‘lhte
3036 4335 3377 4389 orthodox-um
3408 4335 3755 4411 pronuntiarit

2231 4407 2437 4482 propter
2464 4412 2682 4464 duarum
2711 4410 2765 4462 in
2809 4407 3014 4461 Christo
3048 4418 3346 4482 naturarum
3379 4407 3756 4482 confessionmn

2227 4477 2384 4551 quam
2412 4483 2656 4547 continet,
2688 4496 2789 4535 non
2817 4487 3024 4550 propter
3051 4479 3238 4548 falsam
3282 4477 3346 4530 de
3377 4478 3522 4531 beato
3554 4477 3756 4546 Cyrilla

2233 4555 2598 4621 suspicionem.

458 4689 620 4745 super
646 4672 809 4726 Israel
836 4673 879 4725 ¹.
918 4669 1140 4740 Propter
1168 4670 1309 4739 quod
1367 4667 1535 4723 Isaias
1566 4670 1618 4723 in
1651 4685 1773 4724 enm
1803 4671 2045 4737 pl‘OjtllC-
2088 4651 2131 4707 ί)
2231 4668 2386 4724 Unde
2408 4676 2589 4722 sancta
2623 4667 2708 4720 illa
2741 4681 2953 4734 quoque
2977 4664 3230 4736 synodus,
3269 4663 3496 4717 formam
3525 4668 3756 4718 canoni-

459 4772 591 4824 tavit
615 4769 798 4823 dicens
825 4784 838 4821 :
869 4765 1002 4819 Ecce
1023 4766 1132 4818 dies
1161 4763 1389 4833 veniunt,
1421 4764 1541 4818 dicit
1571 4761 1843 4828 Dominus,
1880 4774 1926 4817 et
1949 4779 2049 4815 au-

457 4868 685 4934 ferentur
709 4863 879 4917 omnia
909 4877 1020 4931 qua:
1047 4869 1163 4914 sunt
1184 4860 1237 4912 in
1277 4860 1428 4911 domo
1480 4868 1603 4923 tua,
1645 4868 1692 4912 ct
1739 4873 2051 4928 qua'cttnquc

454 4956 850 5012 recondiderunt
887 4963 1058 5025 patres
1085 4952 1156 5006 tui
1183 4968 1340 5022 usque
1365 4953 1414 5004 in
1444 4952 1580 5004 hanc
1603 4952 1759 5016 diem,
1787 4962 1834 5004 et
1862 4952 1913 5004 in
1945 4949 2051 5004 Ba-

455 5051 691 5122 bylonem
733 5047 1038 5112 introibunt,
1070 5054 1116 5098 et
1158 5061 1259 5097 non
1285 5043 1662 5112 derelinquctur
1692 5059 1855 5096 sermo
1899 5059 2048 5113 quem

454 5147 584 5199 dixit
620 5143 889 5197 Dominus.
917 5137 1052 5193 Ecce
1073 5154 1135 5193 ex
1166 5138 1288 5199 ﬁliis
1315 5138 1414 5190 tuis
1446 5137 1536 5207 qui
1581 5136 1851 5206 precedent
1890 5151 1952 5188 ea:
1975 5145 2043 5201 te,

452 5255 576 5308 quos
607 5236 891 5306 generabis,
917 5233 1237 5286 adducentur
1279 5238 1325 5283 et
1367 5239 1511 5282 erunt
1538 5227 1757 5282 eunuchi
1812 5228 1862 5280 in
1893 5228 2042 5284 domo

525 5390 552 5417 ³·
582 5379 692 5434 Hoc
721 5379 880 5434 etiam
912 5376 1144 5432 afﬁrmat
1168 5375 1445 5432 Liberatus
1466 5372 1688 5428 canto.
1709 5371 1828 5439 Quo
1857 5381 2034 5426 autem

455 5466 616 5507 sensu
637 5451 773 5506 dicta
805 5451 875 5504 sit
899 5448 1222 5513 orthodoxa,
1251 5447 1481 5511 etpliCat
1514 5444 1729 5514 Vigilius
1759 5445 1810 5498 iti
1834 5445 2037 5497 consti-

454 5534 588 5576 tuto.
615 5521 811 5576 Verum
840 5536 902 5573 ex
935 5521 1182 5573 omnibus
1212 5520 1278 5573 de
1312 5517 1395 5571 Iba
1425 5517 1798 5584 ep'scoporum
1824 5524 2039 5568 senten-

455 5596 541 5648 tiis
572 5608 692 5662 quae
714 5593 964 5660 leguntur
991 5592 1041 5643 in
1075 5588 1752 5662 synodoChalcedonensi,
1791 5597 1899 5662 tr_t-s
1925 5601 2040 5662 ont-

456 5656 604 5728 i-itto,
634 5656 1079 5733 quas'it‘acundns
1105 5656 1399 5730 superiore
1448 5659 1582 5713 libro
1634 5659 1894 5718 recitavit,
1930 5656 2043 5725 ejus

529 5811 541 5839 ¹
576 5809 710 5860 Cod.
740 5808 962 5865 γυτυυ..
995 5805 1280 5871 int-reputas
1308 5812 1376 5855 est
1400 5802 1571 5854 etiam.

528 5881 547 5910 ⁸
581 5877 724 5934 Idem
754 5876 898 5940 (οὐἿ
940 5874 1276 5928 Hierusalem.
1306 5872 1571 5928 Consonat
1617 5884 1777 5925 sacrm

2159 4777 2236 4816 ere
2258 4759 2547 4828 Scripturm
2577 4757 2629 4810 in
2662 4771 2755 4810 sua
2787 4755 3052 4809 sententia
3082 4769 3186 4807 nun
3216 4754 3506 4818 excedens,
3563 4771 3758 4809 serun-

2159 4855 2284 4908 dum
2317 4852 2542 4905 duarum
2576 4858 2884 4902 naturarum
2918 4846 2969 4899 in
3018 4860 3119 4900 una
3169 4845 3368 4900 Christi
3409 4861 3639 4914 persona
3666 4864 3753 4900 ca-

2161 4946 2410 5002 tholicam
2445 4953 2498 4998 et
2518 4942 2822 5012 generalem
2871 4938 3285 4998 confessionem,
3321 4954 3426 4991 nun
3452 4939 3755 4993 secundum

2159 5040 2414 5110 privatam
2443 5032 2801 5102 suspicionem
2834 5046 2989 5096 quant
3042 5030 3110 5082 de
3162 5029 3320 5081 beato
3365 5027 3566 5097 Cyrillu
3621 5043 3754 5082 cunt

2157 5131 2276 5186 aliis
2301 5130 2420 5184 lbas
2443 5110 2646 5191 habuit,
2673 5124 2788 5193 ejus
2811 5123 3094 5191 epiStolam
3145 5119 3511 5189 pronuntiavit
3558 5121 3754 5174 oribu-

2153 5227 2350 5281 doxam
2393 5229 2417 5257 ⁸
2453 5237 2468 5274 :
2498 5219 2598 5273 hoc
2620 5218 2750 5286 ipso
2771 5213 3054 5277 vocabulo,
3083 5213 3225 5281 quod
3251 5227 3368 5265 eam
3391 5210 3752 5265 orthodoxam

2136 5371 2201 5424 ad
2226 5368 2413 5424 Marim
2442 5367 2685 5435 epistola:
2712 5363 3094 5435 meminerunt,
3121 5367 3278 5435 atque
3302 5355 3353 5408 in
3371 5354 3449 5406 his
3467 5353 3594 5435 dua:
3631 5361 3752 5405 lan-

2140 5453 2248 5494 tum
2275 5425 2632 5494 orthodoxam
2670 5426 3260 5505 pronuntiarunt._Ideo
3311 5425 3548 5505 synodus
3603 5439 3656 5504 v,
3683 5434 3755 5505 ut

2138 5529 2201 5567 et
2233 5513 2332 5565 luci
2356 5495 2725 5573 observatutit,
2749 5521 2855 5558 non
2889 5503 3027 5557 idem
3060 5500 3287 5550 aliorum
3333 5504 3398 5573 de
3456 5496 3543 5573 iiii!
3585 5495 3752 5573 judi-

2141 5566 2282 5637 cium
2309 5583 2471 5635 fuisse
2499 5566 2764 5635 Statnenl,
2809 5590 2904 5628 eos
2950 5572 3222 5632 redarguit
3268 5567 3356 5638 qui
3407 5566 3690 5635 epistolam
3721 5585 3751 5619 at

2141 5655 2369 5709 concilio
2401 5660 2703 5720 susceptain
2747 5644 3163 5701 contendebant.

1831 5866 2118 5936 Scriptura:
2157 5871 2330 5915 textus
2366 5856 2454 5912 lib.
2487 5854 2532 5908 Il
2570 5852 2830 5921 Dat-alip,
2866 5863 2980 5918 cap.
3026 5859 3188 5912 χχιιι,
3222 5840 3313 5896 2:3.
