  <div class='ocr_page' id='page_1' title='image "/cluster/home/n/w/nwhite01/storage/ocr_20150623/67/umn.31951002477360y/344.png"; bbox 0 0 4114 6568; ppageno 0'>
   <div class='ocr_carea' id='block_1_1' title="bbox 387 456 485 513">
    <p class='ocr_par' dir='ltr' id='par_1_1' title="bbox 387 456 485 513">
     <span class='ocr_line' id='line_1_1' title="bbox 387 456 485 513; baseline -0.01 0"><span class='ocrx_word' id='word_1_1' title='bbox 387 456 485 513; x_wconf 75' lang='grc'>661</span> 
     </span>
    </p>
   </div>
   <div class='ocr_carea' id='block_1_2' title="bbox 1220 446 2720 511">
    <p class='ocr_par' dir='ltr' id='par_1_2' title="bbox 1220 446 2720 511">
     <span class='ocr_line' id='line_1_2' title="bbox 1220 446 2720 511; baseline -0.001 -2"><span class='ocrx_word' id='word_1_2' title='bbox 1220 452 1353 510; x_wconf 75' lang='lat' dir='ltr'><strong>PRO</strong></span> <span class='ocrx_word' id='word_1_3' title='bbox 1385 449 1818 511; x_wconf 73' lang='lat' dir='ltr'><strong>DEFENSIONE</strong></span> <span class='ocrx_word' id='word_1_4' title='bbox 1850 447 2065 506; x_wconf 79' lang='lat' dir='ltr'><strong>&#39;l&#39;RlUM</strong></span> <span class='ocrx_word' id='word_1_5' title='bbox 2106 446 2416 508; x_wconf 79' lang='lat' dir='ltr'><strong>CAPITUL.</strong></span> <span class='ocrx_word' id='word_1_6' title='bbox 2461 449 2588 508; x_wconf 77' lang='lat' dir='ltr'><strong>LIB.</strong></span> <span class='ocrx_word' id='word_1_7' title='bbox 2632 451 2720 508; x_wconf 84' lang='lat' dir='ltr'><strong>Vl.</strong></span> 
     </span>
    </p>
   </div>
   <div class='ocr_carea' id='block_1_3' title="bbox 3586 450 3686 508">
    <p class='ocr_par' dir='ltr' id='par_1_3' title="bbox 3586 450 3686 508">
     <span class='ocr_line' id='line_1_3' title="bbox 3586 450 3686 508; baseline -0.03 0"><span class='ocrx_word' id='word_1_8' title='bbox 3586 450 3686 508; x_wconf 69' lang='lat'><strong>{&#39;62</strong></span> 
     </span>
    </p>
   </div>
   <div class='ocr_carea' id='block_1_4' title="bbox 389 563 3684 637">
    <p class='ocr_par' dir='ltr' id='par_1_4' title="bbox 389 563 3684 637">
     <span class='ocr_line' id='line_1_4' title="bbox 389 563 3684 637; baseline -0.004 -5"><span class='ocrx_word' id='word_1_9' title='bbox 389 567 736 637; x_wconf 65' lang='grc' dir='ltr'>ειιιηίὲιιιδίὶνῑίν</span> <span class='ocrx_word' id='word_1_10' title='bbox 769 563 1068 621; x_wconf 85' lang='lat' dir='ltr'><strong>ostendens</strong></span> <span class='ocrx_word' id='word_1_11' title='bbox 1116 563 1242 620; x_wconf 85' lang='lat' dir='ltr'><strong>fidei</strong></span> <span class='ocrx_word' id='word_1_12' title='bbox 1281 581 1342 621; x_wconf 86' lang='lat' dir='ltr'><strong>se</strong></span> <span class='ocrx_word' id='word_1_13' title='bbox 1393 564 1789 622; x_wconf 87' lang='lat' dir='ltr'><strong>confessionem</strong></span> <span class='ocrx_word' id='word_1_14' title='bbox 1816 564 1868 618; x_wconf 91' lang='lat' dir='ltr'><strong>in</strong></span> <span class='ocrx_word' id='word_1_15' title='bbox 1903 563 1993 616; x_wconf 92' lang='lat' dir='ltr'><strong>illa</strong></span> <span class='ocrx_word' id='word_1_16' title='bbox 2025 565 2066 621; x_wconf 87' lang='grc' dir='ltr'><strong>Λ</strong></span> <span class='ocrx_word' id='word_1_17' title='bbox 2098 566 2407 621; x_wconf 62' lang='lat' dir='ltr'><strong>custodisse</strong></span> <span class='ocrx_word' id='word_1_18' title='bbox 2432 565 2681 621; x_wconf 84' lang='lat' dir='ltr'><strong>mandata</strong></span> <span class='ocrx_word' id='word_1_19' title='bbox 2725 565 2861 636; x_wconf 88' lang='lat' dir='ltr'><strong>ejus,</strong></span> <span class='ocrx_word' id='word_1_20' title='bbox 2905 581 3238 636; x_wconf 66' lang='lat' dir='ltr'><strong>qttmmtnque</strong></span> <span class='ocrx_word' id='word_1_21' title='bbox 3275 566 3544 621; x_wconf 82' lang='lat' dir='ltr'><strong>mauth</strong></span> <span class='ocrx_word' id='word_1_22' title='bbox 3580 568 3684 622; x_wconf 79' lang='lat' dir='ltr'><strong>lto-</strong></span> 
     </span>
    </p>
   </div>
   <div class='ocr_carea' id='block_1_5' title="bbox 388 656 1987 729">
    <p class='ocr_par' dir='ltr' id='par_1_5' title="bbox 388 656 1987 729">
     <span class='ocr_line' id='line_1_5' title="bbox 388 656 1987 729; baseline 0.001 -19"><span class='ocrx_word' id='word_1_23' title='bbox 388 661 668 728; x_wconf 86' lang='lat' dir='ltr'><strong>probasse.</strong></span> <span class='ocrx_word' id='word_1_24' title='bbox 700 660 814 712; x_wconf 74' lang='lat' dir='ltr'><strong>Non</strong></span> <span class='ocrx_word' id='word_1_25' title='bbox 837 658 982 713; x_wconf 91' lang='lat' dir='ltr'><strong>enim</strong></span> <span class='ocrx_word' id='word_1_26' title='bbox 1015 657 1132 712; x_wconf 91' lang='lat' dir='ltr'><strong>laus</strong></span> <span class='ocrx_word' id='word_1_27' title='bbox 1161 658 1300 712; x_wconf 98' lang='lat' dir='ltr'><strong>beati</strong></span> <span class='ocrx_word' id='word_1_28' title='bbox 1327 657 1541 729; x_wconf 90' lang='lat' dir='ltr'><strong>Cyrilli,</strong></span> <span class='ocrx_word' id='word_1_29' title='bbox 1574 657 1669 712; x_wconf 90' lang='lat' dir='ltr'><strong>sed</strong></span> <span class='ocrx_word' id='word_1_30' title='bbox 1697 672 1819 712; x_wconf 88' lang='lat' dir='ltr'><strong>vera</strong></span> <span class='ocrx_word' id='word_1_31' title='bbox 1867 656 1987 711; x_wconf 90' lang='lat' dir='ltr'><strong>fidei</strong></span> 
     </span>
    </p>
   </div>
   <div class='ocr_carea' id='block_1_6' title="bbox 388 751 1987 822">
    <p class='ocr_par' dir='ltr' id='par_1_6' title="bbox 388 751 1987 822">
     <span class='ocr_line' id='line_1_6' title="bbox 388 751 1987 822; baseline 0.003 -18"><span class='ocrx_word' id='word_1_32' title='bbox 388 754 710 808; x_wconf 63' lang='lat' dir='ltr'><strong>Christiana:</strong></span> <span class='ocrx_word' id='word_1_33' title='bbox 733 753 1022 819; x_wconf 83' lang='lat' dir='ltr'><strong>confessio,</strong></span> <span class='ocrx_word' id='word_1_34' title='bbox 1049 762 1350 809; x_wconf 79' lang='lat' dir='ltr'><strong>mereretur</strong></span> <span class='ocrx_word' id='word_1_35' title='bbox 1373 755 1473 808; x_wconf 91' lang='lat' dir='ltr'><strong>hoc</strong></span> <span class='ocrx_word' id='word_1_36' title='bbox 1496 769 1714 809; x_wconf 86' lang='lat' dir='ltr'><strong>nomen.</strong></span> <span class='ocrx_word' id='word_1_37' title='bbox 1739 751 1987 822; x_wconf 73' lang='lat' dir='ltr'><strong>Alioquin</strong></span> 
     </span>
    </p>
   </div>
   <div class='ocr_carea' id='block_1_7' title="bbox 389 844 1990 917">
    <p class='ocr_par' dir='ltr' id='par_1_7' title="bbox 389 844 1990 917">
     <span class='ocr_line' id='line_1_7' title="bbox 389 844 1990 917; baseline -0.001 -17"><span class='ocrx_word' id='word_1_38' title='bbox 389 845 753 917; x_wconf 73' lang='lat' dir='ltr'><strong>ljutychinnos</strong></span> <span class='ocrx_word' id='word_1_39' title='bbox 775 844 1008 899; x_wconf 91' lang='lat' dir='ltr'><strong>dicimus</strong></span> <span class='ocrx_word' id='word_1_40' title='bbox 1037 845 1178 914; x_wconf 89' lang='lat' dir='ltr'><strong>quod</strong></span> <span class='ocrx_word' id='word_1_41' title='bbox 1220 845 1330 899; x_wconf 87' lang='lat' dir='ltr'><strong>sint</strong></span> <span class='ocrx_word' id='word_1_42' title='bbox 1373 845 1690 911; x_wconf 85' lang='lat' dir='ltr'><strong>orthodoxi,</strong></span> <span class='ocrx_word' id='word_1_43' title='bbox 1723 845 1812 914; x_wconf 86' lang='lat' dir='ltr'><strong>qui</strong></span> <span class='ocrx_word' id='word_1_44' title='bbox 1863 846 1990 899; x_wconf 87' lang='lat' dir='ltr'><strong>hea-</strong></span> 
     </span>
    </p>
   </div>
   <div class='ocr_carea' id='block_1_8' title="bbox 388 933 1991 1006">
    <p class='ocr_par' dir='ltr' id='par_1_8' title="bbox 388 933 1991 1006">
     <span class='ocr_line' id='line_1_8' title="bbox 388 933 1991 1006; baseline -0.001 -17"><span class='ocrx_word' id='word_1_45' title='bbox 388 949 499 989; x_wconf 87' lang='lat' dir='ltr'><strong>tum</strong></span> <span class='ocrx_word' id='word_1_46' title='bbox 524 935 781 1006; x_wconf 78' lang='lat' dir='ltr'><strong>Cyrillum</strong></span> <span class='ocrx_word' id='word_1_47' title='bbox 807 933 1172 1004; x_wconf 78' lang='lat' dir='ltr'><strong>magnificam,</strong></span> <span class='ocrx_word' id='word_1_48' title='bbox 1202 944 1452 1003; x_wconf 90' lang='lat' dir='ltr'><strong>putantes</strong></span> <span class='ocrx_word' id='word_1_49' title='bbox 1480 936 1582 990; x_wconf 88' lang='lat' dir='ltr'><strong>hoc</strong></span> <span class='ocrx_word' id='word_1_50' title='bbox 1603 950 1722 990; x_wconf 91' lang='lat' dir='ltr'><strong>eum</strong></span> <span class='ocrx_word' id='word_1_51' title='bbox 1754 935 1991 990; x_wconf 80' lang='lat' dir='ltr'><strong>sensisse</strong></span> 
     </span>
    </p>
   </div>
   <div class='ocr_carea' id='block_1_9' title="bbox 387 1026 1989 1098">
    <p class='ocr_par' dir='ltr' id='par_1_9' title="bbox 387 1026 1989 1098">
     <span class='ocr_line' id='line_1_9' title="bbox 387 1026 1989 1098; baseline 0 -16"><span class='ocrx_word' id='word_1_52' title='bbox 387 1029 528 1098; x_wconf 84' lang='lat' dir='ltr'><strong>quod</strong></span> <span class='ocrx_word' id='word_1_53' title='bbox 551 1029 790 1082; x_wconf 89' lang='lat' dir='ltr'><strong>sentiunt</strong></span> <span class='ocrx_word' id='word_1_54' title='bbox 820 1026 998 1096; x_wconf 92' lang='lat' dir='ltr'><strong>:quod</strong></span> <span class='ocrx_word' id='word_1_55' title='bbox 1027 1028 1500 1082; x_wconf 85' lang='lat' dir='ltr'><strong>reverentissimus</strong></span> <span class='ocrx_word' id='word_1_56' title='bbox 1546 1027 1690 1093; x_wconf 86' lang='lat' dir='ltr'><strong>ibas,</strong></span> <span class='ocrx_word' id='word_1_57' title='bbox 1735 1028 1862 1083; x_wconf 88' lang='lat' dir='ltr'><strong>licet</strong></span> <span class='ocrx_word' id='word_1_58' title='bbox 1885 1042 1989 1082; x_wconf 88' lang='lat' dir='ltr'><strong>non</strong></span> 
     </span>
    </p>
   </div>
   <div class='ocr_carea' id='block_1_10' title="bbox 387 1119 1994 1193">
    <p class='ocr_par' dir='ltr' id='par_1_10' title="bbox 387 1119 1994 1193">
     <span class='ocr_line' id='line_1_10' title="bbox 387 1119 1994 1193; baseline -0.002 -16"><span class='ocrx_word' id='word_1_59' title='bbox 387 1126 442 1177; x_wconf 89' lang='lat' dir='ltr'><strong>iu</strong></span> <span class='ocrx_word' id='word_1_60' title='bbox 467 1123 623 1177; x_wconf 91' lang='lat' dir='ltr'><strong>beato</strong></span> <span class='ocrx_word' id='word_1_61' title='bbox 647 1119 852 1193; x_wconf 86' lang='lat' dir='ltr'><strong>Cyrillo</strong></span> <span class='ocrx_word' id='word_1_62' title='bbox 873 1120 1145 1184; x_wconf 80' lang='lat' dir='ltr'><strong>debuerit,</strong></span> <span class='ocrx_word' id='word_1_63' title='bbox 1179 1137 1308 1176; x_wconf 88' lang='lat' dir='ltr'><strong>vero</strong></span> <span class='ocrx_word' id='word_1_64' title='bbox 1349 1131 1527 1176; x_wconf 90' lang='lat' dir='ltr'><strong>tamen</strong></span> <span class='ocrx_word' id='word_1_65' title='bbox 1557 1121 1827 1187; x_wconf 80' lang='lat' dir='ltr'><strong>culpabile</strong></span> <span class='ocrx_word' id='word_1_66' title='bbox 1851 1121 1994 1189; x_wconf 83' lang='lat' dir='ltr'><strong>judi-</strong></span> 
     </span>
    </p>
   </div>
   <div class='ocr_carea' id='block_1_11' title="bbox 385 1211 1991 1284">
    <p class='ocr_par' dir='ltr' id='par_1_11' title="bbox 385 1211 1991 1284">
     <span class='ocr_line' id='line_1_11' title="bbox 385 1211 1991 1284; baseline -0.002 -14"><span class='ocrx_word' id='word_1_67' title='bbox 385 1217 548 1271; x_wconf 84' lang='lat' dir='ltr'><strong>cavit.</strong></span> <span class='ocrx_word' id='word_1_68' title='bbox 585 1215 717 1270; x_wconf 82' lang='grc' dir='ltr'><strong>Αιεί</strong></span> <span class='ocrx_word' id='word_1_69' title='bbox 771 1214 904 1268; x_wconf 86' lang='lat' dir='ltr'><strong>nihil</strong></span> <span class='ocrx_word' id='word_1_70' title='bbox 938 1213 1300 1284; x_wconf 83' lang='lat' dir='ltr'><strong>Eutychiauos</strong></span> <span class='ocrx_word' id='word_1_71' title='bbox 1340 1213 1691 1282; x_wconf 82' lang='lat' dir='ltr'><strong>adjuvatlaus</strong></span> <span class='ocrx_word' id='word_1_72' title='bbox 1722 1213 1865 1267; x_wconf 87' lang='lat' dir='ltr'><strong>beati</strong></span> <span class='ocrx_word' id='word_1_73' title='bbox 1890 1211 1991 1282; x_wconf 88' lang='lat' dir='ltr'><strong>Cy-</strong></span> 
     </span>
    </p>
   </div>
   <div class='ocr_carea' id='block_1_12' title="bbox 388 1305 1992 1376">
    <p class='ocr_par' dir='ltr' id='par_1_12' title="bbox 388 1305 1992 1376">
     <span class='ocr_line' id='line_1_12' title="bbox 388 1305 1992 1376; baseline -0.004 -13"><span class='ocrx_word' id='word_1_74' title='bbox 388 1309 512 1373; x_wconf 80' lang='lat' dir='ltr'><strong>rilli,</strong></span> <span class='ocrx_word' id='word_1_75' title='bbox 543 1318 602 1362; x_wconf 89' lang='lat' dir='ltr'><strong>ut</strong></span> <span class='ocrx_word' id='word_1_76' title='bbox 625 1321 720 1376; x_wconf 92' lang='lat' dir='ltr'><strong>pro</strong></span> <span class='ocrx_word' id='word_1_77' title='bbox 745 1307 835 1362; x_wconf 89' lang='lat' dir='ltr'><strong>illa</strong></span> <span class='ocrx_word' id='word_1_78' title='bbox 859 1305 1171 1376; x_wconf 85' lang='lat' dir='ltr'><strong>ju‘dicentur</strong></span> <span class='ocrx_word' id='word_1_79' title='bbox 1207 1306 1520 1371; x_wconf 90' lang='lat' dir='ltr'><strong>orthodoxi,</strong></span> <span class='ocrx_word' id='word_1_80' title='bbox 1561 1305 1655 1359; x_wconf 88' lang='lat' dir='ltr'><strong>sed</strong></span> <span class='ocrx_word' id='word_1_81' title='bbox 1690 1305 1862 1373; x_wconf 81' lang='lat' dir='ltr'><strong>potius</strong></span> <span class='ocrx_word' id='word_1_82' title='bbox 1895 1320 1992 1374; x_wconf 77' lang='lat' dir='ltr'><strong>pro</strong></span> 
     </span>
    </p>
   </div>
   <div class='ocr_carea' id='block_1_13' title="bbox 389 1396 1986 1470">
    <p class='ocr_par' dir='ltr' id='par_1_13' title="bbox 389 1396 1986 1470">
     <span class='ocr_line' id='line_1_13' title="bbox 389 1396 1986 1470; baseline 0.002 -20"><span class='ocrx_word' id='word_1_83' title='bbox 389 1399 740 1470; x_wconf 75' lang='lat' dir='ltr'><strong>denegatione</strong></span> <span class='ocrx_word' id='word_1_84' title='bbox 757 1397 982 1452; x_wconf 89' lang='lat' dir='ltr'><strong>duarum</strong></span> <span class='ocrx_word' id='word_1_85' title='bbox 1007 1396 1204 1452; x_wconf 85' lang='lat' dir='ltr'><strong>Christi</strong></span> <span class='ocrx_word' id='word_1_86' title='bbox 1231 1408 1541 1452; x_wconf 85' lang='lat' dir='ltr'><strong>naturarum</strong></span> <span class='ocrx_word' id='word_1_87' title='bbox 1571 1399 1986 1463; x_wconf 82' lang='lat' dir='ltr'><strong>pronuntiantur</strong></span> 
     </span>
    </p>
   </div>
   <div class='ocr_carea' id='block_1_14' title="bbox 393 1488 1994 1558">
    <p class='ocr_par' dir='ltr' id='par_1_14' title="bbox 393 1488 1994 1558">
     <span class='ocr_line' id='line_1_14' title="bbox 393 1488 1994 1558; baseline 0.001 -16"><span class='ocrx_word' id='word_1_88' title='bbox 393 1490 660 1554; x_wconf 74' lang='lat' dir='ltr'><strong>haeretici,</strong></span> <span class='ocrx_word' id='word_1_89' title='bbox 689 1488 821 1542; x_wconf 89' lang='lat' dir='ltr'><strong>nihil</strong></span> <span class='ocrx_word' id='word_1_90' title='bbox 852 1503 1074 1558; x_wconf 77' lang='lat' dir='ltr'><strong>gravare</strong></span> <span class='ocrx_word' id='word_1_91' title='bbox 1117 1488 1298 1541; x_wconf 86' lang='lat' dir='ltr'><strong>debuit</strong></span> <span class='ocrx_word' id='word_1_92' title='bbox 1345 1488 1414 1543; x_wconf 86' lang='lat' dir='ltr'><strong>de</strong></span> <span class='ocrx_word' id='word_1_93' title='bbox 1461 1488 1616 1544; x_wconf 86' lang='lat' dir='ltr'><strong>beato</strong></span> <span class='ocrx_word' id='word_1_94' title='bbox 1654 1489 1852 1558; x_wconf 83' lang='lat' dir='ltr'><strong>Cyrillu</strong></span> <span class='ocrx_word' id='word_1_95' title='bbox 1903 1507 1994 1544; x_wconf 85' lang='lat' dir='ltr'><strong>su-</strong></span> 
     </span>
    </p>
   </div>
   <div class='ocr_carea' id='block_1_15' title="bbox 390 1580 1995 1650">
    <p class='ocr_par' dir='ltr' id='par_1_15' title="bbox 390 1580 1995 1650">
     <span class='ocr_line' id='line_1_15' title="bbox 390 1580 1995 1650; baseline 0.001 -14"><span class='ocrx_word' id='word_1_96' title='bbox 390 1584 560 1650; x_wconf 76' lang='lat' dir='ltr'><strong>spicio</strong></span> <span class='ocrx_word' id='word_1_97' title='bbox 587 1585 629 1647; x_wconf 80' lang='grc'><strong>¹,</strong></span> <span class='ocrx_word' id='word_1_98' title='bbox 661 1591 716 1636; x_wconf 81' lang='grc' dir='ltr'><strong>ιιι</strong></span> <span class='ocrx_word' id='word_1_99' title='bbox 748 1597 846 1650; x_wconf 86' lang='lat' dir='ltr'><strong>pro</strong></span> <span class='ocrx_word' id='word_1_100' title='bbox 891 1581 977 1635; x_wconf 66' lang='lat' dir='ltr'><strong>ifla</strong></span> <span class='ocrx_word' id='word_1_101' title='bbox 1011 1580 1345 1649; x_wconf 81' lang='lat' dir='ltr'><strong>judicaretur</strong></span> <span class='ocrx_word' id='word_1_102' title='bbox 1387 1580 1660 1646; x_wconf 84' lang='lat' dir='ltr'><strong>ha-retica,</strong></span> <span class='ocrx_word' id='word_1_103' title='bbox 1695 1582 1787 1635; x_wconf 89' lang='lat' dir='ltr'><strong>sed</strong></span> <span class='ocrx_word' id='word_1_104' title='bbox 1820 1580 1995 1649; x_wconf 86' lang='lat' dir='ltr'><strong>potius</strong></span> 
     </span>
    </p>
   </div>
   <div class='ocr_carea' id='block_1_16' title="bbox 395 1673 1985 1751">
    <p class='ocr_par' dir='ltr' id='par_1_16' title="bbox 395 1673 1985 1751">
     <span class='ocr_line' id='line_1_16' title="bbox 395 1673 1985 1751; baseline 0.002 -25"><span class='ocrx_word' id='word_1_105' title='bbox 395 1693 491 1745; x_wconf 88' lang='lat' dir='ltr'><strong>pro</strong></span> <span class='ocrx_word' id='word_1_106' title='bbox 514 1673 858 1730; x_wconf 77' lang='lat' dir='ltr'><strong>confessioae</strong></span> <span class='ocrx_word' id='word_1_107' title='bbox 887 1673 1112 1728; x_wconf 74' lang='lat' dir='ltr'><strong>duarum</strong></span> <span class='ocrx_word' id='word_1_108' title='bbox 1144 1673 1674 1751; x_wconf 73' lang='lat' dir='ltr'><strong>Christinaturarum</strong></span> <span class='ocrx_word' id='word_1_109' title='bbox 1699 1675 1750 1728; x_wconf 93' lang='lat' dir='ltr'><strong>iu</strong></span> <span class='ocrx_word' id='word_1_110' title='bbox 1779 1675 1985 1729; x_wconf 91' lang='lat' dir='ltr'><strong>unitate</strong></span> 
     </span>
    </p>
   </div>
   <div class='ocr_carea' id='block_1_17' title="bbox 394 1767 1987 1839">
    <p class='ocr_par' dir='ltr' id='par_1_17' title="bbox 394 1767 1987 1839">
     <span class='ocr_line' id='line_1_17' title="bbox 394 1767 1987 1839; baseline 0.001 -15"><span class='ocrx_word' id='word_1_111' title='bbox 394 1785 639 1838; x_wconf 74' lang='lat' dir='ltr'><strong>persona:</strong></span> <span class='ocrx_word' id='word_1_112' title='bbox 657 1767 1052 1839; x_wconf 87' lang='lat' dir='ltr'><strong>pronuntianda</strong></span> <span class='ocrx_word' id='word_1_113' title='bbox 1083 1767 1180 1822; x_wconf 84' lang='lat' dir='ltr'><strong>fuit</strong></span> <span class='ocrx_word' id='word_1_114' title='bbox 1209 1769 1529 1824; x_wconf 74' lang='lat' dir='ltr'><strong>orthodoxa.</strong></span> <span class='ocrx_word' id='word_1_115' title='bbox 1557 1770 1601 1838; x_wconf 87' lang='lat' dir='ltr'><strong>Q</strong></span> <span class='ocrx_word' id='word_1_116' title='bbox 1624 1772 1838 1835; x_wconf 78' lang='lat' dir='ltr'><strong>lOCilC-l,</strong></span> <span class='ocrx_word' id='word_1_117' title='bbox 1876 1771 1987 1825; x_wconf 89' lang='lat' dir='ltr'><strong>sic-</strong></span> 
     </span>
    </p>
   </div>
   <div class='ocr_carea' id='block_1_18' title="bbox 394 1863 1989 1935">
    <p class='ocr_par' dir='ltr' id='par_1_18' title="bbox 394 1863 1989 1935">
     <span class='ocr_line' id='line_1_18' title="bbox 394 1863 1989 1935; baseline -0.001 -17"><span class='ocrx_word' id='word_1_118' title='bbox 394 1876 450 1918; x_wconf 88' lang='lat' dir='ltr'><strong>ut</strong></span> <span class='ocrx_word' id='word_1_119' title='bbox 494 1879 834 1934; x_wconf 80' lang='lat' dir='ltr'><strong>conscquens</strong></span> <span class='ocrx_word' id='word_1_120' title='bbox 880 1877 985 1917; x_wconf 91' lang='lat' dir='ltr'><strong>non</strong></span> <span class='ocrx_word' id='word_1_121' title='bbox 1007 1871 1168 1917; x_wconf 88' lang='lat' dir='ltr'><strong>estut</strong></span> <span class='ocrx_word' id='word_1_122' title='bbox 1206 1863 1329 1933; x_wconf 87' lang='lat' dir='ltr'><strong>quia</strong></span> <span class='ocrx_word' id='word_1_123' title='bbox 1376 1863 1660 1932; x_wconf 87' lang='lat' dir='ltr'><strong>praedictos</strong></span> <span class='ocrx_word' id='word_1_124' title='bbox 1711 1863 1989 1935; x_wconf 86' lang='lat' dir='ltr'><strong>Eutychia-</strong></span> 
     </span>
    </p>
   </div>
   <div class='ocr_carea' id='block_1_19' title="bbox 2093 657 3686 729">
    <p class='ocr_par' dir='ltr' id='par_1_19' title="bbox 2093 657 3686 729">
     <span class='ocr_line' id='line_1_19' title="bbox 2093 657 3686 729; baseline 0.003 -19"><span class='ocrx_word' id='word_1_125' title='bbox 2093 657 2269 711; x_wconf 90' lang='lat' dir='ltr'><strong>minus</strong></span> <span class='ocrx_word' id='word_1_126' title='bbox 2301 657 2488 728; x_wconf 82' lang='lat' dir='ltr'><strong>Moysi.</strong></span> <span class='ocrx_word' id='word_1_127' title='bbox 2520 658 2777 726; x_wconf 79' lang='lat' dir='ltr'><strong>Quamvis</strong></span> <span class='ocrx_word' id='word_1_128' title='bbox 2803 668 2858 712; x_wconf 89' lang='lat' dir='ltr'><strong>ct</strong></span> <span class='ocrx_word' id='word_1_129' title='bbox 2909 659 3080 728; x_wconf 69' lang='lat' dir='ltr'><strong>ipsum</strong></span> <span class='ocrx_word' id='word_1_130' title='bbox 3115 675 3332 722; x_wconf 87' lang='lat' dir='ltr'><strong>nomen,</strong></span> <span class='ocrx_word' id='word_1_131' title='bbox 3391 660 3530 714; x_wconf 83' lang='lat' dir='ltr'><strong>sicut</strong></span> <span class='ocrx_word' id='word_1_132' title='bbox 3575 658 3686 729; x_wconf 83' lang='lat' dir='ltr'><strong>jam</strong></span> 
     </span>
    </p>
   </div>
   <div class='ocr_carea' id='block_1_20' title="bbox 2091 737 3697 820">
    <p class='ocr_par' dir='ltr' id='par_1_20' title="bbox 2091 737 3697 820">
     <span class='ocr_line' id='line_1_20' title="bbox 2091 737 3697 820; baseline 0.002 -18"><span class='ocrx_word' id='word_1_133' title='bbox 2091 749 2349 814; x_wconf 80' lang='lat' dir='ltr'><strong>diximus,</strong></span> <span class='ocrx_word' id='word_1_134' title='bbox 2375 750 2515 820; x_wconf 87' lang='lat' dir='ltr'><strong>quod</strong></span> <span class='ocrx_word' id='word_1_135' title='bbox 2549 750 2843 805; x_wconf 82' lang='lat' dir='ltr'><strong>orthodoxa</strong></span> <span class='ocrx_word' id='word_1_136' title='bbox 2875 759 3062 805; x_wconf 86' lang='lat' dir='ltr'><strong>vocata</strong></span> <span class='ocrx_word' id='word_1_137' title='bbox 3091 760 3194 815; x_wconf 79' lang='grc' dir='ltr'>ρει,</span> <span class='ocrx_word' id='word_1_138' title='bbox 3244 751 3564 806; x_wconf 79' lang='lat' dir='ltr'><strong>Confessioui</strong></span> <span class='ocrx_word' id='word_1_139' title='bbox 3630 737 3697 806; x_wconf 51' lang='lat' dir='ltr'><strong>liJ</strong></span> 
     </span>
    </p>
   </div>
   <div class='ocr_carea' id='block_1_21' title="bbox 2093 841 3687 915">
    <p class='ocr_par' dir='ltr' id='par_1_21' title="bbox 2093 841 3687 915">
     <span class='ocr_line' id='line_1_21' title="bbox 2093 841 3687 915; baseline -0.001 -19"><span class='ocrx_word' id='word_1_140' title='bbox 2093 841 2178 898; x_wconf 86' lang='lat' dir='ltr'><strong>dei</strong></span> <span class='ocrx_word' id='word_1_141' title='bbox 2209 842 2535 898; x_wconf 84' lang='lat' dir='ltr'><strong>Christianae</strong></span> <span class='ocrx_word' id='word_1_142' title='bbox 2566 845 2734 898; x_wconf 72' lang='lat' dir='ltr'><strong>soleat</strong></span> <span class='ocrx_word' id='word_1_143' title='bbox 2762 860 2790 898; x_wconf 84' lang='lat' dir='ltr'><strong>a.</strong></span> <span class='ocrx_word' id='word_1_144' title='bbox 2824 845 3030 915; x_wconf 80' lang='lat' dir='ltr'><strong>synodo</strong></span> <span class='ocrx_word' id='word_1_145' title='bbox 3087 844 3356 898; x_wconf 73' lang='lat' dir='ltr'><strong>disu-‘bui.</strong></span> <span class='ocrx_word' id='word_1_146' title='bbox 3388 844 3687 898; x_wconf 78' lang='lat' dir='ltr'><strong>Mirandum</strong></span> 
     </span>
    </p>
   </div>
   <div class='ocr_carea' id='block_1_22' title="bbox 2093 937 3690 1007">
    <p class='ocr_par' dir='ltr' id='par_1_22' title="bbox 2093 937 3690 1007">
     <span class='ocr_line' id='line_1_22' title="bbox 2093 937 3690 1007; baseline 0.001 -17"><span class='ocrx_word' id='word_1_147' title='bbox 2093 943 2273 991; x_wconf 80' lang='lat' dir='ltr'><strong>tamen</strong></span> <span class='ocrx_word' id='word_1_148' title='bbox 2303 946 2384 992; x_wconf 89' lang='lat' dir='ltr'><strong>cst</strong></span> <span class='ocrx_word' id='word_1_149' title='bbox 2411 937 2552 1007; x_wconf 88' lang='lat' dir='ltr'><strong>quod</strong></span> <span class='ocrx_word' id='word_1_150' title='bbox 2575 937 2648 991; x_wconf 90' lang='lat' dir='ltr'><strong>illi</strong></span> <span class='ocrx_word' id='word_1_151' title='bbox 2681 938 2882 1002; x_wconf 86' lang='lat' dir='ltr'><strong>dicant,</strong></span> <span class='ocrx_word' id='word_1_152' title='bbox 2915 952 3011 1006; x_wconf 92' lang='lat' dir='ltr'><strong>pro</strong></span> <span class='ocrx_word' id='word_1_153' title='bbox 3049 937 3353 992; x_wconf 68' lang='lat' dir='ltr'><strong>transitoria</strong></span> <span class='ocrx_word' id='word_1_154' title='bbox 3381 947 3435 993; x_wconf 83' lang='lat' dir='ltr'><strong>et</strong></span> <span class='ocrx_word' id='word_1_155' title='bbox 3485 937 3690 992; x_wconf 77' lang='lat' dir='ltr'><strong>levissi-</strong></span> 
     </span>
    </p>
   </div>
   <div class='ocr_carea' id='block_1_23' title="bbox 2094 1029 3693 1101">
    <p class='ocr_par' dir='ltr' id='par_1_23' title="bbox 2094 1029 3693 1101">
     <span class='ocr_line' id='line_1_23' title="bbox 2094 1029 3693 1101; baseline -0.002 -19"><span class='ocrx_word' id='word_1_156' title='bbox 2094 1046 2180 1085; x_wconf 90' lang='lat' dir='ltr'><strong>ma</strong></span> <span class='ocrx_word' id='word_1_157' title='bbox 2202 1030 2510 1101; x_wconf 75' lang='grc' dir='ltr'>ειιενὶιείιιηθ</span> <span class='ocrx_word' id='word_1_158' title='bbox 2534 1046 2695 1101; x_wconf 87' lang='lat' dir='ltr'><strong>quam</strong></span> <span class='ocrx_word' id='word_1_159' title='bbox 2728 1031 2989 1094; x_wconf 82' lang='lat' dir='ltr'><strong>continet,</strong></span> <span class='ocrx_word' id='word_1_160' title='bbox 3033 1046 3138 1084; x_wconf 90' lang='lat' dir='ltr'><strong>non</strong></span> <span class='ocrx_word' id='word_1_161' title='bbox 3173 1029 3427 1086; x_wconf 83' lang='lat' dir='ltr'><strong>debuisse</strong></span> <span class='ocrx_word' id='word_1_162' title='bbox 3473 1038 3566 1084; x_wconf 89' lang='lat' dir='ltr'><strong>aut</strong></span> <span class='ocrx_word' id='word_1_163' title='bbox 3597 1045 3693 1098; x_wconf 87' lang='lat' dir='ltr'><strong>po-</strong></span> 
     </span>
    </p>
   </div>
   <div class='ocr_carea' id='block_1_24' title="bbox 2096 1121 3693 1194">
    <p class='ocr_par' dir='ltr' id='par_1_24' title="bbox 2096 1121 3693 1194">
     <span class='ocr_line' id='line_1_24' title="bbox 2096 1121 3693 1194; baseline -0.001 -18"><span class='ocrx_word' id='word_1_164' title='bbox 2096 1123 2264 1177; x_wconf 86' lang='lat' dir='ltr'><strong>tuisse</strong></span> <span class='ocrx_word' id='word_1_165' title='bbox 2295 1121 2650 1176; x_wconf 79' lang='lat' dir='ltr'><strong>orthodoxam</strong></span> <span class='ocrx_word' id='word_1_166' title='bbox 2681 1122 2906 1193; x_wconf 89' lang='lat' dir='ltr'><strong>judicari</strong></span> <span class='ocrx_word' id='word_1_167' title='bbox 2934 1139 2962 1176; x_wconf 90' lang='lat' dir='ltr'><strong>a</strong></span> <span class='ocrx_word' id='word_1_168' title='bbox 2997 1123 3202 1194; x_wconf 86' lang='lat' dir='ltr'><strong>synodo</strong></span> <span class='ocrx_word' id='word_1_169' title='bbox 3229 1121 3512 1192; x_wconf 68' lang='lat' dir='ltr'><strong>epistolam</strong></span> <span class='ocrx_word' id='word_1_170' title='bbox 3548 1129 3693 1176; x_wconf 84' lang='lat' dir='ltr'><strong>recte</strong></span> 
     </span>
    </p>
   </div>
   <div class='ocr_carea' id='block_1_25' title="bbox 2094 1215 3688 1288">
    <p class='ocr_par' dir='ltr' id='par_1_25' title="bbox 2094 1215 3688 1288">
     <span class='ocr_line' id='line_1_25' title="bbox 2094 1215 3688 1288; baseline -0.003 -17"><span class='ocrx_word' id='word_1_171' title='bbox 2094 1216 2162 1271; x_wconf 85' lang='lat' dir='ltr'><strong>de</strong></span> <span class='ocrx_word' id='word_1_172' title='bbox 2187 1217 2577 1272; x_wconf 89' lang='lat' dir='ltr'><strong>incarnationis</strong></span> <span class='ocrx_word' id='word_1_173' title='bbox 2607 1215 2807 1272; x_wconf 87' lang='lat' dir='ltr'><strong>Christi</strong></span> <span class='ocrx_word' id='word_1_174' title='bbox 2860 1217 3119 1288; x_wconf 90' lang='lat' dir='ltr'><strong>mysterio</strong></span> <span class='ocrx_word' id='word_1_175' title='bbox 3168 1216 3541 1280; x_wconf 67' lang='lat' dir='ltr'><strong>confitentem,</strong></span> <span class='ocrx_word' id='word_1_176' title='bbox 3599 1216 3688 1282; x_wconf 89' lang='lat' dir='ltr'><strong>qui</strong></span> 
     </span>
    </p>
   </div>
   <div class='ocr_carea' id='block_1_26' title="bbox 2097 1304 3693 1377">
    <p class='ocr_par' dir='ltr' id='par_1_26' title="bbox 2097 1304 3693 1377">
     <span class='ocr_line' id='line_1_26' title="bbox 2097 1304 3693 1377; baseline -0.002 -17"><span class='ocrx_word' id='word_1_177' title='bbox 2097 1307 2332 1362; x_wconf 76' lang='lat' dir='ltr'><strong>dixerint</strong></span> <span class='ocrx_word' id='word_1_178' title='bbox 2364 1325 2374 1360; x_wconf 96' lang='lat'>:</span> <span class='ocrx_word' id='word_1_179' title='bbox 2408 1307 2638 1376; x_wconf 75' lang='lat' dir='ltr'><strong>Oportet</strong></span> <span class='ocrx_word' id='word_1_180' title='bbox 2677 1315 2866 1376; x_wconf 85' lang='lat' dir='ltr'><strong>aperte</strong></span> <span class='ocrx_word' id='word_1_181' title='bbox 2889 1307 3157 1377; x_wconf 88' lang='lat' dir='ltr'><strong>inspicere</strong></span> <span class='ocrx_word' id='word_1_182' title='bbox 3184 1305 3248 1360; x_wconf 86' lang='lat' dir='ltr'><strong>ad</strong></span> <span class='ocrx_word' id='word_1_183' title='bbox 3279 1306 3464 1360; x_wconf 82' lang='lat' dir='ltr'><strong>Marim</strong></span> <span class='ocrx_word' id='word_1_184' title='bbox 3491 1304 3693 1373; x_wconf 76' lang='lat' dir='ltr'><strong>cpisto-</strong></span> 
     </span>
    </p>
   </div>
   <div class='ocr_carea' id='block_1_27' title="bbox 2097 1397 3690 1471">
    <p class='ocr_par' dir='ltr' id='par_1_27' title="bbox 2097 1397 3690 1471">
     <span class='ocr_line' id='line_1_27' title="bbox 2097 1397 3690 1471; baseline -0.003 -17"><span class='ocrx_word' id='word_1_185' title='bbox 2097 1401 2225 1467; x_wconf 78' lang='grc' dir='ltr'>1ςιιη,</span> <span class='ocrx_word' id='word_1_186' title='bbox 2253 1401 2428 1455; x_wconf 92' lang='lat' dir='ltr'><strong>omnia</strong></span> <span class='ocrx_word' id='word_1_187' title='bbox 2453 1400 2668 1471; x_wconf 80' lang='lat' dir='ltr'><strong>quidem</strong></span> <span class='ocrx_word' id='word_1_188' title='bbox 2696 1401 2814 1455; x_wconf 79' lang='lat' dir='ltr'><strong>sine</strong></span> <span class='ocrx_word' id='word_1_189' title='bbox 2837 1400 2946 1454; x_wconf 89' lang='lat' dir='ltr'><strong>Deo</strong></span> <span class='ocrx_word' id='word_1_190' title='bbox 2975 1408 3025 1454; x_wconf 84' lang='lat' dir='ltr'><strong>et</strong></span> <span class='ocrx_word' id='word_1_191' title='bbox 3049 1400 3212 1469; x_wconf 82' lang='lat' dir='ltr'><strong>impie</strong></span> <span class='ocrx_word' id='word_1_192' title='bbox 3243 1398 3395 1453; x_wconf 71' lang='lat' dir='ltr'><strong>d’ccn</strong></span> <span class='ocrx_word' id='word_1_193' title='bbox 3425 1414 3528 1452; x_wconf 82' lang='lat' dir='ltr'><strong>em.</strong></span> <span class='ocrx_word' id='word_1_194' title='bbox 3559 1397 3690 1451; x_wconf 66' lang='lat' dir='ltr'><strong>Nam</strong></span> 
     </span>
    </p>
   </div>
   <div class='ocr_carea' id='block_1_28' title="bbox 2099 1489 3692 1562">
    <p class='ocr_par' dir='ltr' id='par_1_28' title="bbox 2099 1489 3692 1562">
     <span class='ocr_line' id='line_1_28' title="bbox 2099 1489 3692 1562; baseline -0.002 -17"><span class='ocrx_word' id='word_1_195' title='bbox 2099 1493 2143 1545; x_wconf 90' lang='lat' dir='ltr'><strong>si</strong></span> <span class='ocrx_word' id='word_1_196' title='bbox 2175 1493 2254 1548; x_wconf 91' lang='lat' dir='ltr'><strong>cis</strong></span> <span class='ocrx_word' id='word_1_197' title='bbox 2280 1492 2642 1562; x_wconf 70' lang='lat' dir='ltr'><strong>iustissimum</strong></span> <span class='ocrx_word' id='word_1_198' title='bbox 2678 1494 2846 1546; x_wconf 83' lang='lat' dir='ltr'><strong>viSum</strong></span> <span class='ocrx_word' id='word_1_199' title='bbox 2877 1503 2958 1547; x_wconf 73' lang='lat' dir='ltr'><strong>est</strong></span> <span class='ocrx_word' id='word_1_200' title='bbox 2989 1493 3212 1546; x_wconf 79' lang='lat' dir='ltr'><strong>delinire</strong></span> <span class='ocrx_word' id='word_1_201' title='bbox 3246 1491 3384 1560; x_wconf 90' lang='lat' dir='ltr'><strong>quod</strong></span> <span class='ocrx_word' id='word_1_202' title='bbox 3433 1491 3547 1545; x_wconf 84' lang='lat' dir='ltr'><strong>sine</strong></span> <span class='ocrx_word' id='word_1_203' title='bbox 3581 1489 3692 1542; x_wconf 82' lang='lat' dir='ltr'><strong>ltco</strong></span> 
     </span>
    </p>
   </div>
   <div class='ocr_carea' id='block_1_29' title="bbox 2102 1581 3695 1654">
    <p class='ocr_par' dir='ltr' id='par_1_29' title="bbox 2102 1581 3695 1654">
     <span class='ocr_line' id='line_1_29' title="bbox 2102 1581 3695 1654; baseline -0.003 -16"><span class='ocrx_word' id='word_1_204' title='bbox 2102 1593 2155 1638; x_wconf 89' lang='lat' dir='ltr'><strong>et</strong></span> <span class='ocrx_word' id='word_1_205' title='bbox 2181 1585 2343 1654; x_wconf 86' lang='lat' dir='ltr'><strong>impie</strong></span> <span class='ocrx_word' id='word_1_206' title='bbox 2373 1584 2517 1640; x_wconf 86' lang='lat' dir='ltr'><strong>dicat</strong></span> <span class='ocrx_word' id='word_1_207' title='bbox 2546 1584 2637 1638; x_wconf 91' lang='lat' dir='ltr'><strong>illa</strong></span> <span class='ocrx_word' id='word_1_208' title='bbox 2669 1583 2921 1652; x_wconf 90' lang='lat' dir='ltr'><strong>epistola,</strong></span> <span class='ocrx_word' id='word_1_209' title='bbox 2950 1599 3068 1652; x_wconf 65' lang='lat' dir='ltr'><strong>eum</strong></span> <span class='ocrx_word' id='word_1_210' title='bbox 3091 1583 3221 1637; x_wconf 88' lang='lat' dir='ltr'><strong>duas</strong></span> <span class='ocrx_word' id='word_1_211' title='bbox 3246 1581 3444 1636; x_wconf 72' lang='lat' dir='ltr'><strong>Christi</strong></span> <span class='ocrx_word' id='word_1_212' title='bbox 3476 1591 3695 1634; x_wconf 69' lang='lat' dir='ltr'><strong>naturus</strong></span> 
     </span>
    </p>
   </div>
   <div class='ocr_carea' id='block_1_30' title="bbox 2101 1674 3691 1746">
    <p class='ocr_par' dir='ltr' id='par_1_30' title="bbox 2101 1674 3691 1746">
     <span class='ocr_line' id='line_1_30' title="bbox 2101 1674 3691 1746; baseline -0.004 -16"><span class='ocrx_word' id='word_1_213' title='bbox 2101 1677 2154 1730; x_wconf 91' lang='lat' dir='ltr'><strong>in</strong></span> <span class='ocrx_word' id='word_1_214' title='bbox 2188 1678 2390 1731; x_wconf 88' lang='lat' dir='ltr'><strong>unitate</strong></span> <span class='ocrx_word' id='word_1_215' title='bbox 2419 1691 2664 1746; x_wconf 74' lang='lat' dir='ltr'><strong>persona:</strong></span> <span class='ocrx_word' id='word_1_216' title='bbox 2723 1675 2970 1731; x_wconf 67' lang='lat' dir='ltr'><strong>confessa</strong></span> <span class='ocrx_word' id='word_1_217' title='bbox 3014 1686 3124 1739; x_wconf 76' lang='lat' dir='ltr'><strong>est;</strong></span> <span class='ocrx_word' id='word_1_218' title='bbox 3183 1674 3456 1744; x_wconf 68' lang='lat' dir='ltr'><strong>quomodo</strong></span> <span class='ocrx_word' id='word_1_219' title='bbox 3492 1684 3691 1726; x_wconf 85' lang='lat' dir='ltr'><strong>sanctae</strong></span> 
     </span>
    </p>
   </div>
   <div class='ocr_carea' id='block_1_31' title="bbox 2101 1766 3688 1838">
    <p class='ocr_par' dir='ltr' id='par_1_31' title="bbox 2101 1766 3688 1838">
     <span class='ocr_line' id='line_1_31' title="bbox 2101 1766 3688 1838; baseline -0.003 -16"><span class='ocrx_word' id='word_1_220' title='bbox 2101 1769 2309 1836; x_wconf 83' lang='lat' dir='ltr'><strong>synodo</strong></span> <span class='ocrx_word' id='word_1_221' title='bbox 2337 1769 2610 1823; x_wconf 83' lang='lat' dir='ltr'><strong>videretur</strong></span> <span class='ocrx_word' id='word_1_222' title='bbox 2633 1768 2888 1838; x_wconf 87' lang='lat' dir='ltr'><strong>injustum</strong></span> <span class='ocrx_word' id='word_1_223' title='bbox 2914 1766 3269 1823; x_wconf 74' lang='lat' dir='ltr'><strong>orthodoxam</strong></span> <span class='ocrx_word' id='word_1_224' title='bbox 3314 1781 3432 1822; x_wconf 87' lang='lat' dir='ltr'><strong>eam</strong></span> <span class='ocrx_word' id='word_1_225' title='bbox 3469 1779 3566 1834; x_wconf 86' lang='lat' dir='ltr'><strong>pro</strong></span> <span class='ocrx_word' id='word_1_226' title='bbox 3598 1777 3688 1818; x_wconf 82' lang='lat' dir='ltr'><strong>ca-</strong></span> 
     </span>
    </p>
   </div>
   <div class='ocr_carea' id='block_1_32' title="bbox 2101 1857 3708 1931">
    <p class='ocr_par' dir='ltr' id='par_1_32' title="bbox 2101 1857 3708 1931">
     <span class='ocr_line' id='line_1_32' title="bbox 2101 1857 3708 1931; baseline -0.003 -17"><span class='ocrx_word' id='word_1_227' title='bbox 2101 1861 2223 1916; x_wconf 90' lang='lat' dir='ltr'><strong>dem</strong></span> <span class='ocrx_word' id='word_1_228' title='bbox 2256 1870 2405 1916; x_wconf 85' lang='lat' dir='ltr'><strong>recta</strong></span> <span class='ocrx_word' id='word_1_229' title='bbox 2429 1860 2908 1917; x_wconf 70' lang='lat' dir='ltr'><strong>confessiooefitlci</strong></span> <span class='ocrx_word' id='word_1_230' title='bbox 2941 1875 3098 1931; x_wconf 90' lang='lat' dir='ltr'><strong>quam</strong></span> <span class='ocrx_word' id='word_1_231' title='bbox 3132 1857 3396 1923; x_wconf 89' lang='lat' dir='ltr'><strong>continet,</strong></span> <span class='ocrx_word' id='word_1_232' title='bbox 3457 1870 3708 1925; x_wconf 76' lang='lat' dir='ltr'><strong>promtu--</strong></span> 
     </span>
    </p>
   </div>
   <div class='ocr_carea' id='block_1_33' title="bbox 393 1945 3693 2025">
    <p class='ocr_par' dir='ltr' id='par_1_33' title="bbox 393 1945 3693 2025">
     <span class='ocr_line' id='line_1_33' title="bbox 393 1945 3693 2025; baseline -0.003 -15"><span class='ocrx_word' id='word_1_233' title='bbox 393 1972 492 2011; x_wconf 87' lang='lat' dir='ltr'><strong>nos</strong></span> <span class='ocrx_word' id='word_1_234' title='bbox 519 1955 923 2025; x_wconf 79' lang='lat' dir='ltr'><strong>pronuntiamus</strong></span> <span class='ocrx_word' id='word_1_235' title='bbox 974 1953 1277 2018; x_wconf 71' lang='lat' dir='ltr'><strong>Ita-retices,</strong></span> <span class='ocrx_word' id='word_1_236' title='bbox 1335 1963 1616 2024; x_wconf 86' lang='lat' dir='ltr'><strong>propterea</strong></span> <span class='ocrx_word' id='word_1_237' title='bbox 1649 1955 1938 2010; x_wconf 82' lang='lat' dir='ltr'><strong>debeamus</strong></span> <span class='ocrx_word' id='word_1_238' title='bbox 1963 1958 1984 1987; x_wconf 78' lang='lat'>&#39;</span> <span class='ocrx_word' id='word_1_239' title='bbox 2022 1961 2062 2018; x_wconf 65' lang='grc' dir='ltr'><strong>Β</strong></span> <span class='ocrx_word' id='word_1_240' title='bbox 2095 1955 2387 2017; x_wconf 85' lang='lat' dir='ltr'><strong>tiarc,cum</strong></span> <span class='ocrx_word' id='word_1_241' title='bbox 2412 1969 2530 2010; x_wconf 91' lang='lat' dir='ltr'><strong>eam</strong></span> <span class='ocrx_word' id='word_1_242' title='bbox 2547 1969 2651 2007; x_wconf 92' lang='lat' dir='ltr'><strong>non</strong></span> <span class='ocrx_word' id='word_1_243' title='bbox 2679 1952 3045 2006; x_wconf 88' lang='lat' dir='ltr'><strong>inveniaturiu</strong></span> <span class='ocrx_word' id='word_1_244' title='bbox 3067 1951 3314 2006; x_wconf 88' lang='lat' dir='ltr'><strong>omnibus</strong></span> <span class='ocrx_word' id='word_1_245' title='bbox 3333 1945 3693 2019; x_wconf 57' lang='lat' dir='ltr'><strong>approbas?</strong></span> 
     </span>
    </p>
   </div>
   <div class='ocr_carea' id='block_1_34' title="bbox 399 2045 1992 2116">
    <p class='ocr_par' dir='ltr' id='par_1_34' title="bbox 399 2045 1992 2116">
     <span class='ocr_line' id='line_1_34' title="bbox 399 2045 1992 2116; baseline -0.002 -16"><span class='ocrx_word' id='word_1_246' title='bbox 399 2047 608 2102; x_wconf 81' lang='lat' dir='ltr'><strong>laudem</strong></span> <span class='ocrx_word' id='word_1_247' title='bbox 637 2046 694 2101; x_wconf 92' lang='lat' dir='ltr'><strong>in</strong></span> <span class='ocrx_word' id='word_1_248' title='bbox 727 2047 804 2100; x_wconf 87' lang='lat' dir='ltr'><strong>eis</strong></span> <span class='ocrx_word' id='word_1_249' title='bbox 835 2045 974 2102; x_wconf 86' lang='lat' dir='ltr'><strong>beati</strong></span> <span class='ocrx_word' id='word_1_250' title='bbox 1000 2045 1186 2115; x_wconf 89' lang='lat' dir='ltr'><strong>Cyrilli</strong></span> <span class='ocrx_word' id='word_1_251' title='bbox 1236 2046 1456 2114; x_wconf 77' lang='lat' dir='ltr'><strong>culpare</strong></span> <span class='ocrx_word' id='word_1_252' title='bbox 1489 2064 1502 2099; x_wconf 92' lang='lat'>:</span> <span class='ocrx_word' id='word_1_253' title='bbox 1538 2047 1609 2099; x_wconf 92' lang='lat' dir='ltr'><strong>ita</strong></span> <span class='ocrx_word' id='word_1_254' title='bbox 1656 2060 1992 2116; x_wconf 84' lang='lat' dir='ltr'><strong>consequens</strong></span> 
     </span>
    </p>
   </div>
   <div class='ocr_carea' id='block_1_35' title="bbox 394 2136 1989 2209">
    <p class='ocr_par' dir='ltr' id='par_1_35' title="bbox 394 2136 1989 2209">
     <span class='ocr_line' id='line_1_35' title="bbox 394 2136 1989 2209; baseline 0 -17"><span class='ocrx_word' id='word_1_255' title='bbox 394 2156 498 2194; x_wconf 87' lang='lat' dir='ltr'><strong>non</strong></span> <span class='ocrx_word' id='word_1_256' title='bbox 526 2147 612 2195; x_wconf 88' lang='lat' dir='ltr'><strong>est</strong></span> <span class='ocrx_word' id='word_1_257' title='bbox 637 2147 695 2193; x_wconf 93' lang='lat' dir='ltr'><strong>ut</strong></span> <span class='ocrx_word' id='word_1_258' title='bbox 723 2139 846 2209; x_wconf 88' lang='lat' dir='ltr'><strong>quia</strong></span> <span class='ocrx_word' id='word_1_259' title='bbox 878 2146 1062 2193; x_wconf 90' lang='lat' dir='ltr'><strong>sancta</strong></span> <span class='ocrx_word' id='word_1_260' title='bbox 1085 2137 1322 2206; x_wconf 87' lang='lat' dir='ltr'><strong>synodus</strong></span> <span class='ocrx_word' id='word_1_261' title='bbox 1349 2136 1633 2206; x_wconf 88' lang='lat' dir='ltr'><strong>epistolam</strong></span> <span class='ocrx_word' id='word_1_262' title='bbox 1667 2136 1989 2192; x_wconf 83' lang='lat' dir='ltr'><strong>venerabilis</strong></span> 
     </span>
    </p>
   </div>
   <div class='ocr_carea' id='block_1_36' title="bbox 393 2229 1986 2298">
    <p class='ocr_par' dir='ltr' id='par_1_36' title="bbox 393 2229 1986 2298">
     <span class='ocr_line' id='line_1_36' title="bbox 393 2229 1986 2298; baseline -0.003 -12"><span class='ocrx_word' id='word_1_263' title='bbox 393 2234 501 2288; x_wconf 63' lang='lat' dir='ltr'><strong>lli-.c</strong></span> <span class='ocrx_word' id='word_1_264' title='bbox 528 2231 890 2298; x_wconf 82' lang='lat' dir='ltr'><strong>pronuntiavit</strong></span> <span class='ocrx_word' id='word_1_265' title='bbox 917 2230 1297 2296; x_wconf 80' lang='lat' dir='ltr'><strong>orthodoxam,</strong></span> <span class='ocrx_word' id='word_1_266' title='bbox 1325 2238 1612 2298; x_wconf 83' lang='lat' dir='ltr'><strong>propterea</strong></span> <span class='ocrx_word' id='word_1_267' title='bbox 1640 2229 1883 2282; x_wconf 91' lang='lat' dir='ltr'><strong>videatur</strong></span> <span class='ocrx_word' id='word_1_268' title='bbox 1907 2229 1986 2281; x_wconf 86' lang='lat' dir='ltr'><strong>iu-</strong></span> 
     </span>
    </p>
   </div>
   <div class='ocr_carea' id='block_1_37' title="bbox 394 2321 1996 2396">
    <p class='ocr_par' dir='ltr' id='par_1_37' title="bbox 394 2321 1996 2396">
     <span class='ocr_line' id='line_1_37' title="bbox 394 2321 1996 2396; baseline -0.002 -19"><span class='ocrx_word' id='word_1_269' title='bbox 394 2327 584 2396; x_wconf 86' lang='lat' dir='ltr'><strong>juriam</strong></span> <span class='ocrx_word' id='word_1_270' title='bbox 607 2324 660 2379; x_wconf 92' lang='lat' dir='ltr'><strong>in</strong></span> <span class='ocrx_word' id='word_1_271' title='bbox 686 2339 747 2379; x_wconf 90' lang='lat' dir='ltr'><strong>ea</strong></span> <span class='ocrx_word' id='word_1_272' title='bbox 776 2323 913 2380; x_wconf 90' lang='lat' dir='ltr'><strong>beati</strong></span> <span class='ocrx_word' id='word_1_273' title='bbox 934 2322 1122 2394; x_wconf 81' lang='lat' dir='ltr'><strong>Cyrilli</strong></span> <span class='ocrx_word' id='word_1_274' title='bbox 1143 2323 1418 2393; x_wconf 89' lang='lat' dir='ltr'><strong>probasse.</strong></span> <span class='ocrx_word' id='word_1_275' title='bbox 1452 2323 1519 2377; x_wconf 80' lang='lat' dir='ltr'><strong>At</strong></span> <span class='ocrx_word' id='word_1_276' title='bbox 1555 2323 1724 2388; x_wconf 87' lang='lat' dir='ltr'><strong>enim,</strong></span> <span class='ocrx_word' id='word_1_277' title='bbox 1748 2321 1877 2375; x_wconf 89' lang='lat' dir='ltr'><strong>dicit</strong></span> <span class='ocrx_word' id='word_1_278' title='bbox 1898 2321 1996 2374; x_wconf 87' lang='lat' dir='ltr'><strong>ali-</strong></span> 
     </span>
    </p>
   </div>
   <div class='ocr_carea' id='block_1_38' title="bbox 393 2413 1994 2487">
    <p class='ocr_par' dir='ltr' id='par_1_38' title="bbox 393 2413 1994 2487">
     <span class='ocr_line' id='line_1_38' title="bbox 393 2413 1994 2487; baseline -0.002 -17"><span class='ocrx_word' id='word_1_279' title='bbox 393 2419 533 2484; x_wconf 88' lang='lat' dir='ltr'><strong>quis,</strong></span> <span class='ocrx_word' id='word_1_280' title='bbox 557 2417 602 2471; x_wconf 90' lang='lat' dir='ltr'><strong>si</strong></span> <span class='ocrx_word' id='word_1_281' title='bbox 633 2431 762 2487; x_wconf 86' lang='lat' dir='ltr'><strong>ergo</strong></span> <span class='ocrx_word' id='word_1_282' title='bbox 785 2432 892 2470; x_wconf 90' lang='lat' dir='ltr'><strong>non</strong></span> <span class='ocrx_word' id='word_1_283' title='bbox 917 2416 1109 2485; x_wconf 86' lang='lat' dir='ltr'><strong>recipit</strong></span> <span class='ocrx_word' id='word_1_284' title='bbox 1136 2430 1194 2486; x_wconf 89' lang='lat' dir='ltr'><strong>sy</strong></span> <span class='ocrx_word' id='word_1_285' title='bbox 1209 2415 1382 2468; x_wconf 90' lang='lat' dir='ltr'><strong>nodus</strong></span> <span class='ocrx_word' id='word_1_286' title='bbox 1428 2413 1887 2468; x_wconf 87' lang='lat' dir='ltr'><strong>Chalcedonensis</strong></span> <span class='ocrx_word' id='word_1_287' title='bbox 1916 2413 1994 2467; x_wconf 83' lang='lat' dir='ltr'><strong>in-</strong></span> 
     </span>
    </p>
   </div>
   <div class='ocr_carea' id='block_1_39' title="bbox 395 2502 1994 2578">
    <p class='ocr_par' dir='ltr' id='par_1_39' title="bbox 395 2502 1994 2578">
     <span class='ocr_line' id='line_1_39' title="bbox 395 2502 1994 2578; baseline -0.002 -17"><span class='ocrx_word' id='word_1_288' title='bbox 395 2508 586 2578; x_wconf 81' lang='lat' dir='ltr'><strong>juriam</strong></span> <span class='ocrx_word' id='word_1_289' title='bbox 619 2508 758 2564; x_wconf 86' lang='lat' dir='ltr'><strong>beati</strong></span> <span class='ocrx_word' id='word_1_290' title='bbox 786 2506 999 2577; x_wconf 87' lang='lat' dir='ltr'><strong>Cyrilli,</strong></span> <span class='ocrx_word' id='word_1_291' title='bbox 1043 2521 1140 2562; x_wconf 90' lang='lat' dir='ltr'><strong>cur</strong></span> <span class='ocrx_word' id='word_1_292' title='bbox 1165 2506 1450 2575; x_wconf 83' lang='lat' dir='ltr'><strong>epistolam</strong></span> <span class='ocrx_word' id='word_1_293' title='bbox 1483 2505 1622 2560; x_wconf 87' lang='lat' dir='ltr'><strong>male</strong></span> <span class='ocrx_word' id='word_1_294' title='bbox 1658 2504 1726 2559; x_wconf 90' lang='lat' dir='ltr'><strong>de</strong></span> <span class='ocrx_word' id='word_1_295' title='bbox 1770 2504 1888 2574; x_wconf 88' lang='lat' dir='ltr'><strong>ipso</strong></span> <span class='ocrx_word' id='word_1_296' title='bbox 1911 2502 1994 2558; x_wconf 86' lang='lat' dir='ltr'><strong>lo-</strong></span> 
     </span>
    </p>
   </div>
   <div class='ocr_carea' id='block_1_40' title="bbox 396 2595 1998 2670">
    <p class='ocr_par' dir='ltr' id='par_1_40' title="bbox 396 2595 1998 2670">
     <span class='ocr_line' id='line_1_40' title="bbox 396 2595 1998 2670; baseline -0.002 -16"><span class='ocrx_word' id='word_1_297' title='bbox 396 2609 649 2670; x_wconf 89' lang='lat' dir='ltr'><strong>quentem</strong></span> <span class='ocrx_word' id='word_1_298' title='bbox 675 2599 921 2654; x_wconf 89' lang='lat' dir='ltr'><strong>absolute</strong></span> <span class='ocrx_word' id='word_1_299' title='bbox 947 2598 1286 2668; x_wconf 74' lang='lat' dir='ltr'><strong>approbavit,</strong></span> <span class='ocrx_word' id='word_1_300' title='bbox 1315 2607 1370 2652; x_wconf 91' lang='lat' dir='ltr'><strong>et</strong></span> <span class='ocrx_word' id='word_1_301' title='bbox 1413 2611 1529 2651; x_wconf 90' lang='lat' dir='ltr'><strong>eam</strong></span> <span class='ocrx_word' id='word_1_302' title='bbox 1558 2597 1679 2651; x_wconf 88' lang='lat' dir='ltr'><strong>sine</strong></span> <span class='ocrx_word' id='word_1_303' title='bbox 1705 2595 1814 2650; x_wconf 85' lang='lat' dir='ltr'><strong>ulla</strong></span> <span class='ocrx_word' id='word_1_304' title='bbox 1838 2609 1998 2651; x_wconf 84' lang='lat' dir='ltr'><strong>cxce—</strong></span> 
     </span>
    </p>
   </div>
   <div class='ocr_carea' id='block_1_41' title="bbox 397 2689 1998 2764">
    <p class='ocr_par' dir='ltr' id='par_1_41' title="bbox 397 2689 1998 2764">
     <span class='ocr_line' id='line_1_41' title="bbox 397 2689 1998 2764; baseline -0.001 -18"><span class='ocrx_word' id='word_1_305' title='bbox 397 2695 579 2762; x_wconf 88' lang='lat' dir='ltr'><strong>ptione</strong></span> <span class='ocrx_word' id='word_1_306' title='bbox 601 2693 972 2764; x_wconf 80' lang='lat' dir='ltr'><strong>pronuntiavit</strong></span> <span class='ocrx_word' id='word_1_307' title='bbox 1005 2691 1358 2746; x_wconf 85' lang='lat' dir='ltr'><strong>orthodoxam</strong></span> <span class='ocrx_word' id='word_1_308' title='bbox 1383 2690 1406 2743; x_wconf 84' lang='lat'><strong>?</strong></span> <span class='ocrx_word' id='word_1_309' title='bbox 1439 2691 1628 2745; x_wconf 88' lang='lat' dir='ltr'><strong>Debuit</strong></span> <span class='ocrx_word' id='word_1_310' title='bbox 1647 2689 1790 2745; x_wconf 89' lang='lat' dir='ltr'><strong>enim</strong></span> <span class='ocrx_word' id='word_1_311' title='bbox 1819 2689 1998 2744; x_wconf 89' lang='lat' dir='ltr'><strong>dicere</strong></span> 
     </span>
    </p>
   </div>
   <div class='ocr_carea' id='block_1_42' title="bbox 395 2781 1996 2855">
    <p class='ocr_par' dir='ltr' id='par_1_42' title="bbox 395 2781 1996 2855">
     <span class='ocr_line' id='line_1_42' title="bbox 395 2781 1996 2855; baseline -0.001 -18"><span class='ocrx_word' id='word_1_312' title='bbox 395 2785 539 2855; x_wconf 82' lang='lat' dir='ltr'><strong>quod</strong></span> <span class='ocrx_word' id='word_1_313' title='bbox 587 2785 642 2840; x_wconf 88' lang='lat' dir='ltr'><strong>in</strong></span> <span class='ocrx_word' id='word_1_314' title='bbox 679 2783 999 2854; x_wconf 88' lang='lat' dir='ltr'><strong>quibusdam</strong></span> <span class='ocrx_word' id='word_1_315' title='bbox 1042 2785 1330 2839; x_wconf 87' lang='lat' dir='ltr'><strong>erraverit.</strong></span> <span class='ocrx_word' id='word_1_316' title='bbox 1387 2781 1703 2838; x_wconf 84' lang='lat' dir='ltr'><strong>Ostenditur</strong></span> <span class='ocrx_word' id='word_1_317' title='bbox 1746 2781 1996 2853; x_wconf 84' lang='lat' dir='ltr'><strong>equidem</strong></span> 
     </span>
    </p>
   </div>
   <div class='ocr_carea' id='block_1_43' title="bbox 396 2875 2001 2946">
    <p class='ocr_par' dir='ltr' id='par_1_43' title="bbox 396 2875 2001 2946">
     <span class='ocr_line' id='line_1_43' title="bbox 396 2875 2001 2946; baseline -0.001 -18"><span class='ocrx_word' id='word_1_318' title='bbox 396 2894 460 2930; x_wconf 74' lang='lat' dir='ltr'><strong>ex</strong></span> <span class='ocrx_word' id='word_1_319' title='bbox 493 2877 738 2946; x_wconf 86' lang='lat' dir='ltr'><strong>superius</strong></span> <span class='ocrx_word' id='word_1_320' title='bbox 767 2875 1098 2940; x_wconf 89' lang='lat' dir='ltr'><strong>memoratis,</strong></span> <span class='ocrx_word' id='word_1_321' title='bbox 1123 2875 1264 2946; x_wconf 90' lang='lat' dir='ltr'><strong>quod</strong></span> <span class='ocrx_word' id='word_1_322' title='bbox 1285 2875 1354 2929; x_wconf 90' lang='lat' dir='ltr'><strong>ob</strong></span> <span class='ocrx_word' id='word_1_323' title='bbox 1385 2875 1488 2930; x_wconf 91' lang='lat' dir='ltr'><strong>hoc</strong></span> <span class='ocrx_word' id='word_1_324' title='bbox 1519 2882 1799 2929; x_wconf 90' lang='lat' dir='ltr'><strong>auctorem</strong></span> <span class='ocrx_word' id='word_1_325' title='bbox 1832 2875 2001 2942; x_wconf 88' lang='lat' dir='ltr'><strong>ipsius</strong></span> 
     </span>
    </p>
   </div>
   <div class='ocr_carea' id='block_1_44' title="bbox 398 2966 2005 3036">
    <p class='ocr_par' dir='ltr' id='par_1_44' title="bbox 398 2966 2005 3036">
     <span class='ocr_line' id='line_1_44' title="bbox 398 2966 2005 3036; baseline -0.002 -14"><span class='ocrx_word' id='word_1_326' title='bbox 398 2969 647 3034; x_wconf 78' lang='lat' dir='ltr'><strong>epistolae</strong></span> <span class='ocrx_word' id='word_1_327' title='bbox 670 2969 737 3023; x_wconf 89' lang='lat' dir='ltr'><strong>de</strong></span> <span class='ocrx_word' id='word_1_328' title='bbox 771 2969 872 3022; x_wconf 89' lang='lat' dir='ltr'><strong>isto</strong></span> <span class='ocrx_word' id='word_1_329' title='bbox 900 2982 1087 3022; x_wconf 89' lang='lat' dir='ltr'><strong>errore</strong></span> <span class='ocrx_word' id='word_1_330' title='bbox 1133 2983 1237 3021; x_wconf 92' lang='lat' dir='ltr'><strong>non</strong></span> <span class='ocrx_word' id='word_1_331' title='bbox 1283 2966 1478 3036; x_wconf 80' lang='lat' dir='ltr'><strong>arguit,</strong></span> <span class='ocrx_word' id='word_1_332' title='bbox 1514 2966 1769 3036; x_wconf 87' lang='lat' dir='ltr'><strong>quoniam</strong></span> <span class='ocrx_word' id='word_1_333' title='bbox 1802 2966 1859 3020; x_wconf 86' lang='lat' dir='ltr'><strong>in</strong></span> <span class='ocrx_word' id='word_1_334' title='bbox 1885 2966 2005 3034; x_wconf 83' lang='lat' dir='ltr'><strong>qui-</strong></span> 
     </span>
    </p>
   </div>
   <div class='ocr_carea' id='block_1_45' title="bbox 401 3041 2004 3130">
    <p class='ocr_par' dir='ltr' id='par_1_45' title="bbox 401 3041 2004 3130">
     <span class='ocr_line' id='line_1_45' title="bbox 401 3041 2004 3130; baseline -0.002 -14"><span class='ocrx_word' id='word_1_335' title='bbox 401 3063 500 3116; x_wconf 91' lang='lat' dir='ltr'><strong>bus</strong></span> <span class='ocrx_word' id='word_1_336' title='bbox 529 3071 645 3116; x_wconf 86' lang='lat' dir='ltr'><strong>erat</strong></span> <span class='ocrx_word' id='word_1_337' title='bbox 700 3063 847 3117; x_wconf 89' lang='lat' dir='ltr'><strong>visus</strong></span> <span class='ocrx_word' id='word_1_338' title='bbox 905 3041 1126 3130; x_wconf 78' lang='lat' dir='ltr'><strong>culpare</strong></span> <span class='ocrx_word' id='word_1_339' title='bbox 1177 3060 1317 3113; x_wconf 89' lang='lat' dir='ltr'><strong>male</strong></span> <span class='ocrx_word' id='word_1_340' title='bbox 1359 3063 1583 3128; x_wconf 89' lang='lat' dir='ltr'><strong>loquens</strong></span> <span class='ocrx_word' id='word_1_341' title='bbox 1636 3059 2004 3114; x_wconf 89' lang='lat' dir='ltr'><strong>beatissimum</strong></span> 
     </span>
    </p>
   </div>
   <div class='ocr_carea' id='block_1_46' title="bbox 401 3151 2003 3226">
    <p class='ocr_par' dir='ltr' id='par_1_46' title="bbox 401 3151 2003 3226">
     <span class='ocr_line' id='line_1_46' title="bbox 401 3151 2003 3226; baseline -0.002 -20"><span class='ocrx_word' id='word_1_342' title='bbox 401 3154 681 3226; x_wconf 74' lang='lat' dir='ltr'><strong>Cyrillum,</strong></span> <span class='ocrx_word' id='word_1_343' title='bbox 715 3155 767 3207; x_wconf 91' lang='lat' dir='ltr'><strong>in</strong></span> <span class='ocrx_word' id='word_1_344' title='bbox 811 3153 1201 3224; x_wconf 87' lang='lat' dir='ltr'><strong>posterioribus</strong></span> <span class='ocrx_word' id='word_1_345' title='bbox 1230 3160 1377 3207; x_wconf 80' lang='lat' dir='ltr'><strong>recte</strong></span> <span class='ocrx_word' id='word_1_346' title='bbox 1407 3151 1688 3206; x_wconf 87' lang='lat' dir='ltr'><strong>confessus</strong></span> <span class='ocrx_word' id='word_1_347' title='bbox 1735 3151 1851 3218; x_wconf 87' lang='lat' dir='ltr'><strong>ipse</strong></span> <span class='ocrx_word' id='word_1_348' title='bbox 1893 3151 2003 3220; x_wconf 86' lang='lat' dir='ltr'><strong>jam</strong></span> 
     </span>
    </p>
   </div>
   <div class='ocr_carea' id='block_1_47' title="bbox 402 3241 2010 3314">
    <p class='ocr_par' dir='ltr' id='par_1_47' title="bbox 402 3241 2010 3314">
     <span class='ocr_line' id='line_1_47' title="bbox 402 3241 2010 3314; baseline -0.003 -14"><span class='ocrx_word' id='word_1_349' title='bbox 402 3261 680 3312; x_wconf 89' lang='lat' dir='ltr'><strong>respuerat</strong></span> <span class='ocrx_word' id='word_1_350' title='bbox 709 3245 797 3299; x_wconf 88' lang='lat' dir='ltr'><strong>illa</strong></span> <span class='ocrx_word' id='word_1_351' title='bbox 826 3245 1016 3314; x_wconf 82' lang='lat' dir='ltr'><strong>quibus</strong></span> <span class='ocrx_word' id='word_1_352' title='bbox 1052 3243 1390 3312; x_wconf 77' lang='lat' dir='ltr'><strong>culpaverat.</strong></span> <span class='ocrx_word' id='word_1_353' title='bbox 1444 3241 1853 3307; x_wconf 84' lang='lat' dir='ltr'><strong>Verumtamen,</strong></span> <span class='ocrx_word' id='word_1_354' title='bbox 1907 3241 2010 3298; x_wconf 90' lang='lat' dir='ltr'><strong>etsi</strong></span> 
     </span>
    </p>
   </div>
   <div class='ocr_carea' id='block_1_48' title="bbox 404 3335 2008 3408">
    <p class='ocr_par' dir='ltr' id='par_1_48' title="bbox 404 3335 2008 3408">
     <span class='ocr_line' id='line_1_48' title="bbox 404 3335 2008 3408; baseline -0.002 -18"><span class='ocrx_word' id='word_1_355' title='bbox 404 3339 508 3393; x_wconf 88' lang='lat' dir='ltr'><strong>hoc</strong></span> <span class='ocrx_word' id='word_1_356' title='bbox 536 3339 796 3393; x_wconf 85' lang='lat' dir='ltr'><strong>sententia</strong></span> <span class='ocrx_word' id='word_1_357' title='bbox 823 3337 1016 3408; x_wconf 85' lang='lat' dir='ltr'><strong>synodi</strong></span> <span class='ocrx_word' id='word_1_358' title='bbox 1073 3337 1297 3392; x_wconf 88' lang='lat' dir='ltr'><strong>minime</strong></span> <span class='ocrx_word' id='word_1_359' title='bbox 1348 3336 1676 3399; x_wconf 87' lang='lat' dir='ltr'><strong>contineret,</strong></span> <span class='ocrx_word' id='word_1_360' title='bbox 1729 3348 1904 3405; x_wconf 88' lang='lat' dir='ltr'><strong>neque</strong></span> <span class='ocrx_word' id='word_1_361' title='bbox 1929 3335 2008 3389; x_wconf 90' lang='lat' dir='ltr'><strong>sic</strong></span> 
     </span>
    </p>
   </div>
   <div class='ocr_carea' id='block_1_49' title="bbox 403 3424 2006 3499">
    <p class='ocr_par' dir='ltr' id='par_1_49' title="bbox 403 3424 2006 3499">
     <span class='ocr_line' id='line_1_49' title="bbox 403 3424 2006 3499; baseline -0.006 -14"><span class='ocrx_word' id='word_1_362' title='bbox 403 3440 545 3486; x_wconf 88' lang='lat' dir='ltr'><strong>esset</strong></span> <span class='ocrx_word' id='word_1_363' title='bbox 570 3430 828 3485; x_wconf 82' lang='lat' dir='ltr'><strong>credibile</strong></span> <span class='ocrx_word' id='word_1_364' title='bbox 854 3429 997 3499; x_wconf 91' lang='lat' dir='ltr'><strong>quod</strong></span> <span class='ocrx_word' id='word_1_365' title='bbox 1032 3429 1083 3484; x_wconf 92' lang='lat' dir='ltr'><strong>in</strong></span> <span class='ocrx_word' id='word_1_366' title='bbox 1115 3429 1341 3497; x_wconf 56' lang='lat' dir='ltr'><strong>epistola</strong></span> <span class='ocrx_word' id='word_1_367' title='bbox 1370 3425 1696 3481; x_wconf 75' lang='lat' dir='ltr'><strong>venerabilis</strong></span> <span class='ocrx_word' id='word_1_368' title='bbox 1740 3426 1844 3481; x_wconf 61' lang='lat' dir='ltr'><strong>lba‘.</strong></span> <span class='ocrx_word' id='word_1_369' title='bbox 1867 3424 2006 3494; x_wconf 88' lang='lat' dir='ltr'><strong>inju-</strong></span> 
     </span>
    </p>
   </div>
   <div class='ocr_carea' id='block_1_50' title="bbox 403 3515 2007 3594">
    <p class='ocr_par' dir='ltr' id='par_1_50' title="bbox 403 3515 2007 3594">
     <span class='ocr_line' id='line_1_50' title="bbox 403 3515 2007 3594; baseline -0.006 -15"><span class='ocrx_word' id='word_1_370' title='bbox 403 3524 537 3579; x_wconf 71' lang='lat' dir='ltr'><strong>riam</strong></span> <span class='ocrx_word' id='word_1_371' title='bbox 560 3523 698 3578; x_wconf 89' lang='lat' dir='ltr'><strong>beati</strong></span> <span class='ocrx_word' id='word_1_372' title='bbox 739 3522 928 3594; x_wconf 85' lang='lat' dir='ltr'><strong>Cyrilli</strong></span> <span class='ocrx_word' id='word_1_373' title='bbox 974 3521 1376 3591; x_wconf 79' lang='lat' dir='ltr'><strong>approbaveiit,</strong></span> <span class='ocrx_word' id='word_1_374' title='bbox 1425 3517 1580 3588; x_wconf 83' lang='lat' dir='ltr'><strong>cujus</strong></span> <span class='ocrx_word' id='word_1_375' title='bbox 1617 3517 1776 3572; x_wconf 88' lang='lat' dir='ltr'><strong>fidem</strong></span> <span class='ocrx_word' id='word_1_376' title='bbox 1826 3515 2007 3572; x_wconf 89' lang='lat' dir='ltr'><strong>multis</strong></span> 
     </span>
    </p>
   </div>
   <div class='ocr_carea' id='block_1_51' title="bbox 400 3610 2006 3680">
    <p class='ocr_par' dir='ltr' id='par_1_51' title="bbox 400 3610 2006 3680">
     <span class='ocr_line' id='line_1_51' title="bbox 400 3610 2006 3680; baseline -0.005 -10"><span class='ocrx_word' id='word_1_377' title='bbox 400 3628 456 3670; x_wconf 85' lang='lat' dir='ltr'><strong>et</strong></span> <span class='ocrx_word' id='word_1_378' title='bbox 481 3617 734 3673; x_wconf 90' lang='lat' dir='ltr'><strong>consonis</strong></span> <span class='ocrx_word' id='word_1_379' title='bbox 788 3617 1010 3672; x_wconf 88' lang='lat' dir='ltr'><strong>vocibus</strong></span> <span class='ocrx_word' id='word_1_380' title='bbox 1057 3613 1313 3669; x_wconf 67' lang='lat' dir='ltr'><strong>laudasse</strong></span> <span class='ocrx_word' id='word_1_381' title='bbox 1365 3610 1676 3667; x_wconf 87' lang='lat' dir='ltr'><strong>testimonio</strong></span> <span class='ocrx_word' id='word_1_382' title='bbox 1730 3618 2006 3680; x_wconf 70' lang='lat' dir='ltr'><strong>gestorum</strong></span> 
     </span>
    </p>
   </div>
   <div class='ocr_carea' id='block_1_52' title="bbox 405 3701 2008 3779">
    <p class='ocr_par' dir='ltr' id='par_1_52' title="bbox 405 3701 2008 3779">
     <span class='ocr_line' id='line_1_52' title="bbox 405 3701 2008 3779; baseline -0.002 -19"><span class='ocrx_word' id='word_1_383' title='bbox 405 3709 572 3776; x_wconf 79' lang='lat' dir='ltr'><strong>ipsius</strong></span> <span class='ocrx_word' id='word_1_384' title='bbox 599 3707 793 3779; x_wconf 85' lang='lat' dir='ltr'><strong>synodi</strong></span> <span class='ocrx_word' id='word_1_385' title='bbox 825 3715 1238 3763; x_wconf 88' lang='lat' dir='ltr'><strong>monstraretur.</strong></span> <span class='ocrx_word' id='word_1_386' title='bbox 1267 3703 1422 3773; x_wconf 84' lang='lat' dir='ltr'><strong>Quod</strong></span> <span class='ocrx_word' id='word_1_387' title='bbox 1448 3704 1491 3758; x_wconf 92' lang='lat' dir='ltr'><strong>si</strong></span> <span class='ocrx_word' id='word_1_388' title='bbox 1521 3703 1676 3759; x_wconf 88' lang='lat' dir='ltr'><strong>nobis</strong></span> <span class='ocrx_word' id='word_1_389' title='bbox 1697 3711 1751 3758; x_wconf 90' lang='lat' dir='ltr'><strong>et</strong></span> <span class='ocrx_word' id='word_1_390' title='bbox 1782 3701 1882 3758; x_wconf 92' lang='lat' dir='ltr'><strong>hoc</strong></span> <span class='ocrx_word' id='word_1_391' title='bbox 1913 3701 2008 3757; x_wconf 88' lang='lat' dir='ltr'><strong>de-</strong></span> 
     </span>
    </p>
   </div>
   <div class='ocr_carea' id='block_1_53' title="bbox 403 3793 2007 3869">
    <p class='ocr_par' dir='ltr' id='par_1_53' title="bbox 403 3793 2007 3869">
     <span class='ocr_line' id='line_1_53' title="bbox 403 3793 2007 3869; baseline -0.004 -14"><span class='ocrx_word' id='word_1_392' title='bbox 403 3803 614 3869; x_wconf 79' lang='lat' dir='ltr'><strong>fuisset,</strong></span> <span class='ocrx_word' id='word_1_393' title='bbox 645 3803 823 3858; x_wconf 87' lang='lat' dir='ltr'><strong>nullus</strong></span> <span class='ocrx_word' id='word_1_394' title='bbox 846 3801 1135 3858; x_wconf 87' lang='lat' dir='ltr'><strong>ostendere</strong></span> <span class='ocrx_word' id='word_1_395' title='bbox 1154 3808 1335 3869; x_wconf 90' lang='lat' dir='ltr'><strong>posset</strong></span> <span class='ocrx_word' id='word_1_396' title='bbox 1365 3799 1418 3853; x_wconf 92' lang='lat' dir='ltr'><strong>in</strong></span> <span class='ocrx_word' id='word_1_397' title='bbox 1447 3797 1565 3868; x_wconf 90' lang='lat' dir='ltr'><strong>ejus</strong></span> <span class='ocrx_word' id='word_1_398' title='bbox 1579 3795 1846 3852; x_wconf 89' lang='lat' dir='ltr'><strong>sententia</strong></span> <span class='ocrx_word' id='word_1_399' title='bbox 1866 3793 2007 3865; x_wconf 86' lang='lat' dir='ltr'><strong>quod</strong></span> 
     </span>
    </p>
   </div>
   <div class='ocr_carea' id='block_1_54' title="bbox 403 3889 2005 3965">
    <p class='ocr_par' dir='ltr' id='par_1_54' title="bbox 403 3889 2005 3965">
     <span class='ocr_line' id='line_1_54' title="bbox 403 3889 2005 3965; baseline -0.004 -18"><span class='ocrx_word' id='word_1_400' title='bbox 403 3895 782 3965; x_wconf 74' lang='lat' dir='ltr'><strong>approbaverit</strong></span> <span class='ocrx_word' id='word_1_401' title='bbox 811 3894 990 3949; x_wconf 89' lang='lat' dir='ltr'><strong>omnia</strong></span> <span class='ocrx_word' id='word_1_402' title='bbox 1016 3909 1139 3964; x_wconf 64' lang='lat' dir='ltr'><strong>quas</strong></span> <span class='ocrx_word' id='word_1_403' title='bbox 1168 3893 1221 3948; x_wconf 92' lang='lat' dir='ltr'><strong>in</strong></span> <span class='ocrx_word' id='word_1_404' title='bbox 1256 3893 1344 3946; x_wconf 88' lang='lat' dir='ltr'><strong>illa</strong></span> <span class='ocrx_word' id='word_1_405' title='bbox 1383 3890 1610 3962; x_wconf 85' lang='lat' dir='ltr'><strong>epistola</strong></span> <span class='ocrx_word' id='word_1_406' title='bbox 1643 3889 2005 3944; x_wconf 87' lang='lat' dir='ltr'><strong>continentur.</strong></span> 
     </span>
    </p>
   </div>
   <div class='ocr_carea' id='block_1_55' title="bbox 408 3981 2006 4053">
    <p class='ocr_par' dir='ltr' id='par_1_55' title="bbox 408 3981 2006 4053">
     <span class='ocr_line' id='line_1_55' title="bbox 408 3981 2006 4053; baseline -0.004 -13"><span class='ocrx_word' id='word_1_407' title='bbox 408 3988 560 4042; x_wconf 84' lang='lat' dir='ltr'><strong>Unde</strong></span> <span class='ocrx_word' id='word_1_408' title='bbox 591 3988 634 4042; x_wconf 91' lang='lat' dir='ltr'><strong>si</strong></span> <span class='ocrx_word' id='word_1_409' title='bbox 662 3989 851 4043; x_wconf 87' lang='lat' dir='ltr'><strong>liceret</strong></span> <span class='ocrx_word' id='word_1_410' title='bbox 871 3987 1026 4042; x_wconf 85' lang='lat' dir='ltr'><strong>alteri</strong></span> <span class='ocrx_word' id='word_1_411' title='bbox 1060 3987 1183 4041; x_wconf 91' lang='lat' dir='ltr'><strong>binc</strong></span> <span class='ocrx_word' id='word_1_412' title='bbox 1207 3999 1467 4040; x_wconf 88' lang='lat' dir='ltr'><strong>accusare</strong></span> <span class='ocrx_word' id='word_1_413' title='bbox 1495 3983 1760 4053; x_wconf 86' lang='lat' dir='ltr'><strong>synodum</strong></span> <span class='ocrx_word' id='word_1_414' title='bbox 1808 3981 1928 4051; x_wconf 88' lang='lat' dir='ltr'><strong>quia</strong></span> <span class='ocrx_word' id='word_1_415' title='bbox 1954 3981 2006 4034; x_wconf 90' lang='lat' dir='ltr'><strong>in</strong></span> 
     </span>
    </p>
   </div>
   <div class='ocr_carea' id='block_1_56' title="bbox 403 4071 2008 4147">
    <p class='ocr_par' dir='ltr' id='par_1_56' title="bbox 403 4071 2008 4147">
     <span class='ocr_line' id='line_1_56' title="bbox 403 4071 2008 4147; baseline -0.002 -17"><span class='ocrx_word' id='word_1_416' title='bbox 403 4079 522 4147; x_wconf 69' lang='lat' dir='ltr'><strong>ejus</strong></span> <span class='ocrx_word' id='word_1_417' title='bbox 551 4079 820 4134; x_wconf 64' lang='lat' dir='ltr'><strong>sentlntia</strong></span> <span class='ocrx_word' id='word_1_418' title='bbox 853 4094 958 4133; x_wconf 91' lang='lat' dir='ltr'><strong>non</strong></span> <span class='ocrx_word' id='word_1_419' title='bbox 991 4078 1325 4132; x_wconf 88' lang='lat' dir='ltr'><strong>inveniretur</strong></span> <span class='ocrx_word' id='word_1_420' title='bbox 1346 4075 1487 4146; x_wconf 90' lang='lat' dir='ltr'><strong>quod</strong></span> <span class='ocrx_word' id='word_1_421' title='bbox 1535 4090 1654 4131; x_wconf 86' lang='lat' dir='ltr'><strong>eam</strong></span> <span class='ocrx_word' id='word_1_422' title='bbox 1701 4073 1754 4128; x_wconf 93' lang='lat' dir='ltr'><strong>in</strong></span> <span class='ocrx_word' id='word_1_423' title='bbox 1785 4071 2008 4143; x_wconf 88' lang='lat' dir='ltr'><strong>quibus-</strong></span> 
     </span>
    </p>
   </div>
   <div class='ocr_carea' id='block_1_57' title="bbox 404 4163 2008 4239">
    <p class='ocr_par' dir='ltr' id='par_1_57' title="bbox 404 4163 2008 4239">
     <span class='ocr_line' id='line_1_57' title="bbox 404 4163 2008 4239; baseline 0.001 -22"><span class='ocrx_word' id='word_1_424' title='bbox 404 4172 526 4222; x_wconf 84' lang='lat' dir='ltr'><strong>dam</strong></span> <span class='ocrx_word' id='word_1_425' title='bbox 557 4169 935 4239; x_wconf 89' lang='lat' dir='ltr'><strong>approbaverit</strong></span> <span class='ocrx_word' id='word_1_426' title='bbox 967 4211 982 4236; x_wconf 96' lang='lat'><strong>,</strong></span> <span class='ocrx_word' id='word_1_427' title='bbox 1031 4167 1272 4238; x_wconf 86' lang='lat' dir='ltr'><strong>profecto</strong></span> <span class='ocrx_word' id='word_1_428' title='bbox 1305 4166 1495 4222; x_wconf 84' lang='lat' dir='ltr'><strong>liceret</strong></span> <span class='ocrx_word' id='word_1_429' title='bbox 1524 4166 1687 4222; x_wconf 90' lang='lat' dir='ltr'><strong>etiam</strong></span> <span class='ocrx_word' id='word_1_430' title='bbox 1719 4163 1850 4219; x_wconf 87' lang='lat' dir='ltr'><strong>mihi</strong></span> <span class='ocrx_word' id='word_1_431' title='bbox 1883 4164 2008 4219; x_wconf 87' lang='lat' dir='ltr'><strong>hinc</strong></span> 
     </span>
    </p>
   </div>
   <div class='ocr_carea' id='block_1_58' title="bbox 402 4257 2004 4332">
    <p class='ocr_par' dir='ltr' id='par_1_58' title="bbox 402 4257 2004 4332">
     <span class='ocr_line' id='line_1_58' title="bbox 402 4257 2004 4332; baseline -0.002 -20"><span class='ocrx_word' id='word_1_432' title='bbox 402 4261 648 4314; x_wconf 81' lang='lat' dir='ltr'><strong>eamdem</strong></span> <span class='ocrx_word' id='word_1_433' title='bbox 676 4260 942 4332; x_wconf 86' lang='lat' dir='ltr'><strong>synodum</strong></span> <span class='ocrx_word' id='word_1_434' title='bbox 993 4275 1280 4323; x_wconf 87' lang='lat' dir='ltr'><strong>excusare,</strong></span> <span class='ocrx_word' id='word_1_435' title='bbox 1313 4259 1435 4328; x_wconf 90' lang='lat' dir='ltr'><strong>quia</strong></span> <span class='ocrx_word' id='word_1_436' title='bbox 1489 4258 1543 4312; x_wconf 91' lang='lat' dir='ltr'><strong>in</strong></span> <span class='ocrx_word' id='word_1_437' title='bbox 1575 4257 1694 4327; x_wconf 90' lang='lat' dir='ltr'><strong>ejus</strong></span> <span class='ocrx_word' id='word_1_438' title='bbox 1737 4257 2004 4310; x_wconf 75' lang='lat' dir='ltr'><strong>sententia</strong></span> 
     </span>
    </p>
   </div>
   <div class='ocr_carea' id='block_1_59' title="bbox 403 4348 2005 4422">
    <p class='ocr_par' dir='ltr' id='par_1_59' title="bbox 403 4348 2005 4422">
     <span class='ocr_line' id='line_1_59' title="bbox 403 4348 2005 4422; baseline -0.004 -15"><span class='ocrx_word' id='word_1_439' title='bbox 403 4367 510 4407; x_wconf 91' lang='lat' dir='ltr'><strong>nou</strong></span> <span class='ocrx_word' id='word_1_440' title='bbox 541 4352 874 4406; x_wconf 85' lang='lat' dir='ltr'><strong>inveniretur</strong></span> <span class='ocrx_word' id='word_1_441' title='bbox 905 4351 1047 4422; x_wconf 90' lang='lat' dir='ltr'><strong>quod</strong></span> <span class='ocrx_word' id='word_1_442' title='bbox 1073 4352 1128 4404; x_wconf 91' lang='lat' dir='ltr'><strong>in</strong></span> <span class='ocrx_word' id='word_1_443' title='bbox 1154 4353 1407 4405; x_wconf 87' lang='lat' dir='ltr'><strong>omnibus</strong></span> <span class='ocrx_word' id='word_1_444' title='bbox 1437 4349 1841 4419; x_wconf 87' lang='lat' dir='ltr'><strong>approbavcrit.</strong></span> <span class='ocrx_word' id='word_1_445' title='bbox 1873 4348 2005 4401; x_wconf 78' lang='lat' dir='ltr'><strong>Nam</strong></span> 
     </span>
    </p>
   </div>
   <div class='ocr_carea' id='block_1_60' title="bbox 403 4441 2004 4512">
    <p class='ocr_par' dir='ltr' id='par_1_60' title="bbox 403 4441 2004 4512">
     <span class='ocr_line' id='line_1_60' title="bbox 403 4441 2004 4512; baseline -0.003 -16"><span class='ocrx_word' id='word_1_446' title='bbox 403 4442 538 4498; x_wconf 86' lang='lat' dir='ltr'><strong>sicut</strong></span> <span class='ocrx_word' id='word_1_447' title='bbox 567 4458 687 4498; x_wconf 88' lang='lat' dir='ltr'><strong>eam</strong></span> <span class='ocrx_word' id='word_1_448' title='bbox 719 4457 824 4496; x_wconf 88' lang='lat' dir='ltr'><strong>nou</strong></span> <span class='ocrx_word' id='word_1_449' title='bbox 867 4442 918 4496; x_wconf 90' lang='lat' dir='ltr'><strong>in</strong></span> <span class='ocrx_word' id='word_1_450' title='bbox 951 4441 1268 4512; x_wconf 88' lang='lat' dir='ltr'><strong>quibusdam</strong></span> <span class='ocrx_word' id='word_1_451' title='bbox 1296 4441 1433 4495; x_wconf 86' lang='lat' dir='ltr'><strong>dixit</strong></span> <span class='ocrx_word' id='word_1_452' title='bbox 1486 4455 1610 4495; x_wconf 89' lang='lat' dir='ltr'><strong>esse</strong></span> <span class='ocrx_word' id='word_1_453' title='bbox 1657 4447 1882 4504; x_wconf 87' lang='lat' dir='ltr'><strong>rectam,</strong></span> <span class='ocrx_word' id='word_1_454' title='bbox 1936 4441 2004 4494; x_wconf 88' lang='lat' dir='ltr'><strong>ita</strong></span> 
     </span>
    </p>
   </div>
   <div class='ocr_carea' id='block_1_61' title="bbox 404 4530 2004 4600">
    <p class='ocr_par' dir='ltr' id='par_1_61' title="bbox 404 4530 2004 4600">
     <span class='ocr_line' id='line_1_61' title="bbox 404 4530 2004 4600; baseline -0.004 -10"><span class='ocrx_word' id='word_1_455' title='bbox 404 4549 505 4590; x_wconf 87' lang='lat' dir='ltr'><strong>nec</strong></span> <span class='ocrx_word' id='word_1_456' title='bbox 537 4537 587 4588; x_wconf 91' lang='lat' dir='ltr'><strong>in</strong></span> <span class='ocrx_word' id='word_1_457' title='bbox 611 4533 860 4588; x_wconf 89' lang='lat' dir='ltr'><strong>omnibus</strong></span> <span class='ocrx_word' id='word_1_458' title='bbox 889 4533 1046 4586; x_wconf 88' lang='lat' dir='ltr'><strong>dixit.</strong></span> <span class='ocrx_word' id='word_1_459' title='bbox 1099 4532 1251 4600; x_wconf 85' lang='lat' dir='ltr'><strong>Quod</strong></span> <span class='ocrx_word' id='word_1_460' title='bbox 1281 4532 1326 4585; x_wconf 91' lang='lat' dir='ltr'><strong>si</strong></span> <span class='ocrx_word' id='word_1_461' title='bbox 1369 4539 1423 4585; x_wconf 89' lang='lat' dir='ltr'><strong>ct</strong></span> <span class='ocrx_word' id='word_1_462' title='bbox 1469 4530 1520 4584; x_wconf 92' lang='lat' dir='ltr'><strong>in</strong></span> <span class='ocrx_word' id='word_1_463' title='bbox 1565 4530 1815 4584; x_wconf 88' lang='lat' dir='ltr'><strong>omnibus</strong></span> <span class='ocrx_word' id='word_1_464' title='bbox 1856 4530 2004 4584; x_wconf 84' lang='lat' dir='ltr'><strong>dice-</strong></span> 
     </span>
    </p>
   </div>
   <div class='ocr_carea' id='block_1_62' title="bbox 404 4622 2006 4695">
    <p class='ocr_par' dir='ltr' id='par_1_62' title="bbox 404 4622 2006 4695">
     <span class='ocr_line' id='line_1_62' title="bbox 404 4622 2006 4695; baseline -0.003 -14"><span class='ocrx_word' id='word_1_465' title='bbox 404 4635 509 4688; x_wconf 84' lang='lat' dir='ltr'><strong>ret,</strong></span> <span class='ocrx_word' id='word_1_466' title='bbox 543 4642 662 4695; x_wconf 78' lang='lat' dir='ltr'><strong>(pne</strong></span> <span class='ocrx_word' id='word_1_467' title='bbox 683 4626 748 4679; x_wconf 90' lang='lat' dir='ltr'><strong>ad</strong></span> <span class='ocrx_word' id='word_1_468' title='bbox 781 4624 1172 4695; x_wconf 81' lang='lat' dir='ltr'><strong>confessionem</strong></span> <span class='ocrx_word' id='word_1_469' title='bbox 1199 4623 1321 4678; x_wconf 88' lang='lat' dir='ltr'><strong>lldei</strong></span> <span class='ocrx_word' id='word_1_470' title='bbox 1345 4639 1502 4692; x_wconf 86' lang='lat' dir='ltr'><strong>quam</strong></span> <span class='ocrx_word' id='word_1_471' title='bbox 1528 4624 1581 4677; x_wconf 90' lang='lat' dir='ltr'><strong>in</strong></span> <span class='ocrx_word' id='word_1_472' title='bbox 1602 4622 1875 4676; x_wconf 84' lang='lat' dir='ltr'><strong>Christum</strong></span> <span class='ocrx_word' id='word_1_473' title='bbox 1908 4622 2006 4676; x_wconf 84' lang='lat' dir='ltr'><strong>ha-</strong></span> 
     </span>
    </p>
   </div>
   <div class='ocr_carea' id='block_1_63' title="bbox 2100 2041 3691 2115">
    <p class='ocr_par' dir='ltr' id='par_1_63' title="bbox 2100 2041 3691 2115">
     <span class='ocr_line' id='line_1_63' title="bbox 2100 2041 3691 2115; baseline -0.006 -16"><span class='ocrx_word' id='word_1_474' title='bbox 2100 2045 2158 2099; x_wconf 83' lang='lat' dir='ltr'><strong>Et</strong></span> <span class='ocrx_word' id='word_1_475' title='bbox 2191 2045 2310 2100; x_wconf 61' lang='lat' dir='ltr'><strong>ideo</strong></span> <span class='ocrx_word' id='word_1_476' title='bbox 2339 2044 2384 2099; x_wconf 89' lang='lat' dir='ltr'><strong>si</strong></span> <span class='ocrx_word' id='word_1_477' title='bbox 2417 2044 2649 2115; x_wconf 88' lang='lat' dir='ltr'><strong>cpistola</strong></span> <span class='ocrx_word' id='word_1_478' title='bbox 2683 2044 3007 2098; x_wconf 87' lang='lat' dir='ltr'><strong>venerabilis</strong></span> <span class='ocrx_word' id='word_1_479' title='bbox 3041 2043 3164 2108; x_wconf 56' lang='lat' dir='ltr'><strong>Ibin,</strong></span> <span class='ocrx_word' id='word_1_480' title='bbox 3197 2049 3252 2096; x_wconf 95' lang='lat' dir='ltr'><strong>ct</strong></span> <span class='ocrx_word' id='word_1_481' title='bbox 3296 2042 3348 2094; x_wconf 90' lang='lat' dir='ltr'><strong>in</strong></span> <span class='ocrx_word' id='word_1_482' title='bbox 3395 2041 3691 2094; x_wconf 82' lang='lat' dir='ltr'><strong>confessio-</strong></span> 
     </span>
    </p>
   </div>
   <div class='ocr_carea' id='block_1_64' title="bbox 2099 2132 3693 2206">
    <p class='ocr_par' dir='ltr' id='par_1_64' title="bbox 2099 2132 3693 2206">
     <span class='ocr_line' id='line_1_64' title="bbox 2099 2132 3693 2206; baseline -0.006 -16"><span class='ocrx_word' id='word_1_483' title='bbox 2099 2152 2166 2191; x_wconf 92' lang='lat' dir='ltr'><strong>ne</strong></span> <span class='ocrx_word' id='word_1_484' title='bbox 2195 2135 2315 2191; x_wconf 90' lang='lat' dir='ltr'><strong>fidei</strong></span> <span class='ocrx_word' id='word_1_485' title='bbox 2344 2151 2503 2206; x_wconf 84' lang='lat' dir='ltr'><strong>quam</strong></span> <span class='ocrx_word' id='word_1_486' title='bbox 2530 2135 2595 2191; x_wconf 90' lang='lat' dir='ltr'><strong>de</strong></span> <span class='ocrx_word' id='word_1_487' title='bbox 2617 2135 2834 2190; x_wconf 68' lang='lat' dir='ltr'><strong>Christo</strong></span> <span class='ocrx_word' id='word_1_488' title='bbox 2871 2149 2933 2189; x_wconf 91' lang='lat' dir='ltr'><strong>co</strong></span> <span class='ocrx_word' id='word_1_489' title='bbox 2961 2135 3133 2198; x_wconf 68' lang='lat' dir='ltr'><strong>tinet,</strong></span> <span class='ocrx_word' id='word_1_490' title='bbox 3189 2132 3537 2202; x_wconf 79' lang='lat' dir='ltr'><strong>approbando</strong></span> <span class='ocrx_word' id='word_1_491' title='bbox 3588 2142 3693 2194; x_wconf 87' lang='lat' dir='ltr'><strong>est,</strong></span> 
     </span>
    </p>
   </div>
   <div class='ocr_carea' id='block_1_65' title="bbox 2096 2224 3696 2298">
    <p class='ocr_par' dir='ltr' id='par_1_65' title="bbox 2096 2224 3696 2298">
     <span class='ocr_line' id='line_1_65' title="bbox 2096 2224 3696 2298; baseline -0.005 -14"><span class='ocrx_word' id='word_1_492' title='bbox 2096 2238 2151 2284; x_wconf 88' lang='lat' dir='ltr'><strong>et</strong></span> <span class='ocrx_word' id='word_1_493' title='bbox 2199 2230 2250 2284; x_wconf 91' lang='lat' dir='ltr'><strong>in</strong></span> <span class='ocrx_word' id='word_1_494' title='bbox 2282 2228 2587 2298; x_wconf 87' lang='lat' dir='ltr'><strong>suspicione</strong></span> <span class='ocrx_word' id='word_1_495' title='bbox 2617 2243 2775 2298; x_wconf 85' lang='lat' dir='ltr'><strong>quam</strong></span> <span class='ocrx_word' id='word_1_496' title='bbox 2825 2225 2892 2281; x_wconf 91' lang='lat' dir='ltr'><strong>de</strong></span> <span class='ocrx_word' id='word_1_497' title='bbox 2944 2226 3098 2280; x_wconf 65' lang='lat' dir='ltr'><strong>l&#39;ea&#39;o</strong></span> <span class='ocrx_word' id='word_1_498' title='bbox 3121 2224 3321 2296; x_wconf 88' lang='lat' dir='ltr'><strong>Cyrillo</strong></span> <span class='ocrx_word' id='word_1_499' title='bbox 3363 2224 3696 2289; x_wconf 84' lang='lat' dir='ltr'><strong>conscriptor</strong></span> 
     </span>
    </p>
   </div>
   <div class='ocr_carea' id='block_1_66' title="bbox 2098 2316 3692 2391">
    <p class='ocr_par' dir='ltr' id='par_1_66' title="bbox 2098 2316 3692 2391">
     <span class='ocr_line' id='line_1_66' title="bbox 2098 2316 3692 2391; baseline -0.003 -17"><span class='ocrx_word' id='word_1_500' title='bbox 2098 2322 2216 2391; x_wconf 84' lang='lat' dir='ltr'><strong>ejus</strong></span> <span class='ocrx_word' id='word_1_501' title='bbox 2271 2321 2478 2388; x_wconf 82' lang='lat' dir='ltr'><strong>habuit,</strong></span> <span class='ocrx_word' id='word_1_502' title='bbox 2529 2319 2878 2390; x_wconf 85' lang='lat' dir='ltr'><strong>improbanda</strong></span> <span class='ocrx_word' id='word_1_503' title='bbox 2909 2318 3149 2390; x_wconf 83' lang='lat' dir='ltr'><strong>:jndica,</strong></span> <span class='ocrx_word' id='word_1_504' title='bbox 3181 2332 3386 2388; x_wconf 70' lang='lat' dir='ltr'><strong>qttmso,</strong></span> <span class='ocrx_word' id='word_1_505' title='bbox 3440 2316 3692 2387; x_wconf 71' lang='lat' dir='ltr'><strong>religiose</strong></span> 
     </span>
    </p>
   </div>
   <div class='ocr_carea' id='block_1_67' title="bbox 2101 2409 3696 2483">
    <p class='ocr_par' dir='ltr' id='par_1_67' title="bbox 2101 2409 3696 2483">
     <span class='ocr_line' id='line_1_67' title="bbox 2101 2409 3696 2483; baseline -0.002 -18"><span class='ocrx_word' id='word_1_506' title='bbox 2101 2414 2411 2482; x_wconf 85' lang='lat' dir='ltr'><strong>imperator,</strong></span> <span class='ocrx_word' id='word_1_507' title='bbox 2437 2422 2616 2468; x_wconf 89' lang='lat' dir='ltr'><strong>utrum</strong></span> <span class='ocrx_word' id='word_1_508' title='bbox 2648 2412 2885 2483; x_wconf 76' lang='lat' dir='ltr'><strong>synodus</strong></span> <span class='ocrx_word' id='word_1_509' title='bbox 2903 2412 3168 2481; x_wconf 81' lang='lat' dir='ltr'><strong>culpanda</strong></span> <span class='ocrx_word' id='word_1_510' title='bbox 3193 2412 3284 2478; x_wconf 90' lang='lat' dir='ltr'><strong>sit,</strong></span> <span class='ocrx_word' id='word_1_511' title='bbox 3315 2410 3368 2464; x_wconf 91' lang='lat' dir='ltr'><strong>in</strong></span> <span class='ocrx_word' id='word_1_512' title='bbox 3399 2409 3556 2479; x_wconf 89' lang='lat' dir='ltr'><strong>cujus</strong></span> <span class='ocrx_word' id='word_1_513' title='bbox 3581 2425 3696 2464; x_wconf 89' lang='lat' dir='ltr'><strong>scn-</strong></span> 
     </span>
    </p>
   </div>
   <div class='ocr_carea' id='block_1_68' title="bbox 2101 2503 3696 2574">
    <p class='ocr_par' dir='ltr' id='par_1_68' title="bbox 2101 2503 3696 2574">
     <span class='ocr_line' id='line_1_68' title="bbox 2101 2503 3696 2574; baseline -0.003 -14"><span class='ocrx_word' id='word_1_514' title='bbox 2101 2506 2264 2560; x_wconf 80' lang='lat' dir='ltr'><strong>tcntia</strong></span> <span class='ocrx_word' id='word_1_515' title='bbox 2291 2520 2396 2560; x_wconf 89' lang='lat' dir='ltr'><strong>non</strong></span> <span class='ocrx_word' id='word_1_516' title='bbox 2419 2505 2724 2561; x_wconf 81' lang='lat' dir='ltr'><strong>ostenditur</strong></span> <span class='ocrx_word' id='word_1_517' title='bbox 2751 2505 2890 2574; x_wconf 87' lang='lat' dir='ltr'><strong>quod</strong></span> <span class='ocrx_word' id='word_1_518' title='bbox 2924 2506 2975 2559; x_wconf 90' lang='lat' dir='ltr'><strong>in</strong></span> <span class='ocrx_word' id='word_1_519' title='bbox 2999 2504 3250 2560; x_wconf 90' lang='lat' dir='ltr'><strong>omnibus</strong></span> <span class='ocrx_word' id='word_1_520' title='bbox 3279 2518 3397 2558; x_wconf 89' lang='lat' dir='ltr'><strong>eam</strong></span> <span class='ocrx_word' id='word_1_521' title='bbox 3431 2503 3696 2572; x_wconf 78' lang='lat' dir='ltr'><strong>probave—</strong></span> 
     </span>
    </p>
   </div>
   <div class='ocr_carea' id='block_1_69' title="bbox 2098 2596 3698 2671">
    <p class='ocr_par' dir='ltr' id='par_1_69' title="bbox 2098 2596 3698 2671">
     <span class='ocr_line' id='line_1_69' title="bbox 2098 2596 3698 2671; baseline -0.003 -15"><span class='ocrx_word' id='word_1_522' title='bbox 2098 2601 2187 2666; x_wconf 85' lang='lat' dir='ltr'><strong>rit,</strong></span> <span class='ocrx_word' id='word_1_523' title='bbox 2222 2615 2288 2654; x_wconf 92' lang='lat' dir='ltr'><strong>an</strong></span> <span class='ocrx_word' id='word_1_524' title='bbox 2319 2601 2394 2656; x_wconf 83' lang='lat' dir='ltr'><strong>illi</strong></span> <span class='ocrx_word' id='word_1_525' title='bbox 2431 2601 2518 2671; x_wconf 72' lang='lat' dir='ltr'><strong>qui</strong></span> <span class='ocrx_word' id='word_1_526' title='bbox 2561 2602 2908 2671; x_wconf 86' lang='lat' dir='ltr'><strong>pronuntiare</strong></span> <span class='ocrx_word' id='word_1_527' title='bbox 2965 2600 3080 2654; x_wconf 86' lang='lat' dir='ltr'><strong>ausi</strong></span> <span class='ocrx_word' id='word_1_528' title='bbox 3161 2607 3288 2654; x_wconf 89' lang='lat' dir='ltr'><strong>sunt</strong></span> <span class='ocrx_word' id='word_1_529' title='bbox 3347 2597 3488 2668; x_wconf 89' lang='lat' dir='ltr'><strong>quod</strong></span> <span class='ocrx_word' id='word_1_530' title='bbox 3521 2596 3698 2651; x_wconf 84' lang='lat' dir='ltr'><strong>omnia</strong></span> 
     </span>
    </p>
   </div>
   <div class='ocr_carea' id='block_1_70' title="bbox 2101 2691 3693 2762">
    <p class='ocr_par' dir='ltr' id='par_1_70' title="bbox 2101 2691 3693 2762">
     <span class='ocr_line' id='line_1_70' title="bbox 2101 2691 3693 2762; baseline 0 -16"><span class='ocrx_word' id='word_1_531' title='bbox 2101 2692 2222 2746; x_wconf 88' lang='lat' dir='ltr'><strong>sine</strong></span> <span class='ocrx_word' id='word_1_532' title='bbox 2254 2692 2367 2748; x_wconf 88' lang='lat' dir='ltr'><strong>Deo</strong></span> <span class='ocrx_word' id='word_1_533' title='bbox 2398 2698 2453 2747; x_wconf 91' lang='lat' dir='ltr'><strong>et</strong></span> <span class='ocrx_word' id='word_1_534' title='bbox 2478 2693 2834 2762; x_wconf 79' lang='lat' dir='ltr'><strong>impiedicat.</strong></span> <span class='ocrx_word' id='word_1_535' title='bbox 2867 2693 3066 2749; x_wconf 89' lang='lat' dir='ltr'><strong>Sancta</strong></span> <span class='ocrx_word' id='word_1_536' title='bbox 3117 2691 3579 2747; x_wconf 83' lang='lat' dir='ltr'><strong>Chalcedonensis</strong></span> <span class='ocrx_word' id='word_1_537' title='bbox 3607 2707 3693 2762; x_wconf 84' lang='lat' dir='ltr'><strong>sy-</strong></span> 
     </span>
    </p>
   </div>
   <div class='ocr_carea' id='block_1_71' title="bbox 2105 2782 3699 2852">
    <p class='ocr_par' dir='ltr' id='par_1_71' title="bbox 2105 2782 3699 2852">
     <span class='ocr_line' id='line_1_71' title="bbox 2105 2782 3699 2852; baseline -0.001 -14"><span class='ocrx_word' id='word_1_538' title='bbox 2105 2784 2302 2850; x_wconf 89' lang='lat' dir='ltr'><strong>nodus,</strong></span> <span class='ocrx_word' id='word_1_539' title='bbox 2337 2785 2582 2852; x_wconf 88' lang='lat' dir='ltr'><strong>quamvis</strong></span> <span class='ocrx_word' id='word_1_540' title='bbox 2614 2786 2667 2840; x_wconf 89' lang='lat' dir='ltr'><strong>in</strong></span> <span class='ocrx_word' id='word_1_541' title='bbox 2691 2786 3133 2840; x_wconf 76' lang='lat' dir='ltr'><strong>reverentissimo</strong></span> <span class='ocrx_word' id='word_1_542' title='bbox 3161 2785 3248 2840; x_wconf 85' lang='lat' dir='ltr'><strong>Iba</strong></span> <span class='ocrx_word' id='word_1_543' title='bbox 3273 2782 3699 2852; x_wconf 87' lang='lat' dir='ltr'><strong>notaveritquod</strong></span> 
     </span>
    </p>
   </div>
   <div class='ocr_carea' id='block_1_72' title="bbox 2105 2875 3700 2948">
    <p class='ocr_par' dir='ltr' id='par_1_72' title="bbox 2105 2875 3700 2948">
     <span class='ocr_line' id='line_1_72' title="bbox 2105 2875 3700 2948; baseline -0.001 -16"><span class='ocrx_word' id='word_1_544' title='bbox 2105 2877 2173 2932; x_wconf 90' lang='lat' dir='ltr'><strong>de</strong></span> <span class='ocrx_word' id='word_1_545' title='bbox 2198 2879 2354 2931; x_wconf 84' lang='lat' dir='ltr'><strong>beato</strong></span> <span class='ocrx_word' id='word_1_546' title='bbox 2375 2875 2578 2948; x_wconf 84' lang='lat' dir='ltr'><strong>Cyrillo</strong></span> <span class='ocrx_word' id='word_1_547' title='bbox 2609 2879 2740 2933; x_wconf 85' lang='lat' dir='ltr'><strong>falsa</strong></span> <span class='ocrx_word' id='word_1_548' title='bbox 2769 2880 2928 2934; x_wconf 85' lang='lat' dir='ltr'><strong>fuerit</strong></span> <span class='ocrx_word' id='word_1_549' title='bbox 2973 2877 3308 2946; x_wconf 81' lang='lat' dir='ltr'><strong>suspicatus;</strong></span> <span class='ocrx_word' id='word_1_550' title='bbox 3344 2885 3521 2931; x_wconf 86' lang='lat' dir='ltr'><strong>tamen</strong></span> <span class='ocrx_word' id='word_1_551' title='bbox 3562 2885 3615 2931; x_wconf 91' lang='lat' dir='ltr'><strong>et</strong></span> <span class='ocrx_word' id='word_1_552' title='bbox 3657 2878 3700 2930; x_wconf 88' lang='lat' dir='ltr'><strong>si</strong></span> 
     </span>
    </p>
   </div>
   <div class='ocr_carea' id='block_1_73' title="bbox 2109 2969 3703 3039">
    <p class='ocr_par' dir='ltr' id='par_1_73' title="bbox 2109 2969 3703 3039">
     <span class='ocr_line' id='line_1_73' title="bbox 2109 2969 3703 3039; baseline -0.003 -14"><span class='ocrx_word' id='word_1_553' title='bbox 2109 2985 2218 3026; x_wconf 89' lang='lat' dir='ltr'><strong>non</strong></span> <span class='ocrx_word' id='word_1_554' title='bbox 2251 2969 2478 3039; x_wconf 89' lang='lat' dir='ltr'><strong>faceret,</strong></span> <span class='ocrx_word' id='word_1_555' title='bbox 2520 2973 2922 3036; x_wconf 89' lang='lat' dir='ltr'><strong>ostenderetur,</strong></span> <span class='ocrx_word' id='word_1_556' title='bbox 2975 2971 3114 3026; x_wconf 86' lang='lat' dir='ltr'><strong>sicut</strong></span> <span class='ocrx_word' id='word_1_557' title='bbox 3152 2970 3406 3032; x_wconf 84' lang='lat' dir='ltr'><strong>diximus,</strong></span> <span class='ocrx_word' id='word_1_558' title='bbox 3455 2973 3563 3037; x_wconf 84' lang='lat' dir='ltr'><strong>jam</strong></span> <span class='ocrx_word' id='word_1_559' title='bbox 3600 2969 3703 3021; x_wconf 69' lang='lat' dir='ltr'><strong>for:</strong></span> 
     </span>
    </p>
   </div>
   <div class='ocr_carea' id='block_1_74' title="bbox 2111 3061 3702 3134">
    <p class='ocr_par' dir='ltr' id='par_1_74' title="bbox 2111 3061 3702 3134">
     <span class='ocr_line' id='line_1_74' title="bbox 2111 3061 3702 3134; baseline -0.003 -16"><span class='ocrx_word' id='word_1_560' title='bbox 2111 3077 2254 3118; x_wconf 90' lang='lat' dir='ltr'><strong>mam</strong></span> <span class='ocrx_word' id='word_1_561' title='bbox 2279 3063 2474 3118; x_wconf 71' lang='lat' dir='ltr'><strong>divina:</strong></span> <span class='ocrx_word' id='word_1_562' title='bbox 2497 3061 2790 3134; x_wconf 82' lang='lat' dir='ltr'><strong>Scripturae</strong></span> <span class='ocrx_word' id='word_1_563' title='bbox 2821 3073 3028 3129; x_wconf 90' lang='lat' dir='ltr'><strong>secuta,</strong></span> <span class='ocrx_word' id='word_1_564' title='bbox 3061 3072 3116 3116; x_wconf 93' lang='lat' dir='ltr'><strong>ut</strong></span> <span class='ocrx_word' id='word_1_565' title='bbox 3142 3062 3258 3130; x_wconf 90' lang='lat' dir='ltr'><strong>ejus</strong></span> <span class='ocrx_word' id='word_1_566' title='bbox 3288 3062 3574 3130; x_wconf 75' lang='lat' dir='ltr'><strong>epistolam</strong></span> <span class='ocrx_word' id='word_1_567' title='bbox 3607 3075 3702 3129; x_wconf 81' lang='lat' dir='ltr'><strong>pro</strong></span> 
     </span>
    </p>
   </div>
   <div class='ocr_carea' id='block_1_75' title="bbox 2113 3155 3702 3226">
    <p class='ocr_par' dir='ltr' id='par_1_75' title="bbox 2113 3155 3702 3226">
     <span class='ocr_line' id='line_1_75' title="bbox 2113 3155 3702 3226; baseline -0.003 -14"><span class='ocrx_word' id='word_1_568' title='bbox 2113 3165 2262 3213; x_wconf 85' lang='lat' dir='ltr'><strong>recta</strong></span> <span class='ocrx_word' id='word_1_569' title='bbox 2291 3158 2635 3213; x_wconf 88' lang='lat' dir='ltr'><strong>confessione</strong></span> <span class='ocrx_word' id='word_1_570' title='bbox 2693 3157 3080 3212; x_wconf 83' lang='lat' dir='ltr'><strong>incarnationis</strong></span> <span class='ocrx_word' id='word_1_571' title='bbox 3124 3156 3343 3222; x_wconf 71' lang='lat' dir='ltr'><strong>Christi,</strong></span> <span class='ocrx_word' id='word_1_572' title='bbox 3383 3171 3502 3226; x_wconf 80' lang='lat' dir='ltr'><strong>quae</strong></span> <span class='ocrx_word' id='word_1_573' title='bbox 3540 3155 3702 3208; x_wconf 77' lang='lat' dir='ltr'><strong>maxi-</strong></span> 
     </span>
    </p>
   </div>
   <div class='ocr_carea' id='block_1_76' title="bbox 2119 3250 3704 3322">
    <p class='ocr_par' dir='ltr' id='par_1_76' title="bbox 2119 3250 3704 3322">
     <span class='ocr_line' id='line_1_76' title="bbox 2119 3250 3704 3322; baseline -0.004 -16"><span class='ocrx_word' id='word_1_574' title='bbox 2119 3265 2206 3308; x_wconf 76' lang='lat' dir='ltr'><strong>me</strong></span> <span class='ocrx_word' id='word_1_575' title='bbox 2222 3251 2288 3307; x_wconf 87' lang='lat' dir='ltr'><strong>ad</strong></span> <span class='ocrx_word' id='word_1_576' title='bbox 2320 3251 2560 3307; x_wconf 91' lang='lat' dir='ltr'><strong>divinum</strong></span> <span class='ocrx_word' id='word_1_577' title='bbox 2585 3252 2788 3307; x_wconf 91' lang='lat' dir='ltr'><strong>cultum</strong></span> <span class='ocrx_word' id='word_1_578' title='bbox 2821 3252 3074 3322; x_wconf 86' lang='lat' dir='ltr'><strong>pertinet,</strong></span> <span class='ocrx_word' id='word_1_579' title='bbox 3105 3251 3476 3320; x_wconf 88' lang='lat' dir='ltr'><strong>pronuntiaret</strong></span> <span class='ocrx_word' id='word_1_580' title='bbox 3519 3250 3704 3308; x_wconf 73' lang='lat' dir='ltr'><strong>ortlio.</strong></span> 
     </span>
    </p>
   </div>
   <div class='ocr_carea' id='block_1_77' title="bbox 2039 3343 3702 3426">
    <p class='ocr_par' dir='ltr' id='par_1_77' title="bbox 2039 3343 3702 3426">
     <span class='ocr_line' id='line_1_77' title="bbox 2039 3343 3702 3426; baseline -0.001 -28"><span class='ocrx_word' id='word_1_581' title='bbox 2039 3363 2084 3426; x_wconf 77' lang='lat' dir='ltr'><strong>C</strong></span> <span class='ocrx_word' id='word_1_582' title='bbox 2118 3344 2336 3400; x_wconf 88' lang='lat' dir='ltr'><strong>doxam.</strong></span> <span class='ocrx_word' id='word_1_583' title='bbox 2371 3343 2462 3398; x_wconf 90' lang='lat' dir='ltr'><strong>lsti</strong></span> <span class='ocrx_word' id='word_1_584' title='bbox 2488 3360 2618 3400; x_wconf 91' lang='lat' dir='ltr'><strong>vero</strong></span> <span class='ocrx_word' id='word_1_585' title='bbox 2649 3344 2802 3415; x_wconf 89' lang='lat' dir='ltr'><strong>cujus</strong></span> <span class='ocrx_word' id='word_1_586' title='bbox 2851 3345 3074 3398; x_wconf 83' lang='lat' dir='ltr'><strong>forma-tn</strong></span> <span class='ocrx_word' id='word_1_587' title='bbox 3122 3345 3204 3397; x_wconf 91' lang='lat' dir='ltr'><strong>vel</strong></span> <span class='ocrx_word' id='word_1_588' title='bbox 3253 3343 3489 3412; x_wconf 75' lang='lat' dir='ltr'><strong>regulam</strong></span> <span class='ocrx_word' id='word_1_589' title='bbox 3531 3343 3702 3396; x_wconf 88' lang='lat' dir='ltr'><strong>secuti</strong></span> 
     </span>
    </p>
   </div>
   <div class='ocr_carea' id='block_1_78' title="bbox 2113 3437 3701 3509">
    <p class='ocr_par' dir='ltr' id='par_1_78' title="bbox 2113 3437 3701 3509">
     <span class='ocr_line' id='line_1_78' title="bbox 2113 3437 3701 3509; baseline 0 -17"><span class='ocrx_word' id='word_1_590' title='bbox 2113 3437 2386 3505; x_wconf 89' lang='lat' dir='ltr'><strong>dicentur,</strong></span> <span class='ocrx_word' id='word_1_591' title='bbox 2417 3439 2533 3509; x_wconf 90' lang='lat' dir='ltr'><strong>qui,</strong></span> <span class='ocrx_word' id='word_1_592' title='bbox 2560 3454 2658 3508; x_wconf 90' lang='lat' dir='ltr'><strong>pro</strong></span> <span class='ocrx_word' id='word_1_593' title='bbox 2681 3439 2919 3494; x_wconf 80' lang='lat' dir='ltr'><strong>hominis</strong></span> <span class='ocrx_word' id='word_1_594' title='bbox 2943 3437 3010 3493; x_wconf 89' lang='lat' dir='ltr'><strong>de</strong></span> <span class='ocrx_word' id='word_1_595' title='bbox 3037 3437 3252 3494; x_wconf 79' lang='lat' dir='ltr'><strong>homine</strong></span> <span class='ocrx_word' id='word_1_596' title='bbox 3287 3437 3701 3507; x_wconf 80' lang='lat' dir='ltr'><strong>suspicionibus.</strong></span> 
     </span>
    </p>
   </div>
   <div class='ocr_carea' id='block_1_79' title="bbox 2112 3531 3706 3589">
    <p class='ocr_par' dir='ltr' id='par_1_79' title="bbox 2112 3531 3706 3589">
     <span class='ocr_line' id='line_1_79' title="bbox 2112 3531 3706 3589; baseline 0.001 -6"><span class='ocrx_word' id='word_1_597' title='bbox 2112 3531 2272 3584; x_wconf 91' lang='lat' dir='ltr'><strong>etiam</strong></span> <span class='ocrx_word' id='word_1_598' title='bbox 2300 3542 2501 3587; x_wconf 87' lang='lat' dir='ltr'><strong>rectam</strong></span> <span class='ocrx_word' id='word_1_599' title='bbox 2527 3533 2596 3589; x_wconf 89' lang='lat' dir='ltr'><strong>de</strong></span> <span class='ocrx_word' id='word_1_600' title='bbox 2621 3532 2839 3589; x_wconf 83' lang='lat' dir='ltr'><strong>Christo</strong></span> <span class='ocrx_word' id='word_1_601' title='bbox 2862 3534 3258 3589; x_wconf 87' lang='lat' dir='ltr'><strong>confessionem</strong></span> <span class='ocrx_word' id='word_1_602' title='bbox 3295 3533 3457 3588; x_wconf 86' lang='lat' dir='ltr'><strong>nimis</strong></span> <span class='ocrx_word' id='word_1_603' title='bbox 3487 3532 3706 3587; x_wconf 82' lang='lat' dir='ltr'><strong>inconsi-</strong></span> 
     </span>
    </p>
   </div>
   <div class='ocr_carea' id='block_1_80' title="bbox 2114 3623 3139 3696">
    <p class='ocr_par' dir='ltr' id='par_1_80' title="bbox 2114 3623 3139 3696">
     <span class='ocr_line' id='line_1_80' title="bbox 2114 3623 3139 3696; baseline 0 -18"><span class='ocrx_word' id='word_1_604' title='bbox 2114 3623 2296 3680; x_wconf 88' lang='lat' dir='ltr'><strong>derato</strong></span> <span class='ocrx_word' id='word_1_605' title='bbox 2339 3625 2498 3681; x_wconf 89' lang='lat' dir='ltr'><strong>simul</strong></span> <span class='ocrx_word' id='word_1_606' title='bbox 2525 3627 2745 3696; x_wconf 82' lang='lat' dir='ltr'><strong>impiam</strong></span> <span class='ocrx_word' id='word_1_607' title='bbox 2765 3638 3090 3682; x_wconf 87' lang='lat' dir='ltr'><strong>vocaverunt</strong></span> <span class='ocrx_word' id='word_1_608' title='bbox 3115 3628 3139 3678; x_wconf 87' lang='lat'><strong>?</strong></span> 
     </span>
    </p>
   </div>
   <div class='ocr_carea' id='block_1_81' title="bbox 2735 3735 3091 3797">
    <p class='ocr_par' dir='ltr' id='par_1_81' title="bbox 2735 3735 3091 3797">
     <span class='ocr_line' id='line_1_81' title="bbox 2735 3735 3091 3797; baseline -0.006 -1"><span class='ocrx_word' id='word_1_609' title='bbox 2735 3735 2960 3797; x_wconf 77' lang='lat' dir='ltr'><strong>CAPUT</strong></span> <span class='ocrx_word' id='word_1_610' title='bbox 3006 3742 3091 3795; x_wconf 88' lang='lat' dir='ltr'><strong>Ill.</strong></span> 
     </span>
    </p>
   </div>
   <div class='ocr_carea' id='block_1_82' title="bbox 2118 3849 3707 3923">
    <p class='ocr_par' dir='ltr' id='par_1_82' title="bbox 2118 3849 3707 3923">
     <span class='ocr_line' id='line_1_82' title="bbox 2118 3849 3707 3923; baseline 0 -21"><span class='ocrx_word' id='word_1_611' title='bbox 2118 3849 2270 3923; x_wconf 78' lang='lat' dir='ltr'><strong>Quod</strong></span> <span class='ocrx_word' id='word_1_612' title='bbox 2316 3853 2546 3923; x_wconf 79' lang='lat' dir='ltr'><strong>synodus</strong></span> <span class='ocrx_word' id='word_1_613' title='bbox 2596 3854 2863 3923; x_wconf 81' lang='lat' dir='ltr'><strong>epistolam</strong></span> <span class='ocrx_word' id='word_1_614' title='bbox 2915 3853 3022 3908; x_wconf 79' lang='lat' dir='ltr'><strong>Iba:</strong></span> <span class='ocrx_word' id='word_1_615' title='bbox 3071 3856 3320 3906; x_wconf 84' lang='lat' dir='ltr'><strong>danmare</strong></span> <span class='ocrx_word' id='word_1_616' title='bbox 3366 3869 3464 3906; x_wconf 80' lang='lat' dir='ltr'><strong>non</strong></span> <span class='ocrx_word' id='word_1_617' title='bbox 3519 3854 3707 3916; x_wconf 76' lang='lat' dir='ltr'><strong>potuit,</strong></span> 
     </span>
    </p>
   </div>
   <div class='ocr_carea' id='block_1_83' title="bbox 2186 3922 3708 3993">
    <p class='ocr_par' dir='ltr' id='par_1_83' title="bbox 2186 3922 3708 3993">
     <span class='ocr_line' id='line_1_83' title="bbox 2186 3922 3708 3993; baseline 0.001 -20"><span class='ocrx_word' id='word_1_618' title='bbox 2186 3922 2308 3991; x_wconf 83' lang='lat' dir='ltr'><strong>quin</strong></span> <span class='ocrx_word' id='word_1_619' title='bbox 2336 3922 2587 3993; x_wconf 79' lang='lat' dir='ltr'><strong>Cyrillum</strong></span> <span class='ocrx_word' id='word_1_620' title='bbox 2626 3922 2805 3978; x_wconf 77' lang='lat' dir='ltr'><strong>itidem</strong></span> <span class='ocrx_word' id='word_1_621' title='bbox 2847 3926 3096 3979; x_wconf 76' lang='lat' dir='ltr'><strong>ltwreseos</strong></span> <span class='ocrx_word' id='word_1_622' title='bbox 3123 3925 3398 3993; x_wconf 70' lang='lat' dir='ltr'><strong>damnaret</strong></span> <span class='ocrx_word' id='word_1_623' title='bbox 3428 3939 3446 3976; x_wconf 89' lang='lat'><em>:</em></span> <span class='ocrx_word' id='word_1_624' title='bbox 3477 3925 3708 3991; x_wconf 82' lang='lat' dir='ltr'><strong>quodque</strong></span> 
     </span>
    </p>
   </div>
   <div class='ocr_carea' id='block_1_84' title="bbox 2185 3989 3709 4064">
    <p class='ocr_par' dir='ltr' id='par_1_84' title="bbox 2185 3989 3709 4064">
     <span class='ocr_line' id='line_1_84' title="bbox 2185 3989 3709 4064; baseline 0 -18"><span class='ocrx_word' id='word_1_625' title='bbox 2185 3989 2412 4062; x_wconf 65' lang='lat' dir='ltr'><strong>Cyrilltts</strong></span> <span class='ocrx_word' id='word_1_626' title='bbox 2456 3993 2700 4048; x_wconf 68' lang='lat' dir='ltr'><strong>Nestorto</strong></span> <span class='ocrx_word' id='word_1_627' title='bbox 2733 3999 3043 4064; x_wconf 69' lang='lat' dir='ltr'><strong>respondens</strong></span> <span class='ocrx_word' id='word_1_628' title='bbox 3096 3989 3158 4048; x_wconf 80' lang='lat' dir='ltr'><strong>de</strong></span> <span class='ocrx_word' id='word_1_629' title='bbox 3203 3995 3461 4047; x_wconf 79' lang='lat' dir='ltr'><strong>industria</strong></span> <span class='ocrx_word' id='word_1_630' title='bbox 3489 3989 3709 4064; x_wconf 66' lang='lat' dir='ltr'><strong>parcius</strong></span> 
     </span>
    </p>
   </div>
   <div class='ocr_carea' id='block_1_85' title="bbox 2184 4067 3490 4121">
    <p class='ocr_par' dir='ltr' id='par_1_85' title="bbox 2184 4067 3490 4121">
     <span class='ocr_line' id='line_1_85' title="bbox 2184 4067 3490 4121; baseline 0.002 -5"><span class='ocrx_word' id='word_1_631' title='bbox 2184 4067 2248 4118; x_wconf 82' lang='lat' dir='ltr'><strong>de</strong></span> <span class='ocrx_word' id='word_1_632' title='bbox 2270 4070 2492 4118; x_wconf 82' lang='lat' dir='ltr'><strong>duarum</strong></span> <span class='ocrx_word' id='word_1_633' title='bbox 2519 4078 2820 4119; x_wconf 81' lang='lat' dir='ltr'><strong>naturarum</strong></span> <span class='ocrx_word' id='word_1_634' title='bbox 2847 4069 3151 4121; x_wconf 59' lang='lat' dir='ltr'><strong>discretione</strong></span> <span class='ocrx_word' id='word_1_635' title='bbox 3175 4067 3374 4120; x_wconf 81' lang='lat' dir='ltr'><strong>locutus</strong></span> <span class='ocrx_word' id='word_1_636' title='bbox 3403 4067 3490 4119; x_wconf 84' lang='lat' dir='ltr'><strong>sit.</strong></span> 
     </span>
    </p>
   </div>
   <div class='ocr_carea' id='block_1_86' title="bbox 2188 4179 3708 4255">
    <p class='ocr_par' dir='ltr' id='par_1_86' title="bbox 2188 4179 3708 4255">
     <span class='ocr_line' id='line_1_86' title="bbox 2188 4179 3708 4255; baseline -0.002 -19"><span class='ocrx_word' id='word_1_637' title='bbox 2188 4183 2280 4237; x_wconf 82' lang='lat' dir='ltr'><strong>Ilt&#39;s</strong></span> <span class='ocrx_word' id='word_1_638' title='bbox 2309 4193 2486 4239; x_wconf 90' lang='lat' dir='ltr'><strong>autem</strong></span> <span class='ocrx_word' id='word_1_639' title='bbox 2517 4184 2837 4253; x_wconf 70' lang='lat' dir='ltr'><strong>pl‘iDllliSSiS,</strong></span> <span class='ocrx_word' id='word_1_640' title='bbox 2879 4200 2996 4255; x_wconf 75' lang='lat' dir='ltr'><strong>quze</strong></span> <span class='ocrx_word' id='word_1_641' title='bbox 3037 4191 3222 4239; x_wconf 80' lang='lat' dir='ltr'><strong>Contra</strong></span> <span class='ocrx_word' id='word_1_642' title='bbox 3271 4180 3568 4237; x_wconf 71' lang='lat' dir='ltr'><strong>calumnias</strong></span> <span class='ocrx_word' id='word_1_643' title='bbox 3601 4179 3708 4234; x_wconf 74' lang='lat' dir='ltr'><strong>luc-</strong></span> 
     </span>
    </p>
   </div>
   <div class='ocr_carea' id='block_1_87' title="bbox 2113 4273 3709 4344">
    <p class='ocr_par' dir='ltr' id='par_1_87' title="bbox 2113 4273 3709 4344">
     <span class='ocr_line' id='line_1_87' title="bbox 2113 4273 3709 4344; baseline -0.003 -14"><span class='ocrx_word' id='word_1_644' title='bbox 2113 4275 2406 4331; x_wconf 88' lang='lat' dir='ltr'><strong>reticorum</strong></span> <span class='ocrx_word' id='word_1_645' title='bbox 2431 4278 2612 4344; x_wconf 75' lang='lat' dir='ltr'><strong>magni</strong></span> <span class='ocrx_word' id='word_1_646' title='bbox 2666 4278 2881 4332; x_wconf 90' lang='lat' dir='ltr'><strong>concilii</strong></span> <span class='ocrx_word' id='word_1_647' title='bbox 2928 4278 3252 4332; x_wconf 80' lang='lat' dir='ltr'><strong>sentcnt&#39;am</strong></span> <span class='ocrx_word' id='word_1_648' title='bbox 3308 4273 3646 4330; x_wconf 79' lang='lat' dir='ltr'><strong>sufficienter</strong></span> <span class='ocrx_word' id='word_1_649' title='bbox 3680 4287 3709 4326; x_wconf 88' lang='lat' dir='ltr'><strong>a</strong></span> 
     </span>
    </p>
   </div>
   <div class='ocr_carea' id='block_1_88' title="bbox 2114 4365 3710 4441">
    <p class='ocr_par' dir='ltr' id='par_1_88' title="bbox 2114 4365 3710 4441">
     <span class='ocr_line' id='line_1_88' title="bbox 2114 4365 3710 4441; baseline -0.002 -19"><span class='ocrx_word' id='word_1_650' title='bbox 2114 4378 2350 4437; x_wconf 88' lang='lat' dir='ltr'><strong>recepta,</strong></span> <span class='ocrx_word' id='word_1_651' title='bbox 2380 4370 2512 4424; x_wconf 92' lang='lat' dir='ltr'><strong>sicut</strong></span> <span class='ocrx_word' id='word_1_652' title='bbox 2539 4370 2767 4440; x_wconf 88' lang='lat' dir='ltr'><strong>jactant,</strong></span> <span class='ocrx_word' id='word_1_653' title='bbox 2798 4371 2937 4425; x_wconf 87' lang='lat' dir='ltr'><strong>beati</strong></span> <span class='ocrx_word' id='word_1_654' title='bbox 2967 4370 3152 4441; x_wconf 82' lang='lat' dir='ltr'><strong>Cyrilli</strong></span> <span class='ocrx_word' id='word_1_655' title='bbox 3189 4366 3586 4438; x_wconf 90' lang='lat' dir='ltr'><strong>vituperatione</strong></span> <span class='ocrx_word' id='word_1_656' title='bbox 3615 4365 3710 4420; x_wconf 87' lang='lat' dir='ltr'><strong>de-</strong></span> 
     </span>
    </p>
   </div>
   <div class='ocr_carea' id='block_1_89' title="bbox 2115 4455 3708 4532">
    <p class='ocr_par' dir='ltr' id='par_1_89' title="bbox 2115 4455 3708 4532">
     <span class='ocr_line' id='line_1_89' title="bbox 2115 4455 3708 4532; baseline -0.003 -17"><span class='ocrx_word' id='word_1_657' title='bbox 2115 4460 2340 4517; x_wconf 83' lang='lat' dir='ltr'><strong>fendunt</strong></span> <span class='ocrx_word' id='word_1_658' title='bbox 2374 4480 2385 4515; x_wconf 91' lang='lat'>:</span> <span class='ocrx_word' id='word_1_659' title='bbox 2415 4463 2653 4530; x_wconf 85' lang='lat' dir='ltr'><strong>profecto</strong></span> <span class='ocrx_word' id='word_1_660' title='bbox 2680 4462 2791 4532; x_wconf 90' lang='lat' dir='ltr'><strong>jam</strong></span> <span class='ocrx_word' id='word_1_661' title='bbox 2824 4461 3037 4532; x_wconf 81' lang='lat' dir='ltr'><strong>colligis</strong></span> <span class='ocrx_word' id='word_1_662' title='bbox 3075 4460 3279 4529; x_wconf 73' lang='lat' dir='ltr'><strong>animo,</strong></span> <span class='ocrx_word' id='word_1_663' title='bbox 3319 4459 3402 4528; x_wconf 89' lang='lat' dir='ltr'><strong>pie</strong></span> <span class='ocrx_word' id='word_1_664' title='bbox 3433 4455 3708 4528; x_wconf 85' lang='lat' dir='ltr'><strong>princeps,</strong></span> 
     </span>
    </p>
   </div>
   <div class='ocr_carea' id='block_1_90' title="bbox 2113 4553 3706 4627">
    <p class='ocr_par' dir='ltr' id='par_1_90' title="bbox 2113 4553 3706 4627">
     <span class='ocr_line' id='line_1_90' title="bbox 2113 4553 3706 4627; baseline -0.001 -18"><span class='ocrx_word' id='word_1_665' title='bbox 2113 4557 2281 4610; x_wconf 87' lang='lat' dir='ltr'><strong>multo</strong></span> <span class='ocrx_word' id='word_1_666' title='bbox 2321 4554 2528 4610; x_wconf 85' lang='lat' dir='ltr'><strong>facilius</strong></span> <span class='ocrx_word' id='word_1_667' title='bbox 2560 4571 2661 4612; x_wconf 90' lang='lat' dir='ltr'><strong>nos</strong></span> <span class='ocrx_word' id='word_1_668' title='bbox 2717 4557 2805 4613; x_wconf 84' lang='lat' dir='ltr'><strong>illa</strong></span> <span class='ocrx_word' id='word_1_669' title='bbox 2852 4571 3014 4627; x_wconf 85' lang='lat' dir='ltr'><strong>posse</strong></span> <span class='ocrx_word' id='word_1_670' title='bbox 3057 4554 3309 4611; x_wconf 83' lang='lat' dir='ltr'><strong>refellere</strong></span> <span class='ocrx_word' id='word_1_671' title='bbox 3357 4569 3479 4625; x_wconf 78' lang='lat' dir='ltr'><strong>qua:</strong></span> <span class='ocrx_word' id='word_1_672' title='bbox 3527 4553 3706 4609; x_wconf 79' lang='lat' dir='ltr'><strong>nccalt</strong></span> 
     </span>
    </p>
   </div>
   <div class='ocr_carea' id='block_1_91' title="bbox 2113 4647 3707 4721">
    <p class='ocr_par' dir='ltr' id='par_1_91' title="bbox 2113 4647 3707 4721">
     <span class='ocr_line' id='line_1_91' title="bbox 2113 4647 3707 4721; baseline -0.002 -19"><span class='ocrx_word' id='word_1_673' title='bbox 2113 4648 2243 4717; x_wconf 82' lang='lat' dir='ltr'><strong>ipsis</strong></span> <span class='ocrx_word' id='word_1_674' title='bbox 2273 4649 2602 4704; x_wconf 89' lang='lat' dir='ltr'><strong>venerabilis</strong></span> <span class='ocrx_word' id='word_1_675' title='bbox 2637 4649 2740 4705; x_wconf 77' lang='lat' dir='ltr'><strong>Iba:</strong></span> <span class='ocrx_word' id='word_1_676' title='bbox 2786 4649 3194 4716; x_wconf 81' lang='lat' dir='ltr'><strong>accusatoribus</strong></span> <span class='ocrx_word' id='word_1_677' title='bbox 3250 4648 3462 4721; x_wconf 87' lang='lat' dir='ltr'><strong>objecta</strong></span> <span class='ocrx_word' id='word_1_678' title='bbox 3499 4649 3556 4703; x_wconf 91' lang='lat' dir='ltr'><strong>in</strong></span> <span class='ocrx_word' id='word_1_679' title='bbox 3593 4647 3707 4716; x_wconf 84' lang='lat' dir='ltr'><strong>ejus</strong></span> 
     </span>
    </p>
   </div>
   <div class='ocr_carea' id='block_1_92' title="bbox 411 4705 3705 4825">
    <p class='ocr_par' dir='ltr' id='par_1_92' title="bbox 411 4705 3705 4825">
     <span class='ocr_line' id='line_1_92' title="bbox 411 4705 3705 4825; baseline -0.003 -52"><span class='ocrx_word' id='word_1_680' title='bbox 411 4720 620 4784; x_wconf 90' lang='lat' dir='ltr'><strong>bemus,</strong></span> <span class='ocrx_word' id='word_1_681' title='bbox 656 4718 956 4786; x_wconf 88' lang='lat' dir='ltr'><strong>acciperem</strong></span> <span class='ocrx_word' id='word_1_682' title='bbox 977 4715 1450 4784; x_wconf 87' lang='lat' dir='ltr'><strong>;sicutaccipimus</strong></span> <span class='ocrx_word' id='word_1_683' title='bbox 1466 4705 1720 4784; x_wconf 80' lang='lat' dir='ltr'><strong>quoniam</strong></span> <span class='ocrx_word' id='word_1_684' title='bbox 1737 4729 1832 4782; x_wconf 89' lang='lat' dir='ltr'><strong>pro</strong></span> <span class='ocrx_word' id='word_1_685' title='bbox 1848 4713 2006 4825; x_wconf 60' lang='lat' dir='ltr'><strong>unius</strong></span> <span class='ocrx_word' id='word_1_686' title='bbox 2039 4766 2089 4825; x_wconf 68' lang='grc' dir='ltr'><strong>Β</strong></span> <span class='ocrx_word' id='word_1_687' title='bbox 2113 4705 2342 4808; x_wconf 62' lang='lat' dir='ltr'><strong>c&#39;pismh</strong></span> <span class='ocrx_word' id='word_1_688' title='bbox 2365 4740 2718 4796; x_wconf 53' lang='lat' dir='ltr'><strong>criminantur</strong></span> <span class='ocrx_word' id='word_1_689' title='bbox 2749 4758 2764 4796; x_wconf 50' lang='grc' dir='ltr'><strong>ε</strong></span> <span class='ocrx_word' id='word_1_690' title='bbox 2796 4711 2974 4812; x_wconf 61' lang='lat' dir='ltr'><strong>cuius’</strong></span> <span class='ocrx_word' id='word_1_691' title='bbox 3004 4741 3268 4810; x_wconf 68' lang='lat' dir='ltr'><strong>inlegmm</strong></span> <span class='ocrx_word' id='word_1_692' title='bbox 3298 4705 3540 4794; x_wconf 45' lang='lat' dir='ltr'><strong>timorem</strong></span> <span class='ocrx_word' id='word_1_693' title='bbox 3572 4747 3597 4774; x_wconf 68' lang='grc' dir='ltr'>ι</span> <span class='ocrx_word' id='word_1_694' title='bbox 3621 4705 3705 4793; x_wconf 61' lang='lat' dir='ltr'><strong>&#39;ex</strong></span> 
     </span>
    </p>
   </div>
   <div class='ocr_carea' id='block_1_93' title="bbox 405 4804 2004 4878">
    <p class='ocr_par' dir='ltr' id='par_1_93' title="bbox 405 4804 2004 4878">
     <span class='ocr_line' id='line_1_93' title="bbox 405 4804 2004 4878; baseline -0.004 -13"><span class='ocrx_word' id='word_1_695' title='bbox 405 4813 516 4867; x_wconf 85' lang='lat' dir='ltr'><strong>veri</strong></span> <span class='ocrx_word' id='word_1_696' title='bbox 549 4811 646 4865; x_wconf 89' lang='lat' dir='ltr'><strong>Dei</strong></span> <span class='ocrx_word' id='word_1_697' title='bbox 674 4812 881 4864; x_wconf 91' lang='lat' dir='ltr'><strong>cultura</strong></span> <span class='ocrx_word' id='word_1_698' title='bbox 912 4808 1170 4878; x_wconf 75' lang='lat' dir='ltr'><strong>scriptum</strong></span> <span class='ocrx_word' id='word_1_699' title='bbox 1196 4817 1298 4873; x_wconf 87' lang='lat' dir='ltr'><strong>est,</strong></span> <span class='ocrx_word' id='word_1_700' title='bbox 1331 4807 1471 4875; x_wconf 89' lang='lat' dir='ltr'><strong>quod</strong></span> <span class='ocrx_word' id='word_1_701' title='bbox 1515 4821 1609 4861; x_wconf 84' lang='lat' dir='ltr'><strong>cor</strong></span> <span class='ocrx_word' id='word_1_702' title='bbox 1663 4809 1768 4860; x_wconf 87' lang='lat' dir='ltr'><strong>Asa</strong></span> <span class='ocrx_word' id='word_1_703' title='bbox 1826 4804 2004 4874; x_wconf 86' lang='lat' dir='ltr'><strong>perfe-</strong></span> 
     </span>
    </p>
   </div>
   <div class='ocr_carea' id='block_1_94' title="bbox 403 4900 2002 4964">
    <p class='ocr_par' dir='ltr' id='par_1_94' title="bbox 403 4900 2002 4964">
     <span class='ocr_line' id='line_1_94' title="bbox 403 4900 2002 4964; baseline -0.004 -5"><span class='ocrx_word' id='word_1_704' title='bbox 403 4915 548 4959; x_wconf 83' lang='lat' dir='ltr'><strong>ctum</strong></span> <span class='ocrx_word' id='word_1_705' title='bbox 573 4915 690 4960; x_wconf 90' lang='lat' dir='ltr'><strong>erat</strong></span> <span class='ocrx_word' id='word_1_706' title='bbox 719 4919 840 4957; x_wconf 90' lang='lat' dir='ltr'><strong>cum</strong></span> <span class='ocrx_word' id='word_1_707' title='bbox 870 4903 1096 4957; x_wconf 87' lang='lat' dir='ltr'><strong>Domino</strong></span> <span class='ocrx_word' id='word_1_708' title='bbox 1119 4903 1372 4956; x_wconf 88' lang='lat' dir='ltr'><strong>omnibus</strong></span> <span class='ocrx_word' id='word_1_709' title='bbox 1393 4901 1584 4956; x_wconf 92' lang='lat' dir='ltr'><strong>diebus</strong></span> <span class='ocrx_word' id='word_1_710' title='bbox 1612 4900 1754 4964; x_wconf 88' lang='lat' dir='ltr'><strong>suis;</strong></span> <span class='ocrx_word' id='word_1_711' title='bbox 1781 4910 1833 4954; x_wconf 89' lang='lat' dir='ltr'><strong>et</strong></span> <span class='ocrx_word' id='word_1_712' title='bbox 1865 4902 2002 4953; x_wconf 91' lang='lat' dir='ltr'><strong>sicut</strong></span> 
     </span>
    </p>
   </div>
   <div class='ocr_carea' id='block_1_95' title="bbox 404 4995 1999 5066">
    <p class='ocr_par' dir='ltr' id='par_1_95' title="bbox 404 4995 1999 5066">
     <span class='ocr_line' id='line_1_95' title="bbox 404 4995 1999 5066; baseline -0.001 -16"><span class='ocrx_word' id='word_1_713' title='bbox 404 4998 697 5066; x_wconf 88' lang='lat' dir='ltr'><strong>accipimus</strong></span> <span class='ocrx_word' id='word_1_714' title='bbox 724 4995 847 5066; x_wconf 83' lang='lat' dir='ltr'><strong>quia</strong></span> <span class='ocrx_word' id='word_1_715' title='bbox 871 5005 1156 5065; x_wconf 88' lang='lat' dir='ltr'><strong>propterea</strong></span> <span class='ocrx_word' id='word_1_716' title='bbox 1184 4996 1251 5049; x_wconf 88' lang='lat' dir='ltr'><strong>de</strong></span> <span class='ocrx_word' id='word_1_717' title='bbox 1306 4995 1566 5062; x_wconf 83' lang='lat' dir='ltr'><strong>Josaphat</strong></span> <span class='ocrx_word' id='word_1_718' title='bbox 1614 4995 1818 5048; x_wconf 75' lang='lat' dir='ltr'><strong>dictum</strong></span> <span class='ocrx_word' id='word_1_719' title='bbox 1873 5004 1952 5047; x_wconf 83' lang='lat' dir='ltr'><strong>e5t</strong></span> <span class='ocrx_word' id='word_1_720' title='bbox 1985 5009 1999 5048; x_wconf 87' lang='lat'><strong>:</strong></span> 
     </span>
    </p>
   </div>
   <div class='ocr_carea' id='block_1_96' title="bbox 407 5085 2002 5160">
    <p class='ocr_par' dir='ltr' id='par_1_96' title="bbox 407 5085 2002 5160">
     <span class='ocr_line' id='line_1_96' title="bbox 407 5085 2002 5160; baseline -0.004 -15"><span class='ocrx_word' id='word_1_721' title='bbox 407 5091 689 5160; x_wconf 77' lang='lat' dir='ltr'><strong>Ingressus</strong></span> <span class='ocrx_word' id='word_1_722' title='bbox 710 5101 791 5143; x_wconf 93' lang='lat' dir='ltr'><strong>est</strong></span> <span class='ocrx_word' id='word_1_723' title='bbox 820 5090 873 5143; x_wconf 93' lang='lat' dir='ltr'><strong>iu</strong></span> <span class='ocrx_word' id='word_1_724' title='bbox 907 5090 989 5143; x_wconf 84' lang='lat' dir='ltr'><strong>via</strong></span> <span class='ocrx_word' id='word_1_725' title='bbox 1023 5090 1188 5157; x_wconf 89' lang='lat' dir='ltr'><strong>patris</strong></span> <span class='ocrx_word' id='word_1_726' title='bbox 1219 5088 1299 5142; x_wconf 87' lang='lat' dir='ltr'><strong>sui</strong></span> <span class='ocrx_word' id='word_1_727' title='bbox 1331 5089 1459 5158; x_wconf 86' lang='lat' dir='ltr'><strong>Asa,</strong></span> <span class='ocrx_word' id='word_1_728' title='bbox 1494 5099 1547 5142; x_wconf 88' lang='lat' dir='ltr'><strong>et</strong></span> <span class='ocrx_word' id='word_1_729' title='bbox 1577 5103 1683 5142; x_wconf 87' lang='lat' dir='ltr'><strong>non</strong></span> <span class='ocrx_word' id='word_1_730' title='bbox 1707 5085 2002 5141; x_wconf 84' lang='lat' dir='ltr'><strong>declinavit</strong></span> 
     </span>
    </p>
   </div>
   <div class='ocr_carea' id='block_1_97' title="bbox 404 5181 1999 5256">
    <p class='ocr_par' dir='ltr' id='par_1_97' title="bbox 404 5181 1999 5256">
     <span class='ocr_line' id='line_1_97' title="bbox 404 5181 1999 5256; baseline -0.004 -14"><span class='ocrx_word' id='word_1_731' title='bbox 404 5186 474 5242; x_wconf 88' lang='lat' dir='ltr'><strong>ab</strong></span> <span class='ocrx_word' id='word_1_732' title='bbox 494 5201 580 5253; x_wconf 88' lang='lat' dir='ltr'><strong>ea,</strong></span> <span class='ocrx_word' id='word_1_733' title='bbox 613 5186 859 5242; x_wconf 85' lang='lat' dir='ltr'><strong>faciendo</strong></span> <span class='ocrx_word' id='word_1_734' title='bbox 887 5186 1028 5256; x_wconf 88' lang='lat' dir='ltr'><strong>quod</strong></span> <span class='ocrx_word' id='word_1_735' title='bbox 1064 5197 1268 5239; x_wconf 89' lang='lat' dir='ltr'><strong>rectum</strong></span> <span class='ocrx_word' id='word_1_736' title='bbox 1297 5193 1381 5239; x_wconf 91' lang='lat' dir='ltr'><strong>est</strong></span> <span class='ocrx_word' id='word_1_737' title='bbox 1411 5184 1462 5238; x_wconf 91' lang='lat' dir='ltr'><strong>in</strong></span> <span class='ocrx_word' id='word_1_738' title='bbox 1492 5191 1785 5252; x_wconf 87' lang='lat' dir='ltr'><strong>conspectu</strong></span> <span class='ocrx_word' id='word_1_739' title='bbox 1816 5181 1999 5236; x_wconf 92' lang='lat' dir='ltr'><strong>Domi-</strong></span> 
     </span>
    </p>
   </div>
   <div class='ocr_carea' id='block_1_98' title="bbox 407 5274 2001 5348">
    <p class='ocr_par' dir='ltr' id='par_1_98' title="bbox 407 5274 2001 5348">
     <span class='ocr_line' id='line_1_98' title="bbox 407 5274 2001 5348; baseline -0.004 -14"><span class='ocrx_word' id='word_1_740' title='bbox 407 5281 566 5344; x_wconf 87' lang='lat' dir='ltr'><strong>ni;et</strong></span> <span class='ocrx_word' id='word_1_741' title='bbox 592 5281 729 5334; x_wconf 84' lang='lat' dir='ltr'><strong>sicut</strong></span> <span class='ocrx_word' id='word_1_742' title='bbox 753 5280 1046 5347; x_wconf 88' lang='lat' dir='ltr'><strong>accipimus</strong></span> <span class='ocrx_word' id='word_1_743' title='bbox 1091 5278 1218 5348; x_wconf 86' lang='lat' dir='ltr'><strong>quia</strong></span> <span class='ocrx_word' id='word_1_744' title='bbox 1240 5278 1312 5331; x_wconf 93' lang='lat' dir='ltr'><strong>ob</strong></span> <span class='ocrx_word' id='word_1_745' title='bbox 1365 5277 1468 5330; x_wconf 90' lang='lat' dir='ltr'><strong>hoc</strong></span> <span class='ocrx_word' id='word_1_746' title='bbox 1513 5276 1774 5330; x_wconf 83' lang='lat' dir='ltr'><strong>Ezechias</strong></span> <span class='ocrx_word' id='word_1_747' title='bbox 1824 5274 2001 5329; x_wconf 86' lang='lat' dir='ltr'><strong>dictus</strong></span> 
     </span>
    </p>
   </div>
   <div class='ocr_carea' id='block_1_99' title="bbox 405 5366 2004 5438">
    <p class='ocr_par' dir='ltr' id='par_1_99' title="bbox 405 5366 2004 5438">
     <span class='ocr_line' id='line_1_99' title="bbox 405 5366 2004 5438; baseline -0.006 -10"><span class='ocrx_word' id='word_1_748' title='bbox 405 5370 807 5428; x_wconf 70' lang='lat' dir='ltr'><strong>estadhtcsisse</strong></span> <span class='ocrx_word' id='word_1_749' title='bbox 837 5370 1087 5438; x_wconf 85' lang='lat' dir='ltr'><strong>Domino,</strong></span> <span class='ocrx_word' id='word_1_750' title='bbox 1136 5383 1242 5425; x_wconf 85' lang='lat' dir='ltr'><strong>nec</strong></span> <span class='ocrx_word' id='word_1_751' title='bbox 1291 5369 1582 5423; x_wconf 89' lang='lat' dir='ltr'><strong>recessisse</strong></span> <span class='ocrx_word' id='word_1_752' title='bbox 1633 5366 1700 5421; x_wconf 88' lang='lat' dir='ltr'><strong>ab</strong></span> <span class='ocrx_word' id='word_1_753' title='bbox 1751 5366 1890 5435; x_wconf 89' lang='lat' dir='ltr'><strong>ipso,</strong></span> <span class='ocrx_word' id='word_1_754' title='bbox 1950 5373 2004 5420; x_wconf 86' lang='lat' dir='ltr'><strong>et</strong></span> 
     </span>
    </p>
   </div>
   <div class='ocr_carea' id='block_1_100' title="bbox 481 5539 1994 5602">
    <p class='ocr_par' dir='ltr' id='par_1_100' title="bbox 481 5539 1994 5602">
     <span class='ocr_line' id='line_1_100' title="bbox 481 5539 1994 5602; baseline -0.005 -1"><span class='ocrx_word' id='word_1_755' title='bbox 481 5557 507 5584; x_wconf 74' lang='grc' dir='ltr'><strong><em>η</em></strong></span> <span class='ocrx_word' id='word_1_756' title='bbox 537 5545 776 5602; x_wconf 85' lang='lat' dir='ltr'><strong>[labetur</strong></span> <span class='ocrx_word' id='word_1_757' title='bbox 797 5547 985 5602; x_wconf 86' lang='lat' dir='ltr'><strong>Graece</strong></span> <span class='ocrx_word' id='word_1_758' title='bbox 1012 5555 1064 5601; x_wconf 89' lang='lat' dir='ltr'><strong>et</strong></span> <span class='ocrx_word' id='word_1_759' title='bbox 1092 5544 1281 5600; x_wconf 86' lang='lat' dir='ltr'><strong>Latine</strong></span> <span class='ocrx_word' id='word_1_760' title='bbox 1326 5542 1378 5596; x_wconf 90' lang='lat' dir='ltr'><strong>iu</strong></span> <span class='ocrx_word' id='word_1_761' title='bbox 1410 5543 1624 5597; x_wconf 70' lang='lat' dir='ltr'><strong>actione</strong></span> <span class='ocrx_word' id='word_1_762' title='bbox 1655 5542 1722 5595; x_wconf 87' lang='grc'><strong>10</strong></span> <span class='ocrx_word' id='word_1_763' title='bbox 1769 5539 1994 5595; x_wconf 77' lang='lat' dir='ltr'><strong>Chalce-</strong></span> 
     </span>
    </p>
   </div>
   <div class='ocr_carea' id='block_1_101' title="bbox 405 5613 1996 5687">
    <p class='ocr_par' dir='ltr' id='par_1_101' title="bbox 405 5613 1996 5687">
     <span class='ocr_line' id='line_1_101' title="bbox 405 5613 1996 5687; baseline -0.007 -13"><span class='ocrx_word' id='word_1_764' title='bbox 405 5621 748 5687; x_wconf 84' lang='lat' dir='ltr'><strong>donensi,ex</strong></span> <span class='ocrx_word' id='word_1_765' title='bbox 802 5619 968 5687; x_wconf 78' lang='lat' dir='ltr'><strong>gestis</strong></span> <span class='ocrx_word' id='word_1_766' title='bbox 1016 5617 1206 5686; x_wconf 86' lang='lat' dir='ltr'><strong>synodi</strong></span> <span class='ocrx_word' id='word_1_767' title='bbox 1263 5615 1592 5687; x_wconf 79' lang='lat' dir='ltr'><strong>Berytensis,</strong></span> <span class='ocrx_word' id='word_1_768' title='bbox 1640 5613 1730 5666; x_wconf 91' lang='lat' dir='ltr'><strong>ubi</strong></span> <span class='ocrx_word' id='word_1_769' title='bbox 1789 5613 1996 5687; x_wconf 79' lang='lat' dir='ltr'><strong>prolata</strong></span> 
     </span>
    </p>
   </div>
   <div class='ocr_carea' id='block_1_102' title="bbox 409 5684 1996 5759">
    <p class='ocr_par' dir='ltr' id='par_1_102' title="bbox 409 5684 1996 5759">
     <span class='ocr_line' id='line_1_102' title="bbox 409 5684 1996 5759; baseline -0.004 -18"><span class='ocrx_word' id='word_1_770' title='bbox 409 5684 836 5759; x_wconf 75' lang='lat' dir='ltr'><strong>primumfuerat</strong></span> <span class='ocrx_word' id='word_1_771' title='bbox 861 5690 928 5742; x_wconf 92' lang='lat' dir='ltr'><strong>ab</strong></span> <span class='ocrx_word' id='word_1_772' title='bbox 951 5684 1058 5743; x_wconf 59' lang='lat' dir='ltr'><strong>nos</strong></span> <span class='ocrx_word' id='word_1_773' title='bbox 1075 5684 1423 5742; x_wconf 85' lang='lat' dir='ltr'><strong>adversariis.</strong></span> <span class='ocrx_word' id='word_1_774' title='bbox 1459 5685 1691 5759; x_wconf 70' lang='lat' dir='ltr'><strong>liabetur</strong></span> <span class='ocrx_word' id='word_1_775' title='bbox 1720 5691 1776 5738; x_wconf 90' lang='lat' dir='ltr'><strong>ct</strong></span> <span class='ocrx_word' id='word_1_776' title='bbox 1811 5684 1996 5759; x_wconf 79' lang='lat' dir='ltr'><strong>iusy-</strong></span> 
     </span>
    </p>
   </div>
   <div class='ocr_carea' id='block_1_103' title="bbox 407 5756 1994 5830">
    <p class='ocr_par' dir='ltr' id='par_1_103' title="bbox 407 5756 1994 5830">
     <span class='ocr_line' id='line_1_103' title="bbox 407 5756 1994 5830; baseline -0.007 -14"><span class='ocrx_word' id='word_1_777' title='bbox 407 5756 596 5816; x_wconf 78' lang='lat' dir='ltr'><strong>iiodov</strong></span> <span class='ocrx_word' id='word_1_778' title='bbox 621 5761 876 5830; x_wconf 76' lang='lat' dir='ltr'><strong>generali,</strong></span> <span class='ocrx_word' id='word_1_779' title='bbox 906 5767 1000 5814; x_wconf 87' lang='lat' dir='ltr'><strong>sed</strong></span> <span class='ocrx_word' id='word_1_780' title='bbox 1017 5760 1122 5814; x_wconf 84' lang='lat' dir='ltr'><strong>alio</strong></span> <span class='ocrx_word' id='word_1_781' title='bbox 1142 5759 1455 5827; x_wconf 87' lang='lat' dir='ltr'><strong>interprete.</strong></span> <span class='ocrx_word' id='word_1_782' title='bbox 1483 5756 1664 5826; x_wconf 82' lang='lat' dir='ltr'><strong>Itaque</strong></span> <span class='ocrx_word' id='word_1_783' title='bbox 1703 5757 1854 5808; x_wconf 89' lang='lat' dir='ltr'><strong>tertia</strong></span> <span class='ocrx_word' id='word_1_784' title='bbox 1881 5756 1994 5807; x_wconf 72' lang='lat' dir='ltr'><strong>iure</strong></span> 
     </span>
    </p>
   </div>
   <div class='ocr_carea' id='block_1_104' title="bbox 487 5914 2002 5986">
    <p class='ocr_par' dir='ltr' id='par_1_104' title="bbox 487 5914 2002 5986">
     <span class='ocr_line' id='line_1_104' title="bbox 487 5914 2002 5986; baseline -0.007 -10"><span class='ocrx_word' id='word_1_785' title='bbox 487 5925 499 5952; x_wconf 80' lang='grc'>¹</span> <span class='ocrx_word' id='word_1_786' title='bbox 527 5923 658 5976; x_wconf 67' lang='lat' dir='ltr'><strong>(iud.</strong></span> <span class='ocrx_word' id='word_1_787' title='bbox 689 5923 908 5982; x_wconf 76' lang='lat' dir='ltr'><strong>Vct‘on.,</strong></span> <span class='ocrx_word' id='word_1_788' title='bbox 942 5920 1073 5972; x_wconf 78' lang='lat' dir='ltr'><strong>nihil</strong></span> <span class='ocrx_word' id='word_1_789' title='bbox 1095 5917 1485 5986; x_wconf 72' lang='lat' dir='ltr'><strong>qrauarerlrlmit</strong></span> <span class='ocrx_word' id='word_1_790' title='bbox 1507 5914 1768 5980; x_wconf 78' lang='lat' dir='ltr'><strong>epistolam</strong></span> <span class='ocrx_word' id='word_1_791' title='bbox 1795 5929 2002 5966; x_wconf 57' lang='lat' dir='ltr'><strong>t&#39;l‘ttcra-</strong></span> 
     </span>
    </p>
   </div>
   <div class='ocr_carea' id='block_1_105' title="bbox 411 5989 1715 6065">
    <p class='ocr_par' dir='ltr' id='par_1_105' title="bbox 411 5989 1715 6065">
     <span class='ocr_line' id='line_1_105' title="bbox 411 5989 1715 6065; baseline -0.009 -15"><span class='ocrx_word' id='word_1_792' title='bbox 411 5996 524 6050; x_wconf 69' lang='lat' dir='ltr'><strong>bilis</strong></span> <span class='ocrx_word' id='word_1_793' title='bbox 563 5993 664 6050; x_wconf 56' lang='lat' dir='ltr'><strong>ll’a&#39;</strong></span> <span class='ocrx_word' id='word_1_794' title='bbox 689 5994 814 6065; x_wconf 73' lang='lat' dir='ltr'><strong>fulsi</strong></span> <span class='ocrx_word' id='word_1_795' title='bbox 845 5994 905 6046; x_wconf 78' lang='lat' dir='ltr'><strong>(te</strong></span> <span class='ocrx_word' id='word_1_796' title='bbox 938 5997 1079 6046; x_wconf 59' lang='lat' dir='ltr'><strong>{muto</strong></span> <span class='ocrx_word' id='word_1_797' title='bbox 1113 5990 1304 6061; x_wconf 52' lang='lat' dir='ltr'><strong>Cyrilli;</strong></span> <span class='ocrx_word' id='word_1_798' title='bbox 1335 5989 1580 6056; x_wconf 55' lang='lat' dir='ltr'><strong>suspicio,</strong></span> <span class='ocrx_word' id='word_1_799' title='bbox 1609 5998 1715 6040; x_wconf 75' lang='lat' dir='ltr'><strong>etc.</strong></span> 
     </span>
    </p>
   </div>
   <div class='ocr_carea' id='block_1_106' title="bbox 2113 4829 3708 4902">
    <p class='ocr_par' dir='ltr' id='par_1_106' title="bbox 2113 4829 3708 4902">
     <span class='ocr_line' id='line_1_106' title="bbox 2113 4829 3708 4902; baseline -0.002 -19"><span class='ocrx_word' id='word_1_800' title='bbox 2113 4829 2300 4899; x_wconf 90' lang='lat' dir='ltr'><strong>synodi</strong></span> <span class='ocrx_word' id='word_1_801' title='bbox 2325 4831 2513 4901; x_wconf 83' lang='lat' dir='ltr'><strong>gestis,</strong></span> <span class='ocrx_word' id='word_1_802' title='bbox 2537 4831 2678 4887; x_wconf 89' lang='lat' dir='ltr'><strong>sicut</strong></span> <span class='ocrx_word' id='word_1_803' title='bbox 2708 4833 3070 4902; x_wconf 79' lang='lat' dir='ltr'><strong>promisimus,</strong></span> <span class='ocrx_word' id='word_1_804' title='bbox 3092 4833 3144 4887; x_wconf 89' lang='lat' dir='ltr'><strong>in</strong></span> <span class='ocrx_word' id='word_1_805' title='bbox 3171 4832 3314 4886; x_wconf 88' lang='lat' dir='ltr'><strong>hunc</strong></span> <span class='ocrx_word' id='word_1_806' title='bbox 3338 4831 3708 4885; x_wconf 78' lang='lat' dir='ltr'><strong>transierimus</strong></span> 
     </span>
    </p>
   </div>
   <div class='ocr_carea' id='block_1_107' title="bbox 2113 4921 3706 4995">
    <p class='ocr_par' dir='ltr' id='par_1_107' title="bbox 2113 4921 3706 4995">
     <span class='ocr_line' id='line_1_107' title="bbox 2113 4921 3706 4995; baseline -0.002 -19"><span class='ocrx_word' id='word_1_807' title='bbox 2113 4921 2328 4978; x_wconf 87' lang='lat' dir='ltr'><strong>librum.</strong></span> <span class='ocrx_word' id='word_1_808' title='bbox 2355 4923 2484 4980; x_wconf 84' lang='lat' dir='ltr'><strong>Post</strong></span> <span class='ocrx_word' id='word_1_809' title='bbox 2535 4925 2798 4993; x_wconf 71' lang='lat' dir='ltr'><strong>promtuia</strong></span> <span class='ocrx_word' id='word_1_810' title='bbox 2817 4941 2944 4995; x_wconf 82' lang='lat' dir='ltr'><strong>ergo</strong></span> <span class='ocrx_word' id='word_1_811' title='bbox 2979 4926 3056 4980; x_wconf 90' lang='lat' dir='ltr'><strong>sic</strong></span> <span class='ocrx_word' id='word_1_812' title='bbox 3085 4924 3244 4978; x_wconf 87' lang='lat' dir='ltr'><strong>habet</strong></span> <span class='ocrx_word' id='word_1_813' title='bbox 3269 4921 3494 4988; x_wconf 82' lang='lat' dir='ltr'><strong>(Concil.</strong></span> <span class='ocrx_word' id='word_1_814' title='bbox 3528 4921 3706 4976; x_wconf 76' lang='lat' dir='ltr'><strong>C/ialc.</strong></span> 
     </span>
    </p>
   </div>
   <div class='ocr_carea' id='block_1_108' title="bbox 2112 5012 3706 5085">
    <p class='ocr_par' dir='ltr' id='par_1_108' title="bbox 2112 5012 3706 5085">
     <span class='ocr_line' id='line_1_108' title="bbox 2112 5012 3706 5085; baseline 0.001 -20"><span class='ocrx_word' id='word_1_815' title='bbox 2112 5022 2214 5067; x_wconf 86' lang='lat' dir='ltr'><strong>act.</strong></span> <span class='ocrx_word' id='word_1_816' title='bbox 2241 5013 2332 5085; x_wconf 77' lang='grc' dir='ltr'><strong>ιθ)</strong></span> <span class='ocrx_word' id='word_1_817' title='bbox 2362 5031 2417 5067; x_wconf 76' lang='grc' dir='ltr'>ει</span> <span class='ocrx_word' id='word_1_818' title='bbox 2450 5014 2504 5068; x_wconf 92' lang='lat' dir='ltr'><strong>ln</strong></span> <span class='ocrx_word' id='word_1_819' title='bbox 2530 5014 2678 5070; x_wconf 86' lang='lat' dir='ltr'><strong>brevi</strong></span> <span class='ocrx_word' id='word_1_820' title='bbox 2723 5025 2902 5071; x_wconf 90' lang='lat' dir='ltr'><strong>autem</strong></span> <span class='ocrx_word' id='word_1_821' title='bbox 2928 5016 3205 5070; x_wconf 80' lang='lat' dir='ltr'><strong>luminosa:</strong></span> <span class='ocrx_word' id='word_1_822' title='bbox 3237 5023 3343 5068; x_wconf 78' lang='lat' dir='ltr'><strong>tua:</strong></span> <span class='ocrx_word' id='word_1_823' title='bbox 3385 5012 3706 5081; x_wconf 82' lang='lat' dir='ltr'><strong>prudentiae,</strong></span> 
     </span>
    </p>
   </div>
   <div class='ocr_carea' id='block_1_109' title="bbox 2112 5104 3707 5179">
    <p class='ocr_par' dir='ltr' id='par_1_109' title="bbox 2112 5104 3707 5179">
     <span class='ocr_line' id='line_1_109' title="bbox 2112 5104 3707 5179; baseline -0.001 -19"><span class='ocrx_word' id='word_1_824' title='bbox 2112 5120 2232 5174; x_wconf 68' lang='lat' dir='ltr'><strong>quae</strong></span> <span class='ocrx_word' id='word_1_825' title='bbox 2261 5107 2312 5160; x_wconf 89' lang='lat' dir='ltr'><strong>in</strong></span> <span class='ocrx_word' id='word_1_826' title='bbox 2339 5107 2524 5175; x_wconf 91' lang='lat' dir='ltr'><strong>paucis</strong></span> <span class='ocrx_word' id='word_1_827' title='bbox 2545 5108 2713 5163; x_wconf 90' lang='lat' dir='ltr'><strong>multa</strong></span> <span class='ocrx_word' id='word_1_828' title='bbox 2741 5106 3232 5179; x_wconf 83' lang='lat' dir='ltr'><strong>cognoscit,qualia</strong></span> <span class='ocrx_word' id='word_1_829' title='bbox 3253 5104 3458 5175; x_wconf 90' lang='lat' dir='ltr'><strong>pridem</strong></span> <span class='ocrx_word' id='word_1_830' title='bbox 3490 5112 3544 5158; x_wconf 94' lang='lat' dir='ltr'><strong>ct</strong></span> <span class='ocrx_word' id='word_1_831' title='bbox 3567 5118 3707 5158; x_wconf 85' lang='lat' dir='ltr'><strong>nunc</strong></span> 
     </span>
    </p>
   </div>
   <div class='ocr_carea' id='block_1_110' title="bbox 2115 5197 3706 5276">
    <p class='ocr_par' dir='ltr' id='par_1_110' title="bbox 2115 5197 3706 5276">
     <span class='ocr_line' id='line_1_110' title="bbox 2115 5197 3706 5276; baseline -0.004 -23"><span class='ocrx_word' id='word_1_832' title='bbox 2115 5199 2202 5254; x_wconf 90' lang='lat' dir='ltr'><strong>hic</strong></span> <span class='ocrx_word' id='word_1_833' title='bbox 2229 5209 2351 5255; x_wconf 84' lang='lat' dir='ltr'><strong>acta</strong></span> <span class='ocrx_word' id='word_1_834' title='bbox 2381 5210 2528 5262; x_wconf 86' lang='lat' dir='ltr'><strong>sunt.</strong></span> <span class='ocrx_word' id='word_1_835' title='bbox 2555 5201 2929 5256; x_wconf 88' lang='lat' dir='ltr'><strong>festinavimus</strong></span> <span class='ocrx_word' id='word_1_836' title='bbox 2971 5199 3215 5276; x_wconf 66' lang='lat' dir='ltr'><strong>iudicare</strong></span> <span class='ocrx_word' id='word_1_837' title='bbox 3260 5197 3534 5253; x_wconf 87' lang='lat' dir='ltr'><strong>:seientcs</strong></span> <span class='ocrx_word' id='word_1_838' title='bbox 3576 5209 3706 5264; x_wconf 87' lang='lat' dir='ltr'><strong>quo-</strong></span> 
     </span>
    </p>
   </div>
   <div class='ocr_carea' id='block_1_111' title="bbox 2119 5285 3706 5362">
    <p class='ocr_par' dir='ltr' id='par_1_111' title="bbox 2119 5285 3706 5362">
     <span class='ocr_line' id='line_1_111' title="bbox 2119 5285 3706 5362; baseline -0.004 -15"><span class='ocrx_word' id='word_1_839' title='bbox 2119 5293 2260 5347; x_wconf 85' lang='lat' dir='ltr'><strong>niam</strong></span> <span class='ocrx_word' id='word_1_840' title='bbox 2290 5309 2410 5362; x_wconf 70' lang='lat' dir='ltr'><strong>qua:</strong></span> <span class='ocrx_word' id='word_1_841' title='bbox 2439 5304 2635 5349; x_wconf 74' lang='lat' dir='ltr'><strong>vestra:</strong></span> <span class='ocrx_word' id='word_1_842' title='bbox 2663 5293 2936 5350; x_wconf 87' lang='lat' dir='ltr'><strong>sanctitati</strong></span> <span class='ocrx_word' id='word_1_843' title='bbox 2991 5291 3296 5356; x_wconf 82' lang='lat' dir='ltr'><strong>scribiums,</strong></span> <span class='ocrx_word' id='word_1_844' title='bbox 3331 5297 3386 5344; x_wconf 88' lang='lat' dir='ltr'><strong>et</strong></span> <span class='ocrx_word' id='word_1_845' title='bbox 3442 5302 3561 5358; x_wconf 66' lang='lat' dir='ltr'><strong>qua:</strong></span> <span class='ocrx_word' id='word_1_846' title='bbox 3619 5285 3706 5340; x_wconf 90' lang='lat' dir='ltr'><strong>hic</strong></span> 
     </span>
    </p>
   </div>
   <div class='ocr_carea' id='block_1_112' title="bbox 2117 5377 3707 5456">
    <p class='ocr_par' dir='ltr' id='par_1_112' title="bbox 2117 5377 3707 5456">
     <span class='ocr_line' id='line_1_112' title="bbox 2117 5377 3707 5456; baseline -0.004 -19"><span class='ocrx_word' id='word_1_847' title='bbox 2117 5393 2365 5454; x_wconf 80' lang='lat' dir='ltr'><strong>aguntur,</strong></span> <span class='ocrx_word' id='word_1_848' title='bbox 2400 5386 2652 5441; x_wconf 89' lang='lat' dir='ltr'><strong>omnibus</strong></span> <span class='ocrx_word' id='word_1_849' title='bbox 2677 5387 2746 5441; x_wconf 92' lang='lat' dir='ltr'><strong>ibi</strong></span> <span class='ocrx_word' id='word_1_850' title='bbox 2770 5387 2960 5456; x_wconf 87' lang='lat' dir='ltr'><strong>positis</strong></span> <span class='ocrx_word' id='word_1_851' title='bbox 2987 5399 3081 5456; x_wconf 91' lang='lat' dir='ltr'><strong>per</strong></span> <span class='ocrx_word' id='word_1_852' title='bbox 3126 5395 3362 5439; x_wconf 80' lang='lat' dir='ltr'><strong>veStram</strong></span> <span class='ocrx_word' id='word_1_853' title='bbox 3393 5377 3707 5435; x_wconf 89' lang='lat' dir='ltr'><strong>sollicitudi-</strong></span> 
     </span>
    </p>
   </div>
   <div class='ocr_carea' id='block_1_113' title="bbox 2101 5542 3706 5615">
    <p class='ocr_par' dir='ltr' id='par_1_113' title="bbox 2101 5542 3706 5615">
     <span class='ocr_line' id='line_1_113' title="bbox 2101 5542 3706 5615; baseline -0.001 -20"><span class='ocrx_word' id='word_1_854' title='bbox 2101 5545 2279 5596; x_wconf 83' lang='lat' dir='ltr'><strong>vcrsio</strong></span> <span class='ocrx_word' id='word_1_855' title='bbox 2310 5560 2409 5612; x_wconf 85' lang='lat' dir='ltr'><strong>qua</strong></span> <span class='ocrx_word' id='word_1_856' title='bbox 2440 5547 2605 5603; x_wconf 87' lang='lat' dir='ltr'><strong>utitur</strong></span> <span class='ocrx_word' id='word_1_857' title='bbox 2631 5547 2935 5615; x_wconf 80' lang='lat' dir='ltr'><strong>Facundos,</strong></span> <span class='ocrx_word' id='word_1_858' title='bbox 2970 5559 3230 5613; x_wconf 88' lang='lat' dir='ltr'><strong>nusquam</strong></span> <span class='ocrx_word' id='word_1_859' title='bbox 3257 5542 3461 5615; x_wconf 77' lang='lat' dir='ltr'><strong>integra</strong></span> <span class='ocrx_word' id='word_1_860' title='bbox 3507 5549 3706 5615; x_wconf 60' lang='lat' dir='ltr'><strong>exstat,</strong></span> 
     </span>
    </p>
   </div>
   <div class='ocr_carea' id='block_1_114' title="bbox 2102 5613 3706 5692">
    <p class='ocr_par' dir='ltr' id='par_1_114' title="bbox 2102 5613 3706 5692">
     <span class='ocr_line' id='line_1_114' title="bbox 2102 5613 3706 5692; baseline 0 -27"><span class='ocrx_word' id='word_1_861' title='bbox 2102 5616 2194 5665; x_wconf 84' lang='lat' dir='ltr'><strong>sed</strong></span> <span class='ocrx_word' id='word_1_862' title='bbox 2223 5620 2415 5692; x_wconf 84' lang='lat' dir='ltr'><strong>ubique</strong></span> <span class='ocrx_word' id='word_1_863' title='bbox 2436 5620 2675 5692; x_wconf 71' lang='grc' dir='ltr'><strong>ἀκέφα).ρ;</strong></span> <span class='ocrx_word' id='word_1_864' title='bbox 2708 5613 3212 5692; x_wconf 9' lang='lat' dir='ltr'><strong>etrsiucprotentio.</strong></span> <span class='ocrx_word' id='word_1_865' title='bbox 3235 5615 3414 5692; x_wconf 79' lang='lat' dir='ltr'><strong>Quare</strong></span> <span class='ocrx_word' id='word_1_866' title='bbox 3442 5614 3494 5692; x_wconf 76' lang='lat' dir='ltr'><strong>in</strong></span> <span class='ocrx_word' id='word_1_867' title='bbox 3519 5613 3706 5692; x_wconf 57' lang='lat' dir='ltr'><strong>Graiae</strong></span> 
     </span>
    </p>
   </div>
   <div class='ocr_carea' id='block_1_115' title="bbox 2104 5685 3713 5758">
    <p class='ocr_par' dir='ltr' id='par_1_115' title="bbox 2104 5685 3713 5758">
     <span class='ocr_line' id='line_1_115' title="bbox 2104 5685 3713 5758; baseline -0.002 -17"><span class='ocrx_word' id='word_1_868' title='bbox 2104 5685 2394 5758; x_wconf 70' lang='lat' dir='ltr'><strong>exemplari</strong></span> <span class='ocrx_word' id='word_1_869' title='bbox 2425 5695 2503 5746; x_wconf 89' lang='lat' dir='ltr'><strong>sic</strong></span> <span class='ocrx_word' id='word_1_870' title='bbox 2533 5685 2707 5744; x_wconf 43' lang='lat' dir='ltr'><strong>&#39;ltabcl</strong></span> <span class='ocrx_word' id='word_1_871' title='bbox 2764 5685 3045 5757; x_wconf 61' lang='lat' dir='ltr'><strong>inseriptio</strong></span> <span class='ocrx_word' id='word_1_872' title='bbox 3083 5705 3097 5742; x_wconf 88' lang='lat'><strong>:</strong></span> <span class='ocrx_word' id='word_1_873' title='bbox 3131 5687 3255 5742; x_wconf 80' lang='grc' dir='ltr'><strong>Ἀπὸ</strong></span> <span class='ocrx_word' id='word_1_874' title='bbox 3297 5697 3388 5747; x_wconf 71' lang='grc' dir='ltr'><strong>τῆς</strong></span> <span class='ocrx_word' id='word_1_875' title='bbox 3434 5685 3713 5752; x_wconf 59' lang='grc' dir='ltr'><strong>ἐπιστολῆς</strong></span> 
     </span>
    </p>
   </div>
   <div class='ocr_carea' id='block_1_116' title="bbox 2105 5759 3651 5836">
    <p class='ocr_par' dir='ltr' id='par_1_116' title="bbox 2105 5759 3651 5836">
     <span class='ocr_line' id='line_1_116' title="bbox 2105 5759 3651 5836; baseline -0.005 -20"><span class='ocrx_word' id='word_1_876' title='bbox 2105 5765 2377 5836; x_wconf 60' lang='grc' dir='ltr'><strong>γραφείσης</strong></span> <span class='ocrx_word' id='word_1_877' title='bbox 2410 5765 2554 5821; x_wconf 68' lang='grc' dir='ltr'><strong>παρὰ</strong></span> <span class='ocrx_word' id='word_1_878' title='bbox 2579 5770 2668 5817; x_wconf 76' lang='grc' dir='ltr'><strong>τοῦ</strong></span> <span class='ocrx_word' id='word_1_879' title='bbox 2697 5760 2798 5815; x_wconf 69' lang='grc' dir='ltr'><strong>Ἰϐα</strong></span> <span class='ocrx_word' id='word_1_880' title='bbox 2821 5761 3119 5816; x_wconf 40' lang='grc' dir='ltr'><strong>ἐπισκόπει),</strong></span> <span class='ocrx_word' id='word_1_881' title='bbox 3152 5760 3279 5830; x_wconf 65' lang='grc' dir='ltr'><strong>μετὰ</strong></span> <span class='ocrx_word' id='word_1_882' title='bbox 3303 5761 3367 5814; x_wconf 80' lang='grc' dir='ltr'><strong>τὰ</strong></span> <span class='ocrx_word' id='word_1_883' title='bbox 3388 5759 3651 5832; x_wconf 64' lang='grc' dir='ltr'><strong>προοὶμια.</strong></span> 
     </span>
    </p>
   </div>
   <div class='ocr_carea' id='block_1_117' title="bbox 2184 5905 2861 5977">
    <p class='ocr_par' dir='ltr' id='par_1_117' title="bbox 2184 5905 2861 5977">
     <span class='ocr_line' id='line_1_117' title="bbox 2184 5905 2861 5977; baseline -0.013 -15"><span class='ocrx_word' id='word_1_884' title='bbox 2184 5917 2200 5941; x_wconf 69' lang='grc' dir='ltr'>τ</span> <span class='ocrx_word' id='word_1_885' title='bbox 2238 5910 2375 5964; x_wconf 76' lang='lat' dir='ltr'><strong>idem</strong></span> <span class='ocrx_word' id='word_1_886' title='bbox 2409 5907 2504 5962; x_wconf 74' lang='lat' dir='ltr'><strong>cod</strong></span> <span class='ocrx_word' id='word_1_887' title='bbox 2539 5950 2551 5977; x_wconf 88' lang='lat'><strong>,</strong></span> <span class='ocrx_word' id='word_1_888' title='bbox 2582 5905 2861 5959; x_wconf 70' lang='lat' dir='ltr'><strong>ridramur.</strong></span> 
     </span>
    </p>
   </div>
  </div>
