4114 6486
441 321 545 379 (36.35

1525 315 1819 374 FACUNDI
1865 314 2073 372 EPISC.
2106 314 2613 382 HERMIMNENSlS

3632 318 3742 375 66!

443 454 567 493 nem
598 437 958 502 innotesccnt,
991 437 1114 506 quia
1142 435 1342 490 nullam
1390 433 1840 505 permutationem
1885 429 2121 492 Scri-‘A
2146 431 2328 501 pitulis
2381 437 2994 493 excommunicatiinem
3066 439 3458 500 decreverunt;
3497 449 3550 493 ct
3616 451 3742 510 post

445 547 616 606 pturzc
649 549 676 588 a
711 535 819 589 Deo
844 533 1050 588 tradita:
1069 540 1438 603 susceperunt.
1472 531 1635 587 Facio
1674 539 1851 586 autem
1878 527 2038 598 hujus

445 645 619 684 causze
645 628 961 698 principium
987 643 1052 684 ex
1078 628 1236 683 dictis
1291 642 1414 700 qua:
1465 636 1520 682 et
1567 627 1684 696 ipse
1729 625 2039 694 cognoscis.

445 719 732 776 Coutentio
764 720 899 774 facta
923 727 1027 786 est,
1059 735 1125 775 ex
1181 735 1288 789 quo
1344 719 1431 774 hic
1479 727 1568 773 tua
1616 717 1876 772 sanctitas
1920 714 2039 782 fuit,

449 814 534 868 his
564 812 772 867 duobus
803 811 1140 881 hominibus,
1173 811 1426 867 Nestorio
1451 818 1507 866 et
1534 809 1761 883 Cyrillo,
1817 815 1873 863 et
1912 821 2044 862 con-

448 903 783 973 scripserunt
808 901 1069 957 adversus
1086 916 1144 956 se
1161 904 1362 958 noxios
1387 902 1576 966 libros,
1631 901 1724 971 qui
1780 897 2046 954 audienti-

451 999 550 1050 bus
591 995 804 1050 fuerunt
829 995 1147 1051 scandalum
1176 1013 1189 1048 :
1215 995 1498 1052 Nestorius
1515 994 1659 1050 enim
1684 993 1821 1050 dixit
1851 995 1902 1047 in
1935 992 2047 1048 suis

451 1087 627 1154 libris,
651 1088 787 1142 sicut
817 1097 872 1142 et
906 1087 1163 1143 sanctitas
1187 1096 1274 1142 tua
1319 1087 1485 1152 novit,
1517 1084 1637 1157 quia
1695 1085 1850 1140 beata
1881 1081 2047 1138 Maria

452 1177 546 1233 Dei
567 1180 797 1246 genitrix
833 1189 1074 1247 nonest,
1135 1187 1194 1234 ιιι
1240 1177 1394 1234 multi
1451 1185 1703 1248 putarent
1745 1191 1812 1231 ex
1844 1175 2049 1230 hzeresc

453 1270 604 1326 Pauli
629 1272 971 1327 Samosaleni
1017 1271 1161 1326 hunc
1190 1285 1311 1327 esse
1342 1270 1434 1342 qui
1465 1269 1599 1325 dixit
1629 1267 1902 1324 hominem
1954 1281 2052 1335 pu-

454 1379 573 1420 rum
597 1380 719 1420 esse
747 1363 1046 1420 Christum.
1077 1363 1311 1436 Cyrillus
1349 1370 1554 1428 autem,
1607 1361 1796 1416 volens
1819 1356 2051 1414 Nestorii

457 1458 627 1514 libros
667 1459 972 1524 destruere,
1013 1458 1196 1528 lapsus
1239 1465 1348 1523 est,
1377 1456 1509 1512 etin
1561 1454 1752 1525 dogma
1808 1450 2056 1520 Apolina-

457 1553 532 1608 ris
565 1553 817 1609 inventus
839 1561 924 1608 est
952 1552 1229 1609 incidisse.
1278 1550 1615 1620 Conscripsit
1657 1546 1800 1602 enim
1832 1554 1886 1600 et
1940 1532 2054 1614 ipse

459 1646 710 1701 similiter
733 1647 830 1714 illi,
863 1645 987 1717 quia
1013 1645 1130 1715 ipse
1145 1645 1288 1700 Dens
1304 1642 1541 1699 Verbum
1567 1641 1740 1695 factus
1757 1647 1841 1694 est
1869 1635 2052 1702 homo,

465 1748 716 1808 tanquam
765 1753 872 1793 non
904 1737 973 1793 sit
1000 1735 1306 1793 differentia
1337 1736 1480 1791 inter
1528 1733 1787 1802 templum
1828 1729 2058 1784 ctinha-

2144 527 2284 582 hanc
2322 529 2780 598 perturbationem
2841 529 3208 600 unusquisque
3283 531 3333 584 iu
3385 547 3534 586 suam
3608 531 3743 585 civi-

2145 627 2309 674 tatem
2381 635 2633 677 reversus
2699 631 2802 677 cst.
2876 621 3160 678 Nestorins
3232 633 3408 676 autem
3482 623 3742 692 quoniam

2145 723 2258 766 sua:
2312 713 2516 769 civitati
2585 713 2712 770 odio
2767 723 2913 782 erat,
2971 723 3027 770 et
3065 716 3156 783 qui
3215 724 3373 770 erant
3426 714 3480 769 in
3535 731 3598 769 ea
3640 730 3745 769 ex-

2146 805 2584 874 cclleutioribus,
2637 808 2729 864 illo
2776 808 2974 865 reverti
3019 823 3125 864 non
3174 811 3363 879 patuit.
3413 809 3475 862 Et
3532 808 3740 863 mansit

2149 901 2413 956 orientale
2439 900 2724 957 concilium
2769 917 2877 956 non
2925 903 3328 957 contmnnieans
3357 902 3443 956 his
3473 901 3748 970 episcopis

2149 990 2242 1061 qui
2285 990 2820 1047 communicaverunt
2854 992 3091 1065 Cyrillo;
3126 1001 3181 1047 et
3202 1002 3419 1062 propter
3449 989 3549 1045 hoc
3575 990 3749 1043 multa

2152 1083 2364 1140 tristitia
2401 1085 2542 1140 inter
2585 1099 2678 1140 eos
2699 1082 2838 1140 facta
2883 1097 2984 1150 est,
3016 1096 3071 1141 et
3113 1087 3165 1140 in
3213 1085 3554 1141 contentione
3586 1093 3752 1138 erant

2151 1175 2390 1247 episcopi
2421 1175 2678 1233 adversus
2705 1178 3022 1248 episcopos,
3053 1187 3106 1233 et
3137 1177 3318 1248 populi
3347 1176 3607 1232 adversus
3639 1191 3747 1245 p0<

2154 1271 2333 1342 pulos.
2364 1279 2417 1328 et
2445 1271 2770 1342 completum
2803 1282 2888 1328 est
2919 1287 3081 1342 opere
3123 1271 3266 1342 quod
3316 1272 3573 1340 scriptum
3621 1281 3748 1325 est:

2158 1362 2294 1427 Quia
2331 1371 2497 1416 erunt‘
2531 1363 2729 1417 inimici
2757 1363 2776 1393 ¹
2804 1362 3069 1416 domestici
3115 1365 3230 1433 ejus
3275 1359 3486 1430 (Matth.
3527 1375 3581 1425 ι,
3626 1356 3747 1428 56).

2159 1456 2236 1510 Ex
2263 1453 2365 1510 hoc
2393 1454 2754 1511 detractiones
2777 1453 2959 1508 multa:
2987 1452 3245 1508 adversus
3289 1465 3388 1505 nos
3428 1450 3579 1504 facta:
3618 1457 3753 1502 sunt

2159 1562 2485 1618 paganorum
2515 1546 2559 1602 ⁸.
2595 1545 2712 1602 Non
2756 1547 2900 1600 enim
2939 1544 3172 1599 audebat
3217 1543 3409 1612 aliquis
3438 1541 3506 1596 de
3531 1539 3757 1596 civitate

2160 1642 2225 1695 ad
2265 1640 2558 1710 civitatem,
2589 1650 2679 1695 aut
2710 1640 2777 1694 ad
2807 1638 3134 1709 provinciam
3163 1636 3232 1693 de
3260 1635 3534 1706 provincia
3585 1633 3757 1702 profi-

2161 1736 2288 1791 cisci
2318 1753 2331 1804 ;
2363 1736 2458 1791 sed
2490 1736 2852 1806 unusquisque
2881 1735 3183 1805 proximum
3215 1747 3370 1788 suum
3399 1731 3538 1787 sicut
3562 1728 3759 1784 inimi-

461 1835 726 1887 bitantem
763 1832 815 1886 in
839 1846 925 1886 co.
959 1829 1293 1900 Conseripsit
1318 1829 1460 1884 enim
1489 1825 1772 1881 duodecim
1803 1821 2057 1892 capitula,
2093 1819 2142 1880 B
2169 1845 2289 1886 cum
2339 1829 2782 1900 persequebatur.
2834 1828 2983 1883 Multi
3036 1836 3241 1895 autem,
3281 1834 3406 1880 ante
3432 1825 3616 1878 oculos
3647 1837 3760 1877 non

462 1939 583 1994 quae
600 1933 731 1994 puto
757 1933 810 1978 et
833 1932 977 1977 tuam
1008 1922 1328 1992 cognovisse
1361 1919 1722 1981 sanctitatem,
1778 1915 1903 1985 quia
1955 1901 2058 1968 tina

464 2032 498 2070 n
519 2024 654 2068 itura
675 2023 761 2069 est
785 2013 1004 2068 dritatis
1031 2023 1084 2069 et
1106 2011 1456 2067 humanitatis
1492 2009 1708 2065 Domini
1735 2007 1902 2062 nostri
1932 2005 2059 2060 Jesu

465 2105 708 2169 Christi;
741 2114 793 2158 ct
817 2105 962 2176 quia,
995 2106 1134 2160 sicut
1159 2104 1310 2169 dicit,
1370 2117 1474 2157 non
1523 2108 1771 2171 oporteat
1819 2098 2064 2154 dividere

469 2214 632 2255 voces
661 2197 852 2260 dictas,
883 2211 1012 2266 quas
1045 2197 1127 2251 vel
1181 2197 1296 2266 ipse
1347 2195 1610 2251 Dominus
1653 2191 1723 2248 de
1770 2190 2065 2258 semetipso

469 2292 628 2355 dixit,
661 2291 741 2344 vel
768 2288 1111 2359 evangelista:
1141 2288 1208 2344 de
1226 2303 1312 2344 eo.
1341 2287 1466 2344 llaec
1523 2295 1705 2342 autem
1759 2283 1907 2338 omni
1965 2283 2067 2338 im-

471 2384 669 2450 pietate
688 2383 842 2450 plena
873 2390 996 2435 sunt
1019 2390 1307 2451 antequam
1332 2394 1430 2435 nos
1451 2379 1720 2446 dicamus,
1770 2379 1913 2434 sicut
1941 2391 2068 2432 san-

471 2474 631 2528 ctitas
662 2483 748 2527 tua
784 2473 956 2526 novit.
1016 2463 1298 2540 Quomodo
1339 2472 1484 2527 enim
1539 2479 1718 2542 potest
1758 2471 1950 2542 accipi,
2004 2470 2068 2524 In

477 2564 733 2635 principio
773 2561 1195 2633 Vcrbum(Joan.
1247 2579 1285 2632 ι,
1340 2563 1391 2633 1)
1441 2563 1510 2618 de
1565 2563 1770 2633 templo
1817 2572 1941 2616 nato
1995 2575 2066 2616 cx

479 2655 686 2710 Maria?
717 2662 809 2709 aut
840 2653 992 2720 illud,
1020 2653 1256 2710 Minuisti
1273 2670 1387 2708 eum
1414 2653 1570 2724 paulo
1591 2653 1759 2708 minus
1784 2654 1846 2707 ab
1876 2654 2072 2723 angelis

477 2745 654 2819 (Psal.
685 2761 799 2810 vni,
833 2745 916 2816 6),
962 2744 1032 2802 de
1086 2745 1286 2801 deitate
1336 2745 1608 2815 Unigcniti
1637 2746 1780 2802 dici?
1831 2747 2072 2802 Ecclesia

477 2838 624 2891 enim
654 2837 731 2893 sic
753 2838 901 2903 dicit,
936 2838 1077 2893 sicut
1104 2846 1157 2892 ct
1181 2847 1272 2892 tua
1318 2838 1575 2893 sanctitas
1620 2839 1787 2904 novit,
1832 2850 1887 2894 et
1935 2839 2076 2894 sicut

477 2943 507 2984 a
541 2928 803 2999 principio
833 2928 1042 2998 didicit,
1074 2939 1128 2984 et
1156 2931 1473 2985 confirmata
1502 2938 1586 2986 est
1626 2930 1808 2986 divina
1834 2929 2077 2986 doctrina

480 3039 544 3078 ex
571 3023 722 3079 libris
746 3025 1023 3079 beatorum
1055 3023 1293 3092 Patrum,
1318 3023 1436 3080 dua:
1462 3035 1689 3092 naturae,
1723 3040 1828 3080 una
1882 3026 2074 3092 virtus,

484 3131 588 3171 una
622 3130 871 3185 persona,
923 3115 1064 3186 quod
1105 3125 1182 3172 cst
1212 3131 1351 3172 unus
1405 3116 1568 3173 Filius
1613 3117 1871 3173 Dominus
1917 3119 2076 3174 Jcsus

483 3205 754 3263 Christus.
781 3208 861 3263 Ob
890 3207 1027 3262 hanc
1049 3209 1477 3274 contentionem,
1503 3209 1734 3265 victores
1787 3217 1841 3266 ct
1878 3210 1951 3278 pii
1977 3210 2077 3263 im-
2102 3186 2151 3250 ο

484 3307 766 3368 peratorcs
793 3299 1069 3368 jusserunt
1101 3300 1354 3369 primates
1391 3300 1766 3371 episcoporum
1818 3301 1871 3356 in
1906 3300 2082 3370 Ephe-

485 3392 658 3444 sinam
683 3390 998 3462 congregari
1022 3391 1313 3460 civitatem,
1343 3402 1395 3448 et
1425 3407 1607 3448 coram
1639 3394 1891 3450 omnibus
1915 3395 2083 3451 libros

491 3483 804 3538 Nestoriiet
850 3483 1034 3554 Cyrilli
1091 3483 1336 3551 iudicari.
1389 3485 1493 3540 Sed
1551 3493 1837 3556 antequam
1893 3501 2084 3542 omnes

488 3574 725 3644 episcopi
749 3575 838 3644 qui
853 3574 1167 3646 congregari
1187 3576 1321 3646 jussi
1339 3577 1573 3643 fuerant,
1599 3577 1649 3632 in
1669 3578 1938 3647 Ephesum
1964 3593 2085 3649 per-

490 3668 760 3733 venirent,
812 3667 1116 3738 anticipans
1177 3667 1317 3723 idem
1361 3669 1598 3741 Cyrillus
1641 3686 1799 3726 aures
1843 3673 2082 3726 omnium

493 3763 770 3832 pigmento
805 3762 945 3830 (parad
977 3772 1214 3817 excaecat
1248 3762 1433 3816 oculos
1491 3763 1836 3833 sapientium,
1882 3779 2079 3834 pracoc-

491 3855 729 3925 cupavit.
762 3854 966 3908 Invenit
1016 3865 1196 3908 autem
1239 3870 1455 3909 causam
1496 3871 1560 3911 ex
1603 3857 1728 3912 odio
1780 3857 1921 3927 quod
1971 3867 2088 3912 erat.

492 3949 755 4004 adversus
781 3947 1109 4012 Nestorium,
1137 3959 1190 4004 et
1217 3939 1504 4018 antequam
1535 3952 1548 3982 ¹
1592 3952 1808 4007 adesset
1860 3954 2089 4008 sanctis-

488 4043 657 4099 simus
687 4051 742 4097 et
765 4042 1241 4096 reverentissimus
1270 4042 1710 4114 archiepiscopus
1735 4043 1991 4112 Joannes,
2023 4046 2088 4102 de

496 4137 810 4205 episcopatu
842 4135 1147 4191 Nestorium
1175 4135 1564 4206 deposutrunt,
1602 4135 1806 4212 judicio
1829 4147 1882 4194 et
1914 4133 2090 4207 inqdi-

491 4228 686 4283 sitionc
717 4243 821 4283 non
855 4229 1014 4284 facta.
1045 4227 1172 4283 Post
1203 4228 1337 4284 duos
1376 4237 1556 4285 autem
1584 4229 1697 4286 dies
1725 4231 2090 4286 damnationis

493 4318 611 4387 ejus
631 4320 875 4374 venimus
925 4320 977 4375 in
1025 4321 1339 4391 Ephesum;
1391 4332 1443 4378 et
1493 4325 1944 4394 cognoscentibus
1994 4341 2091 4381 no-

492 4409 578 4463 bis
633 4411 758 4479 quia
789 4409 841 4464 in
867 4411 1215 4468 damnatione
1261 4412 1494 4470 Nestorii
1549 4430 1668 4484 qure
1721 4414 1858 4471 faeta
1901 4425 1985 4472 est
2022 4416 2090 4470 ab

491 4499 592 4566 eis,
641 4501 924 4556 duodecim
983 4504 1216 4574 capitula
1256 4520 1375 4575 qua:
1439 4523 1468 4561 a
1524 4507 1728 4578 Cyrillo
1780 4509 2088 4580 conscripta

494 4604 642 4660 sunt,
695 4595 962 4649 contraria
1026 4597 1314 4651 existentia
1359 4613 1496 4653 vene
1554 4599 1695 4666 fidei,
1767 4573 2081 4673 posuerunt,
2118 4573 2169 4633 Ῑ)

491 4690 548 4738 et
586 4682 956 4748 firmaverunt,
1001 4693 1055 4740 et
1104 4696 1495 4742 consenserunt
1544 4689 1644 4754 eis,
1696 4699 1949 4763 tanquam
1990 4710 2084 4748 ve-

491 4792 567 4832 ra:
641 4777 768 4834 fidei
831 4781 1285 4848 consonantibus,
1363 4796 1552 4839 omnes
1626 4785 1920 4843 orientales
1986 4789 2090 4858 cpi.

494 4871 646 4941 scopi
715 4872 966 4928 eumdem
1036 4873 1292 4944 Cyrillum
1369 4874 1808 4945 damnaverunt,
1883 4890 1938 4936 et
1993 4883 2087 4936 ad-

493 4975 681 5016 versus
729 4963 868 5019 alios
901 4965 1184 5035 ep’seopos
1233 4965 1322 5037 qui
1376 4978 1772 5024 consenserunt
1817 4970 1935 5040 ejus
2000 4987 2086 5026 ea-

571 5128 594 5157 ·
613 5119 872 5203 nebulam
902 5123 1235 5203 sic__a_ppellat
1263 5127 1602 5203 decessorcm
1627 5144 1806 5203 suum,
1833 5137 1925 5201 qui
1956 5150 2085 5189 ana-

493 5190 926 5268 thema_d_ijxerat
970 5190 1281 5268 Theodoro,
1313 5209 1370 5254 ut
1397 5200 1560 5254 refert
1591 5200 1751 5254 etiam
1775 5190 2083 5268 [Liberatus

493 5275 611 5347 cap.
635 5263 713 5344 .19
743 5263 1021 5347 Breviarii.
1074 5266 1270 5347 Exstat
1297 5271 1378 5347 _in
1407 5270 1614 5347 synodo
1646 5287 1675 5324 v
1702 5263 1890 5347 Cy'rilli
1926 5278 2082 5331 Alex-

495 5334 705 5388 andrini
761 5337 993 5404 epistola
1042 5337 1110 5393 ad
1142 5338 1402 5396 Rabulam
1433 5334 2006 5416 episc0pum'Edessze,
2033 5351 2085 5404 in

569 5474 584 5547 ξ
609 5472 741 5547 _C_od.
774 5473 974 5547 Veron.
984 5515 996 5529 .
1018 5475 1214 5547 synodo
1238 5476 1454 5530 adesset.

565 5544 586 5619 ξ
611 5542 755 5619 Idem
786 5545 934 5619 cod.,
956 5542 1174 5600 hominis
1202 5548 1464 5619 domestici
1486 5550 1618 5619 ejus.

566 5611 588 5687 ξ
612 5613 764 5687 idem
797 5611 943 5681 θυαμ,
961 5634 1297 5687 paganorum
1326 5627 1372 5673 et
1400 5611 1772 5677 hmrEticorum.

568 5681 586 5713 ⁸
612 5683 757 5765 [deut
778 5687 922 5751 cod.,
952 5681 1101 5765 (fune
1127 5690 1472 5755 pra'sumpsit,
1498 5693 1582 5765 qui
1605 5696 1774 5745 omnia
1801 5697 2083 5765 pra’sumit,

497 5762 550 5815 in
580 5755 811 5826 ecclesia,
842 5768 946 5813 etc.
980 5758 1249 5815 Consonat
1278 5768 1461 5817 textus
1491 5755 1733 5832 cpistolte
1763 5755 1866 5821 Iba:
1897 5766 1962 5823 ad
1991 5755 2096 5824 Ma,-

2166 1922 2426 1977 habentcs
2456 1922 2548 1977 Dei
2579 1923 2848 1985 timorem,
2895 1920 3181 1974 occasione
3229 1915 3576 1972 ecclesiastici
3613 1915 3718 1968 zeli
3744 1955 3759 1977 ,

2167 2017 2472 2072 inimicitias
2500 2031 2630 2086 quas
2658 2016 2894 2070 occultas
2922 2015 2974 2069 in
3006 2012 3262 2068 cordibus
3293 2010 3405 2065 suis
3436 2007 3747 2069 habebant.

2166 2109 2231 2162 ad
2279 2108 2530 2163 effectum
2589 2107 2887 2177 perducere
2947 2104 3353 2160 festinaverunt.
3419 2101 3512 2156 Es
3561 2100 3761 2168 quibus

2169 2213 2305 2253 unus
2354 2199 2540 2254 existit
2577 2209 2777 2252 nasute
2817 2197 3048 2252 civitatis
3089 2205 3348 2266 tyrannus
3379 2201 3428 2259 ι,
3459 2207 3616 2262 quem
3661 2205 3763 2244 nec

2172 2303 2225 2347 tu
2253 2292 2367 2361 ipse
2397 2292 2614 2363 ignoras
2640 2307 2653 2356 ;
2684 2289 2770 2360 qui
2793 2289 3079 2344 occasione
3104 2287 3246 2353 ﬁdei,
3281 2302 3387 2340 non
3419 2284 3591 2340 solum
3621 2297 3765 2336 nunc

2171 2386 2415 2444 viventes
2463 2387 2780 2458 insequitur,
2831 2384 2924 2440 sed
2965 2392 3022 2439 et
3067 2385 3166 2438 hos
3213 2380 3304 2452 qui
3338 2382 3466 2436 olim
3496 2379 3558 2433 ad
3595 2378 3763 2433 Deum
3831 2380 3841 2388 ‘

2173 2488 2592 2550 prxeesserunt.
2634 2479 2870 2547 Quorum
2915 2490 3052 2531 unus
3081 2484 3164 2530 cst
3195 2474 3382 2529 beatus
3421 2471 3765 2534 Theodorus,

2175 2588 2351 2643 praeco
2379 2571 2618 2626 veritatis
2648 2579 2703 2625 et
2733 2569 2920 2624 doctor
2949 2565 3230 2633 Ecclesite,
3256 2567 3344 2634 qui
3375 2581 3478 2620 non
3507 2563 3680 2619 solum
3713 2563 3767 2617 in

2176 2681 2272 2721 sua
2313 2665 2416 2720 vita
2459 2662 2817 2734 colaphizavit
2869 2660 3151 2716 ha-reticos
3192 2673 3287 2728 per
3326 2658 3604 2712 veritatem
3653 2669 3770 2709 sua:

2179 2760 2325 2827 fidei,
2366 2759 2459 2814 sed
2490 2766 2693 2828 etpost
2738 2764 2966 2811 mortem
3018 2751 3277 2823 spiritalia
3321 2764 3468 2804 arma
3507 2750 3558 2802 in
3616 2746 3770 2802 libris

2179 2853 2412 2924 propriis
2445 2851 2701 2906 Ecclesia:
2731 2849 2855 2903 filiis
2888 2846 3174 2916 dereliquit
3202 2862 3214 2898 :
3246 2845 3383 2900 sicut
3413 2854 3466 2898 et
3493 2854 3578 2896 tua
3611 2855 3772 2895 reve—

2179 2945 2353 3001 rentia
2387 2944 2562 3001 eidem
2596 2943 2858 2998 collocuta
2890 2943 3162 3010 cognovit,
3193 2945 3248 2993 et
3281 2952 3348 2993 ex
3381 2937 3462 2990 his
3487 2950 3606 3003 qua:
3636 2948 3773 2987 cnn-

2182 3036 2396 3106 scripsit
2439 3037 2696 3090 instructa
2727 3039 2829 3089 est.
2865 3033 3016 3088 llunc
3044 3030 3390 3102 pratsnmpsit
3414 3027 3435 3059 ⁸
3463 3028 3515 3082 in
3541 3027 3772 3081 ecclesia

2187 3130 2358 3198 palam
2407 3125 2866 3183 anathematizare
2891 3165 2907 3190 ,
2949 3125 3040 3194 qui
3085 3132 3313 3194 propter
3333 3119 3505 3175 zelum
3536 3117 3628 3173 Dei
3662 3132 3772 3172 non

2186 3222 2357 3279 solum
2405 3220 2674 3290 propriam
2724 3218 2994 3274 civitatem
3045 3217 3112 3272 ab
3161 3229 3348 3271 errore
3389 3213 3455 3269 ad
3495 3214 3776 3268 veritatem

2187 3315 2478 3378 convertit,
2511 3313 2608 3369 sed
2640 3321 2695 3368 et
2715 3313 2871 3380 longe
2901 3310 3103 3378 positas
3126 3323 3218 3364 sua
3246 3307 3492 3364 doctrina
3525 3307 3775 3362 instruxit

2188 3406 2478 3462 Ecclesias.
2528 3403 2593 3458 Et
2638 3403 2704 3458 de
2734 3403 2883 3458 libris
2931 3400 3145 3472 quidem
3194 3399 3312 3470 ejus
3358 3397 3523 3453 tnul'a
3579 3396 3778 3466 ubique

2188 3497 2544 3569 perscrutatio
2583 3495 2742 3551 fiebat
2787 3511 2801 3548 :
2851 3510 2954 3548 non
3001 3495 3121 3563 quia
3167 3506 3292 3547 vera
3339 3491 3444 3546 fide
3487 3490 3777 3545 existerent

2188 3589 2371 3656 alit-ni,
2404 3586 2510 3642 vidi
2544 3588 2688 3642 enim
2719 3601 2839 3640 eum
2872 3585 3047 3639 adhuc
3077 3585 3167 3639 illo
3197 3584 3324 3639 vivo
3355 3585 3660 3652 frequeu'cr
3687 3596 3776 3636 co-

2189 3679 2338 3734 dices
2368 3677 2488 3749 ejus
2516 3677 2820 3747 legentem;
2854 3677 2947 3731 sed
2990 3683 3210 3744 propter
3258 3674 3568 3729 inimicitias
3612 3674 3779 3728 laten-

2191 3780 2289 3836 tes,
2327 3783 2461 3840 quas
2490 3767 2747 3822 adversus
2777 3782 2902 3821 cum
2936 3766 3142 3833 habuit,
3172 3767 3422 3835 quoniam
3450 3780 3571 3821 eum
3603 3765 3783 3818 mani-

2191 3864 2326 3918 fcste
2367 3861 2605 3916 convicit
2631 3861 2686 3914 in
2715 3859 2942 3930 synodo.
2972 3859 3067 3914 llis
3093 3851 3223 3927 ergo
3253 3858 3410 3912 malis
3438 3856 3785 3913 interceden-

2193 3954 2354 4016 tibus,
2383 3965 2439 4006 et
2472 3964 2813 4020 unoquoque,
2845 3951 2984 4005 sicut
3012 3950 3269 4020 scriptum
3300 3960 3403 4018 est,
3447 3957 3606 4018 prout
3635 3947 3785 4003 volt--

2194 4050 2282 4103 hat
2309 4047 2642 4114 discedente,
2679 4045 2820 4100 Deus
2843 4056 3026 4100 noster
3052 4043 3379 4109 adorandus,
3410 4044 3496 4114 qui
3525 4056 3620 4097 sua
3643 4057 3787 4097 sem-

2193 4159 2289 4216 per
2307 4141 2592 4199 clementia
2623 4155 2805 4196 curam
2839 4138 2978 4209 gerit
3010 4137 3300 4207 Ecclesiae,
3365 4135 3663 4192 fidelissimi
3709 4147 3788 4188 at.

2195 4252 2296 4305 que
2321 4235 2539 4290 victoris
2565 4232 2818 4303 principis
2847 4247 2942 4287 cor
2963 4231 3120 4295 rexit,
3145 4240 3202 4284 ut
3225 4229 3476 4300 dirigeret
3505 4231 3723 4282 veneral
3748 4228 3790 4281 i-

2195 4327 2299 4382 lem
2340 4327 2361 4358 ⁸
2404 4335 2563 4395 atque
2608 4325 3005 4378 sanctissimum
3036 4321 3496 4392 archiepiscopum
3528 4313 3788 4384 Or'icnt's,

2195 4419 2470 4474 dominum
2521 4417 2807 4482 Joannem,
2854 4427 2913 4471 ut
2957 4414 3399 4471 reconciliarctur
3443 4412 3688 4484 Cyrillo:
3722 4415 3792 4468 ab

2196 4527 2262 4568 eo
2309 4512 2450 4567 enim
2504 4510 2680 4565 fuerat
2725 4510 3036 4579 episcopatu
3079 4507 3377 4578 depositus.
3413 4506 3476 4560 Et
3507 4515 3790 4576 postquam

2195 4606 2396 4660 litteras
2442 4604 2782 4672 imperatoris
2832 4601 3055 4670 accepit,
3103 4602 3499 4656 sanctissimum
3540 4610 3595 4655 et
3636 4615 3794 4656 reve-

2196 4695 2577 4750 rendissimnm
2615 4695 2832 4748 Paulum
2872 4693 3193 4749 Emcsenum
3225 4691 3423 4747 direxit
3449 4693 3790 4760 episcOpmn,

2195 4789 2439 4843 scribens
2468 4803 2564 4857 per
2591 4803 2711 4842 eum
2740 4801 2917 4840 veram
2945 4785 3126 4853 fidem,
3154 4795 3201 4840 et
3227 4783 3544 4856 praecipiens
3570 4784 3640 4848 ei,
3664 4788 3791 4854 «μετα

2196 4881 2241 4936 si
2273 4881 2398 4936 huic
2438 4879 2560 4933 fidei
2599 4878 2836 4948 Cyrillus
2883 4877 3245 4941 consenserit,
3281 4886 3334 4930 et
3365 4877 3794 4930 anathematiza-

2196 4975 2331 5030 verit
2360 4987 2454 5028 eos
2481 4973 2569 5043 qui
2601 4971 2786 5027 dicunt
2814 4971 2938 5041 quia
2961 4971 3134 5026 deitas
3171 4983 3325 5039 passa
3357 4977 3462 5033 est,
3496 4965 3577 5021 vel
3605 4965 3795 5020 dicen-

2191 5153 2291 5208 qna
2329 5153 2452 5192 eum
2493 5136 2675 5191 laudat
2705 5135 2844 5207 quod
2880 5137 3129 5192 liceresim
3161 5135 3587 5208 Nestorianama
3613 5131 3796 5208 Theof

2191 5206 2326 5263 duro
2354 5209 2518 5263 Cilice
2557 5206 2733 5262 Ol'litllt
2767 5209 3076 5277 expulerit;
3130 5215 3186 5262 et
3240 5207 3458 5260 ltabula:
3491 5206 3673 5277 altera
3724 5206 3794 5261 ad

2195 5279 2482 5351 Cyrillum,
2515 5281 2566 5332 in
2599 5294 2700 5351 qua
2733 5276 3073 5334 Theodorum
3108 5288 3165 5333 ut
3197 5276 3501 5333 Nestoriani
3523 5276 3793 5347 dogmatis

2198 5349 2471 5406 auctorem
2495 5349 2763 5419 suggillat.

2188 5487 2288 5539 rim
2319 5487 2535 5540 Persam
2551 5496 2658 5540 act.
2694 5486 2756 5541 ιο
2778 5486 2993 5540 concilii
3021 5485 3278 5542 Chalccd.
3303 5497 3358 5542 et
3383 5487 3507 5542 c‘oll.
3538 5485 3570 5542 6
3600 5485 3793 5544 conci-

2189 5556 2244 5610 lii
2277 5572 2304 5607 ν
2329 5558 2662 5611 (ecumenici.

2264 5629 2285 5700 ἓ
2319 5628 2460 5700 Idem
2513 5628 2656 5694 cod.,
2700 5639 2753 5682 ut
2793 5630 3033 5700 dirigeret
3064 5631 3229 5684 cirum
3270 5646 3507 5700 magnum
3538 5640 3584 5684 et
3614 5631 3664 5684 in
3695 5647 3795 5684 suo

2195 5699 2392 5824 {solatio
2457 5710 2669 5767 notum,
2731 5703 2819 5771 qui
2882 5712 3075 5772 (ngeret
3132 5699 3503 5773 venerabilem,
3555 5711 3660 5760 etc.
3720 5703 3792 5756 Ita

2217 5785 2314 5824 oco
2344 5781 2433 5824 ett.

2217 5785 2314 5826 0C0
2344 5781 2433 5824 Cll.
