4114 6512
315 303 421 360 665

1209 313 1344 371 PRO
1387 315 1816 375 DEFENSIONE
1855 316 2073 374 TRIUM
2113 319 2424 381 CAPITUL.
2459 327 2586 384 LIB.
2634 329 2714 387 Vl.

3495 340 3595 392 66σί

315 440 396 482 tes
419 427 543 496 quia
589 443 691 483 una
729 435 923 483 natura
964 438 1044 484 εει
1095 431 1309 488 deitatis
1345 444 1400 489 et
1443 434 1807 501 humanitatis,
1850 444 1907 490 ut
1937 434 1986 495 Α
2012 435 2228 494 cidisse.
2261 441 2596 513 Conseripsit
2642 457 2697 502 et
2741 449 2853 517 ipse
2898 451 3146 507 simiiitcr
3174 453 3269 519 iiii,
3304 456 3425 521 quia
3461 455 3602 510 Deus

311 519 739 574 communicaret
763 521 834 576 ei.
860 520 1046 574 Voluit
1067 532 1243 578 autem
1269 524 1548 590 Dominus,
1574 529 1666 598 qui
1693 543 1909 598 semper

312 629 496 668 curam
541 627 653 667 sum
695 614 835 682 gerit
883 615 1156 684 Ecclesiae,
1199 633 1361 689 quam
1394 621 1660 689 sanguine
1691 625 1907 691 proprio

311 705 562 772 redemit,
609 720 706 761 cor
749 707 984 780 Egyptii
1025 711 1290 776 emollire,
1329 721 1388 768 ut
1435 715 1554 770 sine
1596 714 1906 785 fatigatione

312 796 433 854 ﬁdei
463 798 816 866 consentiret,
867 811 920 854 et
973 800 1114 857 hanc
1157 805 1477 873 susciperet,
1526 813 1689 874 atque
1717 819 1907 860 omnes

311 890 401 958 qui
429 891 634 961 absque
665 891 767 946 hac
796 892 1081 948 crederent
1111 895 1596 950 anathematizaret
1623 913 1637 962 ;
1677 905 1732 951 et
1752 912 1904 952 com-

313 983 707 1039 municantibus
735 983 843 1038 illis
877 983 982 1040 sibi
1029 984 1280 1049 invicem,
1325 984 1604 1042 contentio
1629 986 1697 1042 de
1727 988 1907 1042 medio

313 1089 394 1131 est
423 1077 617 1144 ablata,
648 1087 702 1132 et
729 1092 828 1146 pax
855 1078 905 1132 in
937 1079 1178 1133 Ecclesia
1206 1079 1344 1134 facta
1373 1090 1494 1135 est:
1526 1089 1579 1137 et
1611 1095 1717 1136 non
1747 1091 1832 1138 est
1854 1082 1906 1138 in
1939 1075 1942 1078 ’

312 1185 372 1224 ea
399 1171 653 1236 schisma,
704 1172 798 1226 sed
848 1187 948 1241 pax
974 1175 1112 1227 sicut
1157 1173 1366 1243 pridem
1411 1183 1512 1230 est.
1557 1177 1686 1242 Qtue
1729 1185 1906 1232 autem

313 1261 475 1316 verba
521 1263 629 1316 sint
656 1277 774 1331 qua:
803 1279 832 1316 a
862 1266 1205 1321 sanctissimo
1244 1275 1299 1321 et
1339 1269 1781 1323 reverentissimo
1823 1284 1908 1322 ar-

312 1353 656 1425 chiepiscopo
698 1355 904 1410 Joanne
949 1359 1350 1428 scriptasunt,
1408 1369 1462 1416 et
1506 1376 1624 1432 quae
1651 1377 1678 1416 a
1705 1363 1907 1434 Cyrillo

313 1446 572 1516 rescripta
631 1451 902 1517 suscepit,
955 1449 1097 1519 ipsas
1141 1451 1397 1518 epistolas
1452 1453 1576 1509 huic
1621 1471 1780 1523 quam
1837 1457 1903 1510 ad

313 1546 548 1591 vestram
595 1537 766 1593 direxi
812 1543 1207 1606 reverentiam,
1252 1544 1584 1615 conjungens
1631 1549 1903 1603 transmisi

316 1637 420 1681 tua:
449 1628 740 1695 sanctitati,
776 1639 836 1684 ttt
866 1631 1113 1701 relegens
1143 1634 1301 1696 scias,
1333 1643 1388 1689 et
1423 1637 1674 1691 omnibus
1703 1639 1904 1692 nostris

313 1719 566 1776 fratribus
596 1723 898 1777 amantibus
927 1738 1112 1792 pacem
1146 1725 1452 1794 denunties,
1478 1729 1602 1797 quia
1631 1729 1906 1784 cententio

2017 527 2249 586 Verbum
2299 532 2470 592 factus
2519 546 2603 591 cst
2653 538 2832 595 homo.
2883 542 2947 596 Et
2988 552 3110 612 post
3148 545 3288 598 alia:
3320 545 3600 611 Quomodo

2008 620 2153 674 enim
2201 632 2378 691 potest
2427 628 2630 697 accipi:
2664 628 2731 682 In
2758 632 3021 699 principio
3057 629 3268 689 Verbum
3297 636 3366 691 de
3397 639 3601 704 templo

2011 721 2136 764 nato
2163 727 2227 768 et
2261 714 2459 772 Maria?
2487 727 2580 772 aut
2606 720 2736 775 illud
2763 740 2774 773 :
2811 722 3051 778 Minuistt'
3087 743 3202 778 eum
3230 729 3388 795 paulo
3425 729 3596 783 minus

2009 805 2073 856 ab
2099 803 2312 874 angelis,
2339 807 2408 863 de
2430 808 2630 866 deitate
2653 811 2925 883 Unigeniti
2951 815 3093 870 dici?
3124 817 3328 884 Denuo,
3360 817 3596 888 Cyrillus

2008 907 2167 948 aures
2218 898 2458 952 omnium
2509 901 2783 970 pigmento
2830 905 2972 973 quod
3022 917 3256 961 exerceat
3285 908 3470 963 oculos
3510 923 3596 964 sa-

2010 985 2280 1053 pientutn,
2316 995 2740 1061 praeoccupavit,
2769 1002 2822 1050 et
2853 997 2919 1051 de
2949 997 3258 1068 episcopatu
3289 999 3592 1055 Nestorium

2009 1076 2395 1147 deposuerunt,
2433 1080 2637 1152 judicio
2667 1094 2720 1140 et
2751 1087 3097 1156 inquisitione
3141 1104 3248 1144 non
3301 1091 3460 1147 facta.
3503 1092 3595 1147 llis

2008 1167 2214 1236 adjicit,
2245 1171 2366 1239 quia
2401 1173 2452 1225 in
2483 1173 2827 1230 damnatiOne
2851 1176 3082 1232 Nestorii
3112 1193 3231 1247 quae
3261 1181 3398 1234 facta
3424 1192 3504 1236 est
3528 1183 3594 1236 ab

2007 1260 2107 1325 eis,
2141 1261 2210 1314 l2
2240 1263 2472 1330 capitula
2502 1280 2619 1334 qua:
2645 1282 2675 1320 a
2707 1268 2913 1338 Cyrillo
2938 1272 3240 1339 conscripta
3273 1282 3417 1336 sunt,
3459 1291 3592 1328 con-

2011 1353 2173 1406 traria
2199 1353 2488 1410 existentia
2539 1372 2682 1412 vera:
2727 1359 2884 1430 fidei,
2936 1371 3228 1431 posuerunt
3257 1375 3308 1418 ει
3340 1365 3595 1420 firmave-

2007 1452 2154 1509 runt,
2199 1455 2254 1499 et
2281 1457 2675 1503 consenserunt
2716 1451 2820 1517 eis,
2868 1461 3117 1522 tanquam
3145 1467 3285 1509 verae
3318 1454 3441 1510 fidei
3467 1471 3595 1512 con-

2008 1538 2344 1594 sonantibus.
2397 1541 2464 1596 Et
2513 1553 2631 1611 post
2661 1559 2844 1612 pauca
2893 1547 3147 1616 episcopo
3181 1549 3397 1604 Edessaa
3437 1549 3593 1605 dero-

2008 1643 2138 1693 gans
2182 1629 2483 1689 dicitzllie
2530 1647 2728 1690 nostrtc
2779 1637 3020 1694 civitatis
3070 1647 3333 1709 tyrannus
3382 1641 3593 1694 beatum

2011 1720 2378 1791 Theodorum,
2407 1738 2711 1794 prteconem
2747 1727 2991 1783 veritatis
3023 1739 3074 1785 et
3103 1730 3378 1796 doctorem
3411 1732 3593 1785 Ecclo.

313 1813 416 1880 iam
464 1813 685 1882 quievit,
737 1823 790 1867 et
822 1813 1032 1868 medius
1064 1812 1464 1872 inimicitiarum
1493 1821 1671 1888 paries
1698 1821 1905 1877 ablatus

2013 1812 2130 1878 size,
2159 1818 2497 1884 przesumpsit
2525 1819 2614 1886 qui
2645 1821 2828 1874 omnia
2862 1823 3139 1889 przesumit
3160 1822 3213 1875 in
3242 1824 3474 1878 ecclesia
3503 1837 3592 1891 pa.

316 1912 420 1971 est,
475 1913 530 1958 ct
573 1905 664 1975 qui
715 1907 979 1964 seditiose
1023 1908 1284 1965 adversus
1310 1914 1460 1967 vivos
1488 1923 1543 1967 et
1569 1923 1806 1969 mortuos
1831 1916 1908 1969 ir-

312 2006 549 2060 rut-rant,
596 1998 650 2051 in
695 1999 1022 2056 confusione
1051 2011 1195 2070 sunt,
1231 2019 1326 2073 pro
1356 2005 1466 2060 suis
1511 2006 1903 2062 satisfacientes

311 2091 640 2160 excessibus,-
693 2102 744 2146 e-t
791 2096 1060 2148 contraria
1104 2096 1300 2151 docent
1331 2097 1492 2151 modo
1524 2099 1606 2152 his
1632 2114 1751 2168 qua:
1781 2111 1904 2155 ante

314 2182 625 2240 docuerant.
659 2184 772 2238 Non
810 2187 951 2242 enim
988 2187 1270 2256 quisquam
1313 2188 1476 2243 audet
1519 2189 1700 2244 dicere
1741 2205 1899 2243 unam

311 2292 431 2332 esse
482 2287 726 2333 naturam
778 2280 1073 2334 divinitatis
1099 2290 1150 2334 et
1181 2281 1547 2347 humanitatis,
1598 2282 1692 2336 sed
1733 2282 1902 2336 confl-

313 2377 490 2425 tentur
531 2372 584 2425 in
631 2373 886 2439 templum
933 2382 989 2428 ct
1036 2373 1424 2429 inhabitantem
1469 2375 1521 2428 in
1570 2388 1654 2440 eo,
1703 2375 1790 2444 q'ti
1821 2383 1903 2429 est

314 2477 450 2518 unus
501 2463 666 2518 Filius
705 2463 862 2519 Jesus
907 2465 1176 2521 Christus.
1229 2465 1352 2521 Haec
1379 2475 1556 2520 autem
1585 2467 1772 2535 scripsi
1798 2477 1902 2520 tum

310 2555 582 2609 sanctitati
613 2571 678 2609 ex
719 2569 912 2625 magno
956 2555 1150 2612 affectu
1193 2571 1350 2625 quem
1403 2556 1545 2610 circa
1594 2565 1646 2611 te
1695 2555 1897 2622 habeo,

314 2646 492 2702 sciens
521 2647 646 2716 quia
676 2657 764 2702 tua
790 2649 1046 2702 sanctitas
1070 2656 1230 2702 nocte
1253 2655 1309 2701 et
1338 2647 1425 2702 die
1453 2649 1502 2700 in
1534 2646 1777 2702 doctrina
1803 2646 1902 2703 Dei

315 2740 654 2808 temetipsum
688 2753 931 2804 exerces,
966 2748 1023 2794 ut
1053 2738 1240 2794 multis
1285 2738 1363 2794 sis
1411 2739 1578 2795 utilis.
1609 2755 1628 2792 ι
1683 2738 1782 2794 llic
1817 2746 1902 2794 est

316 2833 526 2901 integer
569 2832 713 2885 illius
744 2832 991 2899 epistola:
1033 2839 1221 2896 tenor,
1267 2845 1424 2900 quam
1457 2830 1596 2899 apud
1629 2846 1687 2886 se
1710 2831 1903 2887 recita-

314 2924 442 2989 t'ant,
473 2923 739 2992 sicutjam
773 2922 1076 2988 docuimus,
1110 2936 1301 2994 magna
1332 2923 1570 2992 synodus
1599 2921 1900 2978 Chalcedo-

309 3019 327 3068 ἱ
351 3015 497 3069 ensis
522 3013 888 3082 pronuntiavit
910 3012 1287 3068 orthodoxam.
1333 3013 1632 3082 Aggrediar
1661 3014 1827 3084 igitur
1849 3014 1898 3069 in

312 3109 583 3180 adjutorio
635 3110 950 3176 Sali'atoris,
981 3124 1087 3165 non
1117 3109 1185 3163 ab
1217 3109 1300 3166 his
1341 3119 1546 3164 tantum
1577 3112 1897 3177 sententiam

313 3199 484 3270 ipsius
513 3201 703 3271 synodi
735 3199 1047 3267 defendere,
1096 3215 1219 3270 quas
1261 3199 1462 3268 scripto
1502 3201 1571 3256 ab
1620 3203 1898 3256 lueretico-

317 3309 438 3349 rum
479 3292 779 3348 fautoribus
826 3292 879 3346 in
921 3293 1146 3361 epistota
1177 3292 1478 3362 supradicta
1510 3294 1726 3359 culpata
1756 3302 1900 3362 sunt,

316 3395 371 3438 ct
425 3385 476 3438 in
525 3383 1007 3453 reprehensionem
1059 3394 1372 3438 memorata:
1417 3384 1702 3439 sententia:
1753 3385 1902 3453 quasi

318 3475 638 3530 Nestoriana
680 3473 974 3539 damnata;
1007 3488 1193 3529 verum
1235 3476 1395 3528 etiam
1436 3489 1765 3544 qumcunqtte
1813 3491 1904 3544 pc-

319 3565 612 3622 tulantibus
637 3565 1060 3634 irreligiosorum
1084 3564 1266 3619 verbis
1286 3565 1482 3634 passim
1508 3566 1747 3620 accusari
1781 3580 1906 3634 cog-

319 3659 583 3714 novimus.
636 3657 739 3712 Per
788 3657 946 3726 hujus
994 3667 1172 3711 autem
1213 3657 1542 3712 delinitionis
1570 3667 1900 3726 contextum,

318 3753 446 3808 illud
492 3768 728 3824 quoque,
777 3754 866 3808 ubi
912 3763 1272 3822 opportunum
1315 3749 1494 3821 fuerit,
1529 3752 1903 3821 ostendemus,

315 3846 568 3913 quoniam
596 3846 639 3899 si
665 3846 906 3899 eamdem
935 3844 1219 3912 epistolam
1247 3845 1484 3915 synodus
1507 3845 1774 3914 judicaret
1800 3845 1909 3900 ha:-

319 3937 570 4003 relieam,
616 3937 743 3991 hinc
782 3938 958 4006 potius
1012 3935 1227 3990 beatum
1285 3936 1542 4006 Cyrillum
1595 3937 1908 3994 haereticqu

321 4030 484 4085 fuisse
534 4030 804 4094 ﬁrmaret,
836 4039 890 4084 et
919 4039 1202 4084 excusaret
1237 4028 1564 4095 Nestorium,
1599 4038 1756 4098 atque
1782 4046 1910 4086 con-

237 4185 247 4191 _
319 4121 502 4176 cilium
531 4120 952 4190 reprehenderet
980 4119 1332 4190 Ephesinum.
1362 4120 1513 4175 Unde
1539 4136 1602 4176 ea
1630 4137 1770 4176 nunc
1792 4138 1910 4191 qua:

316 4211 518 4280 scrip'o
566 4210 1012 4278 reprehendenda
1057 4225 1178 4266 esse
1223 4211 1495 4275 dixerunt,
1526 4225 1622 4281 pro
1675 4225 1862 4270 tenore
1893 4217 1907 4246 ¹

318 4312 484 4370 atque
527 4309 780 4355 contextu
811 4317 919 4370 quo
953 4300 1020 4356 ab
1059 4301 1165 4356 illis
1196 4310 1321 4356 sunt
1365 4305 1560 4372 posita,
1611 4319 1674 4360 ex
1723 4322 1909 4364 eorum

318 4393 460 4450 libro
487 4391 877 4448 transferamus
904 4394 956 4446 iu
987 4405 1254 4460 nostrum,
1286 4410 1354 4449 ne
1378 4395 1496 4465 quis
1520 4412 1618 4452 nos
1641 4400 1912 4457 existimet

319 4484 524 4555 aliquid
574 4501 763 4540 eorum
810 4501 931 4555 qua:
961 4486 1027 4539 ad
1059 4502 1274 4539 causam
1318 4489 1592 4556 pertinent
1638 4492 1905 4550 omisisse.

316 4579 406 4634 Sic
447 4593 576 4651 ergo
613 4579 882 4634 dixerunt.
940 4599 958 4630 ‹
987 4579 1215 4649 lugressi
1247 4590 1373 4635 sunt
1403 4592 1745 4639 accusatores
1777 4586 1902 4654 lbze,

321 4672 627 4742 petiverunt
665 4679 720 4726 ct
759 4671 860 4740 ipsi
910 4669 1076 4740 relegi
1125 4687 1244 4741 qua:
1273 4672 1323 4726 in
1355 4672 1499 4743 Tyro
1529 4674 1597 4729 de
1631 4675 1715 4730 lba
1749 4691 1908 4733 accu-

318 4773 433 4817 sata
471 4771 596 4817 sunt
625 4763 764 4832 apud
799 4762 1046 4816 Photium
1080 4773 1133 4817 et
1163 4763 1508 4818 Eustachium
1542 4766 1706 4821 Deum
1733 4784 1910 4824 aman-

319 4865 421 4909 tes.
470 4855 536 4908 Et
587 4853 715 4908 dum
764 4854 1132 4924 relegerentur
1159 4862 1301 4924 acta,
1344 4854 1562 4911 invvnta
1612 4868 1694 4913 est
1736 4861 1789 4914 in
1831 4863 1910 4916 eis

319 4943 548 5015 epistola
595 4944 842 5015 qumdam
901 4944 1096 5024 posita,
1149 4952 1399 5015 tanquam
1430 4947 1498 5000 ab
1531 4949 1616 5002 lha
1663 4951 1798 5006 facta
1841 4955 1907 5007 ad

319 5038 503 5102 Marim
551 5037 800 5100 Persam,
841 5035 986 5088 omni
1018 5035 1294 5104 impietate
1322 5037 1614 5094 cumulata.
1657 5041 1910 5099 Continet

319 5129 463 5184 enim
508 5127 664 5183 haec:
696 5125 928 5199 Cyrillus
961 5127 1146 5180 volens
1176 5125 1408 5182 Nestorii
1441 5129 1608 5184 libros
1633 5131 1909 5190 destruere

318 5222 504 5291 lapsus
542 5229 648 5288 est,
679 5228 732 5274 et
767 5219 821 5273 in
859 5218 1049 5288 dogma
1078 5217 1384 5286 Apolinaris
1435 5220 1686 5278 inventus
1715 5238 1796 5280 est
1823 5227 1907 5282 in-

391 5398 416 5426 °
448 5389 777 5458 Augustinus
810 5389 877 5444 de
931 5387 1224 5444 hmresibus
1250 5405 1264 5440 :
1294 5389 1660 5454 Apolinaristte
1697 5405 1908 5448 conten-

321 5460 592 5515 tiosissime
637 5470 923 5514 asseverant
981 5459 1131 5513 Verbi
1179 5460 1376 5529 aliquid
1417 5461 1470 5513 iu
1499 5477 1704 5514 carnem
1747 5468 1908 5534 fuisse

317 5547 615 5587 conversum
641 5542 791 5599 atque
817 5541 1068 5584 mutatum
1086 5572 1100 5594 ,
1133 5546 1233 5583 non
1259 5539 1431 5583 autent
1459 5547 1662 5586 carnem
1691 5535 1754 5587 de
1788 5533 1904 5588 Ma-

319 5605 410 5656 rite
437 5616 591 5656 carne
624 5610 930 5667 susceptum.
963 5601 1115 5668 Quod
1150 5601 1371 5654 haeresis
1403 5611 1708 5669 portentum
1741 5609 1908 5659 Atha-

321 5675 528 5736 nasius,
561 5687 680 5727 cum
711 5675 810 5728 sub
837 5682 956 5727 ortu
981 5689 1078 5726 suo
1109 5673 1172 5725 ad
1206 5672 1320 5741 ejus
1347 5687 1504 5727 aures
1534 5676 1902 5745 pervenisset,

394 5814 411 5846 '
434 5811 564 5870 Cod.
595 5809 816 5877 Vcron.,
844 5811 1091 5865 duxerunt
1117 5811 1224 5877 ipso
1253 5819 1442 5877 tenere,
1475 5823 1582 5870 etc,

2007 1903 2112 1962 lam
2162 1907 2636 1964 anathematizare.
2671 1928 2690 1962 ›
2748 1911 2872 1966 llaec
2927 1913 3105 1966 omnia
3138 1913 3480 1969 manifestum
3513 1922 3592 1969 est

2007 2000 2224 2069 legenti,
2253 2003 2506 2071 quoniam
2549 2018 2655 2059 non
2703 2006 2842 2060 sicut
2884 2006 2938 2060 in
2971 2007 3060 2061 i'la
3087 2009 3316 2076 epistola
3349 2011 3593 2064 contine-

2007 2103 2112 2157 tur,
2158 2095 2250 2150 sed
2296 2095 2436 2150 sicut
2475 2096 2575 2164 ipsi
2625 2112 2686 2151 ea
2735 2098 3087 2167 dccerpentes
3126 2115 3190 2154 ac
3230 2101 3594 2170 diseerpentes

2006 2202 2236 2257 prorsuo
2277 2197 2525 2242 asserunt
2569 2188 2827 2254 arbitrio,
2876 2199 2931 2243 et
2982 2191 3032 2244 in
3085 2206 3248 2244 unum
3297 2201 3579 2247 centonem

2005 2279 2351 2348 redegerunt,
2381 2278 2543 2332 etiam
2576 2293 2674 2332 nos
2703 2281 3001 2347 posuimus.
3032 2279 3101 2335 Ut
3129 2290 3309 2337 autent
3342 2283 3459 2338 lure
3489 2285 3592 2338 cla~

2005 2373 2116 2426 rius
2163 2379 2448 2426 consuetas
2494 2385 2678 2425 eorum
2719 2371 2934 2424 fraudes
2977 2372 3238 2426 serenitas
3269 2382 3355 2427 tua
3389 2388 3593 2445 cogno-

2003 2472 2139 2529 scat,
2172 2473 2226 2518 et
2254 2477 2389 2532 quos
2418 2461 2588 2516 saltus
2611 2461 2664 2515 in
2690 2475 2782 2515 sua
2807 2461 3113 2516 narratione
3167 2462 3422 2528 fecerint,
3483 2479 3588 2518 non

2003 2553 2178 2622 quasi,
2220 2563 2278 2606 ut
2318 2551 2488 2607 videri
2533 2549 2830 2614 voluerunt,
2866 2551 3096 2604 vitandae
3129 2552 3463 2620 prolixitatis,
3496 2553 3590 2606 sed

2004 2643 2183 2714 potius
2227 2641 2578 2698 obscuranda:
2625 2640 2870 2696 veritatis
2899 2641 3090 2710 gratia,
3123 2656 3190 2694 ne
3217 2643 3401 2712 aliquo
3432 2643 3591 2698 modo

2004 2735 2234 2792 dicentis
2276 2734 2378 2789 Iba:
2419 2741 2704 2803 appareret
2734 2732 2961 2786 intentio
2990 2750 3005 2798 ;
3052 2731 3236 2786 confer
3260 2749 3322 2786 ea
3347 2749 3465 2801 qua:
3495 2749 3590 2803 po-

2005 2838 2232 2886 suerunt
2278 2843 2401 2884 cum
2454 2827 2701 2895 epistola:
2731 2833 2919 2880 tenore
2950 2840 3107 2894 quem
3134 2839 3295 2894 supra
3325 2840 3592 2880 memora-

2004 2926 2220 2980 vimus:
2247 2931 2302 2977 et
2329 2919 2561 2990 eritjam
2590 2917 2885 2988 prudentia:
2908 2927 3012 2970 tuae
3053 2917 3370 2985 dignoscere
3412 2925 3591 2971 utrum

2005 3030 2067 3071 ea
2095 3028 2213 3085 qua:
2243 3011 2608 3066 transilierunt
2629 3017 2684 3064 et
2713 3008 3000 3063 noluerunt
3022 3007 3300 3077 attingere,
3330 3007 3589 3075 prolixam

2008 3106 2369 3162 narrationem
2421 3103 2681 3167 facerent,
2729 3117 2796 3156 an
2843 3101 3018 3168 potius
3061 3098 3230 3170 ipsam
3272 3114 3408 3164 rem,
3451 3100 3591 3168 quod

1929 3168 1976 3230 Ο
2011 3199 2322 3261 timuerunt,
2365 3193 2665 3250 evidentius
2711 3191 3003 3261 aperirent.
3029 3189 3107 3244 Ex
3137 3189 3388 3244 omnibus
3415 3201 3593 3246 autem

2009 3306 2126 3360 quae
2157 3287 2210 3342 in
2243 3288 2342 3343 hac
2373 3287 2598 3356 epistola
2630 3284 3114 3355 reprehenderunt,
3150 3283 3296 3352 prius
3324 3283 3430 3337 duo
3467 3297 3595 3352 pur-

2009 3397 2220 3453 gamus,
2272 3381 2522 3449 quoniam
2558 3391 2800 3433 connexa
2829 3379 2881 3430 in
2912 3390 3018 3431 uno
3041 3375 3276 3443 capitulo
3307 3374 3594 3439 habentur,

2009 3475 2102 3529 sed
2147 3472 2214 3527 ab
2257 3471 2374 3525 istis
2405 3470 2544 3525 male
2595 3470 2761 3523 divisa
2813 3476 2956 3522 sunt.
3015 3469 3188 3521 Unum
3239 3475 3341 3530 est,
3371 3465 3511 3536 quod
3544 3467 3595 3524 in

2011 3564 2275 3635 principio
2307 3571 2598 3632 posuerunt
2630 3561 2892 3622 dicentes,
2923 3557 3156 3629 Cyrillus
3182 3559 3366 3613 volens
3408 3558 3597 3613 Nesto-

2010 3658 2074 3712 rii
2108 3655 2273 3710 libros
2297 3655 2600 3717 destruere,
2629 3662 2682 3706 et
2709 3660 2921 3704 cratera.
2946 3668 2963 3701 ι
3005 3651 3244 3703 Alterum
3282 3663 3428 3708 vero.
3455 3647 3595 3717 quod

2011 3748 2245 3806 secundo
2298 3747 2417 3802 loco
2470 3752 2784 3815 posuerunt,
2845 3741 2892 3794 id
2943 3749 3047 3805 est,
3107 3738 3434 3805 (Quomodo
3456 3738 3596 3792 enim

2011 3849 2189 3912 potest
2205 3837 2382 3908 accipi
2415 3836 2481 3891 In
2515 3835 2770 3906 principio
2803 3831 3022 3886 Verbum
3053 3831 3120 3885 de
3153 3828 3351 3897 templo
3383 3835 3507 3880 nato
3533 3842 3596 3880 ex

2011 3935 2217 3997 Maria,
2270 3940 2325 3986 et
2348 3939 2566 3985 etetera.
2611 3945 2628 3978 ι
2687 3925 2949 3994 Imprimis
3004 3936 3132 3977 sane
3186 3917 3457 3973 fatendum
3516 3925 3596 3973 est

2016 4027 2152 4081 hanc
2223 4022 2504 4094 epistolam
2548 4019 2681 4075 satis
2719 4015 3006 4072 ostendere
3047 4011 3189 4083 quod
3229 4008 3596 4066 reverentissi-

2014 4133 2134 4174 mus
2176 4117 2316 4180 lbas,
2363 4109 2814 4182 quemadmodum
2858 4107 3057 4160 dictum
3105 4111 3209 4168 est,
3261 4117 3381 4156 cutn
3413 4098 3598 4154 Orien-

2014 4210 2207 4266 talibus
2253 4207 2587 4273 aliarumque
2619 4199 3011 4270 provinciarum
3035 4193 3321 4264 episcopis,
3349 4190 3598 4245 intentio-

2019 4319 2139 4360 nem
2165 4303 2430 4357 dictorum
2455 4295 2592 4353 beati
2623 4312 2641 4346 ι
2663 4292 2844 4365 Cyrilli
2875 4292 3051 4344 annus
3082 4286 3404 4355 intelligens,
3431 4293 3486 4339 et
3511 4297 3600 4339 su-

2015 4399 2250 4468 Spicattts
2293 4391 2435 4464 quod
2477 4395 2697 4460 negaret
2755 4386 2807 4438 in
2845 4383 3058 4437 Christo
3109 4381 3465 4435 dulei-entiam
3509 4394 3599 4431 na-

2019 4502 2290 4556 turarum,
2347 4497 2682 4553 consequens
2720 4479 2979 4551 judicavit
3024 4477 3144 4545 quia
3192 4477 3243 4528 in
3298 4473 3601 4542 Apolinaris

2017 4590 2210 4658 dogma
2243 4582 2537 4644 incidisset,
2579 4578 2666 4647 qui
2704 4591 2809 4629 non
2839 4572 3208 4641 assumptione
3241 4571 3486 4623 humana:
3513 4583 3600 4620 na-

2019 4656 2152 4736 turie
2182 4678 2347 4732 Deum
2388 4672 2625 4728 Verbum
2661 4665 2916 4723 credebat
2943 4662 3216 4716 hominem
3249 4659 3466 4724 factum,
3508 4656 3601 4710 sed

2021 4783 2225 4842 partem
2277 4764 2588 4823 substantiae
2631 4760 2796 4830 ipsius
2839 4757 2931 4812 Dei
2969 4755 3125 4808 Verbi
3154 4751 3375 4822 putabat
3481 4764 3602 4842 car-

2020 4839 2140 4919 item
2181 4875 2300 4916 esse
2345 4870 2657 4912 conversam
2685 4861 2733 4907 ει.
2783 4849 2864 4906 Ob
2904 4849 3005 4903 hoc
3052 4845 3208 4915 igitur
3239 4843 3310 4897 ibi
3343 4839 3602 4908 subjecit,

2020 4966 2178 5024 atque
2210 4953 2319 5006 ait:
2355 4967 2372 5001 t
2402 4945 2732 5013 Cunscripsit
2758 4943 2898 4997 enim
2924 4949 2977 4993 et
3007 4940 3118 5003 ipse
3147 4934 3392 5024 similiter
3424 4929 3516 4996 illi,
3553 4929 3602 4983 id

2021 5023 2107 5105 est
2150 5044 2448 5116 Apolinari,
2496 5041 2617 5110 quia
2666 5039 2780 5106 ipse
2854 5034 2992 5087 Deus
3042 5029 3270 5082 Verbum
3317 5023 3485 5116 factus
3524 5027 3601 5074 est

2021 5115 2214 5208 homo,
2236 5149 2490 5208 tanquam
2523 5148 2628 5188 non
2665 5131 2736 5186 sit
2759 5124 3060 5183 differentia
3093 5122 3234 5176 inter
3265 5115 3525 5208 templum
3551 5122 3603 5168 et

2017 5206 2402 5294 inhabitantem
2445 5230 2499 5284 in
2543 5240 2628 5282 eo.
2662 5241 2682 5277 ι
2728 5221 2843 5277 Non
2895 5219 3074 5286 itaque
3121 5209 3446 5268 venerabilis
3492 5206 3604 5260 lbas

2015 5393 2417 5454 accuratissime
2438 5384 2736 5444 confutavit
2758 5383 2809 5437 in
2835 5379 3066 5454 epistola
3085 5377 3146 5454 ad
3168 5370 3472 5454 Epictetum
3496 5365 3604 5454 epi-

2015 5439 2726 5536 EEBSJuTYE'thniiiieiuni.:
2765 5439 2940 5536 qua-inv
2957 5446 3474 5536 pro-indeuttttegratn

2016 5520 2236 5606 scripsit
2301 5531 2632 5600 Epiphanius
2685 5527 2737 5581 itt
2791 5520 2989 5578 haeresi
3047 5520 3444 5575 Dimccritarum
3493 5523 3606 5564 sive

2017 5605 2521 5682 Apolinaristarum.
