4114 6514
548 296 647 349 667

1591 295 1883 351 FACUNDI
1918 293 2130 352 El‘iSC.
2175 288 2682 346 HERMIANL‘NSIS

3745 295 3854 350 668

3607 343 3638 368 Ι

551 416 715 468 Deum
766 414 996 469 Verbum
1047 415 1271 470 nescitit
1321 415 1591 469 h-uniuem
1623 415 1866 482 factum;
1909 417 2000 470 sed
2043 416 2137 469 atl-
2165 419 2213 476 A
2247 417 2348 473 nisi
2400 418 2523 471 aliis
2571 417 2766 471 divina:
2823 417 3121 486 Scripturie
3169 417 3489 473 testimoniis
3533 417 3852 478 doceretur,

551 522 740 572 versus
773 507 1076 576 Apolinaris
1134 508 1457 562 dementiam
1487 509 1911 563 convertibiliter
1942 509 2136 562 lactant

546 617 667 656 esse
711 603 978 657 hominem
1025 602 1328 672 denegavit.
1364 604 1495 657 Nam
1525 615 1575 659 et
1612 603 1727 673 ipse
1759 604 1946 658 beatus
1971 601 2144 672 Cyril—

549 692 632 744 lus
662 693 713 746 in
760 692 899 746 libro
943 691 1035 761 qui
1075 692 1292 748 Scholia
1337 692 1551 760 dicitur,
1591 695 1694 749 sub
1744 693 1896 748 titulo
1939 710 1952 747 :
2002 693 2143 760 Quo-

546 784 698 835 modo
745 800 874 837 unus
922 784 1173 846 Christus,
1233 803 1252 836 ε
1285 786 1446 856 Ergo,
1479 785 1672 854 inq'rit,
1708 786 1806 840 etsi
1847 785 1940 839 a'ii
1982 785 2141 840 simili

546 871 905 941 appellatione
934 875 1105 928 vocati
1137 885 1261 928 sunt
1283 874 1502 941 Christi,
1537 891 1674 930 unus
1705 884 1881 930 tamen
1914 885 2015 941 est,
2049 891 2144 945 per

545 981 702 1031 quem
733 966 936 1032 onmia,
981 966 1138 1022 Jesus
1185 964 1458 1033 Christus,
1513 982 1618 1021 non
1669 967 1810 1036 quod
1860 967 2022 1021 homo
2072 967 2144 1020 sit

549 1057 718 1111 factus
761 1058 943 1127 opifex
986 1058 1244 1113 omnium.
1280 1079 1299 1111 ι
1351 1060 1504 1127 Quod
1543 1060 1783 1132 Cyrillus
1811 1076 1918 1114 non
1952 1072 2140 1116 contra

549 1151 863 1220 prophetam
908 1152 1176 1206 dicentem
1209 1171 1220 1204 :
1257 1151 1429 1206 Mater
1469 1152 1604 1209 Sion
1645 1154 1818 1208 dicit:
1846 1153 2044 1220 Domo,
2093 1165 2141 1207 et

547 1243 698 1296 homo
729 1246 900 1312 factus
928 1253 1001 1298 est
1027 1245 1080 1297 in
1103 1261 1185 1311 ea,
1219 1253 1264 1298 et
1294 1245 1401 1315 ipse
1431 1245 1665 1316 fundavit
1685 1264 1797 1300 eam
1830 1247 2138 1312 Altissimus,

546 1333 826 1402 scripsisse
871 1333 1174 1390 credendus
1223 1346 1345 1400 est;
1393 1335 1487 1390 sed
1513 1351 1575 1390 ea
1603 1338 1780 1407 potius
1820 1337 2138 1404 intentione,

545 1424 688 1494 quod
715 1425 859 1480 Deus
881 1425 1138 1490 Verbum,
1171 1426 1347 1495 epilex
1371 1429 1633 1495 omnium,
1685 1429 1977 1484 secundum
2000 1431 2143 1499 Apo-

547 1519 736 1573 linaris
777 1532 1018 1585 sensum,
1053 1520 1103 1574 id
1132 1530 1214 1574 est
1251 1515 1711 1588 convertibiliter,
1743 1536 1848 1576 non
1882 1521 2051 1577 lactus
2072 1523 2143 1577 sit

547 1616 728 1666 homo.
772 1613 878 1667 Aut
906 1613 1065 1682 igitur
1093 1615 1384 1683 utrobique
1412 1614 1868 1684 subintelligimus
1895 1625 2140 1685 propter-

546 1720 607 1760 ea
639 1715 886 1774 negatum
913 1720 1032 1761 esse
1066 1706 1232 1760 Deum
1273 1707 1529 1776 Verbum,
1562 1707 1616 1762 id
1645 1717 1727 1763 est
1753 1709 2000 1777 epilicem
2031 1725 2139 1762 om-

2251 510 2532 564 Dominunt
2558 509 2744 565 .Icsum
2767 509 3039 564 Christum
3063 519 3156 564 aut
3179 510 3376 564 bunmn
3407 521 3498 564 aut
3529 510 3698 564 Deum
3727 523 3855 563 esse

2247 603 2527 669 crederet,
2572 604 2798 659 audiens
2842 603 3078 657 Marcum
3121 602 3508 671 evangelistam
3548 605 3620 657 ita
3655 606 3728 658 de
3757 604 3855 656 illo

2248 705 2553 751 narrantem
2584 715 2596 748 :
2629 695 2696 750 Et
2745 711 2859 748 cum
2909 712 3137 766 egressus
3178 705 3303 749 esset
3331 696 3386 748 in
3415 695 3577 762 viam,
3624 713 3856 764 procur-

2247 806 2361 842 rens
2390 790 2600 859 quidam
2629 805 2763 862 genu
2795 791 2927 858 flexo
2957 799 3073 842 ante
3099 805 3233 854 eum,
3259 789 3469 858 rogabat
3490 806 3604 842 eum
3626 790 3808 842 dicens
3836 803 3856 842 :

2247 880 2493 949 Magister
2507 882 2654 949 bone,
2675 881 2800 950 quid
2822 882 3011 951 faciam
3024 890 3077 934 ut
3098 882 3250 935 vitam
3267 890 3505 935 azternam
3523 878 3722 950 percipi
3738 897 3812 930 tm
3829 879 3855 933 .’

2246 973 2399 1029 Jestss
2419 985 2588 1028 autem
2607 975 2739 1028 dixit
2758 976 2836 1029 ei:
2855 975 2991 1038 Quid
3015 991 3091 1028 me
3111 974 3238 1027 dicis
3257 972 3479 1026 bonum?
3501 987 3654 1025 nemo
3681 969 3850 1023 borius

2248 1066 2346 1118 nisi
2389 1082 2518 1122 unus
2571 1065 2709 1120 Deus
2739 1065 2934 1138 (Marc.
2962 1082 3015 1129 ι,
3054 1063 3160 1134 Π).
3215 1063 3365 1131 Quod
3416 1062 3539 1117 ideo
3586 1061 3854 1115 Dominus

2246 1155 2400 1218 dixit,
2434 1169 2492 1211 ut
2515 1156 2828 1212 admoneret
2851 1156 3000 1210 illum
3027 1155 3192 1210 Detun
3221 1169 3280 1210 se
3307 1152 3550 1217 credere,
3599 1153 3646 1206 si
3683 1152 3850 1205 vellet

2248 1262 2372 1302 eum
2403 1262 2534 1303 vere
2575 1247 2775 1302 bonum
2806 1247 3072 1312 conliteri,
3100 1247 3223 1315 quia
3257 1255 3507 1314 tanquam
3551 1243 3735 1298 cordis
3766 1244 3851 1297 in-

2248 1346 2464 1404 spector
2493 1337 2712 1392 videbat
2740 1338 2808 1391 ab
2829 1353 2894 1393 eo
2919 1353 2977 1392 se
3009 1337 3282 1391 hominem
3313 1334 3709 1398 tantummodo,
3738 1350 3848 1387 non

2247 1432 2406 1486 etiam
2433 1431 2598 1487 Deum
2621 1431 2788 1486 credi.
2821 1429 3082 1498 Quamvis
3101 1445 3229 1497 ergo
3255 1429 3495 1484 videatur
3521 1427 3848 1497 quibusdam

2252 1521 2520 1578 hmreticis
2563 1537 2668 1576 non
2701 1522 3129 1592 intelligentibus
3157 1522 3355 1576 bonum
3383 1535 3442 1575 se
3464 1535 3730 1590 negasse;
3759 1535 3854 1572 ca-

2249 1601 2464 1671 tholicis
2504 1622 2698 1669 tamen
2734 1614 3154 1683 intelligentilsus
3206 1613 3378 1667 Deum
3429 1626 3489 1666 se
3538 1599 3850 1666 insinuasse

2248 1709 2416 1778 magis
2445 1714 2687 1776 apparet.
2717 1706 2848 1773 Quis
2875 1705 3016 1760 enim
3049 1703 3181 1760 illud
3214 1705 3385 1758 solum
3416 1705 3671 1768 audiens,
3701 1703 3849 1772 quod

549 1801 693 1854 uittm
720 1843 736 1868 ,
790 1801 1064 1854 hominem
1117 1800 1344 1868 factum,
1393 1802 1516 1870 quia
1557 1801 1982 1857 convertibiliter
2032 1817 2136 1855 non
2177 1794 2217 1850 Β
2249 1803 2388 1856 idem
2434 1801 2645 1856 Marcus
2693 1799 3018 1869 evangelista
3065 1797 3134 1853 de
3186 1797 3410 1852 Domino
3438 1795 3694 1852 similiter
3723 1812 3844 1850 uar-

545 1891 717 1947 l'actus
761 1901 844 1946 est
889 1892 1070 1959 homo,
1121 1901 1179 1947 et
1226 1903 1474 1948 neutrum
1510 1893 1578 1948 de
1611 1893 1932 1949 Nestoriano
1959 1907 2148 1948 errore

548 1985 850 2052 Clllpablllll‘
878 2001 890 2036 :
925 1994 1017 2038 attt
1043 1986 1086 2037 si
1121 2000 1225 2038 non
1271 1985 1606 2050 conceditur,
1642 1986 1830 2040 eadem
1862 1985 2016 2056 culpa
2044 1985 2148 2040 erit

549 2078 851 2130 amborum.
906 2077 1126 2131 [Beatum
1183 2093 1308 2131 vero
1356 2063 1614 2148 Cyrillum
1671 2093 1772 2132 ncc
1823 2079 1926 2147 ipsi
1982 2078 2144 2150 Euty-

550 2169 724 2223 eiiiani
771 2168 959 2222 volunt
1001 2167 1382 2224 Nestoriauum
1431 2169 1625 2237 videri,
1675 2171 1976 2232 dicentem.
2039 2186 2142 2226 non

551 2259 690 2327 quod
737 2260 895 2314 homo
937 2261 1009 2314 sit
1053 2259 1225 2315 lactus
1268 2260 1443 2329 opifex
1488 2263 1750 2329 omnium,
1805 2277 1899 2317 seu
1938 2263 1953 2293 ¹
2005 2263 2144 2316 Deus

555 2350 784 2404 Verbum
820 2365 912 2412 per
940 2365 1096 2418 quem
1123 2352 1303 2405 omnia
1341 2351 1475 2406 facta
1507 2360 1656 2418 sunt,
1685 2351 1935 2407 similiter
1965 2362 2021 2406 ut
2045 2369 2142 2408 nos

549 2443 879 2511 participat-it
931 2444 1082 2499 carni
1130 2455 1184 2500 et
1231 2447 1478 2515 sanguini
1509 2487 1524 2512 ,
1578 2454 1634 2502 et
1687 2457 2020 2516 nuncupatus
2074 2447 2144 2502 sit

550 2539 732 2593 homo.
773 2539 1087 2609 Quanquam
1120 2540 1234 2610 ipsa
1268 2539 1596 2610 nuncupatio
1627 2541 1910 2596 calumnia:
1943 2549 2141 2610 pateat,

548 2635 697 2702 quasi
749 2633 1109 2702 perfunctorie
1154 2643 1514 2703 nuncupatus,
1567 2645 1621 2689 et
1672 2650 1778 2688 non
1825 2649 1953 2688 vere
1985 2634 2147 2690 fuerit

549 2729 717 2780 lactus
766 2727 929 2781 humo
961 2728 1004 2780 '.
1055 2727 1187 2782 Nam
1237 2741 1288 2782 et
1339 2729 1455 2798 ipse
1505 2729 1577 2783 ibi
1635 2739 1850 2784 secutus
1904 2730 2140 2799 adjecit:

552 2841 572 2872 ι
601 2821 876 2892 Tanquam
919 2836 1028 2876 non
1077 2821 1152 2875 sit
1198 2821 1500 2875 dill‘erentia
1535 2821 1675 2876 inter
1701 2822 1954 2891 templum
1980 2831 2034 2876 et
2061 2823 2146 2876 iu-

545 2914 873 2969 habitantem
905 2913 956 2966 in
989 2927 1075 2970 eo.
1111 2932 1130 2966 ι
1163 2913 1318 2979 Quod
1359 2911 1403 2968 si
1437 2925 1721 2984 propterea
1767 2929 1958 2985 magna
1986 2930 2146 2986 syno-

541 3009 644 3060 dus
695 3004 834 3059 hanc
862 3004 1145 3074 epistolam
1204 3007 1347 3060 velut
1408 3005 1716 3062 hmretlcam
1775 3007 2142 3075 improbaret,

548 3113 746 3165 nonne,
794 3097 932 3153 sicut
962 3097 1213 3164 diximus,
1243 3097 1365 3154 hinc
1393 3099 1570 3169 potius
1594 3099 1806 3154 beatum
1839 3097 2098 3170 Cyrillum
2125 3142 2140 3166 ,

2250 1901 2352 1958 rat,
2398 1907 2503 1946 non
2535 1908 2659 1948 eum
2708 1907 2832 1946 cum
2881 1890 3187 1946 Manithazis
3233 1900 3448 1960 negaret
3500 1891 3671 1944 lilium
3723 1905 3851 1944 esse

2253 1984 2462 2040 David?
2511 1985 2645 2040 Nam
2701 1985 2818 2054 ipso
2870 1983 3181 2038 testimonio
3232 1983 3512 2038 abutentes
3563 1983 3849 2037 lllanicha-i

2207 2149 2210 2154 ι
2248 2087 2648 2132 sacramentum
2695 2061 3079 2131 incarnationis
3115 2075 3234 2144 ejus
3275 2075 3540 2145 abjuraut.
3605 2074 3845 2141 Respon-

2247 2173 2394 2237 dens,
2429 2170 2621 2240 inquit,
2653 2169 2806 2224 Jcsus
2852 2169 3052 2223 dicebat
3102 2169 3290 2222 docens
3331 2168 3382 2220 in
3428 2165 3619 2236 templo
3647 2184 3668 2220 :
3705 2167 3848 2232 Quo-

2249 2263 2399 2319 modo
2431 2263 2606 2316 dicunt
2637 2261 2815 2316 scriba:
2843 2260 3104 2317 Christum
3135 2260 3302 2329 ﬁlium
3336 2275 3444 2312 esse
3471 2257 3684 2312 David?
3724 2258 3750 2311 1
3758 2275 3851 2328 pse

2246 2357 2384 2409 enim
2433 2353 2601 2409 David
2653 2355 2776 2409 dicit
2824 2356 2875 2408 in
2907 2355 3109 2422 Spiritu
3147 2364 3321 2409 sancto
3347 2370 3366 2408 :
3401 2354 3546 2408 Dixit
3591 2353 3850 2408 Dominus

2249 2447 2471 2501 Domino
2520 2464 2631 2502 tneo
2653 2464 2671 2502 :
2694 2448 2828 2501 Sede
2855 2465 2885 2501 a
2933 2448 3124 2503 dextris
3155 2449 3300 2512 meis,
3335 2450 3497 2502 donec
3523 2465 3716 2517 ponam
3747 2451 3850 2500 ini-

2249 2541 2406 2593 micos
2429 2549 2543 2595 tuos
2588 2539 2864 2595 scabellum
2899 2540 3085 2609 pedum
3127 2551 3353 2595 tuorum.
3384 2538 3506 2608 Ipse
3533 2557 3653 2610 ergo
3682 2540 3850 2593 David

2248 2633 2374 2684 dicit
2418 2648 2532 2685 eum
2577 2632 2878 2697 Dominum,
2927 2641 2974 2685 et
3007 2633 3146 2686 unde
3181 2642 3254 2686 est
3299 2631 3442 2702 ﬁlius
3491 2635 3600 2704 ejus
3642 2630 3846 2700 (Marc.

2246 2739 2355 2789 λιι,
2411 2723 2551 2796 35)?
2589 2724 2705 2780 Non
2755 2724 2918 2796 igitur
2965 2733 3021 2781 et
3064 2725 3151 2781 hic
3208 2724 3329 2780 talia
3369 2725 3622 2792 dicendo,
3669 2725 3850 2778 lilium

2252 2815 2457 2881 David,
2510 2817 2561 2872 id
2605 2827 2690 2873 est
2739 2817 3012 2872 hominem
3056 2831 3116 2872 se
3159 2818 3404 2887 negavit,
3441 2817 3584 2886 quod
3625 2817 3849 2871 videtur

2249 2909 2482 2975 ignaris;
2515 2909 2608 2965 sed
2640 2909 2894 2964 indicavit
2929 2911 3103 2981 potius
3131 2910 3273 2981 quod
3305 2909 3672 2965 necessarium
3719 2909 3846 2972 luit,

2248 2999 2416 3053 Deum
2456 3014 2516 3055 se
2552 3014 2675 3056 esse
2719 3001 2907 3055 David.
2952 3001 3084 3056 Nam
3129 3001 3174 3056 si
3221 3015 3396 3071 neque
3445 3001 3587 3056 Deus
3625 3010 3713 3054 est
3753 2998 3846 3054 di-

2245 3091 2419 3146 cendo
2449 3109 2462 3144 :
2491 3091 2629 3157 Quid
2652 3105 2729 3147 me
2767 3093 2896 3146 dicis
2924 3094 3108 3146 bonum
3131 3095 3156 3149 ?
3177 3109 3322 3148 nemo
3350 3093 3510 3146 bonus
3559 3092 3661 3145 nisi
3702 3108 3853 3145 unus

545 3191 795 3244 similiter
841 3189 1136 3257 dicentem,
1161 3205 1266 3245 non
1301 3192 1442 3259 quod
1485 3191 1650 3245 homo
1675 3191 1743 3244 sit
1767 3190 1936 3244 lactus
1963 3191 2138 3259 opifex
2169 3178 2211 3238 C
2247 3183 2425 3251 Deus;
2459 3201 2633 3257 neque
2681 3185 2844 3241 homo
2889 3185 3117 3242 dicendo
3151 3204 3164 3242 :
3215 3186 3337 3256 Ipse
3365 3203 3483 3257 ergo
3522 3183 3691 3238 Dat-id
3720 3185 3852 3239 dicit

550 3283 829 3348 omnium,
873 3283 1168 3339 credidisse
1212 3283 1523 3339 hmrcticum
1577 3284 1883 3339 videretur?
1937 3283 1993 3338 Si
2048 3299 2141 3337 au-

554 3383 659 3425 tem
694 3372 1013 3427 venerabilis
1057 3374 1173 3427 lhas
1201 3376 1304 3428 alia
1349 3374 1590 3444 ejusdem
1619 3375 1758 3429 beati
1789 3373 1970 3446 Cyrilli
2000 3375 2138 3429 dicta

553 3465 788 3533 legisset,
840 3473 931 3518 aut
975 3467 1109 3520 sicut
1157 3469 1396 3536 oportuit
1438 3466 1797 3530 attendisset,
1852 3467 2143 3524 inveni~set

553 3558 734 3626 procul
774 3557 934 3610 dubio
966 3558 1105 3628 quod
1138 3557 1252 3626 ipse
1297 3575 1511 3630 quoque
1542 3571 1724 3614 contrt
1770 3560 2139 3629 Apulinarem,

553 3651 846 3704 intentione
895 3665 998 3720 qua
1048 3651 1312 3713 diximus,
1367 3653 1640 3721 negaverit
1690 3653 1854 3705 Deum
1910 3653 2140 3707 Verbum

553 3745 822 3798 llullllthlll
854 3745 1074 3812 factum,
1107 3755 1160 3799 et
1191 3745 1549 3799 dill'erentiam
1595 3754 1904 3799 naturarum
1937 3744 2139 3799 docue-

551 3843 639 3896 rit.
674 3841 778 3897 Sed
809 3840 1055 3896 Nestoriu
1081 3841 1436 3909 respondens,
1467 3840 1559 3908 qui
1591 3855 1754 3893 unum
1787 3839 2056 3893 Christum
2087 3839 2139 3894 in

549 3936 682 3988 duos
713 3933 850 3986 ﬁlios
876 3932 1167 3995 dividebat,
1207 3943 1428 3985 necesse
1474 3944 1579 3983 non
1621 3929 1804 3982 habuit
1837 3928 1904 3982 de
1934 3928 2140 3986 duabus

549 4026 753 4081 naturis
806 4024 1061 4078 adversus
1108 4038 1229 4077 eum
1277 4021 1581 4076 evidentius
1627 4029 1786 4089 atque
1835 4020 2142 4090 expressius

548 4119 844 4187 disputare.
880 4115 1154 4182 Quinimo,
1189 4130 1254 4168 ne
1294 4127 1451 4181 quam
1484 4111 1636 4166 duret
1665 4112 1998 4165 occasionem
2025 4111 2142 4180 ejus

550 4211 782 4276 erroris,
836 4209 1049 4278 parcius
1093 4207 1160 4261 de
1208 4215 1520 4260 naturarum
1562 4203 1890 4258 discretione
1933 4203 2142 4257 locutus

549 4315 667 4357 est:
699 4317 766 4356 ne
793 4319 912 4356 eum
942 4302 1054 4371 ipse
1086 4310 1304 4354 naturas
1338 4299 1708 4368 distingueret,
1742 4297 1831 4350 ille
1863 4297 1996 4349 duas
2030 4311 2143 4363 per-

549 4410 710 4449 sonas
767 4393 1064 4447 induceret.
1121 4391 1428 4446 Audiebant
1475 4392 1656 4458 itaque
1705 4390 1784 4441 vel
1834 4387 2143 4456 relegabant

553 4487 712 4539 verba
736 4485 958 4538 dici-litis
981 4483 1273 4537 orientales
1301 4483 1502 4546 Patres,
1539 4495 1714 4548 neque
1743 4480 2139 4533 animadverte-

2245 3295 2358 3333 eum
2385 3277 2683 3346 Dominum,
2711 3287 2758 3333 et
2780 3278 2917 3334 unde
2942 3289 3013 3332 est
3036 3278 3175 3346 ﬁlius
3196 3278 3353 3349 ejus?
3381 3276 3504 3345 quid
3537 3275 3691 3330 illum
3719 3290 3850 3330 esse

2244 3373 2511 3434 dicimus?
2537 3373 2603 3426 Et
2626 3373 2758 3427 alias
2780 3371 3084 3443 hujusmodi
3115 3372 3411 3426 locutiones
3452 3371 3506 3424 in
3531 3369 3730 3424 divinis
3757 3369 3848 3423 lit-

2246 3465 2376 3519 teris
2407 3465 2642 3533 prudens
2687 3464 2857 3520 lector
2906 3464 3184 3520 inveniet:
3235 3463 3529 3519 secundum
3559 3476 3696 3530 quas
3751 3463 3852 3530 qui

2246 3557 2324 3612 sic
2378 3558 2610 3626 loquitur
2651 3573 2839 3611 catum
2871 3560 3096 3626 quisque
3129 3566 3417 3624 tractatur,
3447 3565 3505 3608 ut
3559 3556 3675 3624 ip‘e
3702 3568 3846 3622 quo-

2245 3664 2349 3717 que
2381 3663 2576 3718 negare
2599 3648 2842 3704 videatur
2871 3649 3072 3720 aliquid
3103 3649 3245 3720 quod
3273 3649 3573 3719 negandum
3600 3664 3705 3701 non
3733 3657 3842 3709 est,

2248 3751 2304 3796 ut
2334 3742 2474 3795 aliud
2500 3741 2643 3811 quod
2674 3744 2842 3813 magis
2873 3752 2959 3798 est
3005 3745 3368 3799 necessarium
3406 3745 3686 3797 iutimetur
3717 3761 3730 3804 ;
3764 3743 3854 3797 sic

2247 3852 2352 3890 non
2381 3849 2464 3891 eat
2492 3838 2966 3906 reprehendemlus
3001 3837 3144 3892 velut
3172 3837 3476 3902 hmreticns,
3503 3837 3597 3894 sed
3629 3852 3696 3891 ex
3726 3836 3852 3889 aliis

2245 3930 2402 3984 dictis
2430 3930 2542 3984 suis
2578 3931 2754 4000 potius
2783 3929 3150 3998 aestimandus,
3199 3931 3337 3986 sicut
3364 3945 3460 3984 nec
3485 3929 3628 3999 ipsas
3660 3928 3846 3997 Scrip-

2249 4027 2394 4075 turas
2416 4020 2625 4076 divinas
2658 4022 2710 4076 in
2767 4023 2963 4077 talibus
3012 4021 3412 4090 reprehendere
3444 4021 3727 4091 quisquam
3756 4037 3850 4076 ea-

2249 4112 2475 4167 tholieus
2505 4113 2702 4179 audet,
2753 4113 2846 4168 sed
2875 4115 3051 4183 potius
3094 4128 3161 4168 ex
3191 4113 3309 4166 aliis
3359 4111 3855 4167 manifestioribus.

2247 4206 2516 4272 quomodo
2543 4220 2604 4261 ea
2632 4221 2751 4275 qum
2773 4205 3002 4260 obscura
3032 4213 3157 4260 sinit
3200 4205 3499 4276 intelligere
3527 4204 3729 4258 debeat
3760 4220 3844 4259 re-

2245 4300 2542 4370 cognoscit.
2569 4299 2720 4356 Unde
2749 4301 2792 4354 si
2820 4299 3004 4354 beatus
3026 4297 3262 4370 Cyrillus
3289 4297 3593 4352 Nestorium
3620 4297 3844 4364 ‘quam-

2245 4390 2369 4444 dam
2426 4391 2708 4446 nefandam
2767 4392 3081 4446 dualitatcnt
3131 4399 3417 4445 conantem
3456 4389 3650 4444 induce
3682 4405 3736 4455 e,
3773 4405 3846 4443 ne

2247 4499 2405 4550 quam
2436 4485 2776 4539 occasionem
2817 4484 2970 4538 daret
2995 4485 3112 4554 ejus
3133 4485 3321 4546 errori,
3348 4498 3648 4538 se:monent
3680 4497 3844 4537 suum

551 4577 674 4630 bant
721 4574 837 4641 ejus
871 4575 1246 4638 intentionem,
1300 4572 1594 4628 secundum
1642 4587 1800 4641 quam
1843 4572 1910 4626 de
1960 4571 2138 4625 verbis
2168 4571 2219 4628 D
2246 4576 2412 4642 magis
2442 4575 2508 4629 ad
2533 4592 2593 4630 ea
2623 4593 2743 4646 quae
2767 4577 2982 4631 unLtatis
3003 4587 3126 4631 sunt
3149 4577 3458 4631 coarctabat
3484 4577 3652 4642 ;sicut
3675 4590 3841 4629 econ-

547 4677 624 4739 est
655 4666 1005 4738 judicandum
1033 4684 1047 4721 :
1073 4669 1193 4736 qttia
1227 4683 1333 4720 non
1364 4665 1535 4734 magis
1565 4666 1687 4733 quid
1720 4665 1927 4719 dicatur
1957 4677 2134 4720 atten-

551 4762 784 4815 dendum
809 4771 915 4825 est,
945 4774 1103 4828 quam
1128 4773 1223 4812 cur
1246 4757 1479 4826 quidque
1502 4758 1730 4811 dicatur.
1764 4758 1829 4810 Et
1858 4771 2136 4826 possemus

544 4857 760 4922 quidem
808 4853 972 4905 multa
1018 4851 1306 4920 Scriptura:
1335 4849 1532 4905 divina:
1561 4850 1800 4919 proferre
1834 4850 2133 4904 testimonia

543 4951 612 5003 de
638 4946 952 5002 diversitate
996 4945 1306 4999 intentionis
1351 4955 1513 5014 atque
1542 4944 1850 5006 verborum,
1882 4946 1924 4998 si
1956 4954 2133 4998 tamen

541 5041 833 5096 diversitas
871 5039 956 5094 illa
998 5038 1224 5094 dicenda
1252 5046 1368 5104 est,
1389 5038 1657 5106 quomodo
1688 5037 2004 5106 plerumque
2036 5050 2132 5090 nc-

542 5150 672 5205 gare
703 5134 722 5164 ³
753 5134 966 5188 videtur
1006 5131 1203 5201 aliquid
1228 5130 1374 5200 quod
1425 5131 1729 5195 negandum
1777 5144 1883 5182 non
1933 5139 2035 5192 est,
2079 5137 2136 5182 ut

541 5228 681 5281 aliud
731 5226 872 5294 quod
915 5226 1083 5293 magis
1124 5231 1207 5278 est
1245 5222 1611 5277 necessarium
1654 5220 1950 5274 intimctur.
1994 5218 2132 5285 Quia

543 5336 668 5373 για-ιη)
703 5317 772 5371 de
810 5333 969 5370 causa
1015 5332 1154 5370 nunc
1199 5316 1404 5384 agimus
1437 5331 1466 5367 a
1497 5314 1610 5366 suis
1639 5313 1951 5366 auctoribus
1984 5314 2132 5380 paci-

545 5414 640 5465 lice
673 5411 976 5473 terminata,
1011 5414 1124 5462 haec
1153 5409 1306 5461 nobis
1333 5407 1440 5460 duo
1469 5406 1756 5459 sul'liciaut.
1799 5405 1931 5471 Quis
1964 5405 2132 5471 enim,

619 5531 630 5559 '
659 5529 790 5581 (iud.
827 5529 1046 5594 νίτινοη.⁷
1088 5529 1176 5580 sed
1199 5524 1334 5597 quod
1363 5527 1519 5584 Dens.

616 5603 632 5629 ²
662 5602 799 5652 Idem
823 5602 968 5664 cod.,
992 5611 1035 5652 ct
1062 5616 1162 5651 non
1184 5617 1293 5652 vere
1320 5603 1470 5664 luci-it
1501 5604 1664 5668 factus
1690 5601 1856 5655 homo.
1888 5600 2125 5670 quuum

545 5683 613 5723 (Α
643 5672 793 5737 igitur
832 5679 884 5722 ιιι
925 5687 1013 5721 nec
1061 5672 1358 5722 l'l’llt.‘t'ttblll5
1411 5673 1511 5724 line
1552 5672 1818 5741 epistolam
1864 5674 2127 5725 lVesturia~

546 5760 658 5792 nam
691 5741 846 5791 rideri
878 5743 1047 5802 t-clint,
1102 5757 1202 5806 qua
1247 5745 1460 5804 rttlpans
1507 5745 1736 5797 cttnnlcm
1790 5745 1987 5795 lux-itum
2031 5743 2127 5808 (ἴῃ-

545 5815 712 5865 τίιιαιη
749 5811 908 5864 dixit:
943 5810 1257 5879 Consumit
1305 5815 1433 5865 cui.”
1483 5826 1519 5866 cl
1571 5819 1676 5883 ilhc
1730 5815 1962 5868 sinti'itei'
2016 5815 2123 5876 illi,

2249 4667 2416 4719 trario
2447 4666 2651 4736 priores
2681 4667 2930 4723 doctores
2957 4667 3210 4723 Ecclesia:
3252 4668 3638 4735 respondentes
3694 4669 3842 4736 Apu-

2246 4757 2424 4822 li-nari,
2485 4771 2795 4814 naturarum
2849 4761 3218 4817 diversitatem
3253 4761 3573 4816 stultissime
3614 4763 3842 4814 conluu-

2243 4845 2412 4914 denti,
2465 4865 2650 4904 earum
2701 4850 3100 4907 distinctionem
3133 4853 3363 4922 amplius
3411 4851 3841 4910 incumbebant:

2244 4940 2321 4994 sic
2349 4941 2462 5009 ipse
2488 4941 2810 4997 Nesturinno
2836 4961 3162 5024 repugnans,
3194 4947 3364 5013 putari
3397 4962 3501 4999 non
3529 4945 3715 4998 debuit
3743 4963 3842 4998 ne-

2242 5048 2400 5101 ga~se
2450 5035 2808 5091 differentiam
2864 5049 3195 5105 naturarum,
3251 5039 3705 5108 quemadmodum
3741 5055 3849 5094 nec.

2246 5124 2320 5178 illi
2355 5137 2710 5195 repugnantes
2736 5129 3009 5199 Apolinari
3060 5132 3276 5200 putandi
3305 5141 3428 5186 sunt
3454 5130 3713 5185 unitatem
3745 5147 3838 5185 ne-

2243 5233 2397 5287 gasse
2425 5236 2666 5286 personm
2692 5239 2704 5274 :
2729 5222 2850 5292 quia
2891 5238 2995 5278 non
3054 5224 3192 5278 idem
3217 5239 3429 5292 semper
3454 5233 3538 5279 est
3575 5223 3711 5278 ordo
3741 5239 3847 5292 pu-

2245 5326 2362 5379 gtttc
2391 5313 2474 5364 vel
2509 5315 2716 5378 modus,
2750 5315 2842 5368 sed
2888 5316 2940 5368 in
2974 5326 3342 5386 oppugnatum
3371 5331 3529 5370 causa
3573 5324 3655 5369 est
3697 5331 3835 5384 quu-

2247 5405 2404 5460 niodu
2435 5408 2700 5461 contraire
2731 5407 2921 5462 debeat
2947 5419 3325 5477 propugnator.

2235 5527 2358 5607 quia
2401 5529 2506 5597 ipse
2559 5529 2696 5583 Deus
2751 5531 2970 5585 l’erbu-u
3017 5535 3207 5604 furtu-tt
3259 5548 3328 5590 cs!
3381 5540 3566 5593 hosne:
3612 5559 3730 5594 nam
3787 5561 3834 5597 ct

2235 5614 2363 5662 tpse,
2406 5613 2510 5654 etc.

2307 5671 2326 5699 ³
2360 5668 2500 5723 ldcnt
2533 5671 2674 5732 ρθιί..
2703 5676 2902 5741 urg/ari.

2311 5742 2324 5769 "
2356 5743 2495 5796 ldum
2524 5745 2665 5810 tud.,
2698 5748 2866 5799 a'ttlt‘tts
2899 5745 3211 5804 .Vt'elot'ittm.
