4114 6466
345 305 440 359 609

947 426 1055 480 CM
1082 426 1168 482 Ul'
1210 429 1294 481 ιγ.

341 537 488 603 Quod
543 535 662 589 Ibus
712 538 843 591 male
871 540 932 591 de
963 539 1156 607 (Iytillo
1206 542 1493 609 suspicans,
1523 558 1625 593 non
1653 540 1834 609 (ξφ-ἰΗί
1863 541 1927 608 ﬁ-

405 609 545 672 dem,
570 609 659 660 sed
681 625 832 682 quam
859 609 1039 679 Cyrttti
1072 627 1180 682 esse
1204 612 1335 676 {uiso
1368 613 1597 682 putabat,
1630 612 1680 663 in
1709 612 1927 682 epistola

403 696 496 752 sua
524 680 933 747 reprehenderit,
980 693 1026 734 et
1058 679 1240 752 Cyriltt'
1275 687 1336 736 de
1361 679 1550 736 Christi
1572 679 1926 737 incarnatione

404 751 559 812 ﬁdem
598 751 768 820 reipsa
790 753 1036 821 probarit.

405 886 528 941 lla'c
553 897 731 942 autem
755 886 896 942 dicta
933 898 1079 957 sunt,
1113 903 1218 943 non
1260 890 1400 960 quod
1452 890 1518 943 de
1559 891 1794 956 Christo,
1825 889 1923 947 sed

332 978 472 1048 quod
501 979 567 1033 de
597 979 716 1049 ipso
737 979 895 1034 beato
927 981 1125 1050 Cyrillo
1157 983 1473 1037 venerabilis
1501 984 1616 1036 lhas
1641 984 1777 1038 male
1805 999 1924 1040 cre-

331 1069 523 1124 diderit
551 1065 565 1135 ξ
598 1086 698 1125 nec
730 1071 870 1139 quod
923 1073 1292 1140 praedicatoris
1350 1074 1418 1128 de
1457 1073 1759 1127 Christiana
1817 1075 1922 1129 ﬁde
1955 1070 1957 1073 ’

331 1163 620 1228 Confe~sio,
648 1165 740 1219 scd
773 1166 911 1234 quam
946 1164 1178 1218 homins
1212 1165 1277 1220 de
1301 1166 1516 1220 homine
1547 1166 1779 1236 suspicio
1810 1167 1920 1221 dis-

337 1257 524 1325 pliceat
579 1258 631 1311 in
663 1257 778 1324 ejus
826 1256 1192 1325 epistola.Ctti
1233 1259 1374 1313 enim
1427 1267 1602 1327 potest
1657 1257 1919 1312 catholico

333 1349 621 1418 displicere
639 1347 941 1404 differentia
988 1353 1248 1405 naturalis
1279 1354 1414 1405 inter
1448 1353 1703 1420 templum
1733 1362 1784 1405 et
1840 1353 1917 1404 itt-

332 1442 659 1499 liabitaIIIem
692 1444 743 1497 in
779 1460 864 1506 eo,
901 1460 1019 1498 cum
1055 1445 1146 1499 Dei
1201 1445 1443 1499 Ecclesia
1491 1445 1569 1497 sic
1598 1443 1918 1520 conﬁteatur

331 1535 562 1589 Verbum
587 1552 800 1590 carnem
829 1537 1241 1602 factum,utnon
1266 1538 1667 1606 deneget,quod
1695 1537 1761 1590 ibi
1779 1537 1912 1592 sub-

325 1631 563 1697 junctum
593 1637 694 1690 est,
721 1628 842 1698 quia
869 1639 922 1682 et
946 1629 1199 1682 habitavit
1226 1635 1274 1682 in
1303 1630 1491 1683 nobis?
1514 1630 1642 1682 Nam
1665 1629 1898 1685 Vet'hutn

326 1719 540 1787 quidem
561 1734 687 1774 caro
711 1721 910 1774 factum
944 1733 1044 1780 est,
1077 1722 1198 1790 quia
1229 1721 1586 1789 setitpiternus
1606 1719 1793 1784 Filius,
1819 1721 1909 1789 qui

1165 311 1296 365 PRO
1332 309 1754 366 llEFENSlONl‘l
1793 305 2005 362 TRlUM
2044 307 2359 368 CAPITUL.
2397 316 2518 372 [ΛΒ.
2573 318 2651 372 Vl.

3521 329 3620 383 670

1951 427 1998 482 Α
2031 426 2226 480 tionem
2266 429 2492 485 oiccntis
2533 434 2877 488 ostenderent
2900 433 2926 490 ‘i
2951 437 2996 493 Ο
3025 438 3156 490 ﬁdes
3185 439 3198 492 ε
3237 454 3270 492 o
3296 441 3609 510 integritas:

2031 531 2064 570 0
2110 522 2440 576 conscientia
2484 537 2634 579 recte
2677 532 3017 584 tractantium
3071 546 3374 586 sermonem
3427 533 3618 587 verita-

2032 611 2130 664 tis!
2167 611 2398 669 Possunt
2429 617 2513 671 isti
2549 619 2788 685 profecto
2815 637 2934 677 cum
2966 625 3224 692 Apostolo
3255 624 3434 678 dicere
3469 644 3483 680 :
3518 627 3615 680 Ab-

2028 704 2260 759 diramus
2289 709 2484 762 acettlta
2530 712 2814 780 dedecoris,
2849 731 2948 769 non
2979 717 3290 770 ambulantes
3322 717 3376 770 in
3406 721 3616 786 astutia,

2027 811 2189 866 neque
2217 800 2562 856 adu’ttrantes
2608 805 2813 858 verbum
2857 805 2974 873 Dei,
3000 809 3090 860 sed
3112 809 3162 861 in
3206 811 3614 879 manifestotiouc

2031 891 2256 945 veritatis
2297 896 2709 950 commendantes
2749 900 3087 965 nosmetipsos
3129 901 3197 953 ad
3242 917 3438 954 onmem
3494 918 3611 955 cou-

2023 981 2286 1035 srientiam
2318 987 2581 1039 hominum
2612 1005 2784 1042 coram
2818 990 2922 1044 Deo
2949 989 3036 1061 (ΙΙ
3062 990 3182 1045 Cor.
3210 1008 3281 1057 Iv,
3307 992 3385 1062 2).
3418 993 3610 1047 Verum

2025 1072 2077 1126 in
2113 1074 2212 1128 hoc
2242 1091 2453 1144 quoque
2499 1079 2850 1147 deprehensis
2881 1098 2943 1136 ac
2984 1083 3210 1152 proditis
3241 1099 3427 1138 eorum
3464 1085 3608 1138 frau-

2024 1165 2094 1218 di;
2121 1183 2202 1230 ns,
2233 1169 2472 1234 attende,
2502 1173 2750 1237 obsecro,
2781 1160 3453 1244 serenissimaimperator,
3481 1195 3613 1246 quo-

2025 1257 2186 1311 modo
2225 1273 2292 1312 ex
2343 1260 2462 1315 aliis
2502 1278 2621 1332 qua:
2678 1276 2975 1333 sequuntur
3024 1266 3184 1320 etiam
3217 1268 3229 1296 ¹
3263 1268 3604 1321 manifestum

2026 1348 2136 1413 ﬁat,
2167 1351 2308 1418 quod
2350 1367 2453 1405 non
2481 1363 2664 1408 contra
2695 1354 2848 1410 ﬁdem
2882 1371 3037 1426 quam
3090 1356 3157 1411 de
3187 1356 3400 1410 Christo
3443 1359 3609 1411 habe-

2025 1454 2142 1492 mus
2176 1443 2643 1498 reverentissTmtts
2678 1445 2793 1499 lhas
2819 1447 2872 1499 in
2897 1462 2992 1500 sua
3020 1448 3244 1517 epistola
3270 1449 3331 1502 sit
3357 1450 3567 1505 loeutus
3592 1467 3632 1514 ;⁴

2023 1529 2117 1582 sed
2158 1529 2348 1584 intenti
2375 1548 2509 1586 tnem
2542 1534 2682 1588 beati
2733 1535 2920 1604 Cyrilli
2953 1537 3128 1590 minus
3186 1537 3514 1594 intellexerit
3557 1543 3606 1594 in

2019 1619 2136 1690 ejus
2163 1623 2430 1690 capitulis.
2477 1624 2607 1678 Nam
2635 1627 2883 1695 sequitur
2913 1628 3090 1683 adhuc
3112 1629 3184 1683 die
3203 1644 3320 1693 ens,
3350 1632 3608 1700 quemad-

2022 1713 2237 1766 modum
2285 1713 2494 1784 integer
2525 1717 2689 1784 ipsius
2712 1719 2952 1786 cpistola:
2985 1729 3136 1772 tenor
3163 1719 3363 1778 habet;
3402 1741 3419 1773 ι
3451 1722 3591 1776 Con-

331 1811 558 1865 \'erbum
590 1823 669 1866 est
692 1812 884 1878 Patris,
914 1813 1028 1881 ipse
1056 1811 1108 1866 in
1135 1813 1464 1882 plenitudine
1483 1823 1781 1880 temporum
1806 1810 1914 1864 fac-
1950 1807 1991 1864 Β
2019 1805 2233 1873 scripsit
2261 1808 2403 1859 enim
2435 1807 2500 1860 12
2525 1810 2782 1878 capitula,
2807 1826 2926 1879 quae
2943 1822 3068 1880 puto
3097 1822 3152 1867 et
3181 1820 3324 1866 tuam
3357 1829 3606 1869 reveren-

327 1911 411 1956 tus
441 1911 522 1956 est
559 1903 758 1970 homo;
793 1901 1044 1957 habitavit
1073 1912 1250 1958 autem
1281 1906 1332 1957 in
1363 1904 1536 1966 nobis,
1564 1904 1682 1971 quia
1710 1902 1910 1956 nullam

324 2000 730 2054 COLIthl'eiUllcnl
761 2001 1011 2054 sustinuit
1044 2000 1466 2055 incomertibilis
1497 2001 1611 2070 ejus
1640 1998 1908 2064 d;vinitas,

324 2093 418 2146 sed
451 2107 677 2146 manens
701 2093 842 2162 quod
874 2103 1006 2160 erat,
1043 2103 1286 2148 naturam
1319 2082 1633 2148 inhabitavit
1661 2108 1905 2162 assump-

324 2194 454 2239 tatn.
485 2186 548 2239 Et
577 2185 717 2250 ideo,
774 2184 1137 2240 Vcrbumcaro
1176 2188 1366 2255 factum
1413 2198 1511 2254 est,
1562 2189 1911 2243 NCS’Ol'ialltis

321 2288 625 2349 expugnat;
705 2280 1064 2350 l-iutyehianos
1126 2293 1302 2335 autem
1373 2282 1455 2336 vel
1523 2282 1910 2350 Apulinaristas

321 2387 506 2425 eorum
537 2372 929 2440 progenitores,
964 2383 1010 2425 et
1033 2372 1276 2426 habitavit
1305 2374 1355 2426 in
1393 2374 1536 2426 nobis
1566 2390 1582 2427 :
1615 2374 1737 2443 quia
1782 2373 1909 2428 Ver-

321 2465 439 2516 bum
467 2480 584 2518 caro
617 2465 809 2531 (actum
838 2473 926 2527 est,
961 2479 1116 2519 unam
1145 2465 1407 2535 signiﬁcat
1438 2480 1556 2520 esse
1587 2481 1906 2533 personam;

320 2557 566 2610 habitavit
604 2565 781 2611 autem
809 2558 862 2610 in
892 2557 1056 2622 nobis,
1079 2557 1211 2611 duas
1236 2559 1499 2612 mansisse
1529 2569 1764 2613 naturas.
1790 2559 1907 2613 Non

318 2645 458 2697 enim
491 2651 718 2716 possunt
738 2645 857 2698 date
885 2659 1005 2700 esse
1035 2661 1300 2714 personze,
1331 2647 1546 2717 quando
1569 2649 1614 2702 is
1644 2651 1732 2717 qui
1778 2648 1908 2702 Ver-

318 2734 445 2790 bum
467 2745 569 2803 est,
599 2737 711 2803 ipse
729 2737 888 2790 etiam
916 2737 1085 2792 factus
1106 2748 1186 2792 est
1212 2751 1371 2803 caro;
1397 2747 1488 2792 aut
1516 2737 1634 2793 diue
1658 2755 1762 2793 non
1787 2755 1906 2794 esse

316 2838 542 2893 naturae,
573 2831 786 2899 quando
832 2830 975 2884 aliud
1023 2831 1096 2885 sit
1139 2831 1280 2901 quod
1331 2831 1616 2898 inhabitat,
1669 2841 1722 2886 et
1761 2833 1905 2888 aliud

314 2922 458 2991 quod
487 2922 832 2978 inhabitatur.
863 2922 921 2978 Si
949 2925 1067 2995 quis
1095 2933 1272 2978 autem
1298 2940 1404 2980 non
1443 2924 1719 2980 declinans
1744 2926 1796 2980 in
1827 2927 1906 2980 al-

314 3022 572 3069 terutram
607 3026 832 3084 partem,
864 3017 981 3071 sine
1027 3017 1370 3072 contentione
1397 3033 1508 3072 rem
1541 3027 1768 3087 quaerat,
1821 3017 1904 3072 in-
1977 3071 1980 3074 ,

314 3109 498 3164 veniet
555 3109 694 3179 quod
746 3121 850 3165 tam
901 3122 1208 3165 sanctorum
1259 3110 1599 3166 orientalium
1643 3111 1898 3176 Patrum,

2020 1899 2143 1952 tiam
2198 1901 2542 1970 cognovisse,
2602 1905 2722 1972 quia
2774 1921 2877 1958 ttna
2925 1917 3111 1960 natura
3148 1918 3231 1962 est
3281 1909 3494 1966 deitatis
3551 1921 3606 1966 et

2017 1987 2364 2044 humanitatis
2391 1991 2597 2046 Domini
2637 1995 2804 2048 nostri
2833 1995 2958 2050 Jesu
2982 1995 3214 2062 Christi,
3249 2010 3303 2052 et
3333 2003 3476 2070 quia,
3504 2005 3604 2058 sic-

2017 2089 2072 2133 ut
2118 2081 2270 2147 dit-it,
2313 2099 2416 2138 non
2441 2093 2658 2152 oportet
2683 2086 2922 2142 dividere
2953 2091 3332 2155 voces-dirius,
3361 2109 3490 2158 quas
3515 2097 3596 2148 vel

2016 2169 2128 2238 ip.-e
2162 2171 2416 2227 Dominus
2445 2173 2517 2241 de
2534 2177 2825 2244 semetipso
2855 2177 3010 2241 dixit,
3043 2180 3127 2233 vel
3159 2183 3507 2248 evangelista:
3534 2185 3601 2239 de

2015 2279 2102 2318 eo.
2137 2283 2154 2314 ι
2189 2265 2282 2319 Cui
2319 2281 2423 2320 non
2456 2278 2712 2336 appareat
2761 2270 2909 2338 quia,
2942 2273 3083 2324 sicut
3119 2272 3317 2325 dictum
3343 2283 3444 2340 est,
3500 2291 3603 2330 non

2016 2356 2403 2410 incarnatiois
2452 2359 2650 2413 Christi
2702 2363 3041 2430 mysterium,
3100 2363 3192 2417 sed
3250 2363 3600 2420 illienlitﬂlelll

2013 2447 2154 2508 beati
2179 2447 2362 2521 Cyrilli
2395 2451 2571 2505 minus
2603 2453 2926 2508 intellexerit
2956 2456 3424 2511 revet'etttiSsinttts
3457 2459 3596 2524 lbas,

2009 2556 2189 2611 quem,
2217 2543 2356 2597 sicut
2383 2545 2469 2596 alii
2501 2559 2718 2614 quoque
2755 2545 3050 2601 orientales
3093 2547 3274 2601 Patres
3305 2558 3358 2603 et
3387 2550 3485 2615 ipsi
3513 2553 3600 2618 qui

2008 2649 2133 2689 eum
2195 2639 2440 2691 venerati
2470 2652 2528 2691 se
2577 2639 2778 2708 ﬁngunt
2831 2639 3123 2708 Accphali,
3179 2640 3470 2693 arbitratus
3521 2653 3599 2698 est

2009 2741 2168 2779 unam
2224 2713 2443 2782 deitatis'
2486 2738 2540 2782 et
2597 2729 2937 2784 humanitatis
2987 2731 3196 2784 Domini
3251 2734 3416 2786 nostri
3466 2733 3595 2786 Jesu

2006 2815 2210 2870 Christi
2261 2817 2580 2886 rrtedicasse
2632 2827 2920 2885 naturam,
2971 2830 3027 2875 et
3073 2820 3276 2877 dixisse
3325 2822 3446 2892 quia
3497 2839 3599 2880 non

2007 2917 2223 2978 oportet
2271 2910 2568 2964 secundum
2620 2920 2840 2966 naturas
2903 2911 3143 2968 dividere
3181 2927 3342 2970 voces
3384 2915 3594 2985 dictas,

2005 3014 2140 3070 quas
2170 3001 2251 3055 vel
2277 3003 2392 3069 ipse
2413 3002 2670 3057 Dominus
2701 3004 2768 3058 de
2797 3018 2887 3070 se,
2917 3005 3000 3059 vel
3050 3007 3389 3076 evangelistae
3415 3007 3483 3062 de
3521 3024 3587 3062 eo

2005 3091 2303 3147 dixerunt?
2329 3094 2569 3163 Denique
2590 3095 2751 3149 etiam
2782 3094 2966 3150 hocab
2991 3096 3083 3151 illo
3115 3112 3209 3167 per
3234 3097 3595 3154 venerabilem

311 3202 557 3271 quamvis
580 3203 647 3257 de
666 3203 824 3258 beato
838 3205 1040 3274 Cyr-illo
1068 3204 1208 3260 male
1229 3205 1511 3270 sentirent,
1545 3220 1705 3274 quam
1731 3205 1897 3274 ipsius

2008 3185 2228 3242 Paulum
2288 3188 2614 3242 Emesenum
2646 3191 2664 3219 ¹
2705 3189 3124 3259 expetiverunt,
3175 3200 3234 3245 ut
3286 3191 3337 3245 in
3387 3191 3598 3261 scriptis

315 3294 452 3347 beati
483 3293 686 3367 Cyr-illi,
718 3295 906 3349 eadem
943 3295 1102 3349 fuerit
1147 3312 1363 3366 semper
1405 3296 1650 3364 intentio,
1709 3304 1767 3350 ut
1795 3296 1900 3351 Do-

312 3387 514 3440 minam
541 3401 702 3440 unum
725 3385 906 3441 Jesum
931 3387 1201 3442 Christum
1226 3389 1484 3443 docerent
1501 3387 1552 3444 in
1576 3387 1779 3443 duabus
1806 3403 1902 3441 na-

311 3477 467 3544 turis,
503 3477 556 3532 id
583 3486 667 3532 est
687 3478 963 3534 divinitate
992 3488 1152 3549 atque
1192 3479 1522 3533 humanitate
1547 3479 1842 3548 perfectum
1881 3496 1896 3534 :

311 3585 378 3623 ne
418 3581 508 3623 aut
562 3581 844 3638 propterea
899 3573 1018 3625 dua:
1067 3587 1310 3641 personat:
1349 3571 1719 3638 crederentur,
1775 3572 1897 3641 quia

309 3659 428 3711 dna:
462 3666 665 3713 naturae
694 3669 855 3726 sunt;
885 3670 975 3714 aut
997 3670 1275 3729 proriterea
1309 3677 1409 3714 una
1440 3661 1752 3716 crederetur
1777 3674 1897 3716 esse

310 3760 518 3817 natura,
563 3753 685 3819 quia
730 3768 830 3805 una
881 3753 1128 3820 persona.
1160 3753 1393 3824 Contigit
1425 3764 1600 3808 antetn
1649 3771 1895 3808 nonnun-

309 3858 355 3910 ην
381 3857 465 3894 atn
515 3843 652 3896 inter
681 3842 838 3896 unius
865 3845 1142 3898 sententia:
1189 3845 1349 3911 viros,
1387 3853 1443 3898 ut
1472 3861 1592 3900 eum
1637 3845 1703 3899 de
1735 3845 1895 3900 rebus

307 3934 439 4002 ipsis
465 3949 582 4002 quae
612 3934 662 3986 in
693 3934 990 4003 quaestione
1019 3945 1144 3988 sunt
1181 3935 1319 3988 idem
1351 3936 1585 4004 sapiunt,
1630 3936 1695 3989 de
1727 3949 1784 3989 se
1818 3945 1894 3988 ta-

308 4047 429 4084 men
472 4029 698 4083 invicem
732 4030 872 4083 aliud
922 4030 1282 4098 snspicentur,
1325 4045 1445 4083 cum
1477 4031 1561 4085 vel
1613 4045 1641 4083 a
1683 4030 1893 4084 dicente

308 4122 486 4176 minus
518 4122 757 4190 aperitur
790 4121 965 4175 verbis
1014 4121 1153 4191 quod
1207 4123 1370 4177 corde
1418 4131 1736 4190 conceptum
1789 4130 1888 4186 est,

309 4213 394 4266 vel
428 4214 492 4266 ab
519 4214 861 4268 audientibus
883 4213 1059 4268 minus
1087 4214 1364 4281 inspicitur
1393 4214 1618 4267 ditentis
1643 4214 1887 4268 intentio.

307 4303 669 4382 Discernenda
715 4315 1004 4360 estautem
1052 4306 1296 4374 impietas
1341 4320 1443 4374 qua
1475 4305 1543 4359 de
1597 4305 1704 4358 Deo
1755 4305 1894 4360 male

306 4396 565 4459 creditur,
591 4396 657 4450 ab
681 4395 979 4466 ignorantia
1003 4411 1104 4466 qua
1136 4397 1360 4466 quisque
1383 4396 1539 4450 aliter
1566 4396 1631 4450 de
1649 4410 1745 4448 suo
1769 4411 1894 4464 pro-

306 4487 488 4553 ximo,
514 4495 761 4556 tanquam
794 4488 953 4541 homo
990 4489 1057 4542 de
1087 4488 1304 4541 homine
1349 4489 1672 4556 suspicatur.
1708 4486 1773 4540 Et
1798 4529 1812 4552 ,
1846 4487 1889 4542 si

2005 3277 2345 3348 apertissime
2398 3278 2696 3335 fateretur:
2727 3281 2867 3350 quod
2913 3289 2967 3335 et
2996 3283 3320 3337 veneabilis
3377 3284 3494 3336 llas
3545 3282 3597 3340 in

2003 3369 2190 3425 eadem
2233 3371 2458 3438 epistola
2487 3385 2580 3425 sua
2610 3371 2868 3437 narravit,
2901 3372 2989 3426 ubi
3039 3372 3108 3427 de
3158 3381 3343 3427 sancto
3388 3373 3593 3427 Joanne

2001 3459 2342 3516 Autiocheno
2389 3462 2565 3518 dixit:
2605 3481 2623 3514 ι
2664 3463 2953 3532 Postquam
3004 3463 3210 3519 litteras
3257 3466 3594 3534 imperatoris

2001 3552 2229 3620 accepit,
2283 3551 2680 3608 sanctissimum
2725 3563 2779 3608 et
2825 3558 3317 3610 reverentissimum
3371 3557 3588 3610 Paulum

2002 3645 2330 3700 Emesenum
2361 3643 2561 3699 direxit
2587 3645 2926 3713 episcopum,
2962 3648 3208 3702 scribens
3234 3665 3329 3716 per
3351 3667 3470 3702 eum
3507 3666 3592 3704 ve»

2001 3752 2114 3791 ram
2141 3740 2320 3801 tidem,
2343 3745 2396 3791 et
2425 3735 2744 3805 ptmcipiens
2770 3737 2842 3801 ei,
2881 3735 3006 3804 quia
3032 3737 3078 3792 si
3109 3739 3231 3793 huic
3256 3738 3378 3793 ﬁdei
3412 3739 3589 3809 (Syrii-

1998 3828 2081 3883 lus
2127 3827 2478 3892 consentiret,
2531 3837 2582 3882 et
2613 3826 3092 3882 anathematizaret
3122 3844 3216 3884 eos
3263 3831 3351 3899 qui
3411 3831 3591 3886 όίιιυιιι

1997 3920 2121 3989 quia
2147 3920 2319 3973 deitas
2352 3935 2504 3989 passa
2533 3930 2645 3984 est,
2675 3921 2758 3972 vel
2807 3920 3046 3975 dicentes
3074 3921 3194 3991 quia
3243 3937 3346 3975 una
3403 3931 3589 3976 natura

1995 4023 2079 4068 est.
2119 4011 2332 4065 deitatis
2360 4022 2414 4065 et
2465 4011 2832 4077 humanitatis,
2865 4021 2920 4065 ut
2965 4014 3388 4067 communicaret
3442 4014 3512 4067 ei.
3557 4034 3574 4065 ι

1996 4107 2138 4162 Sane
2168 4106 2420 4172 quoniam
2448 4108 2631 4160 beatus
2660 4107 2912 4176 Cyrillus,
2945 4107 3295 4161 Oriet‘tt-tlium
3327 4107 3589 4178 legatione

1997 4207 2274 4268 suscepta,
2301 4199 2467 4266 magis
2497 4199 2638 4267 quod
2666 4214 2693 4251 a
2725 4199 3202 4253 consacerdotibus
3225 4197 3335 4252 suis
3366 4208 3585 4266 expete-

1995 4291 2155 4346 batur
2209 4288 2485 4344 festinavit
2514 4289 2761 4358 implere,
2794 4304 2950 4357 quam
2982 4289 3246 4344 dictorum
3289 4304 3507 4343 suorum
3538 4288 3590 4344 in

1996 4383 2194 4453 quibus
2237 4383 2424 4436 ollensi
2460 4381 2692 4445 fuerant,
2719 4380 3072 4436 sufﬁcientem
3113 4383 3483 4451 purgationem
3513 4382 3591 4435 l‘a-

1996 4489 2157 4539 cere;
2193 4473 2314 4527 ideo
2349 4481 2564 4542 putatus
2602 4483 2706 4538 est,
2752 4471 2914 4527 veluti
2947 4473 3174 4540 pristino
3229 4489 3416 4527 errore
3444 4474 3593 4527 dam~

307 4581 443 4634 forte
466 4581 675 4633 videtur
707 4579 941 4632 hominis
991 4580 1059 4634 de
1089 4580 1305 4633 homine
1335 4579 1595 4647 culpanda
1630 4579 1888 4646 suspicio,

2008 4577 2154 4630 nato,
2183 4565 2539 4618 Orientalium
2564 4564 2931 4618 admonitione
2961 4579 3251 4618 conversus
3290 4582 3302 4617 :
3333 4581 3452 4619 cum
3505 4568 3592 4620 ille

307 4672 647 4742 approbanda
676 4682 849 4725 tamen
892 4682 973 4725 est
1003 4672 1227 4726 intentio
1243 4686 1344 4740 qua
1365 4670 1562 4725 veritas
1584 4670 1706 4725 ﬁdei
1729 4685 1889 4741 quam

308 4767 374 4819 de
402 4766 614 4819 Clu-isto
647 4765 904 4818 habemus
937 4766 1215 4819 asscritur.
1251 4764 1397 4819 llanc
1421 4764 1768 4818 intentionem
1803 4781 1890 4816 vo-

308 4859 478 4912 lentes
505 4860 798 4911 obscurare
847 4873 996 4911 novae
1041 4858 1328 4927 diligentia:
1375 4866 1679 4928 repertores
1704 4898 1718 4922 ,
1751 4873 1889 4926 quo-

308 4951 466 5004 modo
500 4959 664 5004 totum
690 4949 917 5005 ﬁdeliter
946 4965 1008 5002 ac
1049 4951 1362 5018 simpliciter
1405 4960 1589 5020 agunt,
1620 4966 1740 5005 cum
1788 4964 1894 5018 po-

308 5045 540 5098 suissent
568 5060 632 5098 es
667 5043 754 5096 illa
776 5042 1001 5110 epistola
1026 5042 1164 5110 quod
1197 5041 1269 5095 ibi
1299 5042 1500 5096 dictum
1533 5051 1614 5097 est
1647 5061 1658 5095 :
1697 5061 1717 5094 ‹
1746 5042 1886 5097 Con-

309 5135 529 5204 scripsit
577 5135 718 5189 enim
769 5145 822 5188 et
850 5135 965 5204 ipse
1016 5133 1266 5187 similiter
1313 5134 1560 5202 illi,quia
1592 5136 1703 5202 ipse
1751 5135 1890 5188 lieus

309 5227 540 5282 Verbum
573 5225 742 5282 factus
769 5237 849 5281 est
883 5226 1065 5294 homo,
1105 5245 1123 5277 ι
1157 5225 1526 5280 transilierunt
1550 5229 1688 5296 quod
1713 5229 1893 5297 sequi-

303 5333 411 5384 tur,
441 5335 460 5371 ι
501 5328 753 5387 tanquam
793 5332 896 5372 non
942 5318 1016 5372 sit
1043 5314 1341 5371 dill‘erentia
1375 5316 1516 5372 inter
1547 5316 1806 5385 templum
1838 5329 1890 5373 et

307 5411 690 5466 inhabitantetn
747 5411 797 5462 in
843 5425 926 5462 eo.
970 5428 988 5461 ι
1040 5407 1202 5477 Cujus
1251 5408 1326 5461 rei
1377 5422 1536 5462 causa
1597 5410 1889 5477 putamus?

300 5502 549 5570 Nunquid
583 5503 702 5556 ideo
727 5503 844 5570 quia
871 5502 985 5554 ista)
1009 5499 1339 5569 paucissima:
1364 5499 1582 5570 syllabm
1614 5502 1890 5568 prolixita-

307 5607 407 5647 tem
453 5591 732 5647 facerent?
760 5607 827 5643 an
876 5590 996 5646 ideo
1049 5591 1223 5660 potius
1252 5591 1374 5659 quia
1409 5591 1685 5647 manifeste
1717 5593 1889 5647 inten-

378 5759 390 5785 ¹
420 5752 552 5804 Cod.
583 5753 803 5816 Verum,
833 5753 984 5804 etiam
1010 5763 1159 5818 atque
1185 5752 1355 5804 afuat.

376 5829 391 5858 ¹
427 5825 568 5878 ldcut
594 5823 739 5889 (μέ-(1.,
774 5823 1070 5878 Emesrtttnn
1096 5840 1403 5890 rpzsropmu.

1999 4655 2384 4723 recuperanda:
2419 4654 2639 4708 unitatis
2666 4655 2920 4723 cupidus,
2952 4655 3002 4708 in
3055 4655 3372 4709 defensione
3419 4656 3592 4710 dicto-

2000 4761 2117 4799 rum
2147 4760 2368 4798 suorutn
2394 4745 2630 4798 noluerit
2658 4733 2955 4808 immorari,
2991 4761 3058 4799 ne
3086 4763 3206 4799 cum
3241 4747 3466 4813 proha'e
3489 4747 3580 4801 diu

1997 4837 2272 4893 contendit
2292 4837 2432 4906 quod
2455 4853 2583 4904 non,
2609 4846 2665 4891 ut
2687 4839 2993 4905 putabatur,
3027 4839 3093 4890 ab
3117 4854 3178 4891 eo
3198 4838 3394 4891 fuerint
3421 4838 3583 4903 dicta,

1998 4939 2066 4996 de
2091 4941 2282 5009 quibus
2310 4941 2486 4994 minus
2513 4938 2878 5007 iutelligentes
2903 4937 3062 4990 aliter
3091 4937 3416 5003 sentiebant,
3459 4953 3586 4991 con-

2001 5032 2276 5086 troversiae
2298 5032 2397 5085 hac
2445 5031 2782 5086 dissensione
2840 5030 2861 5060 ³
2901 5029 3157 5083 terminus
3208 5044 3312 5081 non
3345 5029 3584 5084 daretur.

1999 5125 2149 5191 Quod
2177 5125 2304 5179 item
2347 5123 2454 5177 illis
2484 5122 2662 5177 verbis
2692 5121 3153 5178 reverentissimus
3183 5121 3300 5174 lbas
3329 5121 3585 5187 ostendit,

1999 5215 2190 5285 quibus
2229 5222 2518 5283 sequenter
2553 5213 2798 5268 eumdem
2847 5213 3058 5268 beatum
3095 5211 3352 5282 Cyrillum
3405 5213 3582 5267 retulit

1999 5307 2117 5362 sine
2144 5305 2454 5373 fatigatione
2473 5302 2820 5358 Orientalium
2848 5302 2969 5357 ﬁdei
2991 5301 3345 5364 consensisse,
3374 5313 3427 5355 et
3449 5301 3586 5354 hanc

2000 5397 2324 5464 ευδριορίεευ,
2377 5404 2536 5463 atque
2564 5409 2752 5448 omnes
2797 5395 2887 5463 qui
2915 5395 3113 5462 absque
3157 5393 3254 5447 hac
3303 5393 3586 5447 credi-rent

1999 5488 2502 5544 anathematizasse.
2553 5486 2658 5541 Sed
2686 5487 2922 5555 nunquid
2963 5489 3173 5540 beatum
3207 5485 3460 5556 Cyrillum
3490 5504 3584 5554 ptlc

2002 5596 2142 5638 tasse
2172 5593 2513 5646 conversum,
2554 5577 2928 5632 Nestorianutn
2959 5587 3039 5634 est
3078 5578 3278 5633 crimen
3302 5579 3323 5631 ?
3345 5577 3588 5649 Ιῖυειδοη-

2069 5753 2085 5783 ³
2111 5759 2254 5816 idem
2279 5756 2417 5826 cotl.,
2446 5778 2507 5814 m-
2540 5756 2858 5812 tiissrnsiuni.
