4114 6474
241 278 345 331 675

232 480 379 545 quod
410 480 632 537 interior
674 486 839 543 homo
876 492 941 545 ad
975 493 1261 564 imaginem
1297 500 1387 557 Dei
1421 502 1704 575 formatus,
1737 480 1832 565 aut

234 569 474 624 exterior
496 577 791 632 secundum
824 580 1145 641 lineamenta
1174 592 1535 650 membrorum
1563 612 1829 671 sexusque

230 661 619 731 diversitatem,
673 685 740 726 ex
774 672 901 729 limo
934 683 1093 732 terra:
1135 691 1368 737 creatus.
1397 685 1501 741 Sed
1551 705 1824 759 nunquam

229 752 331 808 hoc
359 753 547 811 beatus
569 759 799 829 Cyrillus
850 775 1068 834 putasse
1111 784 1439 830 monstratur
1460 820 1475 844 ,
1529 783 1653 850 quia
1683 783 1825 840 idem

229 855 417 901 natura
446 857 530 903 est
554 854 810 921 templum
841 859 984 926 quod
1028 877 1094 916 ex
1135 864 1345 936 virgine
1374 869 1538 927 Maria
1590 877 1823 944 sumpsit

235 937 473 1005 initium,
506 952 561 996 et
592 943 821 1001 Verbum
852 949 1017 1016 Deus,
1042 956 1184 1022 quod
1217 959 1267 1011 in
1295 962 1555 1032 principio
1592 978 1704 1020 erat
1732 984 1823 1023 ca-

232 1045 362 1086 rens
385 1032 556 1089 initio.
596 1037 703 1091 lloc
748 1044 890 1095 enim
943 1044 1320 1113 Apolinaristm
1361 1067 1692 1124 sapuerunt;
1722 1061 1823 1118 hoc
1885 1060 1887 1063 ’

235 1123 305 1176 ab
353 1125 732 1194 Apolinaristis
763 1133 1041 1193 dementes
1076 1140 1389 1211 Eu'ycbiani
1431 1157 1458 1185 α
1502 1160 1817 1222 traxerunt;

228 1217 330 1271 hoc
361 1220 403 1273 si
454 1221 614 1275 etiam
646 1224 880 1295 Cyrillus
924 1234 1172 1302 sentiret,
1222 1240 1500 1297 verissime
1547 1244 1816 1303 dicen-tur

222 1309 347 1375 quia
383 1309 561 1379 lapsus
586 1327 686 1378 est,
714 1325 766 1370 et
797 1320 848 1371 in
879 1319 1071 1391 dogma
1104 1325 1409 1394 Apolinaris
1459 1333 1707 1391 inventus
1738 1349 1819 1393 est

222 1399 495 1456 incidisse.
536 1403 688 1460 Nunc
738 1419 917 1463 autem
965 1424 1249 1483 prepterca
1311 1436 1497 1476 verum
1547 1440 1668 1480 esse
1711 1446 1814 1485 non

218 1492 512 1563 credimus,
535 1499 657 1567 quia
688 1514 793 1555 non
815 1504 1075 1573 probatur
1100 1509 1199 1563 hoc
1231 1512 1519 1582 aliquando
1551 1519 1811 1575 sensisse.

836 1634 1064 1692 CAPUT
1104 1638 1168 1694 ν.

218 1757 371 1824 Quod
415 1762 667 1843 synodum
716 1768 989 1849 quominus
1024 1773 1294 1866 ερξδὶοίηηί
1336 1778 1444 1833 Iba!
1473 1784 1811 1840 orthodoxam
1845 1809 1887 1866 Β

287 1844 637 1866 ﬂfnnunlinrnl
691 1852 883 1866 ann-nn...
918 1858 1041 1866 “nu,
1070 1860 1080 1866 .
1111 1861 1125 1866 -
1167 1851 1235 1866 -.ει
1305 1850 1343 1866 ,l
1447 1852 1518 1866 ιη-
1636 1858 1644 1866 .
1713 1857 1743 1866 n

285 1833 669 1927 pmnuntiaret,
691 1833 885 1891 morari
918 1833 1237 1927 noti-debuit
1267 1848 1402 1927 [also
1440 1833 1809 1927 illiust—le

286 1899 406 1994 Cilla
474 1906 723 1994 suspicio,
783 1924 899 1994 cuni
949 1899 1484 1994 C'yrilllumulipsum,
1537 1899 1811 1994 quantillis

288 1970 623 2052 Orientalium
680 1970 1011 2063 confessioni"
1035 1970 1408 2054 subscriberet,
1458 1970 1561 2063 pm"
1602 1997 1809 2052 illorum

286 2044 506 2110 suspicio
534 2061 635 2099 non
664 2051 965 2105 retardarit.

285 2174 390 2231 Sed
424 2178 616 2233 iterum
651 2181 780 2235 dicit
811 2181 1001 2253 aliquis
1033 2204 1044 2240 :
1079 2188 1359 2256 Quomodo
1409 2210 1534 2266 ergo
1563 2201 1805 2268 synodus

214 2269 502 2338 epistolam
554 2275 923 2342 pronuntiavit
979 2281 1367 2351 orthodoxam,
1427 2304 1547 2357 quae
1593 2290 1806 2349 beatum

205 2359 496 2430 Cyrillum,
529 2378 686 2432 quem
716 2365 849 2420 dicis
874 2366 1005 2421 nihil
1033 2369 1136 2425 tale
1157 2374 1502 2443 prmdicasse,
1535 2380 1808 2447 culpavit?

206 2450 554 2522 Respondet),
604 2455 727 2526 quia
758 2456 915 2513 ﬁdem
948 2461 1034 2513 illa
1076 2462 1217 2517 beati
1257 2464 1440 2536 Cyrilli
1478 2472 1805 2538 praedicavit.

208 2543 343 2598 Nam
392 2546 437 2600 si
485 2556 605 2613 post
653 2549 948 2606 unitionem
1000 2553 1139 2609 inter
1186 2556 1484 2615 Orientales
1534 2572 1588 2617 et
1634 2565 1805 2633 ipsum

208 2624 407 2693 faetam
432 2643 692 2711 approbat
712 2645 828 2715 ejus
854 2647 1032 2714 ﬁdem,
1056 2664 1153 2705 nos
1167 2659 1347 2706 autem
1373 2656 1642 2712 credimus
1662 2661 1804 2728 quod

202 2747 423 2803 semper
452 2735 636 2789 eadem
672 2736 833 2793 fuerit
858 2740 1045 2811 Cyrilli
1078 2742 1208 2797 fides
1241 2761 1254 2796 :
1281 2748 1586 2802 necessario
1616 2753 1802 2820 sequi-

200 2830 293 2876 tur
316 2824 454 2893 quod
484 2837 609 2881 ante
638 2828 928 2884 unitionem
954 2847 1164 2903 quoque
1191 2834 1347 2890 ﬁdem
1378 2837 1493 2905 ejus
1525 2839 1644 2895 lbas
1680 2860 1800 2911 pro-

201 2915 411 2972 baverit
430 2961 443 2985 ,
468 2922 711 2988 quamvis
728 2921 847 2992 ejus
879 2925 1044 2981 fuisse
1067 2928 1337 2983 nescierit.
1373 2933 1601 2987 Attende
1642 2949 1802 3003 porro

208 3008 381 3076 ipsam
415 3012 606 3080 synodi
637 3016 991 3082 sententiam,
1036 3027 1090 3072 et
1136 3020 1379 3076 invenies
1433 3025 1573 3092 quod
1620 3027 1672 3079 in
1712 3028 1801 3082 illa

198 3103 454 3171 epistola,
507 3105 853 3163 dissimulans
893 3110 961 3164 ab
993 3111 1241 3167 humanis
1273 3116 1691 3184 suspicionibus,
1735 3136 1795 3175 ea

1136 296 1267 354 PRO
1307 300 1737 363 DEFENSIONE
1780 311 1991 370 TRIUM
2024 316 2334 379 CAPITUL.
2382 326 2510 387 LIB.
2555 331 2644 387 Vl.

236 388 444 457 angelis
478 388 618 445 sicut
670 394 721 448 in
770 397 781 426 ¹
825 414 929 453 uno
984 402 1287 476 eodemque
1335 411 1549 470 homine
1588 415 1833 488 dicimus,
1867 428 1915 487 Α
1944 432 2171 486 concilio
2208 434 2228 465 ⁸

3419 354 3523 411 674

2238 478 2251 501 ,
2275 440 2413 505 quod
2445 455 2629 498 eorum
2654 450 3082 510 communionem
3111 458 3268 516 simul
3293 467 3523 536 amplexi

1934 531 2076 578 sunt.
2141 524 2293 583 Unde
2328 530 2439 599 jam
2486 533 2696 592 videtur
2738 555 2924 611 magna
2968 552 3205 618 synodus
3247 571 3349 612 non
3380 524 3521 630 quod

1932 612 2211 679 epistolam
2249 623 2570 679 venerabilis
2616 627 2719 683 Ibat
2749 634 3102 694 orthodoxam
3144 644 3372 716 dixerit,
3398 612 3517 707 ‘sed

1931 703 2071 770 quod
2114 719 2220 761 non
2262 718 2316 763 et
2353 711 2465 780 ipsa
2516 713 2731 773 beatum
2777 719 3031 793 Cyrillum
3078 744 3201 785 cum
3248 703 3520 804 Ephesiae

1930 796 2163 851 concilio
2215 802 2656 875 reprehenderit,
2710 818 2971 871 accusari.
3029 796 3313 892 Assignata
3362 829 3518 897 igitur

1929 889 2108 942 omnia
2164 906 2282 959 quas
2336 898 2697 963 promisimus.
2780 903 3128 979 Recognosce
3176 921 3427 986 quoniam
3473 926 3518 980 si

1927 977 2383 1041 Chalcedonensis
2433 992 2669 1057 synodus
2717 977 2999 1063 epistolam
3049 977 3368 1067 venerabilis
3413 977 3518 1071 Ihm

1927 1070 2070 1124 velut
2092 1071 2401 1132 haereticam
2436 1079 2763 1150 improbaret
2784 1087 2950 1153 ,'hinc
2974 1095 3145 1161 potius
3169 1098 3381 1156 beatum
3411 1104 3515 1176 Cy-

1925 1163 2100 1218 rillum
2124 1169 2417 1226 credidisse
2444 1174 2777 1246 haereticum,
2797 1190 2851 1235 et
2877 1182 3178 1242 Nestorium
3195 1208 3506 1265 excusasse,

1923 1266 2085 1326 atque
2109 1261 2437 1329 Ephesinum
2465 1272 2884 1337 reprehendisse
2907 1278 3192 1333 concilium
3218 1283 3509 1359 videretur.

1922 1346 2182 1411 Quocirca
2207 1353 2370 1409 etiam
2402 1356 2453 1410 in
2489 1359 2588 1414 hoc
2612 1373 2909 1419 memorata
2941 1370 3181 1439 synodus
3210 1346 3513 1445 exemplum

1921 1436 2087 1506 ipsius
2136 1442 2275 1498 beati
2330 1444 2550 1518 Cyrilli,
2604 1452 2685 1505 vel
2741 1456 2914 1522 potius
2972 1459 3253 1527 Ephesium
3300 1470 3510 1537 synodi,

1919 1539 2100 1582 secuta
2132 1541 2214 1586 est
2250 1550 2261 1585 :
2297 1542 2353 1587 ut
2383 1537 2521 1590 situt
2553 1538 2637 1592 illa
2670 1545 2909 1597 omnium
2944 1548 3294 1608 Orientalium
3328 1559 3511 1612 rectis-

1918 1617 2104 1673 simam
2153 1621 2219 1676 de
2248 1623 2464 1680 Christo
2494 1628 2685 1696 ﬁdem,
2733 1638 2977 1701 quamvis
3016 1639 3085 1694 de
3121 1658 3180 1697 se
3220 1659 3324 1699 non
3367 1660 3509 1707 recte

1916 1711 2302 1778 suspicantium
2322 1761 2334 1782 ,
2366 1720 2616 1786 prudenti
2646 1724 2853 1781 ratione
2880 1734 3172 1808 suscepit,_
3203 1738 3275 1791 ita
3314 1750 3368 1793 et
3397 1741 3507 1810 ipsa

1916 1800 2078 1857 simili
2106 1806 2311 1860 ratione
2344 1814 2643 1880 susciperet
2675 1820 2922 1886 epistolae
2953 1824 3058 1879 lbzc
3090 1835 3506 1898 congruentissi-

1920 1905 2059 1944 mam
2096 1893 2164 1947 de
2205 1896 2420 1953 Christo
2467 1903 2658 1974 ﬁdem,
2704 1914 2950 1979 quamvis
2994 1915 3062 1969 de
3100 1893 3257 1975 beaio
3305 1921 3503 1995 Cyrilln

1917 1984 2175 2050 quasdam
2200 1990 2531 2055 ειιερὶρίοηρς
2556 1996 2879 2069 incongruas
2903 2008 3224 2063 contineret.
3262 2013 3506 2086 Nunquid

1916 2087 2045 2144 et'go
2082 2078 2195 2132 hare
2226 2092 2411 2135 saneta
2455 2088 2692 2156 synodus
2725 2092 2947 2162 injurias
2991 2097 3131 2154 beati
3170 2100 3355 2173 Cyrilli
3386 2078 3505 2174 ἐτίλ-

1918 2173 2093 2220 tanter
2107 2173 2380 2239 accepisse
2402 2177 2666 2235 credenda
2687 2192 2788 2252 est,
2816 2201 2972 2255 quem
2998 2191 3255 2258 probatur
3274 2173 3503 2266 imitata,

1914 2260 2055 2327 quod
2089 2262 2444 2323 dissimulavit
2471 2272 2538 2325 ab
2568 2270 2914 2334 alienissimis
2945 2280 2967 2311 ⁴
3005 2284 3418 2355 suspicionibus,
3450 2302 3501 2350 et

1913 2350 2085 2419 cujus,
2117 2353 2221 2409 nisi
2244 2357 2311 2411 ab
2336 2358 2412 2414 eis
2442 2360 2830 2433 dissimularet,
2863 2383 3179 2440 argueretur
3211 2382 3499 2447 exemplo?

1912 2443 2015 2495 Aut
2046 2448 2287 2517 nunquid
2317 2449 2437 2507 ideo
2466 2458 2963 2516 reverentissimum
2998 2466 3140 2521 lbam
3175 2484 3281 2525 non
3309 2443 3498 2529 debuit

1909 2534 2209 2608 absolvere,
2242 2549 2295 2594 et
2322 2545 2686 2614 episc0patum
2713 2552 2761 2606 ei
2787 2562 2840 2606 et
2869 2554 3162 2614 Ecclesiatn
3190 2565 3495 2635 restituere,

1909 2622 1976 2676 de
1996 2639 2098 2693 qua
2128 2643 2222 2696 per
2253 2631 2510 2703 Eutychis
2533 2634 2821 2695 factionem
2854 2642 3049 2714 injuste
3077 2659 3129 2703 et
3153 2651 3351 2709 absens
3379 2671 3497 2711 erat

1908 2716 2183 2784 expulsus,
2234 2721 2356 2789 quia
2402 2721 2569 2781 falsus
2610 2740 2726 2785 erat
2773 2732 2824 2786 in
2858 2749 3086 2803 persona
3118 2739 3255 2796 beati
3287 2745 3494 2816 Cyrilli,

1907 2810 1964 2854 ut
1993 2817 2114 2857 eum
2141 2807 2427 2876 aliquando
2458 2822 2668 2881 putaret
2716 2833 2953 2887 errasse,
3004 2825 3158 2894 cujus
3190 2807 3347 2884 ﬁdem
3389 2807 3494 2889 non

1905 2893 2078 2948 solum
2103 2897 2280 2953 sciens
2299 2910 2419 2969 post
2442 2904 2737 2962 unitionem
2755 2924 2874 2966 eum
2900 2914 3255 2975 Orientalibus
3274 2921 3489 2993 factam,

1905 3001 2090 3042 verum
2115 3000 2240 3046 ante
2274 2994 2564 3050 unitionem
2597 3002 2844 3056 nesciens
2866 3008 3216 3073 approbavit?
3250 3014 3353 3068 Sed
3389 3031 3491 3071 non

1902 3081 2440 3152 oportuit,inquiunt,
2458 3096 2578 3155 post
2609 3089 3086 3152 liancl‘unitionem
3110 3101 3176 3155 de
3204 3103 3361 3159 beato
3392 3108 3491 3179 Cy-

195 3167 317 3258 qua:
351 3193 416 3246 ad
444 3167 616 3249 ﬁdem
647 3196 847 3252 Christi
881 3203 1179 3269 pertinent,
1230 3167 1795 3274 propler—qua‘m—ina:
1826 3178 1872 3239 Ο
1905 3167 2172 3274 '“i'im'ia
2202 3172 2550 3274 laquei-Pilum.
2581 3180 2688 3250 Ego
2715 3195 2891 3239 amem
2916 3187 3064 3255 dico’
3092 3193 3217 3260 qum
3250 3210 3347 3250 nec
3369 3210 3491 3251 sum

194 3278 556 3337 nifestandam
588 3292 749 3354 atque
785 3287 1101 3344 lirmandam
1134 3304 1489 3358 convenerat,
1528 3300 1794 3366 approba-

194 3370 272 3423 vit
305 3388 320 3423 :
352 3372 651 3428 orthodoxa
683 3377 826 3431 enim
849 3420 866 3448 ,
900 3394 1004 3433 non
1038 3396 1134 3449 pro
1159 3382 1567 3440 honoriﬁcentia
1598 3389 1787 3457 Cyrilli

190 3476 296 3515 nec
329 3477 425 3531 pro
455 3465 742 3535 cujuslibet
776 3470 1011 3525 haeretici
1036 3472 1227 3542 injuria
1251 3474 1540 3545 diceretur,
1569 3479 1662 3533 sed
1692 3496 1787 3547 tro

190 3569 317 3607 vera
360 3554 426 3609 de
456 3556 669 3613 Christo
710 3560 815 3615 ﬁde
863 3577 1022 3628 quam
1052 3566 1311 3621 continet.
1365 3566 1423 3621 Si
1458 3569 1577 3636 quis
1607 3579 1787 3625 autem

188 3646 685 3705 Chalcedonencem
716 3656 979 3722 synodum
1009 3655 1188 3724 culpat
1232 3659 1400 3723 quod,
1445 3659 1678 3715 hominis
1721 3663 1789 3718 de

195 3740 417 3795 homine
447 3743 751 3812 suspicione
779 3746 1104 3814 posthabita,
1146 3748 1430 3817 epistolam
1456 3755 1784 3808 venerabilis

188 3829 295 3881 lbre
327 3834 689 3899 pronuntiavit
720 3834 1108 3902 orthodoxam;
1154 3839 1326 3908 ipsum
1362 3842 1576 3895 beatum
1609 3842 1788 3914 Cyril-

190 3920 305 3989 lum
330 3920 510 3990 culpet
531 3938 754 3978 necesse
777 3932 879 3988 est,
903 3927 1043 3995 quod
1068 3926 1181 3995 ipse
1204 3943 1417 3999 quoque
1438 3940 1789 3988 contemnens

184 4010 433 4065 eamdem
455 4013 817 4081 suspicionem
833 4015 1171 4069 orientalium
1192 4019 1636 4074 consacerdotum
1656 4037 1785 4077 suo-

187 4116 334 4167 rum,
360 4102 584 4170 quicum
612 4104 731 4157 aliis
754 4104 1083 4159 diversarum
1106 4107 1502 4175 provinciarum
1521 4112 1788 4181 episcOpis

184 4191 496 4261 congregati
524 4193 640 4261 ejus
666 4194 893 4263 capitula
922 4194 1338 4260 damnaverunt,
1382 4197 1780 4256 confessionem

186 4283 314 4337 ﬁdei
333 4299 488 4351 quam
511 4286 560 4340 ei
592 4301 687 4356 per
713 4287 1074 4342 venerabilem
1106 4288 1327 4343 Paulum
1353 4290 1662 4360 episcopum
1688 4296 1789 4347 mi-

181 4385 403 4441 serunt,
433 4378 483 4430 in
514 4392 665 4431 suam
697 4378 976 4445 epistolam
1004 4380 1301 4446 transtulit,
1334 4389 1387 4434 et
1422 4382 1499 4435 eis
1529 4397 1769 4437 commu-

180 4467 420 4527 nicavit,
491 4481 658 4537 seque
712 4468 986 4537 professus
1039 4478 1121 4525 est
1185 4472 1372 4525 eadem
1430 4473 1652 4528 credere
1722 4490 1785 4529 ac

1901 3261 2196 3319 unitionem
2222 3270 2489 3336 oportuit,
2538 3272 2647 3327 imo
2700 3292 2799 3331 nec
2853 3288 2981 3336 ante
3027 3283 3196 3351 ipsam
3226 3290 3489 3357 synodum

1897 3352 2225 3419 Ephesinam
2258 3375 2273 3412 :
2308 3362 2434 3430 quia
2466 3365 2613 3431 prius
2648 3366 2969 3440 interrogari
3014 3373 3246 3444 Cyrillus
3287 3380 3489 3449 debuit,

1894 3459 1956 3500 ac
1978 3446 2172 3504 deinde
2200 3452 2434 3522 culpari,
2462 3456 2509 3509 si
2534 3473 2636 3512 non
2665 3461 3026 3521 Satisfaceret.
3058 3469 3163 3524 Sed
3193 3488 3335 3528 nunc
3358 3476 3488 3530 illud

1894 3540 2205 3610 quzerimus,
2259 3554 2437 3599 utrum
2479 3547 2598 3604 iure
2640 3554 2959 3611 venerabilis
2998 3558 3104 3613 Iba:
3146 3563 3300 3631 culpa
3344 3582 3484 3635 qum,

1894 3630 2030 3684 sicut
2054 3632 2165 3700 jam
2197 3636 2561 3704 probavimus,
2616 3655 2645 3692 a
2684 3644 2892 3712 synodo
2922 3661 3135 3723 quoque
3166 3630 3345 3706 notata
3379 3667 3484 3723 ρει,

1894 3727 2022 3779 tanti
2055 3726 2304 3782 debuerit
2333 3731 2618 3795 :estimari,
2670 3744 2728 3786 ut
2771 3737 2886 3805 ejus
2916 3720 3138 3807 ep‘tstola
3175 3748 3486 3812 pronuntia-

1893 3826 2043 3872 retur
2092 3818 2368 3890 haeretica,
2428 3838 2549 3877 cnm
2603 3825 2760 3880 ﬁdem
2798 3829 2967 3897 ipsius
3011 3834 3150 3886 beati
3201 3836 3383 3905 Cyrilli
3432 3840 3486 3897 in

1892 3909 2232 3967 coxifessioue
2254 3930 2413 3984 quam
2446 3917 2494 3971 ei
2524 3934 2618 3987 per
2647 3920 2867 3975 Paulum
2893 3925 3206 3995 episcOpum
3239 3931 3485 3985 Orienta-

1893 4000 1972 4055 les
1990 4004 2436 4060 subscribentlam
2463 4012 2743 4079 miserant,
2778 4018 3119 4085 approbaret,
3153 4021 3274 4075 licet
3301 4024 3351 4077 in
3378 4024 3483 4081 illis

1895 4090 1961 4142 i2
2009 4094 2253 4161 capitulis
2300 4097 2650 4155 intentionem
2700 4103 2817 4172 ejus
2865 4106 3091 4162 necdum
3138 4112 3479 4181 intelligeret.

1889 4182 2232 4253 Cognosceus
2248 4203 2437 4257 magna
2458 4194 2692 4260 synodus
2716 4197 2855 4263 quod
2879 4200 2990 4252 sive
3014 4201 3063 4253 in
3090 4201 3193 4256 illis
3207 4206 3475 4276 capitulis,

1889 4280 2003 4333 sive
2035 4280 2086 4334 in
2119 4281 2211 4334 illa
2242 4283 2584 4341 confessione
2614 4289 2703 4342 cui
2730 4289 2918 4344 beatus
2945 4290 3176 4362 Cyrillus
3206 4298 3476 4370 subscrip-

1890 4371 1989 4436 sit,
2022 4371 2208 4426 eadem
2249 4373 2384 4429 ﬁdes
2422 4384 2585 4444 esset,
2615 4378 2745 4432 nihil
2771 4380 3475 4459 diﬂ’errejudicavitquihus

1890 4466 2069 4521 verbis
2113 4470 2441 4525 enuntiatam
2494 4472 2680 4545 Cyrilli
2732 4475 2891 4532 ﬁdem
2937 4479 3057 4535 lbas
3102 4486 3473 4557 approbasset,

180 4558 481 4626 prmdicare
525 4560 592 4614 de
637 4561 1025 4617 incarnationis
1075 4561 1273 4617 Christi
1327 4566 1613 4634 mysterio;
1674 4584 1775 4624 nec

1905 4575 2003 4613 :um
2051 4576 2211 4629 eum,
2248 4564 2411 4633 quod
2462 4568 2826 4623 necessarium
2884 4568 3087 4640 fuerat,
3149 4578 3476 4645 approbasse

178 4652 544 4719 suspicionem
569 4669 727 4722 quam
759 4654 825 4709 de
855 4656 943 4709 illo
970 4655 1293 4722 habuerunt,
1327 4658 1394 4711 ab
1419 4659 1500 4713 eis
1529 4659 1777 4716 damnari

178 4743 447 4812 quaesivit,
471 4745 595 4813 quin
620 4760 719 4800 nec
751 4747 771 4776 ²
802 4746 960 4801 etiam
994 4746 1305 4802 satisfacere
1335 4763 1430 4817 pro
1451 4763 1511 4803 ea
1532 4764 1781 4805 necessa-

176 4840 321 4893 rium
369 4839 540 4893 duxit.
594 4839 787 4894 Verum
832 4854 1007 4910 neque
1050 4856 1171 4896 cum
1211 4842 1330 4897 solo
1378 4844 1538 4898 beato
1575 4845 1778 4914 Cyrillo

176 4929 420 5001 synodus
449 4930 907 4986 Chalcedonensis
937 4931 1200 5015 culpatur,
1233 4932 1376 5002 quod
1406 4934 1545 4989 hanc
1574 4937 1776 5003 episto-

175 5024 284 5076 lam
305 5023 666 5090 pronuntiavit
685 5022 1070 5091 orthodoxam,
1104 5024 1197 5079 sed
1221 5040 1342 5079 cum
1367 5034 1479 5079 toto
1502 5026 1776 5096 Ephesino

255 5171 281 5199 α
331 5162 585 5233 Eutychis
630 5178 783 5218 error
846 5161 1151 5217 contrarius
1203 5161 1560 5229 Nestoriano,
1617 5180 1774 5220 unam

177 5233 486 5287 Vcrhicum
537 5234 864 5317 humani-tate
892 5233 1246 5313 compositam
1281 5244 1524 5317 naturam
1568 5246 1778 5317 astrue-

167 5305 268 5358 bat
303 5321 316 5355 :
345 5320 464 5359 cum
496 5304 628 5359 ﬁdes
657 5304 944 5369 catholica,
987 5304 1208 5385 utrique
1236 5305 1502 5385 opposita,
1538 5304 1614 5358 sic
1645 5306 1773 5385 nni-

175 5390 295 5429 cam
325 5376 374 5429 in
401 5375 612 5430 Christo
667 5390 949 5445 personam
1001 5383 1208 5428 asserat
1238 5384 1422 5428 centra
1450 5375 1773 5441 Nestorium,

246 5504 265 5536 ι
298 5503 430 5558 Cod.
464 5504 686 5567 Verum,
720 5505 848 5558 sicut
871 5521 959 5558 nec
982 5507 1031 5557 in
1059 5520 1180 5557 uno.

244 5576 268 5608 ²
310 5578 364 5658 in
394 5576 583 5658 eodem
607 5578 735 5658 cod.
762 5578 913 5629 deest
940 5579 998 5631 τὸ
1029 5591 1137 5658 1:56:
1211 5645 1222 5656 ι
1599 5644 1655 5658 Α,
1740 5642 1749 5654 ,

245 5646 265 5676 ³
308 5644 449 5699 idem
474 5647 616 5711 cod.,
650 5650 735 5699 sed
760 5663 873 5698 cum
901 5656 1002 5697 toto
1036 5643 1293 5708 Epltesino
1320 5644 1554 5700 concilio.
1592 5643 1776 5715 Siqui-

164 5719 286 5770 dem
317 5734 416 5768 nou
443 5718 585 5770 solus
627 5718 795 5769 beatus
826 5717 1067 5785 Cyrillus,
1118 5717 1247 5769 nihil
1276 5717 1569 5786 impendens
1600 5718 1772 5786 ipsum

169 5787 517 5843 Orientalium
535 5788 874 5859 suspicionem
892 5830 907 5854 ,
932 5803 1015 5842 eos
1032 5790 1282 5858 judicavit
1308 5788 1618 5841 orthodoxae
1638 5803 1655 5853 ;
1678 5788 1771 5841 sed

1883 4662 2172 4708 constaret.
2225 4654 2377 4711 Unde
2403 4672 2504 4713 nec
2536 4659 2674 4713 aliud
2705 4662 2964 4734 credidit,
3013 4680 3112 4721 nec
3138 4669 3360 4725 credere
3386 4671 3476 4725 de-

1882 4744 2025 4810 buit,
2079 4746 2182 4801 nisi
2228 4749 2350 4818 quia
2405 4749 2590 4805 Patres
2638 4752 2951 4824 orientales,
3005 4755 3147 4812 inter
3190 4773 3323 4827 quos
3368 4760 3472 4817 fuit

1883 4841 2043 4896 etiam
2092 4841 2206 4911 ipse
2258 4844 2375 4899 lbas
2408 4846 2741 4917 aliarumque
2782 4850 3177 4918 provinciarum
3210 4854 3471 4923 episcOpi,

1884 4927 2237 4987 intentionem
2262 4936 2616 5004 capitulorum
2649 4937 2789 4993 beati
2816 4940 3001 5010 Cyrilli
3030 4941 3207 4997 minus
3228 4944 3470 5000 animad-

1884 5032 2187 5096 verterunt,
2238 5035 2297 5082 ut
2324 5044 2386 5085 ea
2410 5029 2569 5085 etiam
2598 5045 2627 5084 a
2656 5033 2883 5089 concilio
2919 5036 3189 5105 Ephesino
3217 5050 3468 5111 suscepta

1885 5195 1943 5239 ut
1986 5188 2037 5240 in
2069 5187 2257 5243 eodem
2287 5190 2470 5243 contra
2508 5191 2803 5264 Eutychem
2860 5194 2996 5248 duas
3027 5209 3132 5249 non
3191 5196 3466 5264 confusas,

1883 5259 1976 5311 sed
2006 5259 2284 5336 distinctas
2331 5272 2494 5329 atque
2540 5259 2805 5331 perfectas
2836 5275 3054 5319 naturas
3082 5280 3355 5336 agnoscat,
3386 5259 3469 5325 di;

1884 5330 2061 5382 vinam
2089 5339 2144 5384 et
2170 5331 2478 5385 humanam.

1881 5473 1931 5516 et
1955 5468 2123 5519 caeleri
2152 5464 2336 5523 Patres
2364 5469 2451 5537 qui
2480 5484 2594 5521 rum
2622 5468 2714 5522 illo
2742 5471 2949 5540 fuerunt
2975 5472 3029 5526 in
3060 5473 3316 5540 Ephesiae
3348 5487 3481 5526 cou-

1881 5537 2019 5599 cilio,
2049 5546 2095 5589 et
2125 5556 2297 5593 eorum
2326 5537 2769 5609 communionem,
2802 5554 2903 5597 etc.

1950 5610 1973 5639 ⁵
2013 5612 2154 5665 ltletn
2177 5612 2319 5678 cod.,
2347 5627 2381 5663 α
2410 5611 2692 5664 levissimis.

1952 5680 1973 5711 ⁸
2010 5682 2155 5738 ldem
2182 5684 2327 5749 cod.,
2359 5690 2413 5735 ut
2442 5691 2554 5749 post
2584 5686 2737 5739 hanc.
