4114 6538
202 344 300 404 απ

1096 341 1228 397 PliO
1271 339 1698 397 DEFENSIUNE
1739 338 1953 394 TliiUbl
1980 336 2291 393 CANTUL
2335 337 2462 395 LIB.
2503 339 2584 394 \‘l.

3385 338 3481 390 (579

203 458 538 524 raunis,sala
569 454 736 524 possit
762 451 1082 506 necessitas‘
1109 451 1408 506 excusare?
1434 451 1670 514 Fratres,
1700 450 1783 503 in-
1817 459 1864 515 Α
1896 456 2191 500 memorato
2245 448 2584 501 sanctissimo
2647 447 2759 501 viro
2819 446 3025 502 Joanne
3080 446 3285 501 diceret
3343 450 3483 516 qttnd

207 555 349 624 quit,
381 553 617 605 Joannes
646 544 983 616 persequitur
1017 543 1291 597 immundo
1320 543 1508 611 spiritu
1539 557 1646 611 quo
1676 540 1788 596 sitf-

207 643 480 700 iocabat-ur
532 637 692 702 Saul;
751 644 804 690 et
859 635 1090 701 iterum,
1163 640 1466 687 sanctorum
1519 632 1793 686 ministros

208 735 436 793 necavit.
487 731 625 786 Dicit
667 727 819 782 illum
862 727 1317 793 contaminatum,
1363 733 1417 779 et
1457 726 1506 779 in
1555 724 1789 778 Ecclesia

207 830 597 902 primitivorum
647 824 906 892 impium,
962 821 1340 890 pestilentem,
1399 834 1687 882 vesanum,
1739 825 1796 871 ct

210 919 502 992 tyrannica:
540 913 738 969 mentis
769 913 970 966 insania
1000 909 1344 965 furibundum
1364 947 1382 976 ,
1429 919 1588 979 atque
1619 910 1670 962 in
1698 922 1793 963 sua

207 1010 422 1066 vesania
476 1005 830 1076 gloriantem,
896 1001 1130 1056 animam
1184 1016 1332 1056 suam
1389 1000 1793 1055 adulterandum

211 1101 496 1157 tradidisse
525 1098 762 1152 diabolo.
799 1095 924 1148 llaec
946 1102 1122 1147 autem
1144 1093 1344 1154 omnia,
1371 1094 1510 1147 sicut
1535 1092 1798 1146 habentur

210 1197 264 1250 in
287 1195 452 1262 ipsius
475 1189 756 1257 Theophili
781 1191 800 1219 '
826 1191 981 1253 libro,
1018 1189 1085 1239 ita
1119 1187 1414 1254 posuimus.
1447 1185 1616 1239 Vocat
1646 1185 1794 1238 illum

211 1286 370 1340 etiam
402 1281 743 1336 humz-nitatis
774 1277 981 1331 hostem
1001 1317 1015 1338 ,
1060 1285 1114 1329 et
1145 1277 1231 1344 qui
1260 1275 1465 1329 scelere
1501 1289 1598 1328 suo
1629 1275 1796 1328 latro-

211 1393 338 1432 num
385 1374 601 1429 vicisset
632 1371 940 1437 audaciam,
991 1369 1377 1437 sacrilegorum
1412 1367 1704 1436 principem
1745 1375 1800 1420 et

211 1465 568 1520 sacerdotium
601 1471 847 1531 agentem
890 1461 1104 1528 impium
1124 1500 1138 1522 ,
1189 1469 1348 1528 atque
1377 1459 1678 1512 oblationes
1709 1473 1798 1512 sa—

211 1561 439 1627 crilegas
470 1556 778 1611 offerentem
798 1595 811 1618 ,
861 1569 1140 1622 procacem
1171 1564 1226 1608 et
1253 1552 1442 1606 frontis
1471 1553 1799 1606 durissiinze.

215 1651 326 1704 Iloe
352 1663 562 1718 quoque
592 1645 871 1715 adjiciens,
905 1646 1043 1712 quod
1076 1660 1180 1698 non
1213 1644 1295 1698 his
1325 1644 1562 1698 Joannes
1592 1642 1798 1712 laqueis

215 1739 455 1792 irretitus
483 1745 690 1790 tenetur
721 1738 807 1802 qui
842 1737 1049 1801 possint
1076 1733 1364 1804 aliquando
1392 1734 1648 1800 dissolvi,
1701 1732 1794 1786 sed

1891 537 1991 590 alia
2023 538 2070 591 ei
2096 542 2253 605 patuit
2303 539 2585 605 qnmrenda
2640 539 2729 604 sit,
2763 553 2828 591 eo
2857 539 2996 607 quod
3027 540 3268 592 vinceret
3311 540 3486 591 sieIe-

1893 630 1968 684 ris
2003 629 2311 698 magnitudo
2361 631 2759 684 multitudinem
2815 640 3226 686 tormentorum.
3283 633 3337 688 Si
3370 637 3489 702 quis

1893 730 2070 776 autem
2103 723 2332 791 experiri
2359 723 2584 777 voluerit
2613 725 2751 794 quod
2787 740 2892 778 non
2923 725 3218 780 sententias
3253 731 3486 788 tantum,

1896 830 2078 869 verum
2109 815 2269 869 etiam
2301 817 2412 884 ipsa
2446 817 2604 870 verba
2642 817 2936 885 posuimus,
2965 828 3018 872 et
3069 834 3229 873 nosse
3278 821 3491 888 quoties

1898 906 2012 960 hanc
2033 907 2100 960 ab
2146 906 2238 960 illo
2286 909 2537 975 rep'icata
2584 917 2728 977 sunt,
2773 910 2910 976 legat
2958 911 3237 965 ittnormeti
3276 912 3489 976 librum,

1899 1012 2006 1052 non
2035 998 2208 1052 solum
2239 999 2603 1065 contumeliis,
2637 999 2730 1053 sed
2765 1001 2874 1068 ipsa
2921 1015 3131 1070 quoque
3161 1017 3306 1071 smpe
3341 1020 3486 1072 ιιι-ρε-

1900 1092 1992 1144 tita
2023 1090 2430 1145 maledictorum
2462 1091 2928 1158 recap'tnlatioue.
2965 1094 3121 1145 nimis
3153 1093 3492 1158 horribilem,

1899 1182 1966 1236 ab
1997 1181 2322 1250 Hieronymo
2365 1181 2676 1252 presbytero
2722 1183 3060 1237 translatum.
3120 1183 3194 1237 De
3217 1200 3322 1252 quo
3356 1189 3494 1239 ideu

1902 1273 2089 1328 beatus
2120 1274 2451 1344 Theophilus
2493 1257 2828 1344 exspectavit
2858 1284 2913 1328 ut
2944 1291 3041 1344 per
3062 1276 3176 1344 ejus
3203 1276 3493 1344 eloquium,

1901 1367 2072 1434 qualis
2117 1366 2353 1422 Joannes
2401 1367 2560 1422 fuerit
2605 1367 2778 1422 Latini
2831 1378 3236 1438 cognoscerent.
3271 1370 3376 1423 Nos
3399 1387 3493 1425 auo

1903 1468 2006 1512 teut
2041 1460 2090 1510 in
2128 1458 2218 1510 illo
2272 1459 2430 1520 libro,
2469 1476 2572 1512 non
2604 1462 2774 1527 qualis
2825 1463 3077 1523 Joannes,
3124 1463 3211 1529 qui
3244 1461 3372 1514 nihil
3407 1463 3496 1513 hn-

1904 1565 2020 1601 runt
2057 1549 2389 1612 llicrt'hiilur;
2421 1564 2521 1603 nec
2549 1551 2719 1618 qualis
2766 1549 3115 1619 Theophilus,
3150 1551 3302 1620 t-ujus
3331 1556 3499 1605 virtus

1904 1641 1955 1694 in
1989 1642 2169 1694 muitis
2203 1643 2439 1708 probata,
2499 1657 2602 1696 non
2655 1659 2718 1696 ex
2777 1644 2878 1697 isto
2905 1643 3183 1697 accedenti
3214 1643 3400 1698 morbo
3423 1647 3505 1713 ju-

1908 1732 2130 1784 dicanda
2157 1743 2270 1795 cm;
2303 1733 2394 1786 sed
2420 1734 2592 1800 potius
2621 1734 2794 1802 qualis
2826 1735 2892 1786 sit
2925 1723 3241 1788 miserabilis
3270 1736 3500 1796 humana

214 1830 304 1898 qui
330 1830 649 1896 audiretpro
672 1828 862 1880 merito
886 1826 1068 1896 ﬂagitii
1095 1829 1172 1880 sui
1192 1828 1603 1880 comminantem
1631 1827 1793 1881 Deum
1838 1843 1876 1900 Β
1907 1823 2012 1876 vita
2041 1825 2436 1891 cognoscimn-y
2466 1825 2532 1878 de
2560 1842 2664 1894 qua
2696 1826 2952 1892 scriptum
2986 1839 3098 1879 est:
3132 1827 3267 1892 Quia
3291 1833 3506 1881 tcutatio

214 1935 375 1992 atque
421 1921 687 1976 (licentem
737 1920 1024 1973 :Jndicate
1071 1922 1210 1973 inter
1261 1936 1345 1973 me
1393 1928 1448 1974 et
1491 1922 1798 1974 Joannem:

216 2013 520 2082 exspectavi
555 2019 614 2066 ut
645 2012 838 2062 facere:
866 2009 1156 2080 judicium,
1189 2010 1313 2064 l'ecit
1344 2019 1519 2063 autem
1553 2009 1803 2079 iniquita-

219 2115 363 2168 tem,
407 2113 462 2159 ct
499 2118 603 2155 non
631 2102 890 2169 juStitiant
914 2142 926 2162 ,
978 2102 1071 2155 sed
1100 2103 1413 2154 clamorem.
1439 2101 1583 2180 .Dicit
1615 2101 1802 2166 etiam,

217 2197 340 2265 quia
365 2195 502 2250 sicut
525 2194 748 2249 Satanas
779 2193 1174 2262 transtiguravit
1200 2206 1258 2246 se
1289 2193 1340 2244 in
1368 2191 1611 2260 angelum
1645 2192 1801 2256 lucfs,

217 2288 290 2341 ita
336 2285 490 2338 etiam
538 2284 768 2338 Joannes
813 2299 917 2335 non
965 2292 1108 2336 esset
1152 2282 1292 2350 quod
1337 2281 1649 2346 videbatur;
1707 2294 1806 2336 nec

215 2388 424 2430 tantum
457 2376 683 2429 similem
723 2375 959 2440 Satur-a3,
1003 2373 1096 2428 sel
1132 2372 1468 2427 immundum
1502 2373 1802 2427 daemonem

215 2483 342 2521 cum
385 2467 650 2534 appellat,
700 2479 850 2517 mere
897 2463 1152 2517 torrentis
1182 2462 1485 2517 trahentem
1520 2461 1804 2517 verborum

215 2556 564 2626 spurcitiam,
616 2570 776 2624 quem
819 2555 946 2608 etin
977 2553 1252 2608 Christum
1303 2554 1545 2624 perhibet
1586 2555 1804 2624 impium

217 2645 509 2708 exstitisse,
559 2654 613 2699 et
640 2643 791 2699 Judaa
821 2643 1095 2698 traditoris
1127 2660 1248 2700 esse
1277 2656 1605 2700 consortem.
1647 2646 1811 2700 Addit

217 2737 380 2790 etiam
422 2735 561 2804 quod
592 2747 846 2804 arguatur
877 2735 929 2788 in
965 2736 1133 2790 Deum
1177 2751 1367 2790 manus
1398 2736 1588 2807 impias
1623 2747 1818 2791 exten—

217 2827 387 2895 disse,
416 2835 469 2879 et
492 2826 630 2895 quod
654 2825 885 2880 Jacobus
908 2827 1182 2894 apostolus
1205 2825 1272 2880 de
1294 2827 1609 2894 quibusdam
1629 2841 1808 2881 rerum

217 2917 612 2971 mundanarutn
657 2915 866 2986 cupidis
897 2918 1031 2970 dixit
1066 2933 1078 2969 :
1115 2914 1299 2971 Pctitis
1330 2927 1377 2971 et
1408 2933 1508 2971 non
1554 2919 1807 2988 accipitis,

218 3024 281 3060 eo
309 3009 447 3076 quod
469 3008 599 3060 male
621 3008 801 3076 petatis
829 3006 965 3078 (Jac.
1003 3007 1169 3078 tv,5),
1205 3008 1306 3063 hoc
1329 3009 1514 3063 beatus
1541 3008 1816 3078 TheOphio

219 3100 304 3153 lus
326 3099 541 3153 beatum
567 3098 825 3153 Joannem
852 3101 1043 3153 asserit
1073 3099 1276 3154 dixisse
1299 3101 1364 3154 de
1385 3101 1620 3154 Chri~to.
1653 3117 1674 3152 ι
1703 3102 1814 3154 Att—-

1907 1929 1978 1970 cst
2005 1933 2156 1986 super
2187 1925 2372 1968 terram
2421 1916 2550 1986 (Job
2581 1933 2672 1983 γη,
2701 1917 2775 1987 l).
2814 1919 2942 1972 Nam
2975 1918 3020 1972 si
3044 1919 3164 1972 talia
3193 1918 3386 1973 talibus
3417 1936 3504 1974 ac-

1907 2009 2170 2074 ciderunt,
2204 2009 2326 2078 quid
2354 2010 2507 2062 nobis
2541 2010 2883 2064 metuendum
2937 2027 3042 2064 non
3076 2013 3166 2074 sit,
3221 2012 3503 2080 nostrique

1908 2099 2212 2152 similibus?
2241 2102 2310 2151 At
2331 2114 2429 2167 ego
2457 2100 2542 2151 hic
2567 2099 2885 2168 interrogari
2906 2101 3096 2155 vellem
3122 2101 3333 2170 judices
3366 2117 3512 2156 ιιιοι-

1910 2200 2144 2256 tur-rum,
2178 2191 2266 2258 qui
2303 2193 2367 2242 ad
2414 2190 2830 2244 destructionem
2864 2191 3058 2262 synodi
3102 2191 3507 2246 Chalcedonen-

1908 2282 1982 2336 sis
2007 2296 2102 2336 nos
2133 2297 2342 2350 quoque
2377 2281 2566 2336 volunt
2616 2283 2683 2335 de
2727 2285 2953 2336 mortuis
2989 2283 3258 2352 judicare,
3290 2300 3392 2352 qua
3419 2299 3513 2337 ra-

1913 2374 2076 2438 tione,
2125 2387 2300 2442 quave
2347 2371 2575 2442 justitia,
2612 2372 2833 2427 haeresis
2882 2374 3086 2428 crimen
3115 2374 3134 2403 ‘
3185 2374 3520 2442 deputetur,

1915 2465 2178 2536 Cyrillum
2236 2464 2437 2519 dixisse
2483 2478 2825 2532 eunvei-Sam,
2856 2475 2909 2518 et
2933 2464 3264 2532 The0philus
3290 2479 3392 2518 non
3420 2464 3513 2533 ju-

1913 2554 2153 2608 dicatur"
2197 2551 2501 2619 haereticus,
2563 2555 2654 2622 qui
2709 2563 2954 2609 sanctum
2978 2553 3238 2609 Joannem
3270 2552 3507 2608 clarissi-

1911 2657 2058 2697 mum
2109 2643 2386 2698 doctorem
2439 2642 2688 2697 Ecclesiae
2737 2643 2936 2698 dixisse
2976 2643 3311 2707 criminatur,
3364 2644 3505 2712 quod

1910 2734 2158 2789 Christus
2206 2734 2458 2798 oraverit,
2504 2744 2558 2788 et
2587 2748 2691 2787 non
2741 2733 2902 2788 fuerit
2929 2734 3210 2792 exauditus
3236 2734 3360 2802 quia
3392 2749 3504 2787 non

1913 2823 2050 2878 bene
2089 2825 2355 2888 oraverit;
2396 2832 2450 2878 et
2482 2823 2606 2877 talia
2641 2825 2982 2892 praedicasse,
3011 2833 3068 2877 ut
3095 2825 3278 2878 Ariani
3309 2835 3363 2878 et
3397 2825 3503 2879 Eu-

1920 2917 2155 2970 nomiani
2186 2925 2368 2970 contra
2401 2913 2670 2970 Christum
2712 2916 2831 2986 ejus
2860 2908 3208 2986 blasphemiis
3237 2917 3508 2972 delecten-

1919 3017 2026 3073 tur,
2059 3007 2153 3061 sed
2183 3005 2352 3061 Judaei
2379 3016 2431 3062 et
2463 3005 2787 3072 idololatria;
2824 3016 2878 3062 et
2907 3008 3025 3076 quit
3057 3022 3122 3062 se
3148 3008 3384 3063 .ludaiea:
3415 3013 3509 3064 ἱιιιι

1921 3084 2107 3170 pietati
2140 3101 2442 3154 tradiderit.
2479 3100 2533 3156 Si
2566 3115 2695 3154 vero
2727 3099 2860 3154 nihil
2891 3099 3089 3155 habent
3123 3102 3260 3168 quod
3297 3117 3514 3169 respon-

218 3206 316 3244 sus
359 3197 474 3258 est,
525 3189 729 3259 inquit,
784 3191 965 3246 dicere
997 3193 1048 3244 in
1078 3191 1326 3256 ecclesia,
1381 3192 1522 3261 quod
1568 3191 1815 3246 Christus
1846 3208 1891 3270 ρ
1926 3193 2110 3261 deant,
2143 3195 2395 3264 quoniam
2445 3192 2801 3261 Theophilum
2853 3207 2948 3262 pro
3000 3192 3246 3246 humanis
3309 3193 3520 3262 injuriis

219 3282 500 3345 oraverit,
552 3292 606 3334 et
648 3297 751 3334 non
799 3278 961 3335 fuerit
1007 3281 1312 3347 exauditus,
1363 3283 1488 3352 quia
1536 3298 1642 3354 non
1686 3283 1822 3339 bene

221 3373 483 3427 oraverit.
524 3390 541 3422 ι
591 3372 720 3438 Quis
754 3372 1129 3427 hmreticornm
1161 3373 1399 3454 deterius
1433 3374 1824 3443 blasphemavit

233 3483 396 3535 quam
455 3467 667 3521 beatum
725 3469 986 3522 Joannem
1036 3466 1201 3522 refert
1255 3468 1443 3524 beatus
1494 3469 1825 3538 Theophilus

225 3557 661 3625 blasphemasse,
720 3573 876 3628 quem
928 3555 1162 3614 aftirmat
1206 3561 1478 3614 consortio
1521 3560 1542 3591 ³
1591 3560 1826 3615 Judaicaa

225 3650 518 3719 impietatis
534 3651 874 3719 semetipsum
908 3651 1214 3716 tradidisse,
1241 3653 1827 3710 etoﬂ'erretemeritate

223 3744 386 3798 solita
433 3743 575 3813 quod
613 3745 920 3799 obtulerunt
967 3745 1168 3811 Judaei,
1217 3747 1448 3815 seipsuni
1507 3763 1574 3802 ac
1603 3749 1827 3818 populos

225 3837 619 3905 accipientem,
675 3846 728 3892 et
758 3837 960 3889 Datha'n
993 3846 1154 3906 atque
1182 3837 1387 3892 Abiron
1414 3839 1828 3893 annulatorem?

233 3945 255 3977 ι
294 3927 512 3993 Audiat,
545 3928 733 3998 inquit,
762 3945 880 3983 cum
904 3928 1103 3983 Judaeis
1124 3969 1140 3995 ,
1174 3931 1426 3999 iniquitas
1449 3930 1471 3961 ¹⁶
1495 3931 1824 4001 rnagnitieata

225 4027 317 4073 cst
363 4020 542 4072 nimis.
594 4036 617 4072 ι
667 4018 864 4089 Adjicit
893 4020 1054 4074 etiam
1091 4021 1188 4072 hoc
1224 4037 1237 4073 :
1285 4038 1303 4071 t
1342 4021 1518 4075 Ariani
1558 4034 1606 4074 et
1651 4023 1830 4075 [iuno-

231 4109 396 4162 miani
445 4119 628 4161 contra
677 4109 952 4163 Christum
993 4109 1212 4163 Joannis
1254 4111 1600 4179 blasphemiis
1645 4111 1827 4165 delec-

231 4200 694 4266 lantur;Judzciet
717 4202 1013 4256 idololatrae
1036 4202 1308 4268 jttstilicati
1340 4213 1464 4256 sunt
1494 4213 1580 4256 tua
1611 4219 1828 4272 compa-

230 4295 444 4348 ratione
473 4295 720 4365 gen'iles.
763 4313 780 4344 ι
829 4295 894 4348 Ει
941 4297 1131 4350 iterum
1186 4295 1317 4349 dicit
1359 4311 1374 4348 :
1413 4315 1429 4346 ι
1487 4297 1600 4349 Non
1651 4297 1822 4351 solum

231 4403 341 4442 non
375 4394 457 4440 est
481 4385 818 4441 Christianus
846 4386 1099 4450 Joannes,
1149 4387 1244 4443 sed
1277 4387 1424 4457 pejor
1452 4398 1531 4441 est
1564 4404 1687 4458 rege
1718 4390 1822 4442 Ba-

231 4479 475 4548 bylonio,
507 4479 674 4532 multo
693 4479 1005 4533 sceleratior
1022 4495 1178 4548 quam
1202 4480 1498 4545 Balthasar,
1527 4481 1819 4536 idulolatris

1925 3287 2167 3358 judi-ant
2217 3301 2320 3339 non
2351 3299 2472 3340 esse
2525 3285 2808 3339 dicendum
2867 3284 3325 3351 luereticum,hoc
3354 3287 3518 3339 etiam

1929 3380 2190 3452 synodum
2251 3377 2746 3433 Chalcedoneisrtn
2794 3380 2845 3433 in
2918 3379 3144 3449 epistola
3199 3381 3518 3434 venerabilis

1931 3472 2321 3542 lbacjudicasse
2351 3472 2598 3525 desinant
2623 3471 2916 3526 criminari.
2953 3471 3120 3540 llnjus
3151 3483 3328 3528 autem
3362 3490 3513 3528 vene-

1931 3565 2114 3620 rabilis
2137 3565 2422 3632 ThCOjilliii
2465 3565 2546 3619 sui
2592 3565 2897 3620 decesso’ris
2925 3565 3112 3620 beatus
3146 3565 3375 3635 Cyrillus
3398 3582 3510 3620 sen-

1932 3657 2150 3709 tentiam
2203 3668 2456 3722 seqnens,
2492 3656 2605 3722 ipse
2637 3655 2796 3709 etiam
2828 3663 3036 3722 postea,
3070 3655 3514 3721 quetnadmodnm

1929 3761 2120 3816 quarto
2153 3745 2289 3798 libro
2319 3744 2620 3810 docuimus,
2653 3754 2841 3798 contra
2898 3743 3156 3812 judicium
3191 3759 3404 3812 quoque
3433 3760 3514 3799 se-

1931 3838 2012 3892 dis
2043 3837 2376 3906 apostolirae,
2432 3851 2552 3907 qua:
2581 3851 2676 3903 per
2732 3834 3098 3890 beatissimum
3131 3850 3322 3904 papam
3357 3838 3515 3888 iuno-

1929 3929 2159 3984 centium
2209 3927 2444 3998 prmdicti
2473 3927 2639 3983 sancti
2686 3927 2910 3983 Joannis
2939 3929 2992 3982 in
3017 3927 3209 3982 exsilio
3231 3927 3510 3983 constituti

1929 4021 2329 4076 damnationem
2371 4022 2624 4086 solverat,
2651 4037 2847 4077 nomen
2877 4021 2993 4091 ejus
3017 4029 3139 4091 post
3183 4031 3406 4076 mortem
3438 4022 3518 4075 in-

1934 4124 2012 4167 ter
2059 4113 2149 4166 De:
2204 4114 2511 4168 sacerdotes
2568 4114 2620 4167 in
2653 4114 2920 4168 sacriﬁcio
2967 4113 3183 4168 recitari
3216 4113 3518 4180 prohibuit;

1933 4215 2006 4269 et,
2066 4203 2203 4258 sicut
2251 4205 2366 4272 ejus
2421 4205 2676 4259 decessor
2721 4204 3048 4273 Theophilus
3103 4205 3310 4260 dixerat
3381 4207 3518 4272 quod

1932 4294 2114 4348 Ariani
2149 4293 2493 4363 blasphemiis
2543 4292 2660 4363 ejus
2711 4293 3134 4360 delectarentur,
3189 4294 3258 4348 ita
3315 4305 3365 4349 et
3409 4296 3519 4364 ipse

1928 4401 2048 4440 eum
2079 4385 2329 4440 Eudoxio
2383 4386 2585 4440 Ariano
2615 4385 2868 4455 episcopo
2895 4389 3264 4456 comparavit;
3299 4403 3396 4442 nec
3430 4403 3520 4454 pro

1927 4480 2026 4534 hac
2048 4479 2446 4541 existimatione
2476 4479 2576 4541 vel
2591 4478 2958 4548 Theophilum
2989 4479 3268 4550 quisquam
3311 4481 3393 4534 vel
3424 4480 3521 4552 Cy-
3571 4545 3576 4551 _

230 4581 291 4626 et
318 4570 547 4625 ethnicis
575 4570 890 4625 sceleratior
927 4579 1011 4624 est
1047 4570 1299 4626 Joannes.
1353 4572 1506 4636 Tibi,
1541 4573 1650 4638 ait,
1685 4589 1819 4642 prre-
1852 4591 1900 4650 υ
1928 4571 2104 4625 rillum
2127 4571 2390 4640 judicavit
2414 4569 3021 4639 hazreticum,quoniam
3047 4571 3207 4642 longe
3236 4571 3338 4626 alia
3366 4588 3522 4627 causa

199 4677 365 4716 .sens
393 4662 702 4732 ignominia,
737 4672 933 4716 :eterna
965 4662 1018 4716 in
1050 4659 1244 4716 futuris
1272 4663 1480 4717 steculis
1511 4679 1666 4732 poena
1699 4665 1820 4719 red-
1856 4729 1862 4735 _

231 4754 415 4807 detur.
456 4771 475 4804 ι
513 4752 622 4807 lloc
650 4767 860 4822 quoque
887 4754 1058 4806 visum
1085 4763 1166 4806 est
1197 4763 1250 4807 et
1282 4755 1421 4808 idem
1456 4756 1610 4810 beato
1644 4757 1823 4812 Theo-

234 4845 390 4917 philo
437 4844 614 4899 dicere
657 4862 670 4898 :
717 4846 959 4899 Salvator
1004 4846 1253 4900 clamavit
1300 4857 1353 4901 et
1405 4846 1571 4915 dixit,
1629 4849 1824 4906 Tollite

233 4939 542 4999 Joannem,
613 4947 669 4991 et
729 4936 924 4990 mittite
975 4935 1027 4989 in
1080 4941 1329 4992 tenebras
1388 4941 1710 4994 exteriores.
1758 4943 1824 4994 lit

237 5031 434 5084 iterum
492 5046 503 5080 :
575 5028 931 5098 Largissimos
992 5025 1208 5082 fomites
1259 5038 1384 5082 ante
1443 5031 1670 5084 tribunal
1730 5032 1822 5087 Dei

238 5135 343 5174 suo
407 5120 722 5174 ministravit
799 5117 1068 5174 incendio.
1145 5119 1210 5172 Et
1277 5120 1388 5174 lucc
1462 5123 1641 5175 omnia
1718 5138 1824 5177 non

238 5213 569 5270 suffecerunt
617 5214 708 5268 ira:
757 5223 916 5284 atque
945 5211 1109 5266 furori
1140 5212 1183 5280 ⁵,
1233 5212 1333 5266 nisi
1387 5213 1544 5268 etiam
1597 5215 1697 5269 hoc
1755 5215 1825 5270 de

243 5387 536 5458 permissus
563 5396 665 5451 est,
697 5403 1010 5460 quamcum
1042 5387 1449 5458 Chrysnsmmo,
1483 5389 1603 5456 ejus
1633 5390 1821 5460 imagi-

244 5475 369 5512 nem
416 5460 738 5524 venerandu,
789 5459 986 5512 rediret
1029 5461 1078 5511 in
1119 5467 1373 5526 gratam,
1423 5471 1477 5513 ut
1521 5476 1582 5514 ex
1631 5461 1817 5533 lsiiori

321 5615 334 5643 ¹
380 5613 513 5666 Cod.
549 5613 768 5678 \‘eron.,
801 5629 967 5666 causa!
994 5615 1282 5669 necessitas.

317 5686 338 5716 ²
383 5683 521 5737 Ideni
556 5683 699 5749 cod.,
730 5685 861 5737 beati
899 5684 1184 5751 Theophili.

322 5754 342 5783 ³
387 5753 525 5805 Idem
555 5754 674 5806 cod.
697 5795 712 5819 ,
760 5756 911 5806 etiam
941 5756 1212 5808 consortio.

322 5824 344 5855 ⁸
382 5823 524 5878 idem
550 5827 694 5890 CULI.,
726 5825 963 5894 iuijtitas
997 5833 1102 5876 tua.

1923 4672 2006 4718 est
2033 4679 2149 4732 qua:
2179 4672 2414 4718 meretur
2445 4664 2544 4718 hoc
2577 4677 2794 4717 nomen.
2819 4663 2973 4730 Quod
3010 4664 3173 4720 etiam
3204 4674 3389 4720 sancta
3431 4680 3520 4736 sy.

1925 4759 2096 4813 nodus
2143 4764 2193 4814 in
2252 4758 2476 4828 epistola
2530 4758 2858 4814 venerabilis
2885 4759 2992 4814 lbm
3021 4761 3394 4821 considerans,
3425 4774 3521 4812 ne-

1923 4853 2110 4920 glectis
2141 4859 2300 4919 atque
2352 4849 2676 4918 posthabitis
2728 4849 2963 4903 hominis
3007 4849 3074 4904 de
3107 4849 3318 4902 homine
3340 4849 3520 4917 Suspi—

1927 4943 2191 5008 cinnibus,
2225 4957 2320 5010 pro
2344 4956 2465 4995 vera
2496 4941 2814 4995 Christiana:
2843 4940 2968 4994 ﬁdei
2997 4939 3334 4994 confessione
3359 4955 3518 5008 quant

1929 5034 2190 5099 enntinet,
2238 5048 2354 5086 eam
2402 5032 2766 5101 pronuntiavit
2813 5032 3192 5086 orthodoxam.
3248 5031 3377 5095 Qua:
3421 5030 3521 5083 hoc

1928 5126 2089 5180 etiam
2122 5126 2460 5193 prospexisse
2485 5123 2750 5178 credenda
2781 5133 2883 5194 est,
2928 5121 3179 5192 quoniam
3209 5125 3250 5176 si
3283 5136 3398 5174 eam
3427 5135 3521 5188 pro

1930 5217 2204 5271 levissima
2265 5226 2316 5270 et
2365 5214 2626 5285 praeterita
2679 5214 2985 5282 suspicione
3037 5227 3196 5283 quam
3257 5211 3323 5267 de
3364 5212 3521 5265 bealt)

1931 5382 2605 5462 diaconi.Chrouographia
2638 5401 2816 5446 narrat
2848 5389 3232 5458 Damascenus,
3275 5389 3350 5446 De
3383 5392 3520 5444 iuia~

1927 5465 2138 5541 ginibus
2169 5467 2260 5523 lih.
2281 5481 2372 5529 .lll,
2403 5475 2671 5518 extremo.

1940 5625 1944 5630 ’
2007 5623 2026 5652 ⁵
2067 5622 2205 5675 Ideni
2237 5621 2358 5676 cod.
2393 5663 2406 5686 ,
2454 5623 2615 5692 furori
2645 5621 2937 5692 Themi/iiii.

2005 5693 2024 5722 ⁶
2067 5695 2204 5746 Idem
2242 5694 2386 5756 cml.,
2418 5693 2636 5744 crimini.

2013 5762 2031 5793 '
2075 5763 2212 5816 Idem
2245 5765 2360 5818 emi.
2392 5803 2404 5827 ,
2434 5765 2652 5818 dicatur.
