4114 6476
567 315 665 371 679

569 428 769 502 Cyrillo
797 439 919 481 eum
965 417 1332 477 Orientalibus
1382 414 1838 490 diversarumque
1873 405 2172 502 provincia-
2205 407 2250 465 Α

571 497 690 580 rum
747 516 1014 586 episcopis
1065 511 1404 578 couscriptor
1443 507 1564 575 ejus
1616 502 1821 568 habuit,
1865 497 2172 554 tuereticam

572 615 858 686 iudicaret,
893 607 1060 661 multo
1112 604 1282 672 magis
1337 601 1525 656 eadem
1587 597 1798 652 ratione
1845 589 2174 686 leeOpltilus

571 681 900 778 judicaretur
948 697 1256 762 haereticus,
1305 693 1394 763 qui
1450 692 1585 746 dixit
1629 689 1892 744 Joannem
1937 681 2177 778 iuChri-

572 776 713 856 stum
745 795 966 866 impium
997 791 1290 853 exstitisse,
1323 796 1378 842 et
1408 800 1596 840 ausum
1631 783 1796 838 fuisse
1844 782 1896 834 iu
1949 776 2177 832 ecclesia

573 892 774 955 dicere,
823 886 967 957 quod
1025 884 1274 939 Christus
1321 880 1656 946 ora\‘crit,et
1689 891 1792 930 non
1829 873 1992 928 fuerit
2023 885 2180 925 exau-

575 983 739 1047 ditus,
769 980 889 1049 quia
923 993 1028 1031 non
1063 976 1200 1028 bene
1232 972 1497 1035 oraverit;
1532 978 1588 1023 et
1618 969 1744 1038 quia
1772 964 1955 1023 Ariani
1989 970 2043 1018 et
2070 960 2181 1018 Eu-

578 1072 812 1127 nomiaui
857 1076 1044 1124 contra
1084 1064 1358 1121 Chrisunn
1387 1061 1505 1129 .ejus
1539 1057 1892 1127 blasphetniis
1937 1055 2182 1110 delecta-

579 1177 784 1227 rentur,
813 1162 986 1218 .ludrei
1039 1172 1252 1227 quoque
1284 1169 1333 1210 et
1369 1153 1690 1207 itlolnlatrre.
1720 1149 1886 1217 Cujus
1919 1162 2018 1201 nec
2049 1147 2183 1201 levis

582 1270 631 1312 et
662 1254 975 1312 transitoria.
1025 1249 1124 1305 fuit
1169 1250 1271 1302 ista
1293 1238 1547 1314 StISpieio,
1596 1241 1689 1296 sed
1732 1255 1890 1310 quam
1916 1253 2014 1293 suo
2047 1253 2184 1307 quo-

581 1364 686 1419 que
716 1343 1018 1400 successori
1059 1339 1261 1411 Cyrillo
1293 1336 1611 1400 transmisit,
1659 1345 1715 1386 nt
1746 1341 1799 1386 et
1821 1331 1936 1400 ipse
1967 1346 2090 1386 eum
2117 1329 2186 1385 de

584 1437 963 1495 ecclesiasticis
1015 1435 1186 1488 muris
1237 1429 1553 1484 excluderet
1598 1427 1637 1489 ί,
1694 1435 1747 1480 et
1789 1423 1978 1504 Jutlam
2029 1430 2189 1490 atque

586 1532 898 1590 Jechoniam
947 1527 1172 1590 diceret,
1224 1539 1287 1577 ac
1322 1521 1628 1591 profanum,
1661 1529 1715 1572 et
1759 1517 2000 1572 Eudoxio
2029 1516 2188 1570 Aria-

588 1639 779 1682 norum
836 1621 1093 1690 episcopo
1138 1616 1387 1673 crederet
1434 1611 1838 1666 conferendum.
1893 1608 2006 1662 Νοτι
2059 1621 2212 1682 (ξι-ἕο,

590 1717 729 1787 iuste
779 1711 973 1766 dicitur
997 1718 1181 1762 sancta
1231 1703 1466 1776 synodus
1498 1701 1780 1770 epistolam
1807 1699 1913 1753 [D33
1963 1712 2058 1767 pro
2097 1712 2189 1751 su-

1659 289 1962 350 FACUNDI
2005 286 2217 344 El’lSC.
2263 279 2772 341 llERMlANENSIS

3767 273 3876 330 630

2284 416 2350 456 ne
2372 413 2508 470 quos
2562 398 2646 451 hic
2677 392 2857 460 modo,
2893 390 2984 446 ubi
3032 387 3185 445 nobis
3219 385 3397 442 omnia
3432 386 3615 450 licent,
3649 387 3744 441 sed
3773 401 3888 443 non

2276 493 2455 545 omnia
2499 486 2814 557 expediunt,
2858 482 3187 552 judicamus,
3221 495 3343 534 cum
3391 477 3637 552 judicare
3676 483 3896 535 venerit.

2279 583 2447 638 Fifius
2480 579 2713 635 hominis
2742 578 2796 631 in
2829 575 3111 646 majestate
3137 587 3253 639 sua,
3279 581 3334 628 et
3355 587 3543 627 omnes
3559 573 3730 643 angeli
3763 589 3896 628 cum

2278 689 2365 739 eo,
2395 683 2450 728 et
2475 669 2947 743 eongregabuntur
2994 675 3120 720 ante
3167 679 3288 720 eum
3313 679 3507 720 omnes
3535 674 3748 734 gentes,
3782 666 3892 734 ipsi

2279 768 2390 822 sint
2416 764 2630 836 judiccs
2686 761 2878 816 nostri.
2931 759 3139 816 Adesse
3166 765 3346 812 autem
3381 757 3536 812 nobis
3565 756 3725 812 debet
3753 768 3807 811 et
3835 758 3896 810 in

2283 863 2385 916 hoc
2413 861 2533 915 loco
2582 859 2670 913 illa
2723 856 2864 911 ratio
2893 863 3056 922 at-jtte
3085 851 3401 918 similitudo,
3431 866 3590 920 quam
3634 850 3686 904 in
3726 865 3898 918 supe-

2281 954 2412 1010 riori
2461 953 2600 1007 libro
2649 950 2921 1014 dedimus,
2955 963 3077 1001 cum
3109 946 3178 1001 de
3223 945 3640 1000 interlocutione
3666 959 3898 1000 venera-

2284 1048 2406 1103 bilis
2437 1044 2671 1101 Anatolii
2699 1039 3284 1110 Constantinopolitani
3305 1039 3560 1094 antistitis
3585 1053 3896 1110 ageremus,

2285 1153 2388 1207 qua
2419 1133 2788 1206 pronuntiavit
2835 1132 3151 1187 Dioscorum
3187 1145 3292 1184 non
3321 1145 3418 1198 pro
3456 1129 3560 1185 ﬁde
3589 1145 3710 1186 esse
3741 1130 3896 1184 dam-

2287 1240 2500 1286 natum:
2553 1229 2810 1299 quoniam
2861 1226 3171 1280 sicut'eum
3225 1223 3535 1277 hmreticum
3589 1237 3692 1276 non
3740 1221 3895 1286 fecit,

2289 1322 2429 1393 quod
2461 1321 2629 1390 ipsum
2678 1319 2988 1373 Dioscorum
3017 1331 3046 1369 a
3073 1314 3291 1384 perﬁdia
3312 1315 3422 1368 ﬁeri
3457 1314 3681 1369 voluerit
3708 1329 3890 1369 exeu-

2291 1422 2489 1478 satum,
2540 1427 2604 1466 eo
2632 1410 2771 1477 quod
2823 1409 2964 1463 aliud
2993 1409 3063 1464 sit
3111 1407 3233 1462 ideo
3259 1408 3566 1461 luereticutn
3607 1420 3895 1470 excusare,

2292 1506 2432 1578 quod
2466 1505 2764 1560 catholicus
2819 1510 3061 1572 putetur,
3117 1509 3172 1554 et
3218 1498 3361 1553 aliud
3417 1500 3585 1567 ipsum
3644 1498 3897 1553 hmresim

2295 1599 2523 1668 probare
2549 1606 2706 1665 atque
2734 1594 3054 1650 defendere:
3089 1592 3157 1646 ita
3196 1606 3297 1646 nec
3321 1590 3548 1660 epistola
3571 1590 3897 1646 venerabilis

2295 1689 2402 1745 lbte
2435 1688 2604 1758 potuit
2637 1687 2887 1742 haeretica
2916 1684 3060 1754 juste
3092 1683 3280 1746 videri,
3319 1683 3398 1737 vel
3422 1683 3466 1736 si
3500 1697 3603 1736 non
3635 1697 3751 1737 rem
3798 1697 3898 1752 ge-

591 1774 826 1880 spicione
855 1819 1012 1876 quam
1044 1802 1112 1857 de
1136 1774 1290 1856 beato
1317 1797 1518 1868 Cyrillo
1561 1793 1896 1860 conscriptor
1927 1790 2042 1860 ejus
2064 1804 2186 1843 cum
2225 1779 2266 1837 B
2293 1791 2451 1846 stam,
2483 1789 2641 1880 prout
2670 1779 2719 1832 in
2751 1788 2990 1846 ιεῐηβοτθ
3023 1775 3194 1880 "iﬁlli?
3219 1783 3321 1841 95h
3353 1789 3622 1840 ῐιίιπίιεεθ,
3652 1775 3749 1880 δεξίὶ
3767 1774 3898 1880 bfa:

594 1902 777 1957 multis
824 1894 1109 1966 aliquando
1168 1891 1375 1957 habuit,
1428 1888 1576 1945 velut
1609 1885 1918 1939 ha-reticam
1949 1880 2200 1935 debuisse

595 1993 879 2047 damnare:
911 2001 1034 2041 cum
1087 1984 1286 2053 potius,
1322 1981 1366 2035 si
1400 1979 1502 2032 hoc
1548 1982 1921 2046 praesumeret,
1958 1971 2086 2026 hinc
2116 1972 2198 2038 ip-

597 2100 716 2140 sum
750 2083 972 2135 beatum.
997 2076 1276 2147 Cyrillum,
1328 2071 1470 2142 quod
1515 2071 1620 2139 jam
1673 2082 1817 2137 saepe
1847 2073 2199 2121 monstratum

600 2184 706 2240 est,
740 2173 944 2227 faceret
973 2168 1143 2223 videri
1171 2163 1554 2220 damnabilem.
1589 2161 1718 2228 Quis
1759 2158 1902 2213 enim
1937 2157 2020 2211 vel
2054 2157 2198 2224 ipso-

603 2283 723 2322 rum
769 2260 1211 2319 calumniantium
1244 2264 1401 2325 neget
1431 2254 1572 2324 quod
1603 2253 1845 2322 graviora
1878 2248 2106 2320 Cyrillus
2135 2246 2204 2301 de

603 2363 790 2411 sancto
812 2354 1019 2409 Joanne
1050 2363 1207 2418 quam
1233 2347 1352 2401 lbas
1380 2344 1446 2399 de
1477 2341 1675 2412 Cyrillo
1697 2338 2051 2408 conscripsit?
2082 2337 2205 2390 llzec

603 2461 783 2503 autem
808 2445 1057 2502 scandala
1099 2442 1184 2498 vel
1229 2438 1516 2511 qumlibet'
1549 2435 1742 2491 merito
1792 2447 1890 2488 nos
1931 2430 2206 2487 oil'endunt

602 2540 656 2594 in
688 2538 954 2601 Pati-ibus,
987 2547 1123 2605 quos
1163 2540 1417 2601 tanquam
1448 2525 1732 2582 luminaria
1757 2523 1898 2578 Deus
1931 2523 1983 2576 in
2016 2520 2203 2574 Eccle-

603 2631 679 2685 sia
708 2645 802 2684 sua
855 2625 1154 2689 constituit,
1205 2632 1269 2678 ut
1317 2635 1504 2676 eorum
1557 2618 1789 2686 desuper
1838 2613 2206 2669 illuminemnr

604 2721 889 2780 excellenti
942 2718 1169 2775 scientia
1202 2725 1364 2786 atque
1396 2715 1662 2777 doctrina,
1701 2712 1778 2766 sie
1805 2709 2049 2764 habenda
2074 2707 2206 2762 mihi

606 2816 875 2883 videntur,
901 2793 1039 2868 sicut
1071 2812 1312 2879 ipsorum
1345 2821 1562 2878 quoque
1590 2803 1934 2858 luminarium
1965 2800 2086 2856 coeli
2115 2799 2208 2854 de-

607 2909 806 2966 fectus:
864 2921 983 2976 quae
1035 2905 1158 2958 licet
1186 2913 1572 2969 nonnunquam
1607 2893 1908 2966 splendoris
1934 2893 2016 2946 sui
2043 2891 2208 2947 detri-

609 3008 786 3056 menta
836 2997 1156 3060 sustineant,
1209 3005 1316 3047 non
1375 2999 1556 3044 tamen
1622 2987 1875 3039 amittunt
1924 2983 2207 3039 luminaria

611 3106 729 3147 esse
781 3089 922 3158 quod
969 3094 1114 3140 sunt.
1168 3084 1235 3137 Et
1275 3081 1466 3138 crebro
1516 3078 1732 3150 quidem
1782 3076 1976 3130 accidit
2021 3084 2077 3128 ut
2108 3075 2207 3129 ista

2308 1883 2418 1926 tmn
2483 1871 2738 1942 Cyrillum
2784 1881 3041 1923 accusare
3083 1865 3103 1896 ³
3157 1868 3427 1919 ﬁrmetur:
3475 1880 3541 1920 eo
3571 1864 3712 1935 quod
3755 1865 3901 1920 aliud

2305 1965 2376 2019 sit
2399 1963 2518 2016 ideo
2538 1974 2794 2016 accusare
2821 1957 3168 2026 catholicum,
3189 1955 3329 2026 quod
3361 1955 3642 2010 luereticus
3660 1962 3901 2024 putetur,

2304 2064 2358 2111 ct
2381 2053 2522 2109 aliud
2572 2054 2742 2121 ipsam
2777 2049 3084 2120 improbare
3131 2062 3196 2103 ac
3240 2046 3636 2117 reprehendere
3665 2047 3901 2102 catholi-

2305 2163 2420 2203 ca:n
2463 2145 2644 2201 ﬁdem.
2694 2145 2760 2200 Et
2779 2143 2918 2198 sicut
2965 2139 3289 2196 venerabilis
3333 2138 3902 2196 Anatolii'defensioni

2307 2239 2533 2310 pro"ecit
2579 2237 2720 2308 quod
2771 2235 2842 2291 ibi
2864 2234 3118 2300 diximus,
3152 2233 3273 2304 quia
3311 2241 3487 2301 potest
3515 2231 3780 2288 castitatis
3808 2247 3903 2302 ap-

2307 2334 2562 2402 probator
2592 2340 2752 2400 atque
2795 2328 3020 2384 dilector
3069 2341 3175 2382 non
3223 2325 3514 2396 approbata
3547 2325 3906 2382 fornicatione

2309 2423 2715 2488 fornicatorem,
2761 2421 2888 2476 dum
2938 2421 2993 2475 in
3045 2433 3271 2490 persona
3323 2418 3538 2484 fallitur,
3574 2418 3906 2488 approbare:

2309 2520 2382 2571 ita
2412 2517 2571 2572 etiam
2604 2512 3025 2570 reverentissimi
3077 2510 3202 2578 Ibat,
3234 2517 3288 2566 et
3316 2517 3633 2565 caeterorum
3657 2511 3907 2565 Orienta—

2310 2609 2460 2672 lium,
2493 2615 2652 2674 atque
2681 2605 2906 2660 aliarum
2953 2603 3348 2674 provinciarum
3393 2600 3690 2656 antistitum
3721 2600 3908 2656 defen-

2309 2699 2452 2756 sioni
2479 2697 2745 2768 proﬁciat,
2774 2695 2916 2765 quod
2949 2695 3146 2749 ibidem
3176 2703 3566 2764 consequenter
3586 2691 3910 2762 adjecitnus,

2311 2793 2436 2862 quia
2467 2801 2643 2859 potest
2665 2789 2929 2845 castitatis
2967 2786 3292 2858 approbatur
3331 2797 3492 2853 atque
3525 2785 3776 2852 dilector,
3800 2800 3908 2840 non

2313 2885 2612 2955 improbata
2643 2883 2912 2952 castitate,
2961 2889 3192 2944 castum,
3217 2872 3342 2933 dum
3370 2879 3422 2933 in
3451 2892 3679 2949 persona
3711 2878 3912 2933 simili-

2313 2990 2395 3036 ter
2419 2980 2643 3047 fallitur,
2699 2977 3027 3048 improbare.
3080 2974 3213 3030 Nam
3243 2974 3287 3028 si
3336 2983 3362 3012 ει
3397 2973 3718 3029 venerabilis
3768 2973 3914 3042 ibas,

2313 3075 2426 3129 sive
2452 3072 2546 3126 alii
2591 3085 2727 3140 quos
2757 3068 3175 3124 memoravimus
3220 3065 3524 3122 Orientales
3575 3064 3915 3136 aliarumque

611 3196 824 3253 quoque
856 3177 1113 3234 Ecclesiae
1140 3174 1444 3238 luminaria,
1476 3173 1729 3243 quoniam
1777 3169 1942 3223 multa
1971 3183 2002 3220 a
2053 3166 2208 3221 nobis
2237 3165 2282 3228 C
2316 3164 2710 3235 provinciarum
2754 3161 3011 3231 episcOpi,
3059 3161 3111 3215 in
3159 3173 3390 3230 persona
3433 3158 3610 3250 potius
3632 3158 3774 3214 beati
3805 3159 3918 3229 Cy-

614 3269 933 3329 celsitudine
958 3272 1297 3336 separantur,
1347 3277 1442 3334 pro
1472 3261 1704 3332 quedam
1733 3258 2210 3327 nostrte'iguoran-

615 3365 702 3419 tite
735 3344 949 3424 nubilo,
994 3373 1116 3414 cum
1169 3357 1224 3413 in
1280 3349 1349 3412 se
1385 3353 1721 3424 splendentia
1745 3363 2016 3418 maneant,
2057 3351 2211 3405 nobis

617 3455 897 3510 videantur
944 3452 1191 3507 obscura.
1251 3449 1520 3504 llabcatur
1567 3448 1746 3516 itaque
1795 3446 1944 3500 velut
1997 3445 2211 3513 eclipsis

617 3545 862 3614 quaedam
894 3541 1237 3597 luminarium
1266 3538 1554 3608 Theophili
1602 3547 1656 3592 et
1682 3535 1892 3606 Cyrilli,
1927 3535 2067 3606 quod
2103 3544 2210 3589 tam

619 3635 895 3691 horribilia
927 3634 995 3689 de
1019 3648 1213 3703 magno
1240 3631 1494 3686 luminari
1525 3631 1732 3686 Joanne
1751 3629 2209 3698 Constantin0p0.

618 3727 784 3782 litauo
805 3726 966 3780 locuti
998 3733 1144 3781 sunt.
1175 3724 1448 3779 llabcatur
1472 3723 1634 3778 etiam
1664 3723 1832 3777 altera
1854 3722 2071 3791 eclipsis
2099 3720 2208 3776 vel-

619 3829 676 3874 ttt
724 3819 1066 3873 luminarium
1130 3816 1478 3870 Orientalium
1544 3815 1659 3868 sive
1713 3813 1944 3868 aliorum
1997 3813 2212 3867 Patrum

618 3912 706 3982 qui
733 3928 801 3966 cu
824 3930 854 3964 ιι
897 3909 975 3964 eis
1003 3925 1069 3964 ex
1093 3909 1322 3964 diversis
1346 3906 1638 3977 provinciis
1659 3915 2043 3975 convenerant,
2073 3904 2214 3975 quod

619 4006 984 4076 intelligentirc
1006 4003 1220 4058 defectu
1252 4001 1524 4072 paululum
1550 4001 1839 4067 obscurati,
1871 4001 2030 4056 aliter
2054 4015 2214 4070 quam

619 4114 706 4154 res
749 4097 934 4152 habuit
979 4097 1047 4150 de
1098 4096 1363 4150 luminare
1392 4094 1601 4166 Cyrillo
1631 4094 2053 4149 aestimaverunt.
2083 4095 2213 4149 Nam

619 4203 756 4258 quos
779 4188 1026 4242 Christus
1059 4186 1110 4240 in
1145 4185 1401 4241 Ecclesiae
1430 4200 1543 4240 sua:
1578 4184 1760 4241 stabili
1786 4200 1935 4254 pace,
1964 4194 2215 4255 tanquam

621 4282 674 4335 in
716 4280 838 4334 cmii
913 4279 1255 4332 ﬁrmamento
1311 4277 1565 4342 servavit,
1617 4290 1714 4331 uos
1756 4277 2003 4332 venerari
2057 4286 2218 4345 atque

621 4375 899 4443 suscipere
944 4382 1188 4442 oportet;
1223 4386 1326 4426 nec
1346 4372 1414 4426 de
1443 4372 1666 4427 illorum
1695 4371 2078 4427 controversiis
2105 4370 2218 4441 jam

626 4466 795 4520 ﬁnitis
817 4465 1024 4519 inﬁnita
1057 4479 1275 4519 movere
1314 4465 1632 4530 certamina,
1654 4473 1710 4519 et
1734 4475 1936 4520 temere
1963 4463 2218 4519 condem-

624 4572 756 4612 nare
787 4567 1050 4623 mortuos,
1105 4556 1274 4626 magis
1313 4566 1491 4612 autem
1523 4558 1762 4627 cogitare
1789 4573 1886 4613 nos
1907 4561 2218 4626 morituros,

624 4657 679 4704 et
704 4647 925 4703 credere
956 4645 1164 4715 potius,
1205 4645 1349 4712 quod
1381 4647 1562 4714 p‘etati
1602 4646 2220 4715 convettithriSIianm,

623 4741 747 4813 quia
800 4754 898 4808 pro
929 4738 1041 4794 suis
1070 4739 1121 4792 in
1164 4737 1408 4793 Ecclesia
1445 4737 1645 4792 Christi
1672 4739 1965 4805 laboribus,
1992 4750 2042 4794 et
2073 4740 2220 4808 pacis

624 4832 820 4889 tnerito
870 4845 1034 4900 quam
1087 4829 1188 4898 ipsi
1237 4838 1595 4884 servaverunt
1620 4827 1902 4892 Ecclesiae,
1926 4831 1969 4884 si
2001 4830 2130 4898 quid
2164 4829 2218 4886 in

621 4923 830 4994 aliquas
861 4922 1106 4992 privatim
1138 4935 1418 4990 personas,
1452 4935 1558 4974 non
1609 4920 1779 4975 livore
1807 4920 2093 4982 diabolico,
2123 4921 2219 4977 sed

623 5015 860 5070 humano
897 5025 1084 5069 errore
1125 5019 1407 5081 peteantes
1452 5010 1742 5065 emendare
1792 5026 1896 5066 non
1930 5019 2220 5080 potuerunt

622 5113 750 5165 ante
769 5120 911 5175 luam
941 5105 1008 5160 de
1037 5105 1136 5159 hac
1165 5105 1270 5158 vita
1321 5087 1638 5168 transirent,
1670 5100 1998 5172 indulgentia
2039 5101 2221 5157 Domi-

625 5199 676 5255 ni
707 5200 1036 5263 remittente,
1089 5212 1250 5264 quem
1285 5198 1493 5266 precari
1531 5211 1636 5252 non
1677 5196 1997 5252 desinebant
2043 5205 2099 5250 ut
2126 5196 2219 5251 de-

626 5291 747 5345 licta
774 5291 1075 5362 juventutis
1094 5305 1280 5344 eorum
1303 5299 1358 5345 et
1383 5289 1700 5360 ignorantia:
1729 5305 1835 5344 non
1861 5288 2216 5354 meminisset,

622 5381 677 5436 in
725 5381 910 5452 requie
957 5381 1066 5436 sint
1095 5381 1233 5450 apud
1286 5396 1427 5448 eam,
1460 5389 1835 5452 exspectantes
1881 5381 2057 5436 securi
2084 5378 2224 5448 judi-

622 5476 765 5531 cium
817 5479 1183 5532 retributionis
1223 5485 1457 5533 azternte.
1494 5478 1647 5534 Unde
1673 5485 1918 5535 metuere
1953 5477 2216 5534 debemus

699 5663 726 5726 ἒ
766 5654 928 5710 Forte
957 5657 1049 5710 sic.

700 5775 716 5804 ί
755 5773 889 5830 Cod.
907 5775 1125 5842 Veram,
1142 5778 1420 5832 exc'nsum.

698 5845 721 5878 '
760 5846 905 5903 idem
926 5847 1045 5904 cod.
1071 5889 1086 5914 ,
1111 5850 1343 5914 qualibet
1367 5848 1564 5915 aliqua.

2314 3256 2420 3310 rilli
2443 3270 2603 3324 quam
2625 3254 2676 3306 in
2703 3253 2814 3322 ipsa
2839 3252 2962 3308 ﬁdei
2992 3252 3174 3320 regula
3199 3245 3542 3318 fallebantur,
3573 3252 3711 3306 sicut
3739 3252 3912 3306 etiam

2315 3348 2433 3418 ipse
2482 3347 2716 3418 Cyrillus
2753 3360 2888 3422 cum
2939 3344 3240 3414 Theophilo
3295 3343 3577 3400 fallebatur
3631 3345 3683 3398 in
3753 3344 3918 3400 beato

2313 3439 2554 3505 Joanne;
2607 3437 2748 3508 quod
2797 3439 2957 3493 etiam
2985 3447 3168 3492 sancta
3197 3437 3435 3508 synodus
3464 3437 3743 3501 intellexit,
3774 3447 3836 3492 ut
3863 3448 3920 3493 et

2316 3533 2459 3589 illius
2514 3532 2798 3603 epistolam
2851 3531 3226 3603 pronuntiaret
3280 3531 3654 3597 orthodoxam,
3711 3541 3770 3587 et
3793 3531 3920 3587 illos

2317 3634 2623 3697 acceptaret
2651 3636 2712 3682 ut
2759 3627 2966 3682 Patres.
2999 3625 3106 3683 Nos
3137 3635 3340 3697 autem,
3392 3641 3490 3696 per
3515 3625 3918 3681 contentionem

2317 3727 2372 3774 et
2396 3719 2607 3776 inanem
2637 3719 2859 3790 gloriam
2904 3735 3064 3790 quam
3120 3709 3317 3790 paSsim
3357 3720 3520 3775 etiam
3551 3718 3913 3788 de'prtesunt-

2321 3811 2502 3880 ptionc
2531 3811 2788 3881 gestimus
2817 3810 3114 3880 acquirere,
3149 3811 3499 3881 sapientiores
3528 3826 3625 3866 nos
3657 3819 3801 3867 tanta
3824 3827 3916 3884 sy-

2320 3902 2461 3958 nodo
2486 3902 2812 3974 judicantes,
2843 3903 3174 3959 levissimam
3204 3905 3272 3959 de
3303 3918 3530 3973 persona
3553 3904 3917 3974 suspicionem

2323 3996 2588 4050 traximus
2637 3999 2703 4050 ad
2756 3997 2992 4068 regulam
3027 3995 3170 4060 fidei.
3223 4004 3279 4052 et
3329 4011 3435 4051 non
3463 3996 3613 4066 quasi
3660 3995 3921 4052 festucam

2321 4088 2566 4142 auximus
2598 4089 2650 4142 in
2683 4088 2910 4155 trabem,
2947 4103 3067 4159 qua:
3088 4090 3132 4143 si
3164 4105 3270 4143 non
3303 4086 3544 4158 ejusdem
3575 4089 3918 4158 quantitatis,

2319 4180 2561 4250 ejusdem
2591 4189 2767 4237 tamen
2799 4189 2884 4236 est
2934 4182 3169 4252 generis,
3199 4180 3293 4236 sed
3337 4180 3796 4250 contemptibilem
3827 4182 3924 4236 sti-

2324 4275 2502 4341 pulam
2561 4275 2613 4327 iu
2665 4274 2934 4343 ingentem
2987 4274 3249 4328 vertimus
3297 4275 3541 4338 arietem,
3602 4273 3693 4342 qui
3752 4280 3924 4327 totum

2324 4365 2550 4421 Romani
2581 4369 2764 4422 orbem
2817 4367 3030 4437 imperii
3067 4365 3262 4421 frustra
3293 4375 3536 4436 quateret
3563 4375 3726 4437 atque
3764 4381 3930 4422 vexa-

2324 4467 2429 4513 ret.
2451 4458 2582 4525 Quis
2629 4469 2804 4512 autem
2855 4458 3017 4528 digne
3047 4457 3436 4524 consideraret,
3477 4457 3594 4528 quis
3622 4458 3805 4513 verbis
3836 4474 3930 4511 ex-

2252 4551 2302 4612 D
2329 4552 2532 4619 plicare
2577 4551 2875 4616 sufﬁceret,
2921 4565 3084 4620 quam
3116 4550 3387 4620 sapienter
3416 4549 3481 4604 ad
3516 4550 3926 4606 instructionem

2331 4641 2831 4711 prmdestiuatorum
2884 4641 3115 4696 humana
3167 4657 3380 4712 quoque
3434 4642 3734 4713 ignorantia
3790 4645 3930 4698 Deus

2330 4744 2533 4801 utatur,
2562 4734 2717 4805 cujus
2746 4735 3088 4804 omnipatens
3120 4736 3331 4791 bonitas
3364 4740 3415 4790 in
3448 4751 3692 4807 magnam
3728 4738 3926 4792 utilita-

2329 4836 2462 4892 tem,
2517 4840 2638 4881 cum
2701 4827 2951 4896 voluerit,
2999 4827 3156 4882 noxia
3205 4843 3432 4898 qumque
3484 4830 3790 4883 convertit?
3843 4829 3929 4883 llla

2329 4937 2560 4988 namque
2588 4922 2657 4977 de
2689 4922 2846 4977 beato
2888 4921 3093 4993 Cyrillo
3133 4921 3580 4976 consacerdotum
3629 4920 3749 4991 ejus
3779 4922 3928 4990 igno-

2331 5011 2524 5077 rantia,
2565 5026 2686 5082 quae
2734 5011 2851 5082 paci
2905 5011 3269 5067 Ecclesiarum
3316 5012 3608 5082 aliquando
3659 5015 3927 5068 contraria

2332 5102 2527 5173 fuerat,
2584 5103 2630 5158 si
2664 5103 2785 5174 quis
2836 5103 2974 5160 bene
3001 5104 3331 5172 consideret,
3366 5105 3704 5160 instructioni
3740 5107 3926 5162 Eccle-

2329 5198 2426 5255 sia:
2453 5213 2595 5255 nunc
2619 5200 3018 5271 assertionique
3047 5199 3278 5270 proﬁcit.
3311 5199 3628 5257 Evideutius
3657 5204 3806 5256 enim
3830 5204 3928 5258 do-

2327 5305 2639 5350 cumentum
2686 5305 2770 5350 est
2814 5310 2957 5351 verae
3009 5296 3154 5359 ﬁdei.
3210 5298 3254 5353 si
3293 5297 3437 5352 inter
3468 5312 3527 5353 sc
3549 5297 3928 5354 dissrdentintu

2331 5404 2488 5458 quam
2521 5389 2567 5444 si
2618 5400 2929 5460 pacatorum
2981 5391 3288 5446 inveniatur
3315 5393 3501 5448 eadem
3553 5393 3621 5448 de
3650 5393 3738 5448 illa
3766 5393 3930 5450 fuisse

2333 5480 2616 5536 sententia.
2665 5480 2799 5536 Nam
2853 5481 2976 5538 licet
3023 5484 3316 5541 orientales
3363 5483 3605 5557 episcopi
3639 5500 3761 5542 cum
3811 5487 3931 5543 aliis

2413 5777 2433 5811 ³
2472 5777 2613 5836 idem
2639 5775 2761 5834 cod.
2781 5816 2796 5844 ,
2826 5793 3114 5836 accusasse.
