4114 6536
387 348 483 405 681

1271 350 1402 406 PRO
1442 351 1868 409 DEFENSlONE
1906 353 2121 410 TRIUM
2161 352 2477 411 CAPITUL.
2518 355 2642 409 LIB.
2691 354 2793 411 Vll.

3542 360 3651 421 683

383 461 524 516 male
568 458 634 514 de
684 460 847 516 beato
895 459 1093 531 Cyrillo
1137 464 1420 529 sentirent,
1468 473 1521 517 et
1574 464 1645 518 oh
1673 466 1773 518 hoc
1799 464 1957 519 etiam
1990 470 2041 527 Α
2070 461 2216 518 tibus
2265 466 2587 534 respondeat
2617 468 2784 536 novit,
2827 482 3001 538 neque
3035 469 3273 539 paternis
3319 469 3647 526 deﬁnitioni-

384 550 728 606 veheutenter
757 552 776 583 ¹
813 552 1229 620 insectarentur,
1262 554 1551 608 venerabili
1584 564 1765 609 tamen
1791 555 1955 609 Paulo

384 640 648 693 limeseno
691 640 944 710 episcopo
974 641 1241 695 mediante
1265 626 1621 711 comperimus
1649 644 1788 713 quod
1822 654 1963 701 utra-

379 745 485 801 que
516 745 637 799 pars
684 746 782 801 pro
828 746 935 789 una
975 731 1267 800 eademque
1300 732 1401 789 fide
1445 733 1716 790 certabat:
1760 752 1880 791 cum
1910 746 1963 791 et

378 821 680 877 Orientales
732 820 862 879 nihil
909 822 1054 878 aliud
1112 838 1143 877 a
1174 822 1330 879 beato
1368 824 1571 898 Cyrillo
1599 829 1960 883 coulitendum

380 921 764 981 exspectarent
801 928 960 984 quam
987 915 1157 971 tenuit
1196 931 1412 986 semper
1443 926 1498 971 et
1520 926 1664 973 tenet
1688 918 1959 986 Ecclesia;

380 1015 434 1060 et
481 1005 668 1062 beatus
711 1004 944 1077 Cyrillus
971 1006 1113 1075 quod
1150 1008 1567 1075 esSpectabatur
1617 1024 1737 1061 cum
1771 1024 1963 1081 magna

379 1096 737 1153 exsultatione
782 1096 1090 1167 perliceret,
1121 1098 1511 1154 confessionem
1565 1115 1751 1155 eorum
1782 1102 1850 1157 de
1878 1104 1963 1161 in-

379 1188 706 1243 carnationis
746 1188 940 1243 divinze
968 1190 1225 1258 mysterio
1273 1190 1645 1247 desideranter
1666 1195 1961 1263 accipiens,

378 1292 635 1349 suamque
666 1292 787 1335 esse
834 1287 1161 1348 protestans.
1194 1278 1347 1336 Unde
1399 1283 1490 1351 qui
1516 1282 1653 1339 bene
1679 1283 1747 1338 de
1764 1283 1964 1355 Cyrillo

378 1372 563 1437 sentit,
587 1371 677 1443 qui
697 1388 817 1427 eum
866 1387 995 1426 vere
1022 1372 1301 1439 apostolici
1331 1372 1504 1429 credit
1539 1374 1784 1444 affecms,
1818 1377 1964 1447 cogi-

379 1471 495 1517 tare
516 1461 674 1517 debet
700 1473 955 1531 quantum
981 1464 1253 1520 exsultare
1275 1467 1524 1533 potuerit,
1560 1468 1744 1523 videns
1772 1470 1964 1523 adver-

377 1567 496 1611 sum
540 1568 600 1608 se
638 1553 811 1608 zelum
866 1552 1104 1620 Patrum,
1159 1555 1394 1611 maxime
1444 1556 1806 1625 orientalium,
1868 1575 1964 1630 pro

380 1644 503 1702 ﬁdei
549 1660 707 1714 quam
759 1646 873 1713 ipse
916 1661 1130 1716 quoque
1185 1649 1401 1703 tenebat
1452 1650 1677 1705 veritate
1727 1650 1959 1707 fervere.

376 1735 492 1813 Nm
541 1737 685 1791 enim
721 1736 853 1791 tanti
884 1736 1146 1806 penderet
1185 1739 1706 1818 vir'sancﬁssimus,
1737 1743 1875 1811 quod
1899 1736 1952 1797 in

2072 556 2171 610 bus
2191 558 2500 627 acquiescit.
2547 558 2683 614 llinc
2710 571 2791 615 est
2830 561 2973 630 quod
3005 560 3160 619 facile
3209 563 3490 632 decipitur,
3526 564 3648 621 hinc

2066 645 2436 704 haereticorum
2474 651 3013 709 eireumventionibus
3064 654 3324 723 irretitur,
3354 657 3521 726 magis
3570 657 3649 710 iu.

2069 736 2246 807 quieta
2272 753 2429 807 quam
2459 739 2632 795 fortis.
2665 740 2773 796 Nos
2792 754 2993 809 autem,
3023 744 3166 814 quod
3188 753 3272 800 est
3300 747 3446 815 prius
3471 760 3533 801 ac
3564 757 3649 801 tu-

2068 830 2195 895 tius,
2246 840 2553 889 sancturum
2603 833 2822 890 Patrum
2876 837 3186 891 constitutis
3234 837 3441 907 placido
3488 848 3649 909 atque

2067 920 2258 977 humili
2297 925 2460 979 corde
2505 924 2754 994 subjecti,
2788 941 2975 982 eorum
3006 928 3325 984 auctoritate
3351 930 3645 988 ﬂrmamur.

2067 1012 2272 1068 Dehine
2298 1015 2460 1069 etiam
2492 1015 2835 1086 intelligimus
2863 1017 3003 1087 quod
3031 1031 3215 1073 sancta
3245 1019 3482 1090 synodus
3517 1037 3647 1091 pru-

2066 1102 2256 1159 denter
2306 1105 2659 1163 inteutionem
2704 1108 2960 1179 Eutychis
2989 1117 3151 1180 atque
3180 1110 3288 1165 lbze
3326 1111 3644 1181 dijudicans,

2064 1196 2367 1253 sicutillum
2394 1199 2712 1268 sacrilegum
2732 1200 2877 1268 juste
2919 1200 3213 1266 damnavit,
3247 1203 3471 1274 ejusque
3513 1206 3644 1275 dogs

2067 1298 2174 1350 ma,
2217 1288 2460 1353 quamvis
2488 1288 2703 1342 beatum
2754 1289 3011 1359 Cyrillum
3042 1290 3302 1358 laudaret,
3338 1296 3654 1363 pronuntia-

2067 1372 2143 1427 vit
2169 1374 2504 1441 hasreticum,
2534 1377 2657 1445 quia
2689 1378 2847 1433 fidem
2879 1378 3046 1449 ipsius
3069 1380 3278 1451 Cyrilli,
3311 1382 3452 1450 quod
3480 1385 3645 1452 magis

2066 1466 2453 1521 attendendum
2509 1468 2701 1534 fuerat,
2759 1471 3059 1539 improbat:
3112 1474 3186 1527 ita
3225 1472 3369 1543 juste
3399 1489 3645 1530 revereri.

2067 1556 2328 1612 tissimum
2363 1558 2504 1613 Ibam
2534 1561 2783 1629 absolvit,
2816 1560 3039 1633 ejusque
3063 1565 3365 1634 epistolam,
3400 1571 3645 1637 quamvis

2066 1644 2283 1701 beatum
2313 1647 2568 1718 Cyrillum
2621 1651 2969 1721 vituperaret,
3045 1657 3406 1724 pronuntiavit
3459 1659 3644 1714 orthii.

2073 1739 2290 1806 dottam,
2320 1742 2446 1810 quia
2478 1742 2634 1798 ﬁdem
2682 1743 2848 1812 ipsius
2876 1745 3088 1816 Cyrilli,
3118 1749 3261 1816 quod
3284 1750 3452 1821 magis
3479 1762 3647 1807 atteu.

378 1828 470 1885 illo
515 1828 829 1883 fallebantur
877 1829 958 1883 sui
1014 1829 1256 1900 collegae,
1289 1833 1472 1901 quanti
1503 1833 1767 1901 pendebat
1812 1836 1955 1905 quod
1988 1833 2032 1893 B
2060 1826 2295 1883 dendum
2323 1829 2516 1896 fuerat,
2552 1834 2831 1901 approbat.
2871 1834 3002 1891 Vide
3050 1837 3181 1906 quid
3227 1837 3317 1894 ille
3360 1840 3647 1909 praeclarus

380 1934 476 1986 pro
524 1918 650 1977 fidei
693 1920 970 1975 catholica:
1017 1920 1243 1980 veritate
1290 1924 1627 1989 certarent',
1681 1924 1957 1993 magisque

376 2011 589 2064 volebat
633 2010 1046 2067 consacerdotes
1092 2028 1218 2069 suos
1265 2028 1505 2068 errorem
1537 2015 1588 2068 in
1619 2029 1777 2085 quem
1806 2016 1954 2070 illum

378 2088 631 2159 incidisse
687 2112 1023 2173 putaverant,
1049 2103 1165 2159 sine
1197 2120 1439 2173 personae
1468 2109 1779 2177 acceptione
1806 2108 1956 2163 dam-

378 2210 532 2261 nare,
587 2212 745 2266 quam
793 2211 887 2253 eos
941 2212 1039 2267 pro
1078 2212 1170 2253 sua
1227 2213 1455 2268 persona
1483 2198 1769 2256 defendere
1812 2200 1956 2271 quod

377 2286 534 2345 ernt’
570 2288 896 2340 contrarium
930 2288 1163 2343 veritati.
1197 2289 1492 2344 Audiamus
1526 2292 1836 2359 Apostolum
1867 2291 1951 2347 di-

377 2387 586 2432 centetn
642 2378 876 2433 Calatis:
909 2377 1017 2434 Sed
1044 2378 1160 2433 licet
1203 2396 1316 2444 nos,
1360 2390 1451 2434 aut
1482 2381 1696 2450 angelus
1743 2382 1805 2435 de
1830 2382 1956 2438 mlo

377 2451 679 2541 cvangelizct
708 2470 844 2525 vobis
868 2481 1202 2543 prwterquatn
1226 2473 1360 2541 quod
1402 2474 1852 2542 euangelizavimns
1869 2491 1955 2533 vo-

377 2563 473 2630 bis,
505 2566 777 2618 anathema
816 2566 914 2618 sit:
956 2565 1084 2616 sicut
1132 2564 1485 2635 prtediximus,
1523 2574 1569 2622 et
1598 2582 1733 2621 nunc
1771 2568 1954 2625 iterans

377 2656 511 2722 dico,
542 2657 587 2710 si
616 2657 726 2723 quis
758 2657 892 2709 vobis
920 2654 1331 2726 euangelizaverit
1353 2665 1535 2724 pt'azter
1564 2657 1617 2709 id
1644 2659 1781 2729 quod
1811 2676 1957 2714 acce-

339 2774 355 2785 -
378 2747 543 2817 piatis,
575 2747 845 2801 anathema
871 2747 932 2801 sit
972 2747 989 2818 (
1014 2745 1133 2800 Gal.
1166 2762 1209 2811 ι,
1235 2751 1267 2807 8
1275 2761 1318 2815 ).
1347 2746 1482 2803 Cum
1508 2763 1638 2820 ergo
1666 2750 1956 2819 Apostolus

379 2853 482 2891 non
514 2847 719 2893 tantum
744 2853 824 2905 se,
854 2852 1039 2893 verum
1062 2838 1219 2892 etiam
1254 2838 1499 2907 angelum
1518 2839 1586 2894 de
1605 2842 1764 2908 cmlo,
1796 2856 1955 2896 evan-

379 2929 690 3000 gelizantent
724 2938 1075 2999 praeterquam
1106 2927 1246 2998 quod
1286 2931 1774 2999 evangelizaverat,
1823 2947 1952 2987 ana-

380 3025 555 3078 thema
598 3037 719 3077 esse
766 3021 1034 3088 maluerit,
1089 3035 1246 3091 quam
1282 3029 1340 3075 ut
1367 3021 1563 3076 Christi
1597 3022 1835 3078 ﬁdelesa
1868 3024 1957 3077 lir-

380 3117 561 3170 tnitate
614 3114 884 3184 praedicati
942 3113 1044 3168 sibi
1075 3113 1345 3184 Evangelii
1388 3126 1957 3186 ntoverentur:quuu-

2060 1918 2345 1987 episcopus
2381 1920 2552 1976 inanis
2580 1923 2768 1992 gloria:
2788 1925 3214 1984 studiosissimus
3241 1932 3612 1999 contemptor“
3632 1973 3647 1996 ,

2059 2014 2115 2061 et
2144 2017 2352 2063 amator
2372 2011 2768 2066 sineerissimus
2788 2014 3052 2083 veritatis,
3084 2016 3105 2046 ‘
3123 2018 3451 2086 Augustinus
3467 2021 3642 2078 dicati

2066 2115 2085 2149 ι
2124 2098 2184 2152 ln
2213 2102 2436 2157 exordio
2480 2103 2739 2158 librorum
2774 2120 3017 2161 meorum
3055 2108 3369 2176 opinaturus
3419 2126 3505 2166 me
3527 2126 3648 2168 scn-

2058 2190 2198 2247 sisse
2242 2195 2383 2264 quod
2431 2209 2539 2250 non
2567 2196 2738 2255 sensi:
2770 2211 2997 2267 quorum
3028 2214 3269 2257 errorem
3301 2201 3431 2257 mihi
3480 2203 3641 2263 tribui

2058 2296 2166 2339 non
2187 2284 2383 2340 debere
2429 2286 2549 2356 quis
2578 2289 2802 2355 nesciat,
2831 2289 2876 2344 si
2924 2292 3069 2344 velut
3109 2307 3196 2346 me
3224 2306 3509 2364 sequentes
3537 2313 3636 2352 ne-

2057 2388 2163 2442 que
2206 2376 2691 2446 apprehendentes,
2721 2379 3052 2436 deviaverint
3095 2383 3148 2436 in
3177 2384 3409 2454 aliquam
3442 2386 3644 2442 falsitav

2059 2473 2188 2531 tem,
2238 2468 2363 2523 dum
2412 2484 2507 2539 per
2548 2471 2791 2540 quaedam
2823 2470 2989 2527 densa
3033 2482 3088 2527 et
3116 2488 3280 2543 opaca
3309 2489 3473 2545 cogor
3501 2477 3642 2535 viant

2058 2561 2315 2627 carpere?
2354 2561 2784 2632 quandoquidem
2816 2578 2917 2621 nec
2945 2564 3073 2633 ipsis
3110 2567 3312 2621 sanctis
3341 2568 3645 2626 divinorum

2058 2647 2316 2705 librorum
2363 2652 2770 2708 auatoritatibus
2816 2652 2924 2707 ullo
2972 2654 3131 2709 modo
3160 2660 3443 2725 quisquam
3482 2670 3640 2719 recte

2059 2740 2304 2795 tribuerit
2326 2750 2431 2795 tam
2463 2743 2660 2799 multos
2688 2752 2743 2798 et
2783 2744 2962 2801 varios
2987 2760 3200 2801 errores
3232 2748 3640 2805 haereticorum:

2057 2845 2179 2886 cum
2202 2848 2390 2888 omnes
2412 2849 2475 2890 ex
2506 2834 2710 2890 eisdem
2750 2836 3039 2907 Scriptmis
3059 2838 3216 2894 falsas
3238 2851 3398 2910 atque
3429 2842 3647 2899 fallaces

2058 2924 2341 2994 opiniones
2388 2942 2513 2985 suas
2565 2938 2831 2983 conentur
2890 2930 3200 2987 defendere.
3254 2933 3519 2990 Admonet
3565 2949 3648 2995 tne

2059 3018 2239 3086 plane,
2282 3032 2345 3072 ac
2374 3019 2503 3073 mihi
2527 3018 2683 3089 jubet
2709 3022 3029 3077 suavissimo
3059 3024 3284 3092 imperio
3318 3026 3401 3080 les
3425 3026 3645 3093 Christi,

2062 3113 2164 3166 hoc
2190 3119 2269 3165 est
2292 3111 2553 3178 charitas,
2580 3122 2635 3167 ut
2655 3128 2777 3168 eum
2796 3113 2992 3184 aliquid
3016 3114 3130 3170 falsi
3162 3116 3212 3169 in
3231 3116 3380 3172 hbris
3407 3119 3541 3174 meis
3566 3133 3650 3178 me

381 3214 490 3260 tum
540 3206 728 3263 beatus
775 3204 1007 3280 Cyrillus
1050 3203 1214 3259 laetari
1255 3203 1490 3274 potuisse
1533 3205 1834 3262 credendus
1854 3216 1956 3275 est,
1989 3203 2035 3265 C
2067 3201 2303 3256 sensisse
2352 3201 2597 3260 homines
2629 3212 2817 3273 putant
2845 3206 2987 3275 quod
3030 3220 3129 3276 ego
3162 3222 3264 3262 non
3303 3208 3467 3276 sensi,
3493 3222 3651 3278 atque

378 3312 497 3351 eum
527 3312 587 3351 se
616 3298 905 3351 videretob
935 3310 1051 3356 eam
1083 3296 1240 3350 fidem
1271 3312 1428 3366 quam
1459 3298 1695 3364 tenebat,
1721 3309 1775 3354 et
1804 3316 1962 3369 quam

382 3372 447 3442 sb
478 3387 725 3445 omnibus
758 3388 926 3442 teneri
981 3385 1214 3454 volebat,
1257 3402 1286 3440 a
1340 3388 1451 3439 suis
1493 3389 1966 3448 consacerdotibus

383 3479 660 3539 lnsectari!
684 3480 835 3553 Quod
866 3479 1010 3533 enim
1045 3479 1096 3532 in
1126 3478 1219 3532 illo
1262 3477 1603 3542 fallebantur,
1628 3494 1727 3533 nec
1758 3480 1828 3533 ibi
1851 3495 1967 3535 cre-

381 3574 758 3627 debatstatum
795 3569 916 3631 fidei
946 3568 1263 3624 Christiana:
1303 3580 1571 3635 constare,
1605 3584 1706 3623 nec
1735 3573 1968 3628 aestima—

380 3667 471 3722 ωε
504 3666 594 3720 diu
623 3681 745 3725 esse
775 3680 1056 3721 mansuros
1077 3663 1099 3694 ⁸
1118 3704 1134 3731 ,
1165 3678 1287 3718 cum
1316 3664 1370 3717 in
1415 3664 1531 3731 ejus
1552 3672 1699 3719 esset
1729 3673 1969 3734 potesta-

378 3770 454 3824 te,
484 3755 626 3827 quod
661 3755 1000 3827 postmodum
1056 3755 1203 3818 fecit,
1253 3754 1518 3812 dietorum
1570 3768 1789 3813 suorum
1833 3771 1967 3826 pan.

380 3847 509 3902 dere
533 3848 813 3908 rationem,
849 3853 900 3899 et
951 3845 1144 3899 sedare
1183 3842 1338 3898 aliter
1366 3843 1744 3902 aestimantium
1772 3855 1965 3906 motus.

381 3938 535 4005 Quod
566 3947 742 3994 autem
788 3936 1035 4003 ﬁdeliter,
1068 3937 1213 4007 quod
1232 3945 1564 4004 constanter,
1592 3952 1654 3995 ea
1682 3954 1801 4008 qua:
1829 3942 1970 3996 veri-

383 4029 507 4083 tatis
532 4029 744 4085 fuerant
771 4030 1107 4093 asserebant,
1137 4029 1380 4096 quamvis
1395 4036 1581 4082 contra
1602 4030 1775 4098 ipsum
1800 4029 1969 4086 asseri
1996 4033 2004 4041 '

384 4132 605 4173 necesse
632 4134 735 4173 non
769 4116 968 4184 fuerat,
1008 4118 1077 4173 ibi
1125 4127 1286 4172 rectae
1318 4116 1437 4171 fidei
1469 4127 1686 4184 statum,
1721 4118 1790 4172 ibi
1818 4134 1967 4173 suam

386 4207 703 4277 lllorumque
733 4209 980 4277 salutem,
1016 4207 1087 4262 ibi
1121 4207 1483 4262 Ecclesiarutn
1506 4208 1744 4265 omnium
1774 4208 1840 4263 de
1865 4225 1970 4264 cte-

389 4309 505 4355 tero
528 4299 828 4357 firmitatem
874 4300 1169 4355 consistere
1192 4297 1483 4366 judicabat,
1534 4309 1591 4351 ut
1618 4299 1686 4353 de
1726 4299 1970 4354 incarna-

387 4391 546 4448 tionis
574 4387 853 4443 dominicae
879 4395 1220 4444 sacramento
1243 4402 1400 4445 nemo
1428 4387 1701 4441 dubitaret
1723 4388 1965 4452 ulterius,

388 4482 455 4538 de
476 4497 580 4554 quo
609 4482 766 4536 etiam
797 4482 935 4534 inter
985 4479 1303 4535 dissidentes
1352 4493 1415 4532 ac
1455 4478 1520 4533 de
1549 4493 1607 4533 se
1653 4479 1810 4533 aliter
1838 4494 1965 4533 sen-

2075 3293 2128 3349 id
2178 3293 2350 3363 ipsum
2400 3295 2594 3350 falsum
2642 3295 2793 3350 alteri
2826 3297 3094 3366 displicet,
3128 3298 3446 3354 malim'me
3468 3315 3651 3370 repre~

2074 3382 2232 3439 hendi
2263 3400 2291 3437 a
2322 3386 2712 3454 rcprehensore
2743 3386 3007 3453 falsitatis,
3046 3404 3203 3459 quam
3234 3390 3301 3444 ab
3328 3389 3444 3460 ejus
3467 3391 3650 3448 lauda.

2076 3484 2192 3531 tore
2222 3476 2447 3533 laudari.
2500 3480 2583 3532 Ab
2633 3479 2721 3531 illo
2769 3481 2910 3532 enim
2962 3480 3207 3548 quamvis
3232 3493 3334 3548 ego
3357 3494 3460 3535 non
3486 3491 3651 3548 recte,

2074 3569 2163 3636 qui
2198 3569 2297 3622 hoc
2326 3584 2431 3623 non
2456 3571 2740 3638 senserim,
2792 3586 2947 3625 error
2991 3581 3165 3625 tamen
3190 3574 3371 3628 recte'
3391 3574 3651 3643 vitupera.

2078 3668 2195 3722 tur;
2221 3659 2288 3712 ab
2332 3659 2433 3714 hoc
2461 3668 2639 3715 autem
2672 3675 2771 3714 nec
2816 3676 2915 3730 ego
2947 3672 3094 3716 recte
3118 3662 3324 3729 laudor,
3353 3679 3383 3717 a
3413 3680 3519 3733 quo
3546 3667 3650 3721 exi.

2075 3751 2265 3804 stimor
2310 3750 2360 3806 id
2405 3750 2667 3816 sensisse,
2710 3751 2852 3820 quod
2887 3753 3149 3820 vituperat
3171 3754 3386 3818 veritas,
3420 3769 3519 3810 nec
3542 3757 3653 3824 ipsa

2074 3840 2337 3896 sententia
2366 3856 2524 3910 quam
2550 3842 2815 3909 vituperat
2854 3842 3072 3897 veritas.
3115 3861 3133 3895 ι
3168 3843 3221 3898 Si
3249 3844 3376 3914 quid
3402 3847 3560 3914 igitur
3585 3853 3652 3904 ite

2072 3934 2232 3992 beato
2260 3932 2462 4005 Cyrillo
2507 3933 2645 3989 bene
2687 3934 2970 3997 sentimus,
3023 3932 3067 3986 si
3098 3933 3223 4002 quid
3266 3935 3314 3988 ei
3361 3936 3653 4002 prudentia

2074 4028 2159 4080 vel
2188 4025 2461 4081 charitatis
2490 4025 2827 4093 ascribimus,
2861 4026 3033 4095 ipsum
3065 4040 3279 4095 quoque
3325 4042 3446 4081 cum
3469 4028 3652 4099 justo'

2074 4118 2190 4169 viro
2219 4116 2479 4186 sapientia
2510 4123 2567 4171 et
2596 4116 2794 4185 pietate
2845 4115 3069 4184 pru-di'o
3122 4116 3417 4185 Augustino
3460 4119 3652 4172 creda-

2073 4220 2213 4271 tnus,
2244 4206 2386 4275 quod
2415 4221 2535 4260 cum
2565 4205 2699 4260 false
2729 4213 3006 4274 putaretur
3035 4205 3086 4259 in
3115 4206 3226 4260 suis
3252 4206 3501 4273 capitulis
3531 4222 3653 4262 seu-

2072 4294 2209 4369 sisse
2238 4298 2379 4366 quod
2426 4313 2532 4351 non
2556 4296 2748 4362 sensit,
2783 4296 3018 4352 malebat
3042 4309 3101 4350 se
3130 4297 3453 4365 reprehendi
3480 4301 3546 4354 ab
3568 4298 3653 4357 lha

2074 4388 2469 4457 reprehensore
2492 4388 2763 4457 falsitatis,
2794 4404 2956 4456 quam
2978 4387 3046 4442 ab
3067 4387 3306 4459 Eutyche
3332 4388 3447 4458 ejus
3471 4390 3653 4446 lauda-

2073 4488 2190 4535 tore
2237 4480 2465 4535 laudari.
2501 4480 2566 4539 Et
2594 4479 2641 4533 si
2686 4493 2826 4533 nunc
2873 4479 3167 4544 adviveret,
3200 4480 3316 4549 ipse
3339 4494 3549 4551 quoque
3577 4480 3651 4538 in.

380 4564 604 4639 tientes,
650 4585 753 4626 una
803 4570 1135 4625 inveniretur
1175 4569 1471 4638 eademque
1527 4571 1809 4624 sententia.
1856 4568 1963 4625 Cur
1992 4578 2038 4636 ο
2069 4581 2369 4640 terrogatus
2413 4586 2441 4625 a
2494 4570 2646 4624 nobis
2688 4568 3018 4638 respondere
3070 4577 3251 4637 posset
3276 4582 3339 4622 ac
3366 4568 3576 4624 dicere:
3606 4569 3652 4628 Λ

390 4666 570 4739 itaque
626 4663 985 4733 pusillanimes
1029 4676 1125 4718 nos
1157 4662 1226 4717 de
1272 4660 1592 4729 magnanimi
1622 4659 1803 4730 Gyrilli
1837 4675 1966 4731 gau-

391 4758 477 4810 dio
500 4756 910 4812 contristamur?
963 4768 1059 4807 cur
1090 4753 1213 4807 inde
1242 4753 1616 4821 perturbamus
1647 4751 1966 4817 Eeelcsiam,

380 4852 530 4904 unde
573 4848 640 4903 ab
666 4850 914 4901 omnibus
952 4857 1033 4901 est
1076 4845 1566 4917 perturbationibus
1594 4842 1967 4899 defendenda?

391 4963 484 5001 cur
513 4947 580 4999 de
629 4945 727 4996 hoc
769 4939 946 4994 ridere
990 4941 1178 4992 damus
1201 4939 1485 5003 haereticis,
1518 4939 1585 4993 de
1624 4953 1730 5008 quo
1754 4953 1783 4990 a
1811 4937 1966 4991 nobis

391 5035 643 5093 contundi
672 5031 1001 5088 debuerant?
1053 5030 1156 5083 Sed
1189 5031 1290 5082 hoc
1318 5038 1486 5083 totum
1516 5030 1623 5099 agit
1654 5043 1890 5098 princeps
1911 5038 1965 5083 et

391 5130 568 5199 ignara
600 5125 889 5191 temeritas,
939 5136 1058 5191 qua:
1101 5134 1271 5189 neque
1298 5121 1565 5189 quomodo
1593 5119 1964 5175 contradicen-

461 5259 480 5290 ⁸
520 5257 650 5311 Cod.
682 5255 908 5316 Verum,
941 5267 1059 5306 cum
1104 5251 1437 5305 vehementer.

462 5332 482 5360 ³
525 5329 664 5381 Idem
694 5326 813 5379 cod.
836 5367 850 5390 ,
896 5324 1014 5391 ﬁdei
1057 5321 1360 5375 Christiana:
1380 5318 1672 5389 defensione
1691 5328 1959 5373 certarent.

463 5398 483 5430 ³
524 5396 665 5454 Idem
694 5396 813 5449 cod.
842 5437 858 5462 ,
885 5406 977 5448 est.
1024 5458 1025 5461 η

462 5468 484 5499 ⁸
525 5470 666 5521 Idem
695 5466 815 5519 cod.
837 5508 851 5530 ,
884 5475 1200 5516 mansurum.

463 5540 485 5573 ⁸
524 5528 854 5603 ldemcod.,
898 5536 1010 5605 ejus
1069 5532 1234 5585 inanis
1283 5530 1459 5600 gloria
1517 5528 1966 5598 fastidiosissimus

392 5615 828 5732 ίωέιἨέἔιῗιξού.
847 5718 861 5741 ,
908 5672 1221 5741 Augustinus
1242 5672 1375 5724 dicat
1403 5671 1453 5722 in
1477 5670 1687 5722 exordio
1716 5668 1968 5741 librarum

392 5765 517 5822 quos
541 5748 604 5800 de
629 5740 879 5823 Trinitat’e
928 5740 1426 5823 scripsit,__drltemt_is
1448 5740 1776 5823 utter-tdrref-t
1808 5740 1968 5823 Arbi-

395 5811 509 5878 iror
546 5830 694 5877 sane,
730 5814 920 5881 inquit,
964 5813 1244 5865 ntmnullus
1275 5813 1532 5866 tardiores
1564 5812 1614 5864 iu
1648 5811 1964 5881 quibusdam

678 5911 950 5975 Ριιιιυι-.
1000 5904 1248 5968 LXV“.

2075 4676 2196 4714 meo
2238 4659 2535 4720 venerabili
2590 4658 2754 4717 fratre
2802 4658 2889 4715 Iba
2937 4666 2992 4712 et
3017 4657 3135 4711 aliis
3185 4658 3653 4714 consacerdotibus

2073 4754 2227 4817 meis,
2262 4752 2511 4820 quamvis
2554 4767 2653 4820 ego
2682 4767 2785 4805 non
2812 4760 2963 4807 recte
2989 4750 3076 4820 qui
3112 4750 3210 4805 hoc
3234 4765 3342 4805 non
3369 4749 3652 4814 senserim,

2070 4856 2225 4897 error
2256 4850 2432 4897 tamen
2468 4840 2581 4908 ipse
2620 4852 2765 4894 recte
2819 4839 3145 4906 vituperatus
3204 4845 3315 4903 est;
3368 4851 3398 4889 a
3426 4834 3654 4893 nefande

2071 4933 2188 4992 viro
2210 4933 2253 4964 ¹⁰
2283 4933 2543 5003 Eutyche,
2576 4930 2800 5000 ejusque
2827 4928 3196 4999 complicibus,
3238 4941 3336 4980 nec
3361 4941 3462 4993 ego
3512 4933 3653 4985 recte

2072 5021 2283 5089 laudor,
2316 5039 2344 5075 a
2385 5021 2580 5095 quibus
2614 5019 2891 5079 existimor
2936 5018 2986 5071 id
3016 5016 3250 5075 sensisse
3277 5013 3416 5083 quod
3445 5014 3652 5083 vitupes

2072 5126 2156 5171 rat
2175 5116 2391 5181 veritas,
2418 5128 2516 5168 nec
2542 5113 2655 5181 ipsa
2677 5109 2939 5165 sententia
2964 5124 3120 5179 quam
3144 5106 3406 5174 vituperat
3432 5106 3649 5167 veritas.

2070 5246 2204 5302 locis
2233 5246 2492 5301 librorum
2515 5242 3094 5319 meorum_opinaturos
3121 5254 3205 5294 me
3224 5238 3591 5319 sensissent“.
3626 5258 3644 5290 ι

2072 5318 2256 5376 Priora
2276 5317 2466 5382 verba,
2495 5329 2663 5384 usque
2704 5312 2775 5384 ad
2800 5309 3212 5384 Arbitror,_sunt
3263 5309 3519 5384 Facundi,
3546 5324 3652 5366 non

2074 5387 2390 5457 Augustini;
2439 5378 2714 5457 sequentia
2765 5382 3026 5437 habentur
3062 5379 3203 5434 lih.t
3260 5379 3329 5435 de
3373 5378 3650 5449 Trinitate,

2071 5455 2190 5528 eap'.
2213 5456 2264 5521 3,
2294 5471 2445 5511 num.
2467 5455 2520 5510 6.
3247 5520 3257 5531 .

2143 5530 2163 5561 ⁷
2198 5528 2347 5582 Idem
2402 5525 2559 5593 cod.,
2609 5524 2757 5585 alteri
2807 5522 3062 5595 displicet,
3109 5520 3258 5574 alteri
3306 5519 3496 5589 placet,
3547 5533 3659 5578 ma.

2075 5601 2186 5679 lini,
2208 5608 2355 5679 -c_tc.,
2385 5599 2501 5679 lat-_o
2522 5597 2614 5650 cit.
2752 5666 2763 5679 ν
2898 5664 2911 5679 _
3072 5664 3082 5673 _

2146 5671 2167 5701 ⁸
2207 5668 2349 5746 idem
2380 5666 2522 5746 ρος..
2558 5666 2873 5746 tamenipse,
2898 5664 3015 5720 loco
3038 5664 3126 5718 cit.

2146 5741 2169 5773 ν
2208 5739 2350 5793 Idem
2381 5736 2527 5802 cod.,
2567 5736 2688 5789 ista.

2150 5810 2190 5840 "
2216 5807 2373 5877 idem
2394 5806 2513 5863 cod.
2528 5848 2541 5873 ,
2564 5821 2698 5861 vero.

3152 5895 3233 5961 92
