4114 6486
439 259 543 316 685

1518 249 1814 309 FACUNUI
1859 243 2066 302 Ei’ZSC.
2111 239 2620 299 ιιεωιιΑΝιςΝειδ

3622 229 3744 286 685·

1271 357 3731 392 MM

1563 454 1906 539 LIBER
1997 446 2610 532 SEPTIMUS.

1843 587 2348 612 Μ

952 659 1180 717 CAPUT
1219 659 1508 716 PRIMUM.

445 760 598 830 Quod
624 757 746 830 Ibus
791 757 846 809 in
862 752 1090 830 cpistola
1117 768 1212 806 sua
1235 769 1392 806 unam
1415 749 1613 806 Christi
1635 749 1892 830 virtutem
1919 761 2037 829 cum

514 833 666 898 dicit,
699 829 830 882 datas
855 817 911 880 iri
941 825 1387 905 Christopaturas
1417 838 1522 876 non
1550 821 1773 893 negauit,
1803 817 1892 873 sed
1913 818 2036 871 uni-

515 918 629 956 cam
669 912 939 970 personant
969 908 1216 952 asseruit.

516 1017 636 1072 Non
677 1015 868 1084 ignoro
909 1011 1054 1083 quod
1089 1010 1354 1079 imperitis
1399 1023 1578 1065 rerum
1623 1003 2042 1062 aestimatoribus

448 1105 900 1166 absolvendarum
937 1105 1295 1173 qua-stionum
1338 1101 1482 1156 lenta
1527 1109 1582 1156 et
1625 1098 1801 1152 minus
1848 1095 2044 1152 efficax

450 1203 697 1258 videatur
725 1199 918 1254 oratio.
951 1196 1164 1252 Etenim
1194 1198 1318 1265 quia
1357 1197 1816 1262 circumspectans
1864 1189 2046 1243 omnia

450 1307 612 1352 cauto
641 1295 820 1362 potius
851 1301 906 1346 et
935 1289 1216 1360 ettplorato
1244 1302 1403 1357 quam
1433 1286 1632 1341 festino
1662 1283 1827 1356 gradu
1860 1295 2050 1352 proce-

451 1387 552 1453 dit,
577 1385 703 1440 hinc
733 1384 802 1438 ab
841 1381 922 1438 eis
955 1381 1026 1435 de
1067 1379 1316 1434 tarditate
1351 1373 1868 1447 culpaturFDeinde
1910 1387 2048 1440 quo-

453 1478 598 1533 niam
626 1489 724 1546 pro
753 1471 1074 1528 difﬁcultate
1103 1485 1315 1541 quoque
1343 1468 1668 1524 conditionis
1718 1481 1849 1532 suat,
1876 1475 1934 1519 ut
1961 1478 2052 1519 ca-

453 1569 716 1629 lumniam
740 1567 1070 1632 insidiantis,
1105 1566 1186 1620 vel
1219 1563 1580 1632 ignorantiam
1630 1560 1810 1615 minus
1852 1555 2052 1611 intelli-

455 1665 655 1736 gentis,
693 1675 824 1732 quae
870 1661 922 1715 in
968 1661 1254 1730 superficie
1300 1673 1480 1714 rerum
1519 1657 1910 1725 verborumque
1935 1668 2056 1707 ver-

455 1765 663 1816 santur,
693 1753 968 1817 excludat,
1019 1767 1241 1807 necesse
1289 1752 1450 1807 habet
1495 1751 1778 1805 subtiliore
1829 1755 2057 1802 tractatu

457 1849 662 1906 intima:
691 1845 935 1901 veritatis
961 1855 1175 1898 secreta
1203 1842 1446 1912 quaedam
1472 1856 1536 1896 ac
1567 1840 1880 1909 penetralia,
1915 1835 2057 1905 quod

460 1953 568 1994 non
595 1935 1006 2006 citoprovenit,
1038 1933 1290 1987 omnibus
1312 1931 1523 2002 aperire
1557 1949 1570 1984 :
1607 1931 1708 1985 hoc
1739 1930 1811 1984 illi
1834 1929 2059 1999 quicum

2064 665 2110 714 Α
2139 662 2224 706 cte
2255 651 2307 705 in
2333 648 2484 703 Actis
2510 645 2878 715 apostolorum
2908 642 3181 698 diceretur
3211 660 3223 695 :
3260 639 3609 696 Multitudinis
3640 655 3741 690 au-

2142 754 2244 798 tem
2293 741 2607 796 credentium
2650 748 2757 792 erat
2803 752 2890 790 cor
2933 732 3144 807 [unum]
3174 745 3220 789 et
3251 735 3424 789 anima
3467 752 3570 788 una
3600 733 3741 805 (Act.

2141 852 2219 901 tv,
2249 833 2376 905 ‘52),
2406 831 2676 902 quomodo
2719 841 2864 884 reete
2895 827 3002 883 dici
3052 843 3156 882 non
3201 829 3398 898 potuit,
3448 825 3590 897 quod
3636 839 3744 880 una

2144 925 2315 982 virtus
2342 926 2409 980 sit
2438 923 2555 992 ejus
2584 935 2866 991 personat,
2909 921 3066 989 cujus
3105 919 3248 975 dono
3288 919 3484 975 factum
3526 926 3642 981 est,
3691 927 3747 971 ut

2146 1019 2235 1075 illa
2265 1014 2554 1071 multitudo
2580 1014 2738 1068 unius
2758 1021 2903 1067 esset
2925 1012 3105 1066 cordis
3141 1020 3198 1066 et
3243 1009 3476 1065 animat?
3517 1008 3670 1076 Quod
3704 1011 3748 1064 si

2149 1107 2506 1178 respondetur
2565 1105 2690 1176 quia
2759 1103 2905 1158 illius
2985 1102 3344 1158 multitudinis
3413 1101 3750 1157 credentium

2153 1209 2434 1270 prepterea
2466 1196 2569 1252 dici
2596 1196 2618 1228 ³
2647 1198 2817 1266 potuit
2857 1209 3020 1248 unum
3082 1193 3246 1250 fuisse
3288 1209 3386 1248 cor
3432 1201 3489 1249 et
3516 1194 3751 1248 animant

2153 1308 2334 1356 unam,
2359 1289 2502 1361 quod
2531 1303 2722 1343 omnes
2753 1289 2911 1358 unius
2945 1297 3152 1341 natura:
3194 1285 3416 1350 fuerint,
3455 1286 3506 1340 id
3537 1293 3621 1340 est
3651 1285 3754 1337 hu-

2156 1399 2358 1448 manm;
2397 1381 2604 1436 Domini
2637 1390 2814 1434 autem
2847 1379 2976 1435 Jesu
3018 1376 3218 1432 Christi
3250 1378 3370 1431 diue
3416 1391 3480 1431 ac
3521 1375 3754 1431 diversa

2159 1485 2364 1530 natura:
2395 1474 2505 1529 sint
2538 1489 2551 1525 :
2587 1471 2890 1539 intelligant
2933 1463 3199 1539 imprimis
3244 1472 3366 1539 quia
3409 1483 3515 1522 non
3555 1468 3764 1522 idcirco

2160 1566 2374 1620 illorum
2416 1562 2753 1620 credentium
2809 1571 2924 1615 erat
2977 1575 3070 1615 cor
3123 1570 3177 1616 et
3215 1558 3392 1614 anima
3442 1573 3566 1624 una,
3613 1558 3757 1627 quod

2164 1659 2322 1710 unius
2343 1663 2550 1708 natura:
2572 1652 2794 1718 fuerint,
2829 1652 2921 1706 sed
2949 1651 3124 1721 potius
3161 1652 3302 1720 quod
3345 1664 3482 1705 unus
3509 1649 3760 1708 Christus

2163 1751 2384 1821 Spiritus
2422 1748 2563 1803 hanc
2611 1745 2720 1800 illis
2754 1744 3068 1815 praestiterit
3113 1746 3401 1802 unitatem.
3453 1743 3570 1798 Non
3615 1741 3760 1799 enim

2166 1852 2356 1897 natura
2398 1853 2498 1894 nos
2536 1840 2850 1902 unanimes,
2881 1836 2976 1891 sed
2999 1837 3305 1890 animorum
3335 1835 3567 1892 societas
3612 1834 3762 1888 facit.

2167 1932 2373 1986 Deinde
2415 1929 2761 1985 coitsidercnt
2803 1927 2943 1996 quod
2996 1927 3063 1983 ad
3114 1925 3425 1982 Corinthios
3463 1926 3760 1997 Apostolus

466 2031 775 2099 incapaces,
806 2039 916 2080 tum
945 2026 1109 2080 etiam
1132 2026 1478 2094 impatientes
1506 2033 1630 2078 sunt
1655 2021 1903 2082 rationis,
1939 2033 2056 2073 mo-
2096 2040 2141 2100 Β
2167 2023 2299 2078 dicit
2337 2039 2350 2075 :
2391 2025 2467 2076 Au
2511 2021 2720 2076 nescitis
2777 2019 3020 2089 quoniam
3076 2021 3164 2089 qui
3211 2020 3440 2074 adliceret
3491 2018 3766 2088 meretrici,

465 2122 758 2179 lestissime
785 2120 986 2173 ferunt.
1009 2117 1178 2171 Nemo
1205 2117 1346 2171 enim
1389 2131 1439 2168 m
1460 2115 1558 2183 σείς
1599 2115 1665 2169 de
1694 2109 2061 2166 ratiocinantis

466 2226 616 2269 mora
646 2218 931 2272 causatur,
964 2223 1124 2277 quam
1176 2207 1267 2262 ille
1313 2205 1467 2276 cujus
1523 2221 1618 2274 per
1662 2219 1782 2260 eam
1825 2199 2082 2256 tarditati

467 2302 784 2360 consulitur.
830 2299 938 2354 Nos
987 2310 1165 2355 autem
1213 2299 1534 2366 sapientium
1581 2297 1752 2368 magis
1801 2294 2064 2365 judicium

467 2409 720 2452 veremur
748 2393 1047 2457 offendere,
1081 2407 1110 2446 a
1133 2390 1328 2461 quibus
1357 2391 1486 2445 hinc
1518 2389 1536 2421 ί
1565 2389 1804 2460 profecto
1829 2384 2067 2453 culpabi-

470 2502 612 2550 mur,
643 2483 691 2539 si
720 2484 863 2552 quod
902 2497 1079 2538 causa:
1112 2482 1313 2537 utilitas
1342 2481 1573 2536 maxime
1623 2480 1858 2550 postulat
1906 2475 2070 2532 omit-

469 2587 668 2632 tamus.
703 2574 774 2629 Et
811 2573 932 2628 Ideo
957 2572 1306 2643 quaerendum
1353 2580 1438 2627 est
1480 2570 1782 2642 cujusutodi
1813 2569 1918 2624 sint
1966 2566 2070 2621 alia

475 2684 573 2738 pro
603 2667 800 2738 quibus
829 2665 1060 2736 epistola
1109 2665 1433 2720 venerabilis
1463 2665 1566 2719 Iba:
1603 2664 1674 2720 ἀί(
1693 2664 1802 2718 itur
1840 2679 1946 2718 non
1977 2659 2073 2715 de-

471 2759 654 2816 buisse
673 2756 976 2813 orthodoxa
1004 2755 1256 2825 iudicari.
1288 2756 1420 2808 Nam
1453 2755 1578 2824 quia
1625 2754 1766 2808 idem
1821 2768 2076 2808 reveren-

469 2849 715 2906 tissintus
742 2847 862 2903 thas
882 2849 1044 2903 etiam
1092 2847 1252 2901 fidem
1282 2861 1433 2900 suam
1483 2844 1748 2900 confitens
1773 2844 1846 2898 ait
1877 2860 1891 2897 ε
1927 2863 1944 2895 ι
1975 2845 2076 2900 Ec-

475 2943 640 2999 clesia
668 2941 816 2996 enim
848 2940 926 2996 sic
956 2941 1109 3007 dicit,
1143 2941 1279 2994 sicut
1319 2946 1376 2994 et
1402 2948 1494 2993 tua
1537 2939 1794 2993 sanctitas
1827 2939 1993 3004 novit,
2023 2949 2079 2993 et

475 3036 613 3092 sicut
639 3049 667 3087 a
702 3034 966 3104 principio
997 3034 1205 3098 didicit,
1236 3045 1290 3087 et
1315 3031 1633 3088 confirmata
1663 3041 1747 3087 est
1767 3031 1949 3086 divina
1976 3031 2078 3087 do-

481 3127 656 3184 ctrina
685 3141 752 3182 ex
777 3125 930 3181 libris
959 3127 1236 3180 beatorum
1268 3125 1504 3192 Patrum,
1541 3125 1658 3179 dua:
1699 3135 1934 3190 naturai,
1977 3138 2080 3178 una

479 3221 678 3284 virtus,
714 3233 816 3271 una
847 3231 1098 3287 perstvna,
1143 3218 1285 3287 quod
1331 3226 1415 3271 est
1462 3231 1599 3270 unus
1631 3216 1794 3271 Filius
1825 3214 2084 3270 Dominus

480 3309 639 3365 Jesus
668 3307 938 3362 Christus.
981 3326 998 3358 ο
1044 3297 1186 3361 τί-Ιίιιο
1217 3308 1305 3361 alii
1348 3321 1533 3361 tursus
1571 3323 1691 3361 eum
1741 3321 1774 3362 e
1813 3314 2001 3361 contra
2034 3307 2086 3361 io

2169 2133 2330 2170 unum
2375 2131 2558 2184 corpus
2604 2112 2851 2184 efﬁcitur?
2896 2112 3065 2167 Erunt
3117 2113 3268 2181 enim,
3323 2112 3509 2182 inquit,
3556 2113 3662 2165 duo
3713 2111 3768 2167 in

2168 2225 2322 2264 carne
2348 2225 2452 2262 uua
2507 2207 2611 2272 Qui
2639 2220 2808 2262 autem
2836 2207 3064 2262 adhazret
3098 2205 3227 2274 Deo,
3278 2223 3414 2260 unus
3450 2205 3662 2277 spiritus
3692 2214 3769 2262 et!

2171 2282 2227 2373 (Ῐ
2257 2299 2382 2356 Cor.
2411 2315 2485 2366 vt,
2518 2301 2636 2372 i6).
2670 2300 2725 2356 Si
2750 2310 2926 2354 autem
2959 2315 3065 2354 non
3097 2301 3274 2356 solum
3305 2298 3373 2355 de
3401 2299 3639 2366 naturis,
3673 2314 3772 2352 ve-

2172 2408 2290 2448 rum
2323 2393 2484 2447 etiam
2525 2393 2593 2447 de
2641 2392 2888 2461 personis
2943 2391 3187 2447 divinis“
3217 2401 3364 2448 recte
3405 2391 3603 2446 dictum
3661 2401 3772 2462 est,

2177 2487 2278 2554 Qui
2297 2497 2468 2541 autem
2497 2486 2724 2540 adhaeret
2766 2484 3030 2553 Domino,
3071 2502 3202 2539 unus
3245 2485 3454 2556 spiritus
3491 2496 3563 2538 est
3589 2499 3773 2554 :quo-

2176 2579 2336 2634 tnodo
2366 2590 2513 2633 recte
2542 2578 2745 2633 dictum
2775 2591 2879 2632 non
2910 2587 3090 2647 potest
3111 2577 3368 2647 intelligi,
3398 2574 3537 2645 quod
3570 2576 3620 2630 in
3645 2576 3771 2646 epi-

2177 2671 2312 2726 stola
2367 2669 2693 2725 venerabilis
2742 2670 2846 2724 lbae
2896 2679 3080 2724 sancta
3133 2670 3370 2741 synodus
3417 2669 3772 2739 approbavit,

2180 2766 2305 2834 quia
2331 2779 2433 2818 una
2461 2763 2627 2818 virtus
2653 2772 2737 2819 est
2765 2764 2926 2818 unius
2959 2777 3200 2833 personae
3233 2760 3440 2816 Domini
3463 2761 3590 2816 Jesu
3615 2760 3776 2835 Chri-g

2181 2857 2285 2912 sti?
2315 2857 2402 2923 Et,
2433 2857 2477 2910 si
2509 2855 2683 2911 fidelis
2716 2857 2979 2927 quisque,
3029 2871 3122 2926 per
3160 2856 3354 2911 bonam
3404 2853 3777 2909 tantummodo

2183 2951 2509 3004 voluntatem
2537 2949 2822 3004 adhaerens
2850 2950 3079 3004 Domino
3111 2965 3248 3005 unus
3270 2964 3390 3005 cum
3425 2949 3514 3004 illa
3553 2949 3779 3018 spiritus

2185 3041 2278 3104 sit,
2311 3041 2555 3108 quamvis
2597 3055 2701 3094 non
2748 3042 2818 3095 sit
2857 3055 2960 3094 una
2997 3055 3244 3108 persona,
3273 3049 3473 3107 quanto
3512 3040 3680 3110 magis
3723 3041 3778 3094 in

2186 3131 2406 3187 ChriSto
2431 3140 2576 3185 recte
2605 3131 2709 3184 dici
2735 3131 2910 3200 potuit
2939 3130 3079 3199 quod
3105 3147 3205 3184 una
3234 3131 3301 3184 sit
3327 3131 3518 3197 virtus,
3562 3129 3646 3184 ubi
3679 3133 3780 3183 nae

2191 3232 2429 3278 turarum
2457 3233 2726 3276 conventu
2753 3239 2855 3275 una
2888 3221 3021 3276 f.:cta
3051 3231 3138 3277 est
3167 3223 3259 3278 Dei
3292 3221 3633 3291 hominiSque
3658 3238 3781 3291 pcr-

2191 3315 2360 3368 sona?
2391 3313 2634 3380 Amplius
2657 3322 2833 3367 autem
2876 3319 2960 3366 est
3002 3328 3065 3366 ac
3105 3313 3384 3382 superius,
3421 3311 3466 3367 si
3501 3313 3621 3382 quis
3658 3311 3783 3379 dili-

481 3398 910 3468 repreltcndunt,
939 3401 1078 3468 quod
1109 3415 1266 3454 unam
1297 3400 1506 3454 Domini
1540 3401 1668 3455 Jesu
1694 3399 1888 3454 Christi
1923 3401 2082 3455 dixe—
2115 3421 2160 3482 ρ
2193 3417 2379 3476 genter
2404 3407 2665 3471 attendat,
2697 3405 2838 3477 quod
2876 3405 3164 3470 Apostolus
3207 3404 3280 3459 ait
3307 3423 3318 3458 :
3354 3405 3454 3472 Qui
3485 3413 3651 3458 autem
3682 3403 3783 3458 ad-

483 3494 554 3547 rit
579 3505 701 3547 esse
721 3493 1000 3545 virtutem.
1044 3493 1208 3546 Aiunt
1255 3492 1400 3545 enim
1437 3508 1448 3543 :
1481 3489 1581 3559 Qui
1637 3490 1751 3546 fieri
1801 3502 1977 3559 potest
2019 3499 2081 3546 ut

483 3582 711 3638 duarum
766 3596 797 3636 a
851 3595 909 3635 se
948 3582 1106 3648 longe
1152 3582 1462 3636 distantium
1513 3591 1868 3648 naturarum,
1919 3582 2085 3638 idest

485 3675 701 3732 deitatis
727 3681 785 3731 et
815 3675 1194 3740 humanitatis,
1242 3690 1343 3730 una
1387 3675 1455 3729 sit
1491 3674 1695 3730 virtus?
1734 3690 1799 3728 ac
1827 3690 1924 3745 per
1957 3675 2082 3740 hoc,

483 3783 607 3824 cum
640 3782 743 3822 una
782 3767 982 3822 dicitur
1025 3767 1233 3833 virtus,
1280 3777 1593 3821 naturarum
1627 3768 1912 3823 diversitas
1945 3767 2087 3822 tolli-

489 3874 594 3926 tur,
628 3869 686 3916 ut
732 3861 1025 3915 secundum
1051 3860 1312 3931 Eutycltis
1363 3859 1692 3914 dementiam
1723 3869 1748 3896 λ
1778 3875 1882 3913 una
1925 3860 2085 3914 etiam

489 3953 735 4008 videatur
763 3966 884 4006 esse
915 3960 1125 4004 natura.
1161 3951 1328 4004 Porro
1355 3949 1473 4004 hate
1500 3950 1765 4015 dicentes,
1805 3949 2084 4004 nobiscum

493 4044 734 4113 profecto
764 4051 1116 4097 memoratam
1143 4041 1423 4110 epistulam
1455 4040 1826 4095 Nestorianam
1864 4056 1968 4095 non
1996 4055 2088 4095 es-

488 4139 915 4204 seconfirmant,
957 4135 1047 4207 qui
1097 4135 1257 4191 unius
1305 4134 1427 4190 Filii
1471 4135 1684 4189 Domini
1724 4133 1850 4189 Jesu
1891 4132 2091 4189 Christi

492 4247 653 4286 unam
676 4230 857 4286 dicere
880 4230 1155 4295 virtutem,
1179 4227 1520 4296 Eutychiauo
1537 4273 1549 4295 ,
1583 4225 1632 4281 id
1659 4225 2094 4281 esthStorianis

494 4323 792 4388 contrario,
820 4332 1007 4392 putant
1036 4324 1209 4378 errori
1239 4336 1558 4392 congruere.
1599 4321 1748 4376 Unde
1787 4321 1951 4376 etiam
1977 4335 2095 4376 cre-

497 4419 663 4480 ditur,
706 4431 814 4470 non
853 4431 973 4470 esse
1005 4414 1396 4483 reprehensum
1445 4415 1513 4468 ab
1561 4413 1678 4468 istis
1727 4411 2094 4480 Eutychiano-

499 4523 620 4564 rum
653 4507 969 4560 fautoribus.
1003 4505 1109 4558 Cur
1135 4516 1313 4560 autem
1345 4514 1564 4574 propter
1593 4504 1694 4558 hoc
1716 4501 1935 4558 verbum
1957 4543 1973 4568 ,
2011 4501 2096 4556 vel

496 4597 969 4656 reverentissimns
1021 4596 1139 4650 lbas
1165 4641 1178 4665 ,
1212 4596 1298 4650 vel
1330 4596 1568 4667 synodus
1607 4609 1727 4663 qua:
1769 4595 1938 4664 ipsam
1982 4592 2099 4662 ejus

497 4691 785 4761 epistolam
819 4689 1188 4758 pronuntiavit
1203 4687 1578 4755 orthodoxam,
1613 4689 1858 4755 culpetur
1889 4688 2097 4756 ignoro.

2187 3497 2343 3550 lueret
2373 3493 2612 3561 Domino,
2637 3513 2767 3550 unus
2798 3498 3007 3566 spiritus
3039 3506 3140 3561 est,
3168 3510 3325 3566 quam
3355 3496 3400 3551 si
3429 3496 3656 3564 diceret,
3681 3511 3786 3553 una

2187 3591 2360 3644 virtus
2382 3599 2464 3642 est
2494 3605 2507 3642 :
2539 3589 2791 3657 quoniam
2823 3603 3040 3643 causam
3066 3587 3275 3642 virtutis
3302 3587 3391 3642 ille
3425 3587 3644 3657 spiritus
3665 3599 3786 3643 esse

2191 3683 2533 3751 Cognoscitur
2563 3697 2592 3733 a
2624 3697 2730 3751 quo
2762 3681 3038 3750 procedit,
3083 3696 3186 3734 non
3217 3688 3394 3735 autem
3422 3681 3591 3735 virtus
3625 3693 3788 3734 causa

2191 3782 2275 3828 est
2304 3773 2420 3839 ejus
2449 3773 2670 3841 Spiritus
2720 3788 2748 3824 a
2800 3787 2906 3842 quo
2956 3773 3215 3843 procedit.
3271 3771 3629 3840 Quamobrem
3677 3786 3788 3827 non

2194 3873 2420 3935 possunt
2469 3864 2522 3916 in
2569 3861 2794 3933 epistola
2844 3862 3165 3917 venerabilis
3206 3862 3346 3928 Ibat,
3389 3861 3470 3916 vel
3501 3862 3551 3916 in
3595 3860 3789 3931 synodi

2193 3958 2463 4011 sententia
2497 3972 2615 4026 qua:
2645 3956 2789 4010 illam
2822 3956 3177 4011 orthodoxam
3204 3954 3481 4023 judicavit,
3508 3953 3655 4020 juste
3676 3954 3790 4008 cul-

2195 4065 2321 4120 pare
2351 4050 2493 4120 qnod
2547 4051 2723 4104 minus
2770 4059 2873 4114 est,
2906 4058 2960 4104 et
3011 4049 3080 4105 de
3136 4065 3238 4103 una
3286 4063 3509 4118 persona
3545 4049 3791 4113 dictum;

2195 4141 2412 4210 quando
2459 4141 2586 4195 iltud
2616 4139 2756 4211 quod
2801 4150 2882 4194 est
2922 4140 3123 4210 majus,
3173 4149 3227 4194 et
3257 4139 3324 4194 de
3353 4139 3558 4194 duabus
3591 4139 3794 4192 dictum

2199 4233 2466 4300 personis,
2527 4232 2578 4286 in
2629 4231 2941 4302 apostolicis
2995 4232 3211 4298 scriptis
3265 4230 3480 4299 culpare
3532 4245 3640 4282 non
3696 4244 3796 4282 au-

2199 4324 2387 4381 deant.
2417 4325 2684 4380 Voluntas
2716 4326 2875 4394 igitur
2904 4325 3128 4379 dicentis
3158 4327 3209 4378 in
3241 4323 3493 4380 omnibus
3518 4322 3679 4377 debet
3711 4333 3796 4375 atq

2205 4421 2350 4474 tendi
2381 4437 2393 4473 :
2429 4435 2587 4490 quam
2620 4419 2686 4474 de
2718 4429 2980 4487 pra-serite
3023 4417 3109 4471 Iba
3141 4417 3483 4487 diligentius,
3514 4415 3680 4472 etiam
3716 4415 3798 4469 ci-

2201 4522 2279 4565 tra
2308 4523 2492 4583 gesta,
2526 4521 2772 4581 spectare
2815 4526 3002 4579 magna
3046 4510 3284 4582 synodus
3327 4509 3520 4578 potuit,
3575 4518 3633 4562 ut
3679 4507 3799 4576 ejus

2201 4602 2480 4674 epistolam
2513 4602 2874 4658 orthodoxam
2913 4601 3408 4672 judicaret:atque
3455 4602 3556 4654 hoc
3597 4599 3652 4653 in
3683 4613 3799 4653 om-

2205 4699 2361 4755 nibus
2392 4716 2619 4770 quoruut
2653 4700 2791 4752 ratio
2819 4699 2994 4752 minus
3027 4706 3197 4762 patet,
3249 4711 3354 4749 nou
3393 4694 3568 4750 dicant
3606 4695 3797 4762 pietas,

497 4784 613 4840 Non
656 4784 798 4840 enim
844 4782 936 4838 ille
983 4790 1171 4836 contra
1221 4793 1536 4834 naturarum
1599 4779 1979 4833 discretionem
2029 4775 2097 4832 de
2127 4800 2180 4860 Β
2210 4791 2302 4845 sed
2337 4795 2447 4860 ipsa
2480 4791 2825 4844 considerare
2856 4789 3019 4843 debet
3049 4788 3371 4842 ιιυηίεηίω,

497 4893 604 4950 qua
634 4876 880 4947 superius
913 4883 1061 4930 recte
1104 4876 1314 4929 locutus
1355 4883 1469 4939 est,
1505 4872 1645 4925 idem
1678 4873 1697 4902 ’
1721 4869 1946 4939 adjecit,
1981 4876 2095 4924 tan-

499 4987 658 5043 quam
691 4985 874 5036 uuam,
912 4970 1011 5024 hoc
1046 4979 1126 5023 est
1158 4984 1338 5038 parem
1369 4967 1725 5021 creatricis-et
1751 4973 1947 5018 creutze
1970 4964 2099 5017 sub-

499 5063 713 5119 stantiae
744 5061 1009 5133 putaverit
1033 5076 1156 5115 esse
1183 5061 1466 5124 virtutem;
1513 5057 1608 5112 sed
1651 5057 1826 5127 potius
1856 5055 1986 5109 illud
2017 5063 2097 5108 at-

500 5155 695 5223 tendit,
723 5153 865 5225 quod
894 5153 1052 5208 unius
1078 5166 1329 5222 persona:
1360 5155 1430 5205 sit
1455 5149 1644 5203 eadem
1676 5150 1866 5202 virtus.
1896 5146 2026 5200 Nam
2053 5145 2099 5200 si

501 5260 707 5307 tantum
735 5249 970 5305 Charitas
1001 5247 1166 5303 valuit
1197 5248 1248 5300 in
1289 5245 1474 5300 multis
1523 5244 1765 5313 personis
1810 5257 1904 5312 per
1940 5239 2099 5311 spiri-

502 5354 616 5400 tum
647 5344 814 5412 ipsius
839 5342 1050 5398 Domini
1081 5341 1249 5396 nostri
1278 5339 1408 5396 Jesu
1431 5337 1623 5392 Christi
1656 5335 1881 5404 diffusa,
1919 5343 1975 5390 ut
2008 5349 2095 5389 re-

578 5487 603 5513 ε
628 5477 698 5531 At
725 5487 909 5530 contra
935 5473 1268 5528 Justinianus
1299 5472 1352 5526 in
1376 5469 1584 5533 edicto,
1623 5477 1672 5522 et
1705 5468 1886 5539 quinta
1929 5479 2092 5536 syno-

505 5547 626 5610 dus,
657 5562 720 5600 ex
753 5546 835 5599 his
871 5548 1044 5600 verbis
1076 5543 1378 5600 Nestoriani
1419 5541 1684 5611 dogmatis
1727 5540 2086 5611 suspicionem

513 5609 736 5671 ducunt.
771 5618 909 5669 Duas
940 5617 1083 5670 enim
1129 5625 1347 5671 naturas
1394 5612 1461 5670 ab
1496 5609 1615 5680 ‘lba,
1663 5609 1892 5666 Nestorii
1939 5622 2089 5666 more

581 5710 597 5740 ⁸
627 5707 760 5763 Cod.
789 5707 1012 5775 Veron.,
1037 5717 1178 5765 tunc.

580 5781 600 5811 '
634 5779 778 5836 Idem
804 5780 948 5843 cod.,

2837 4901 3065 4957 CAPUT
3104 4902 3166 4956 ll.

2211 4998 2360 5070 Quod
2382 4997 2503 5051 lbos
2543 4998 2717 5052 dicens
2763 4996 3061 5070 Nestorium
3112 4997 3222 5070 sine
3260 4994 3801 5070 judicioetinquisi-

2279 5073 2412 5123 tione
2440 5071 2760 5133 damnatum,
2795 5077 2896 5120 nan
2921 5063 3302 5120 damnationem
3335 5067 3442 5135 ejus
3471 5063 3798 5135 intproitarit,

2280 5141 2369 5263 se?!
2400 5142 2496 5192 hoc
2525 5147 2726 5192 tantum
2749 5131 2906 5206 quod
2935 5139 3212 5208 exspectati
3245 5131 3368 5190 uou'
3393 5131 3587 5206 fuerint
3619 5131 3799 5188 Orion;

2282 5222 2334 5263 to
2360 5228 2431 5263 ευ.

2282 5222 2431 5264 tate“.

2281 5308 2442 5377 Igitur
2473 5304 2541 5359 ad
2589 5304 2682 5359 illa
2728 5303 3012 5358 redeamus
3050 5316 3169 5372 quae
3224 5301 3278 5356 in
3331 5300 3520 5355 eadem
3575 5298 3798 5369 epistola

2198 5441 2419 5510 intelligi
2453 5439 2639 5493 volunt
2664 5438 2796 5492 duas
2825 5450 3111 5510 perennac,
3131 5450 3298 5510 unam
3323 5445 3508 5510 autem,
3540 5433 3792 5510 virtutem

2199 5505 2543 5583 atque'unum
2570 5525 2850 5577 personam
2875 5508 2943 5583 ab
2971 5523 3034 5561 eo
3064 5506 3167 5583 dici
3187 5550 3200 5572 ,
3249 5507 3307 5559 οὐ
3336 5507 3459 5583 καθ’
3485 5505 3792 5569 ditio-raram

2197 5580 2292 5642 sed
2322 5585 2450 5638 κατὰ
2471 5583 2586 5654 μίαν
2611 5582 2771 5644 ἀξίαν,
2802 5582 2890 5633 καὶ
2913 5585 3004 5638 τήν
3035 5580 3193 5636 αὐτὴν
3226 5581 3396 5650 τιμήν.

2274 5701 2293 5732 ³
2319 5701 2462 5754 Idem
2485 5697 2630 5760 cod.,
2662 5703 2800 5748 recte
2828 5694 2952 5749 dici.

2276 5771 2297 5803 ⁸
2323 5771 2465 5826 idem
2499 5769 2644 5836 cud.,
2669 5766 2900 5822 diversis.
