4114 6508
410 310 508 364 (ἷδὸ

1288 298 1422 355 PRO
1465 294 1894 353 DEFL'NSIONE
1933 291 2146 347 TRlUM
2186 292 2497 350 CAPITUL.
2544 292 2673 348 LIB.
2698 292 2809 351 ,Vil.

3579 291 3682 344 (~86

409 423 640 474 [aurum
680 415 1064 470 immitem-um
1121 412 1323 478 scripto
1380 407 1840 478 reprehenderunt
1866 443 1880 466 ,
1934 412 1989 455 ut
2019 402 2068 461 Α
2096 401 2269 456 sinam
2293 403 2606 472 congregari
2637 402 2934 465 civitatem,
2966 410 3024 454 ut
3064 414 3246 456 coram
3284 397 3529 453 omnibus
3573 418 3679 457 non

410 531 521 571 eam
552 513 701 583 quasi
732 511 1003 575 profanam
1026 519 1082 563 et
1112 507 1331 576 impiam
1373 505 1686 559 refutarent.
1725 501 1850 555 iimc
1893 514 1989 550 au-

408 615 510 663 ient
540 615 668 659 sunt
698 618 818 672 quae
852 608 1186 667 sequuntur:
1222 618 1240 649 ί
1275 598 1505 669 Cyt'illus
1547 608 1705 650 aures
1747 593 1988 648 omnium

407 700 680 768 pigmento
708 693 847 762 quod
877 699 1112 746 exerceat
1136 690 1320 745 oculos
1346 689 1687 756 sapientium,
1720 700 1990 755 prmoccuv

407 790 569 859 pavit,
600 806 619 838 ι
655 795 707 840 et
736 794 963 844 ca-tera;
993 794 1049 836 et
1074 784 1262 835 iterum
1300 798 1313 834 :
1344 799 1362 830 ι
1395 780 1531 846 Quia
1563 778 1617 832 in
1645 777 1988 832 damnatione

406 881 636 933 Nestor-ii
686 890 807 945 qua:
852 873 991 928 facta
1021 883 1101 926 est
1147 872 1214 925 ab
1256 871 1366 933 eis,
1410 869 1474 923 i2
1520 868 1753 936 capitula
1796 883 1914 936 quae
1957 882 1987 920 a

405 968 605 1039 Cyr-illo
662 965 964 1033 conscripta
1008 972 1163 1025 sunt,
1218 963 1485 1017 contraria
1525 960 1807 1015 existentia
1851 974 1987 1013 verae

405 1061 525 1114 fidei
568 1067 896 1129 posuerunt,
934 1074 954 1109 ο
987 1068 1041 1109 et
1090 1065 1304 1109 cratera.
1336 1055 1468 1118 Quae
1497 1052 1603 1107 duo
1632 1052 1730 1106 sub
1762 1066 1867 1105 uno
1895 1066 1985 1129 ca-

407 1153 571 1222 pitulo
598 1151 973 1214 continentur,
1022 1149 1163 1204 sicut
1188 1158 1242 1202 et
1273 1147 1362 1200 illa
1389 1146 1495 1205 duo
1523 1147 1736 1214 priora;
1774 1145 1870 1199 sed
1919 1144 1988 1199 ab

406 1248 521 1301 istis
546 1252 801 1299 ctutsuete
831 1242 1053 1297 discissa
1101 1249 1158 1296 et
1203 1241 1475 1294 deminuta
1522 1249 1669 1305 sunt,
1715 1254 1781 1292 ne
1826 1239 1877 1291 in
1908 1240 1989 1293 eis

408 1346 687 1409 appareret
714 1336 1025 1391 intentionis
1064 1333 1363 1404 integritas.
1396 1332 1565 1402 ipsius
1612 1340 1789 1386 autem
1841 1333 1986 1401 capi-

409 1432 522 1494 tuli,
555 1430 693 1484 male
712 1428 780 1482 ab
811 1427 942 1495 ipsis
969 1425 1237 1493 dissipati,
1269 1424 1370 1478 hoc
1400 1434 1483 1479 est
1506 1423 1849 1492 principium,
1881 1422 1988 1476 sic-

408 1531 466 1576 ut
510 1522 562 1574 in
594 1520 679 1573 illa
710 1519 935 1587 epistola
977 1517 1286 1573 continetur
1312 1532 1328 1569 :
1366 1533 1386 1568 ι
1415 1516 1496 1571 01)
1526 1516 1663 1569 hanc
1686 1515 1988 1569 contentio.

406 1632 553 1681 nem,
582 1615 815 1669 victores
840 1621 893 1665 et
935 1612 1004 1680 pii
1049 1610 1400 1679 imperatores
1423 1609 1701 1677 jusserunt
1734 1606 1987 1674 primates

403 1707 781 1776 episcoporum
807 1706 858 1759 in
888 1704 1213 1772 Epltesinam
1234 1702 1548 1772 congregari
1578 1701 1851 1757 civitatem
1878 1742 1896 1766 ,
1931 1709 1988 1757 et

635 1760 884 1854 omnibus
926 1760 1095 1851 libros
1147 1760 1379 1851 Nestorii
1416 1760 1471 1850 et
1509 1794 1692 1864 Cyrilii
1732 1760 1982 1863 judicari.
2015 1780 2063 1840 Β
2092 1760 2491 1864 fuc'a_ﬁ“immo

405 1891 508 1949 Sed
544 1900 833 1960 antequam
869 1904 1057 1944 omnes
1090 1889 1326 1957 episcopi
1365 1888 1456 1956 qui
1494 1886 1806 1955 congregari
1847 1885 1982 1954 jussi

404 1987 636 2051 fuerant,
668 1986 722 2038 in
757 1985 1027 2053 Ephesum
1069 1982 1450 2051 pervenirent,
1496 1981 1797 2046 anticipans
1842 1978 1984 2033 idem

405 2075 636 2147 Cyrillus
661 2090 819 2131 aures
841 2073 1080 2129 omnium
1112 2074 1384 2144 pigmento
1411 2072 1551 2141 quod
1586 2080 1827 2127 excaecat
1857 2084 1986 2125 ocu-

405 2169 485 2222 los
514 2169 838 2236 sapientum,
872 2166 1285 2236 prteoccupavit.
1320 2164 1524 2218 invenit
1567 2175 1746 2218 autem
1769 2177 1984 2218 causam

404 2273 468 2313 ex
489 2257 615 2313 odio
636 2257 777 2327 quod
810 2257 827 2289 ί
851 2268 965 2311 erat
985 2255 1242 2310 adversus
1273 2254 1596 2320 Nestorium,
1625 2262 1677 2307 et
1701 2262 1985 2323 antequam

404 2351 609 2419 synodo
637 2348 851 2404 adesset
883 2346 1253 2403 sanctissimus
1280 2355 1338 2401 et
1379 2347 1849 2409 reverentissimus
1893 2362 1984 2401 ar-

402 2438 776 2509 chiepiscopus
815 2438 1053 2493 Joannes
1076 2477 1092 2503 ,
1122 2437 1192 2492 de
1216 2439 1529 2506 episcopatu
1558 2425 1863 2492 Nestorium
1892 2438 1987 2494 de—

404 2541 718 2601 posuerunt,
758 2530 958 2600 judicio
1008 2538 1063 2584 et
1110 2528 1455 2598 inquisitione
1491 2544 1596 2583 non
1650 2529 1804 2583 facta.
1861 2528 1989 2585 Post

404 2626 537 2682 duos
559 2636 737 2682 autem
769 2626 885 2681 dies
913 2624 1269 2679 damnationis
1297 2624 1413 2694 ejus
1450 2625 1692 2679 venimus
1733 2623 1783 2678 in
1814 2624 1988 2693 Epire-

402 2732 555 2784 sum;
599 2727 654 2773 et
700 2715 1145 2787 cognoscentibus
1183 2714 1359 2779 nobis,
1400 2714 1523 2784 quia
1555 2715 1607 2767 in
1645 2713 1989 2769 damnatione

404 2806 630 2863 Nestorii
682 2823 800 2878 qua:
842 2806 979 2861 facta
1023 2814 1105 2860 est
1129 2806 1197 2859 ab
1221 2805 1463 2872 eisdem,
1510 2802 1576 2859 i2
1618 2805 1847 2873 capitula
1870 2819 1988 2872 quae

404 2917 434 2956 a
486 2901 687 2973 Cyrilio
723 2901 1022 2969 conscripta
1053 2908 1176 2953 sunt
1224 2899 1488 2953 contraria
1527 2897 1808 2952 existentia
1845 2911 1988 2952 verm

407 2992 564 3059 fidei,
616 3000 925 3061 posuerunt,
978 2998 1032 3045 et
1076 2990 1445 3052 firmaverunt,
1487 2997 1545 3043 et
1601 2994 1991 3042 consenserunt

402 3080 483 3136 eis
515 3091 763 3150 tanquam
801 3095 941 3133 verte
972 3079 1093 3133 fidei
1119 3076 1566 3143 consonantibus;
1599 3091 1786 3131 omnes
1812 3077 1989 3130 orien-

406 3170 537 3226 tales
587 3135 823 3241 episcopi
871 3170 1119 3225 eumdem
1173 3168 1428 3241 Cyrillum
1469 3171 1891 3237 danmaverunt,
1934 3140 2061 3223 etc
2092 3135 2325 3204 gummis

402 3260 656 3315 adversus
715 3262 848 3316 alios
915 3262 1195 3331 episcopos
1259 3263 1349 3332 qui
1419 3272 1811 3317 consenserunt
1867 3261 1987 3330 ejus

400 3355 672 3425 capitulis,
698 3357 1311 3413 excommunicationem
1340 3356 1714 3410 decreverunt.
1769 3373 1788 3407 ι
1823 3353 1986 3409 Vide-

400 3454 485 3500 tur
518 3446 573 3501 in
602 3446 684 3502 bis
715 3449 920 3503 acerbis
951 3457 1004 3503 et
1037 3448 1362 3502 tumentibus
1402 3447 1581 3501 verbis
1610 3445 1986 3501 reverentissi-

397 3551 516 3592 mus
554 3539 671 3593 ibas
714 3538 1029 3608 indigestam
1070 3539 1245 3592 adhuc
1286 3538 1541 3593 exhalare
1586 3536 1983 3607 quodammodo

395 3629 707 3683 offensionis
735 3630 1022 3697 praeterita:
1050 3630 1391 3694 cruditatem,
1439 3627 1580 3698 quod
1621 3642 1742 3682 cum
1784 3628 1851 3684 ab
1880 3628 1983 3683 im-

396 3718 734 3788 peratoribus
781 3719 852 3773 ita
886 3732 1209 3789 pra-ceptum
1251 3722 1434 3785 fuerit,
1479 3729 1535 3774 ut
1575 3720 1630 3773 in
1675 3733 1835 3774 causa
1875 3718 1982 3775 Ne-

395 3811 546 3865 storii
598 3822 815 3867 sanctus
872 3828 1084 3882 quoque
1141 3812 1374 3868 Joannes
1439 3811 1807 3867 Atttiocbenus
1856 3826 1979 3867 cum

393 3901 737 3959 orientalibus
766 3904 1056 3973 episc0pis,
1091 3915 1146 3959 et
1188 3904 1277 3958 alii
1318 3904 1573 3973 primates
1603 3905 1976 3973 episcoporum

392 4008 511 4047 cum
538 3994 669 4079 suis,
698 3992 906 4063 judices
930 3995 1297 4060 considerent,
1321 3995 1428 4051 illis
1454 3994 1679 4050 necdum
1720 3994 1772 4047 iu
1800 3993 1979 4063 Ephe-

391 4100 507 4140 sum
542 4087 970 4155 pervenientibus
1012 4088 1396 4144 condemnatus
1441 4098 1545 4146 est.
1592 4089 1725 4145 ilinc
1773 4090 1977 4146 exstitit

392 4177 552 4231 totius
580 4193 741 4233 causa
782 4179 989 4235 discidii
1018 4198 1032 4235 :
1061 4180 1186 4237 hinc
1223 4186 1399 4237 omnis
1439 4184 1695 4238 tumultus
1745 4186 1976 4254 sumpsit

391 4269 678 4337 originem;
715 4270 838 4324 hinc
859 4270 1157 4327 Orientales
1179 4272 1379 4343 aliique
1409 4274 1595 4328 Patres
1624 4274 1818 4329 offensi
1841 4316 1856 4340 ,
1880 4276 1975 4331 ad-

390 4374 542 4413 versa
560 4361 670 4429 jam
702 4374 882 4417 mente
908 4363 1293 4429 crediderunt,
1324 4364 1466 4433 quod
1506 4367 1693 4418 beatus
1719 4364 1967 4435 Cyrilius,

388 4451 527 4505 male
552 4452 651 4505 sibi
680 4452 946 4515 conscius,
972 4453 1230 4521 judicium
1260 4465 1313 4509 et
1357 4454 1754 4525 inquisitionem
1792 4456 1968 4511 dicto-

388 4554 501 4596 rum
538 4544 751 4598 Patrum
778 4547 798 4575 ²
828 4545 1108 4614 εΠυει-τίι,
1155 4557 1214 4600 ut
1248 4563 1435 4602 eorum
1483 4564 1588 4604 non
1629 4558 1970 4619 exspectaret

386 4635 685 4692 adventum.
711 4637 1121 4694 Arbitrabantur
1146 4643 1291 4695 enint
1331 4642 1473 4711 quod
1514 4645 1558 4697 si
1584 4646 1745 4700 etiam
1781 4648 1848 4702 de
1877 4662 1969 4705 ca-

384 4728 568 4796 pitulis
596 4730 714 4798 ejus
738 4746 858 4800 quae
901 4746 1085 4800 postea
1133 4737 1464 4800 retractavit,
1506 4737 1765 4806 judicium
1802 4752 1855 4796 et
1887 4741 1972 4797 in-

383 4818 600 4887 quisitio
626 4820 761 4876 facta
782 4835 948 4891 esset,
982 4841 1087 4879 non
1120 4827 1266 4881 solus
1311 4839 1495 4897 posset
1529 4830 1806 4886 Nestorius
1849 4834 1968 4888 cul—

383 4909 572 4976 pabilis
632 4912 881 4967 inveniri.
936 4916 1016 4969 0b
1072 4917 1172 4973 hoc
1229 4918 1411 4990 itaque
1465 4923 1789 4978 venerabilis
1848 4926 1967 4981 ibas

382 5001 536 5067 dixit,
559 4999 764 5073 judicio
795 5016 847 5060 et
878 5006 1223 5076 inquisitione
1246 5028 1354 5067 non
1384 5015 1524 5068 facta
1545 5017 1961 5075 condemnatum

382 5106 500 5148 esse
543 5094 894 5153 Nestorium:
928 5108 1181 5170 tanquam
1230 5105 1299 5160 de
1352 5109 1492 5161 beati
1540 5108 1728 5179 Cyrilli
1782 5114 1961 5179 dictis,

381 5198 608 5251 querum
638 5189 986 5244 intentionem
1021 5195 1199 5248 minus
1239 5197 1623 5267 iuteiiigebant,
1658 5219 1761 5258 non
1804 5207 1963 5262 fuerit

381 5274 517 5330 facta
568 5279 861 5349 discussio;
926 5299 1049 5340 cum
1100 5287 1490 5359 imperatores,
1551 5296 1689 5351 sicut
1753 5302 1957 5368 retulit,

381 5378 659 5437 propterea
684 5374 961 5440 jusserant-
979 5382 1237 5449 primates
1266 5384 1643 5455 episcoporum
1688 5390 1741 5446 iu
1780 5393 1959 5464 Ephe-

467 5580 636 5669 Ὦρα.
675 5596 892 5667 Vcr0a.,
925 5620 1042 5669 quo.

449 5669 469 5701 ε
500 5664 639 5718 idem
672 5672 816 5736 cud.,
850 5664 1072 5731 sitorum.

2094 500 2299 546 tantum
2326 492 2558 547 Nestorii
2587 493 2740 559 libri,
2770 492 2863 547 sed
2907 494 3069 545 etiam
3116 490 3327 562 Cyrilli,
3370 488 3680 559 judicarcu-

2094 592 2198 637 tur.
2228 583 2340 637 Non
2373 600 2499 654 ergo
2524 600 2745 639 necesse
2786 595 2867 639 est
2907 584 2973 639 de
3003 584 3247 637 Nestorio
3295 583 3497 637 dictuut
3536 584 3675 636 acci-

2091 688 2239 742 pere,
2272 676 2410 744 quod
2443 676 2534 741 ait,
2564 676 2766 745 judicio
2790 686 2841 728 et
2865 676 3209 743 inquisitione
3241 690 3345 728 non
3378 674 3539 740 facta,
3567 674 3681 730 vei-

2092 774 2150 820 ut
2186 766 2458 821 Nestorius
2486 767 2601 821 sine
2624 767 2828 835 judicio
2871 774 2925 820 et
2960 765 3305 836 inquisitione
3338 764 3497 820 fuerit
3542 779 3673 821 oon~

2091 855 2405 919 demnatus;
2453 872 2574 910 cum
2630 858 2796 925 possit
2848 855 3074 925 intelligi
3130 865 3411 924 propterea
3447 855 3674 921 dictum,

2090 944 2229 1012 quod
2276 946 2506 1011 capitula
2560 946 2697 999 beati
2730 944 2916 1016 Cyrilli
2962 945 3028 997 de
3059 945 3252 1014 quibus
3278 943 3386 1013 jam
3417 941 3675 997 satisfeci-

2090 1050 2230 1099 mtts,
2268 1036 2321 1088 in
2352 1035 2441 1087 illo
2481 1035 2683 1103 jllfiiCiO
2739 1035 2986 1102 inquisita
3035 1051 3137 1089 non
3187 1034 3401 1089 fuerint.
3448 1032 3600 1100 Quod
3633 1033 3678 1088 si

2089 1124 2249 1178 etiam
2312 1126 2692 1190 concedamus,
2734 1125 2853 1193 quia
2919 1125 2984 1178 de
3032 1124 3279 1179 Nestorio
3327 1125 3529 1178 dictum
3564 1132 3670 1187 est,

2084 1214 2286 1281 judicio
2309 1225 2360 1267 et
2387 1215 2785 1283 inquisitione“,
2812 1214 3046 1283 nunquid
3076 1215 3236 1269 etiam
3268 1214 3367 1268 hoc
3388 1227 3671 1277 concesso,

2089 1320 2312 1360 necesse
2343 1306 2498 1361 nobis
2540 1316 2623 1361 est
2650 1306 2949 1376 intelligere
2986 1306 3127 1376 quod
3161 1307 3213 1360 in
3246 1306 3327 1359 his
3357 1306 3535 1359 verbis
3566 1307 3673 1360 Ne-

2087 1398 2287 1451 storius
2319 1396 2494 1452 fuerat
2523 1400 2853 1452 excusatus?
2897 1398 3002 1451 Cnr
3048 1398 3190 1451 enim
3237 1412 3342 1451 non
3394 1395 3681 1449 credamus

2087 1488 2578 1542 reverentissimum
2628 1488 2771 1541 ibam
2817 1503 2921 1540 non
2973 1496 3340 1551 excusantem,
3391 1485 3485 1541 sed
3539 1486 3676 1540 indi-

2085 1587 2335 1645 gnantem
2384 1577 2525 1646 quod
2578 1576 2877 1631 Orientales
2932 1575 3229 1643 exspectati
3292 1590 3400 1630 non
3456 1574 3673 1638 fuerint,

2085 1672 2285 1727 dixisse
2335 1671 2387 1726 in
2440 1672 2532 1727 illo
2564 1672 2815 1738 concilio,
2848 1672 3051 1741 judicio
3075 1683 3132 1727 et
3175 1673 3523 1741 inquisitione
3567 1688 3673 1727 non

2524 1763 2665 1831 quod
2694 1763 2811 1817 sine
2843 1763 2974 1831 ipsis
3002 1762 3073 1815 ibi
3098 1762 3395 1832 judicatuut
3426 1763 3601 1818 fuerat
3622 1776 3673 1819 et

2086 1857 2367 1926 qumsitum
2403 1874 2417 1908 :
2458 1865 2707 1926 tauquam
2753 1855 3005 1924 judicium
3052 1871 3156 1910 non
3185 1865 3330 1910 esset
3357 1857 3672 1924 legitimum,

2085 1962 2259 2017 neque
2291 1947 2521 2015 legitima
2561 1945 2867 2015 inquisitio,
2896 1948 2986 2001 ubi
3019 1949 3120 2015 ipsi
3161 1963 3267 2001 non
3309 1949 3552 2015 aderant,
3580 1950 3675 2017 qui

2086 2040 2287 2108 pariter
2317 2038 2662 2107 inquisitores
2704 2039 2897 2093 delecti
2944 2049 3095 2093 erant
3125 2050 3176 2094 et
3203 2040 3448 2109 judices?
3472 2040 3671 2096 Verum

2085 2131 2355 2195 existimo,
2382 2131 2676 2185 etcredere
2704 2144 2802 2183 nos
2843 2138 3075 2195 ooortet,
3126 2132 3267 2199 quod
3312 2130 3675 2184 Orientalibus

2085 2231 2139 2277 et
2172 2222 2395 2275 aliarum
2425 2222 2822 2292 provinciarum
2855 2222 3101 2277 Patribus
3145 2224 3337 2291 aliqua:
3369 2236 3546 2276 causa}
3594 2221 3675 2276 iu-

2084 2313 2365 2368 evitabiles
2392 2314 2635 2369 accidere
2662 2324 2953 2383 potuerunt
2977 2324 3031 2368 ut
3062 2315 3245 2370 venire
3271 2315 3573 2382 tardarent;
3604 2331 3671 2375 ex

2087 2404 2255 2459 altera
2286 2415 2436 2473 parte
2476 2405 2633 2460 beato
2672 2406 2875 2477 Cyrilio
2900 2414 2953 2460 et
2981 2406 3100 2460 aliis
3143 2407 3231 2475 qui
3278 2417 3672 2475 praevenerant,

2087 2496 2334 2550 similiter
2359 2510 2690 2564 qnmcunque
2721 2495 3016 2549 necessitas
3053 2503 3113 2549 ut
3139 2511 3231 2549 eos
3255 2495 3457 2550 diutius
3479 2510 3673 2563 exspe-

2086 2600 2235 2642 ctare
2264 2603 2366 2642 non
2401 2598 2638 2657 possent.
2674 2588 2775 2643 Ubi
2816 2602 2914 2641 nos
2955 2588 3084 2657 quid
3124 2589 3382 2651 dicamus,
3415 2587 3514 2641 nisi
3543 2586 3674 2642 illud

2089 2678 2229 2747 quod
2255 2677 2364 2747 jam
2391 2677 2645 2742 diximus,
2689 2692 2810 2732 cum
2847 2678 2913 2732 de
2945 2679 3249 2733 maledictis
3292 2668 3457 2747 ipsius
3487 2679 3670 2749 Cyriili

2089 2783 2209 2833 qua:
2238 2777 2426 2823 contra
2471 2778 2713 2826 sanctum
2760 2768 3020 2823 Joannem
3074 2769 3316 2837 protulit,
3366 2785 3672 2839 ageremus,

2101 2857 2189 2913 Vw
2231 2860 2421 2912 mundo
2454 2877 2486 2913 a
2513 2860 2768 2913 scandatis
2812 2858 3027 2930 (Matth.
3066 2874 3231 2925 xvut,
3261 2859 3353 2929 7)?
3397 2860 3672 2929 Siquidem

2092 2963 2199 3003 non
2251 2949 2423 3003 soluat
2474 2950 2793 3004 voluntariis
2844 2951 3146 3005 animorum
3197 2951 3454 3014 motibus,
3485 2968 3671 3007 verum

2092 3048 2251 3099 etiam
2280 3052 2473 3113 praeter
2496 3046 2820 3099 voluntatem
2859 3055 3156 3115 praeterque
3199 3048 3500 3111 scientiam,
3547 3063 3671 3101 exa-

2354 3135 2666 3189 mortaiibus
2692 3136 2955 3190 oriuntur.
2996 3144 2999 3147 ’

2698 3266 2926 3322 CAPUT
2967 3265 3054 3321 lli.

2086 3398 2240 3463 Quod
2271 3397 2388 3451 lbas
2416 3398 2607 3469 judicio
2629 3397 2743 3468 falli
2774 3399 2990 3464 potuerit
3010 3400 3061 3451 in
3090 3398 3352 3467 Nestor-io,
3380 3400 3508 3453 sicut
3535 3402 3671 3453 Ana.

2159 3469 2314 3539 totius
2356 3467 2727 3539 inDioscoroL
2748 3469 3061 3523 Athanasius
3101 3470 3154 3523 in
3196 3469 3481 3534 Timotheo,
3513 3488 3669 3539 syno-

2156 3536 2561 3612 dus‘Palwstina
2612 3549 2658 3591 et
2684 3537 2919 3591 lauimus
2965 3557 3102 3607 pttpa
3136 3540 3189 3593 in
3239 3539 3455 3612 Pelagio
3486 3536 3669 3594 εἴϐων

2158 3606 2325 3660 festio.

2154 3718 2223 3772 At
2263 3718 2380 3772 haec
2425 3716 2634 3783 onmia,
2690 3718 2881 3787 quibus
2928 3734 3189 3787 apparere
3241 3722 3410 3788 possit
3453 3736 3517 3776 ex
3567 3738 3669 3792 qua

2082 3827 2243 3866 causa
2282 3825 2402 3865 cum
2443 3810 2594 3877 aliis,
2621 3820 2672 3863 et
2720 3810 2949 3863 maxime
3000 3811 3347 3865 orientalibus
3370 3813 3662 3880 episcopis,

2080 3909 2318 3965 offensus
2350 3907 2811 3963 reverentissimus
2840 3906 2958 3960 ibas
2987 3906 3056 3960 ita
3084 3906 3150 3960 de
3178 3907 3330 3960 beato
3360 3907 3559 3976 Cyrillo
3584 3908 3664 3961 lo-

2080 4013 2234 4055 cutus
2263 4008 2365 4065 est,
2395 3999 2643 4053 doctores
2671 3999 2753 4054 iSli
2789 3998 3004 4052 novitite
3031 3997 3272 4052 veritatis
3311 3999 3365 4051 in
3404 4013 3503 4053 suo
3529 3998 3664 4051 libro

2078 4105 2281 4161 ponere
2326 4091 2645 4153 vitaverunt,
2679 4104 2784 4157 quo
2832 4089 2918 4143 iila
2964 4089 3189 4159 epistola
3230 4104 3389 4159 quam
3429 4091 3665 4160 synodus

2078 4183 2443 4252 pronuntiavit
2486 4181 2861 4247 orthodoxam,
2905 4196 3198 4237 excusasse
3245 4182 3548 4237 Nestorium
3579 4174 3661 4235 vi-

2075 4278 2310 4331 deretur.
2336 4273 2490 4342 Quod
2536 4275 2749 4343 quidem
2789 4274 2833 4327 si
2865 4273 3070 4330 faceret
3109 4274 3249 4341 quod
3299 4275 3665 4349 respondeba-

2075 4384 2195 4424 mus
2222 4367 2554 4422 Nestorianis
2582 4381 2677 4434 pro
2701 4366 2856 4420 beato
2884 4365 3133 4420 Anatolio
3169 4380 3198 4419 a
3228 4382 3335 4436 quo
3379 4367 3663 4421 damnatus

2074 4467 2158 4514 est
2186 4460 2491 4523 Dioscorus,
2521 4473 2677 4527 quem
2708 4472 2966 4511 excusare
2997 4457 3187 4511 volens
3209 4457 3365 4521 dixit,
3399 4474 3519 4511 eum
3554 4472 3660 4512 non

2079 4564 2175 4619 pro
2202 4548 2307 4602 iide
2332 4562 2452 4601 esse
2479 4547 2820 4610 damnatum;
2848 4546 2948 4601 hoc
2981 4546 3142 4601 etiam
3177 4546 3526 4615 Eutycbianis
3565 4561 3663 4616 pro

2076 4637 2513 4694 reverentissimo
2569 4636 2659 4691 lba
2710 4651 2813 4688 nou
2854 4636 3124 4690 immerito
3169 4635 3497 4706 reSpondttre
3544 4646 3663 4705 pos~

2074 4745 2276 4785 scmus.
2322 4727 2583 4794 Quoniam
2646 4725 2788 4780 aliud
2856 4735 2984 4792 est,
3033 4725 3080 4779 si
3122 4726 3346 4795 quisque
3407 4725 3662 4791 simplici-

2076 4828 2157 4872 ter
2208 4817 2264 4872 in
2316 4818 2568 4871 bteretico
2616 4815 2771 4869 dolos
2815 4829 2942 4868 suos
2984 4814 3262 4870 oceuiente
3312 4814 3549 4878 fallatur,
3605 4822 3656 4875 ut

2075 4923 2197 4964 eum
2228 4918 2376 4979 putet
2407 4907 2795 4971 orthodoxum;
2845 4914 2900 4959 et
2946 4905 3112 4968 aliud,
3157 4906 3200 4957 si
3233 4907 3514 4970 ipsammet
3541 4904 3662 4972 ejus

2075 5003 2322 5059 haeresim
2367 5002 2597 5069 agnitatu
2654 5008 2887 5054 sectetur
2940 5008 3098 5066 atque
3150 4996 3415 5052 defendat.
3478 4997 3658 5065 Quan-

2072 5112 2230 5165 quam
2279 5097 2322 5150 si
2368 5096 2487 5165 quis
2507 5096 2663 5149 etiam
2687 5094 2764 5146 sic
2794 5104 3139 5159 utrorumque
3170 5105 3384 5144 causam
3427 5089 3655 5159 diligen-

2072 5196 2163 5253 ter
2182 5184 2500 5249 attenderet,
2531 5184 2745 5252 gravior
2773 5180 3007 5249 epiSCOpi
3046 5180 3275 5235 Anatolii
3306 5179 3655 5249 probaretur;

2071 5276 2319 5346 quoniam
2361 5275 2514 5341 ipse,
2567 5272 3010 5342 quemadmodum
3061 5269 3257 5323 dictum
3309 5280 3437 5336 est,
3492 5271 3543 5324 in
3593 5287 3655 5326 ea

2068 5369 2273 5439 synodo
2328 5368 2493 5423 voluit
2534 5368 2601 5421 ab
2631 5366 2848 5420 haeresis
2901 5366 3125 5419 crimine
3180 5364 3431 5433 Eutycius
3492 5373 3654 5435 atque

2137 5634 2157 5664 ‘
2190 5631 2507 5692 Ιι1ιξηιεοι1..
2543 5639 2587 5683 ct
2628 5626 2961 5697 inquisitione
2996 5644 3096 5682 non
3142 5632 3300 5699 facta.
3348 5632 3654 5696 Lectionem

2065 5706 2377 5759 noulirtnant
2400 5716 2519 5773 qua:
2550 5716 2708 5765 supra
2741 5710 2792 5753 ct
2818 5699 2959 5753 infra
2989 5699 3260 5758 dicuntur.
