4114 6522
401 407 500 463 $89

1284 412 1416 468 eno
1455 411 1885 487 egressione
1925 407 2136 464 ratust
2173 396 2487 468 CAPl’l‘UL.
2530 413 2659 467 LIB.
2705 412 2809 467 vn.

3569 419 3682 497 seu

395 528 774 599 episcoporum
792 527 1028 585 Orientis
1051 529 1388 600 aliorumque
1409 529 1598 600 injuria
1622 531 1700 585 sic
1729 530 1985 584 loculum.
2016 526 2065 585 A
2095 538 2176 582 est
2207 546 2388 586 rursus
2418 533 2485 588 ab
2506 533 2596 590 lba
2620 534 2895 590 Nestorius
2916 543 3198 591 excusatus
3223 552 3236 589 :
3268 534 3391 606 quia
3405 549 3518 590 non
3550 551 3692 592 enm-

395 620 526 677 Nam
570 622 808 678 conferte
833 638 950 691 quae
980 622 1059 676 illi
1103 622 1243 677 male
1280 624 1531 692 decerpta
1577 636 1898 694 posuerunt,
1929 632 1988 678 et

393 727 515 783 quae
540 728 642 768 nos
663 712 956 769 secundum
978 712 1144 778 ipsius
1164 715 1404 782 epistola:
1429 725 1668 770 tenorem
1688 714 1984 784 posuimus,

394 814 447 860 et
470 819 577 860 non
607 805 782 860 solum
805 820 925 874 qua).
947 805 1101 859 furati
1128 816 1280 872 sunt,
1312 821 1499 861 verum
1528 807 1690 861 etiam
1720 804 1984 868 furtorum

393 912 584 952 eattsas
607 896 874 951 videbit-is.
899 893 1006 950 Cur
1027 898 1169 950 enim
1190 896 1457 966 imprimis
1480 896 1801 952 narrationis
1819 895 1987 964 ipsius

394 989 636 1060 epistola:
677 988 919 1058 fugerent
949 987 1181 1051 initium,
1211 1003 1346 1057 quos
1377 987 1504 1043 inde
1533 988 1818 1057 oportebat
1846 987 1984 1040 inei-

396 1094 542 1149 pere,
575 1077 679 1136 nisi
708 1078 830 1149 quia
860 1078 1224 1133 nescientibus
1251 1078 1378 1149 quid
1409 1078 1635 1148 epistola
1666 1079 1780 1146 ipsa
1807 1077 1983 1145 conti.

395 1179 536 1235 neat,
566 1170 653 1225 vel
685 1171 861 1223 minus
885 1168 1325 1240 intelligentibus,
1350 1168 1638 1236 subripere
1658 1167 1985 1223 voluerunt!

398 1281 429 1316 σι
468 1263 628 1318 Facio
653 1272 857 1327 autem,
885 1262 1080 1331 inquit,
1111 1260 1322 1315 initium
1352 1260 1675 1314 narrationis
1706 1259 1776 1314 de
1804 1258 1985 1313 verbis

392 1371 512 1424 quae
537 1364 591 1411 et
622 1354 736 1423 ipse
765 1354 926 1408 nosti.
956 1352 1245 1407 Contentio
1267 1351 1404 1406 facta
1434 1362 1539 1414 est,
1574 1354 1700 1404 dum
1729 1367 1985 1405 reveren-

395 1448 468 1501 tia
496 1456 583 1501 tua
614 1445 701 1500 hic
728 1454 893 1510 esset,
946 1444 1031 1498 his
1060 1443 1271 1497 duobus
1302 1443 1612 1498 hominibus
1642 1441 1892 1497 NeStorio
1930 1451 1984 1498 et

392 1535 625 1606 Cyrillo;
659 1546 708 1590 et
732 1533 1175 1603 conscripserunt
1202 1532 1460 1587 adversus
1490 1544 1551 1586 se
1575 1532 1762 1586 noxios
1794 1532 1980 1598 libros,

390 1631 481 1698 qui
512 1627 820 1684 scandalum
874 1626 1090 1681 fuerunt
1120 1626 1479 1681 audientibus.
1512 1624 1792 1679 Nestorius
1838 1625 1980 1679 enin:

390 1722 573 1777 docuit
615 1721 668 1773 in
699 1720 813 1774 suis
843 1719 1017 1785 libris,
1058 1718 1196 1773 sicut
1244 1728 1295 1772 et
1327 1718 1626 1772 reverentia
1660 1727 1744 1771 tua
1793 1719 1939 1771 nevit
1962 1758 1981 1786 ,

392 1813 514 1882 quia
566 1812 721 1865 beata
753 1809 916 1866 Maria
950 1808 1045 1863 Dei
1077 1808 1301 1879 genitrix
1334 1822 1437 1862 non
1469 1817 1571 1869 est,
1609 1807 1679 1861 ita
1724 1817 1781 1861 ut
1829 1806 1979 1861 multi

2090 620 2222 675 dixit
2251 632 2307 677 ut
2335 623 2646 681 hzereticum
2672 628 2725 682 in
2746 641 2896 682 suam
2921 628 3193 684 civitatem
3222 628 3422 684 reverti
3450 644 3557 683 non
3582 644 3685 698 po--

2091 712 2258 767 tuisse
2278 754 2293 779 ,
2320 715 2413 770 Sed
2445 717 2697 786 quoniam
2731 718 2778 772 ei
2810 720 2959 773 odio-
2981 726 3193 775 eratet
3220 719 3310 789 qni
3337 727 3491 774 erant
3520 718 3570 773 in
3611 734 3677 772 ea

2088 806 2583 863 excellentior-ilum.
2616 810 2781 876 Quasi
2831 812 3060 881 probare
3099 811 3307 871 possint
3329 811 3485 880 quod
3498 820 3677 867 “reve-

2089 899 2424 953 rentissimus
2452 901 2569 955 ibas
2592 901 2898 957 Nestorium
2928 902 3154 971 dixerit,
3184 917 3291 958 non
3320 911 3537 971 propter
3566 901 3677 955 Ιιιθι

2087 1005 2293 1055 resem,
2323 991 2418 1045 sed
2463 1005 2680 1061 propter
2721 994 2852 1047 alias
2893 1008 3240 1064 quascunque
3282 1008 3491 1059 causas,
3551 978 3673 1046 odio

2089 1081 2253 1137 fuis~e
2283 1082 2481 1136 civitati
2505 1099 2615 1137 sum.
2639 1092 2693 1138 et
2721 1084 2807 1152 qui
2835 1094 2987 1139 erant
3012 1086 3062 1138 in
3087 1099 3152 1141 ea
3178 1084 3670 1149 excellentioribus,

2090 1183 2144 1226 nt
2173 1174 2222 1227 in
2251 1188 2368 1227 eam
2394 1174 2592 1228 reverti
2619 1190 2725 1229 non
2759 1185 2975 1245 posset;
3001 1178 3090 1246 qui
3123 1176 3368 1243 superius
3395 1178 3505 1244 jam
3534 1174 3677 1229 dixe-

2089 1272 2185 1318 rat.
2211 1263 2349 1332 quod
2400 1266 2592 1319 noxios
2640 1267 3024 1337 conscripserit
3074 1268 3237 1321 libros
3294 1268 3387 1338 qui
3422 1267 3678 1322 seandalo

2089 1354 2286 1410 fuerint
2334 1356 2710 1423 audientibus,
2742 1359 2866 1429 quia
2921 1359 3130 1413 beatam
3176 1359 3395 1413 Mariam
3451 1369 3674 1415 matrem

2091 1446 2183 1500 Dei
2219 1446 2509 1516 negabant.
2544 1448 2953 1518 Respondemus
2983 1450 3143 1520 igitur
3168 1450 3245 1505 eis
3276 1450 3377 1504 hoc
3408 1450 3587 1516 modo,
3620 1457 3683 1503 ut

2090 1537 2401 1593 omittamus
2449 1538 2551 1594 alia
2594 1540 2787 1611 quibus
2833 1541 3223 1611 refragantibus
3268 1541 3383 1596 hzec
3409 1541 3676 1595 calumnia

2087 1630 2455 1699 multipliciter
2478 1648 2540 1686 ac
2559 1633 2808 1690 facillime
2829 1634 3137 1689 confutatur
3162 1650 3176 1689 :
3200 1632 3445 1703 Nunquid
3476 1629 3675 1686 alicubi

2086 1724 2553 1779 reverentiSsimus
2580 1726 2699 1781 ibas
2724 1727 2797 1780 ait
2822 1727 2963 1797 quod
2992 1726 3268 1781 Nestorius
3310 1724 3523 1794 quidem
3548 1720 3689 1777 odio

2086 1821 2203 1866 erat
2230 1827 2342 1868 suae
2370 1813 2573 1869 civitati
2600 1830 2648 1871 et
2679 1817 2765 1886 qui
2797 1825 2949 1871 erant
2980 1817 3032 1869 in
3065 1834 3123 1869 eu
3165 1811 3679 1880 excellentioriltus;

393 1910 644 1974 putarent
670 1902 741 1956 de
771 1902 976 1955 brevese
1014 1900 1160 1954 Pauli
1189 1900 1526 1955 Samosateni
1562 1900 1704 1953 hunc
1745 1914 1866 1955 esse
1890 1899 1977 1967 qui
2015 1905 2055 1963 Β
2082 1903 2174 1958 sed
2207 1919 2313 1957 non
2358 1912 2610 1974 tanquam
2660 1906 2965 1973 bmreticns,
2995 1915 3052 1960 ut
3086 1906 3141 1961 in
3179 1920 3296 1961 eam
3339 1906 3534 1960 reverti
3565 1922 3691 1961 non:

390 1996 523 2052 dixit
553 1995 827 2053 hominem
877 2007 1067 2063 purum
1113 2006 1233 2047 esse
1281 1992 1598 2057 Christum;
1637 2012 1653 2043 ι
1690 2000 1743 2045 et
1789 2000 1975 2061 postea

389 2090 649 2160 sequitur,
679 2087 821 2141 unde
852 2086 938 2141 isti
968 2093 1287 2155 coeperunt:
1337 2103 1355 2136 ‹
1405 2085 1630 2155 Cyrillus
1668 2096 1847 2139 autem
1885 2100 1977 2139 vo-

390 2182 506 2235 lens
537 2171 765 2234 Nestorii
796 2179 963 2233 libros
989 2177 1287 2241 destruere,
1323 2176 1505 2245 lapsus
1542 2185 1643 2241 est,
1676 2184 1730 2230 et
1761 2176 1811 2229 in
1843 2175 1976 2244 dog-

390 2287 475 2326 ma
504 2270 823 2341 Apollinaris
889 2269 1138 2323 inventus
1182 2276 1267 2322 est
1319 2268 1594 2322 incidisse.
1645 2265 1978 2335 Conseripsit

387 2362 631 2415 etiamet
685 2362 800 2430 ipse
828 2358 1079 2413 similiter
1128 2357 1236 2423 illi,
1258 2359 1377 2426 quia
1410 2358 1526 2427 ipse
1557 2358 1695 2412 Deus
1744 2357 1974 2413 Verbum

389 2452 558 2507 factus
589 2460 672 2508 est
701 2452 883 2506 homo.
931 2469 949 2502 ι
998 2450 1066 2505 Et
1093 2450 1286 2504 deinde
1324 2450 1567 2519 sequitur
1619 2449 1780 2510 illud,
1833 2449 1973 2519 quod

388 2542 579 2596 iterum
608 2543 1023 2596 subtraxerunt:
1064 2557 1083 2590 ι
1121 2539 1396 2610 Tanquam
1428 2555 1532 2593 non
1564 2539 1635 2594 sit
1678 2538 1973 2596 differentia

388 2634 527 2687 inter
561 2634 818 2703 templum
848 2643 901 2687 et
932 2629 1319 2685 inhabitantem
1356 2630 1407 2683 in
1435 2644 1522 2684 eo.
1564 2648 1580 2682 ι
1616 2629 1724 2685 Cur
1754 2630 1932 2699 itaque
1958 2670 1973 2695 ,

387 2724 525 2779 sicut
554 2724 685 2792 dixi,
720 2724 1043 2779 narrationis
1072 2723 1239 2793 ipsius
1272 2722 1528 2792 principia
1552 2722 1864 2791 contingere
1892 2724 1977 2776 vi-

387 2825 659 2883 taverunt,
707 2814 849 2870 unde
881 2815 1057 2886 potius
1106 2816 1244 2869 ratio
1274 2813 1532 2869 docendae
1570 2812 1814 2867 veritatis
1855 2826 1980 2866 sua-

385 2908 546 2962 debat
572 2907 829 2975 incipere,
855 2907 956 2960 nisi
978 2905 1102 2976 quia
1124 2904 1340 2959 falsitati
1368 2904 1701 2960 contrarinm
1730 2913 1812 2958 est
1837 2903 1975 2975 quod

384 3010 462 3053 est
488 3001 809 3057 conveniens
831 3001 1079 3056 veritati?
1098 3002 1229 3057 Nam
1253 3003 1567 3058 calumniari
1588 3002 1830 3057 volentes
1856 3001 1978 3057 huic

385 3090 641 3159 epistolae,
675 3091 820 3162 quod
861 3094 1013 3163 quasi
1044 3093 1352 3149 Nestorium
1394 3095 1764 3159 excusaverit,
1795 3093 1977 3147 occul-

389 3193 505 3237 tare
534 3183 982 3254 voluerunt-quod
1014 3185 1088 3240 ibi
1117 3185 1317 3241 dictum
1348 3194 1433 3242 est
1472 3186 1541 3241 de
1582 3187 1701 3255 ipso
1729 3184 1977 3241 Nestorio

2084 1997 2313 2065 posset?
2343 1995 2490 2061 Non,
2522 1997 2787 2067 inquiunt.
2830 1997 3076 2065 Nunquid
3132 1997 3233 2051 hoc
3272 1998 3462 2051 saltem
3497 1996 3693 2064 dixit,..

2080 2084 2205 2139 odio
2235 2095 2349 2139 erat
2373 2100 2486 2140 sua:
2510 2088 2710 2141 civitati
2743 2096 2797 2142 et
2824 2087 2915 2156 qui
2960 2088 3011 2142 in
3044 2101 3104 2143 ea
3140 2095 3292 2141 erant
3317 2087 3690 2142 excellentia-2

2082 2176 2254 2242 ribus,
2282 2176 2352 2231 ob
2381 2176 2512 2231 alias
2545 2178 2777 2245 [rivatas
2802 2192 3013 2244 causas,
3036 2189 3093 2232 ut
3126 2176 3179 2231 in
3202 2192 3319 2232 eam
3344 2178 3541 2231 revetti
3569 2192 3675 2234 non

2083 2268 2309 2336 posset?
2338 2268 2520 2336 Neque
2552 2269 2676 2334 hoc,
2703 2271 2967 2341 inquiunt.
2997 2269 3054 2325 Si
3083 2270 3243 2341 igitur
3273 2285 3371 2324 nec
3396 2268 3499 2326 hoc
3523 2286 3675 2326 reve~

2081 2358 2419 2412 rentissimns
2450 2359 2567 2413 Ibas
2593 2358 2749 2423 dixit,
2798 2362 2935 2429 quod
2971 2362 3186 2429 quidem
3219 2362 3263 2415 si
3310 2361 3534 2431 diceret,
3567 2379 3673 2418 non

2081 2458 2199 2503 erat
2228 2440 2565 2518 consequens
2607 2462 2665 2505 ut
2693 2450 2780 2519 qui
2813 2465 2910 2520 pro
2943 2452 3062 2505 aliis
3095 2451 3313 2518 privatis
3352 2453 3529 2507 causis
3560 2453 3673 2507 odi-

2080 2541 2203 2596 ltilis
2234 2543 2526 2611 diceretur,
2560 2544 2721 2596 etiam
2754 2557 2852 2612 pro
2882 2558 2975 2597 sua
3012 2542 3205 2598 haeresi
3252 2544 3435 2612 negari
3466 2544 3673 2599 videre-

2084 2644 2169 2689 tur
2218 2635 2463 2698 odibilis;
2499 2646 2675 2688 tamen
2717 2650 2839 2689 eum
2891 2649 3065 2704 neque
3116 2635 3218 2689 Itoc
3262 2636 3499 2691 dixerit:
3532 2638 3672 2693 unde

2080 2722 2312 2790 potestis
2356 2723 2638 2777 ostendere
2686 2724 2825 2793 quod
2860 2723 2943 2776 his
2988 2723 3166 2777 verbis
3215 2720 3539 2778 venerabilis
3571 2725 3672 2780 Ιδιε

2080 2813 2243 2869 fuerit
2272 2817 2550 2871 Nestorius
2580 2816 2907 2871 excusatus?
2938 2819 3017 2870 An
3048 2818 3184 2871 forte
3212 2817 3483 2872 videretur
3520 2818 3672 2874 vobis

2082 2906 2147 2960 ad
2176 2906 2471 2961 sacerdotis
2501 2906 2787 2960 orthodoxi
2820 2906 3187 2960 teStimnnium
3210 2907 3500 2975 pertinere,
3525 2909 3570 2962 si
3591 2909 3672 2963 di~

2080 3009 2232 3053 catur
2259 2997 2385 3051 odio
2415 3010 2535 3052 esse
2583 2996 2784 3051 civitati
2828 3011 2938 3050 sua:
2965 3004 3018 3050 et
3043 2997 3129 3067 qui
3163 2999 3213 3050 in
3244 3010 3306 3050 ea
3340 3006 3462 3050 sunt
3488 2998 3670 3055 exeel~

2083 3092 2444 3148 lentioribus?
2485 3089 2602 3147 Non
2659 3091 2949 3157 videretur,
2991 3091 3267 3160 inquiunt;
3301 3101 3670 3148 verumtamen

2082 3185 2141 3240 in
2165 3185 2346 3239 verbis
2376 3182 2535 3253 hujus
2566 3183 2807 3251 epistola:
2839 3182 3154 3237 subauditur
3185 3182 3307 3251 hoc,
3332 3183 3456 3250 quia
3483 3183 3672 3239 Nesto-

388 3279 474 3331 vel
529 3281 685 3335 beato
730 3280 980 3350 eriilo:
1028 3300 1047 3334 ‹
1094 3281 1547 3352 Conscripserunt
1584 3283 1871 3338 adversum
1918 3297 1975 3338 se
2006 3276 2053 3340 C
2086 3279 2197 3335 rius
2227 3293 2335 3333 non
2363 3276 2671 3344 haereticus,
2717 3276 2815 3331 sed
2854 3284 2911 3330 ut
2945 3276 3016 3331 ob
3046 3274 3176 3331 alias
3217 3277 3450 3346 privatas
3482 3290 3671 3334 causas

386 3370 576 3425 noxios
620 3371 788 3427 libros
836 3374 926 3443 qui
972 3373 1227 3429 seandalo
1270 3373 1485 3429 fuerunt
1533 3374 1899 3430 audientibus.
1948 3394 1967 3428 ι

385 3462 661 3526 Quomodo
689 3464 833 3518 enim
866 3464 1139 3519 videretur
1167 3467 1640 3520 reverentissimus
1670 3467 1787 3521 lbas
1812 3482 1976 3521 excu-

385 3568 537 3609 sasse
581 3554 911 3624 Nestorium,
944 3560 988 3610 si
1021 3558 1250 3611 sciretur
1280 3556 1482 3611 dixisse
1510 3558 1651 3627 quod
1682 3558 1873 3612 noxios
1905 3559 1971 3611 li-

383 3646 515 3701 bros
560 3650 649 3716 qui
701 3651 955 3703 seandalo
996 3660 1181 3705 essent
1207 3651 1550 3706 audientibus
1572 3692 1587 3717 ,
1620 3651 1733 3721 ipse
1761 3667 1974 3724 quoque

383 3738 807 3807 conscripserit?
835 3739 951 3795 Non
987 3742 1147 3810 igitur
1184 3745 1488 3798 excusando
1516 3744 1845 3811 Nestorium,
1879 3744 1974 3800 sed

384 3830 686 3886 accusando
705 3831 865 3888 simul
890 3834 1101 3888 beatum
1124 3833 1405 3906 Cyrillum,
1432 3835 1704 3891 videretur
1724 3850 1970 3904 errasse;

387 3923 553 3993 quod,
585 3924 724 3978 sicut
744 3924 798 3979 in
832 3925 922 3981 illo
951 3928 1167 3982 noxium
1190 3927 1455 3998 judicavit
1483 3929 1607 3999 quia
1638 3930 1846 3984 beatam
1870 3929 1978 3984 Ma-

387 4017 520 4069 rium
552 4017 646 4072 Dei
677 4018 992 4087 genitricem
1027 4020 1276 4088 negabat,
1301 4022 1368 4075 ita
1400 4030 1453 4076 et
1484 4022 1535 4075 in
1563 4030 1751 4076 sancto
1776 4020 1978 4092 Cyrillo

388 4106 603 4161 noxium
655 4107 1069 4179 crediditquod
1123 4127 1245 4166 eum
1299 4121 1579 4183 putaverat
1623 4114 1874 4169 similiter
1922 4127 1980 4171 ut

371 4194 729 4262 Apollinarem
779 4201 1205 4271 conscripsisse,
1259 4205 1382 4274 quia
1413 4205 1527 4273 ipse
1576 4204 1715 4260 Deus
1740 4205 1977 4262 Verbum

386 4302 412 4338 ιι
436 4302 464 4338 c
510 4290 679 4344 tactus
724 4298 809 4345 est
850 4289 1033 4357 homo,
1070 4302 1129 4346 ut
1178 4310 1283 4349 non
1314 4307 1459 4350 esset
1504 4296 1803 4352 differentia
1842 4299 1982 4353 inter

389 4378 645 4447 templum
675 4390 729 4436 et
757 4380 1148 4438 inhabitantem
1194 4387 1246 4439 in
1274 4401 1361 4442 eo.
1397 4386 1464 4440 Et
1494 4389 1693 4443 ideirco
1722 4404 1820 4445 nec
1850 4390 1977 4446 illud

385 4473 713 4529 credendum
738 4486 820 4531 est
842 4476 907 4530 ad
927 4479 1331 4534 excusationem
1357 4480 1556 4535 dictum
1578 4497 1701 4537 esse
1722 4484 1975 4549 Nestorii,

384 4566 526 4633 quod
554 4566 642 4620 isti
668 4568 908 4636 quidem,
925 4571 1106 4625 nescio
1134 4577 1313 4625 utrum
1339 4574 1671 4628 conscientia
1698 4584 1976 4642 renuente,

2082 3371 2321 3437 odibilis,
2351 3370 2405 3425 in
2428 3385 2580 3425 suam
2608 3370 2880 3426 civitatem
2906 3370 3104 3424 reverti
3127 3384 3231 3424 non
3258 3372 3448 3438 potuit.
3484 3371 3553 3425 At
3573 3386 3672 3441 ego

2083 3465 2137 3519 in
2169 3465 2275 3519 illis
2304 3463 2486 3520 verbis
2517 3463 2620 3518 hoc
2647 3462 3209 3534 potiussignificatum
3238 3463 3519 3531 subaudio,
3550 3466 3672 3535 quia

2083 3556 2365 3611 NeStorius
2398 3566 2647 3625 tanquam
2682 3556 2969 3609 haereticus
2996 3556 3121 3610 odio
3162 3564 3279 3611 erat
3307 3571 3420 3612 suae
3442 3556 3671 3629 civitati,

2082 3647 2220 3702 ut.in
2249 3660 2368 3701 eam
2412 3647 2613 3701 reverti
2662 3660 2768 3700 non
2818 3655 3016 3714 posset.
3058 3646 3316 3713 Quaenam
3363 3647 3670 3702 subauditio

2081 3738 2425 3808 acceptabilis
2454 3753 2576 3794 esse
2600 3737 2911 3793 videbitur?
2950 3737 3198 3793 Arbitror
3223 3739 3365 3808 quod
3402 3755 3464 3795 ea
3495 3743 3673 3809 potius

2081 3848 2202 3904 quae
2248 3832 2427 3888 verbis
2474 3831 2841 3900 superioribus
2878 3833 3163 3902 congruit,
3221 3832 3414 3903 quibus
3464 3832 3668 3889 dictum

2083 3937 2166 3982 est
2193 3926 2337 3997 quod
2368 3926 2509 3980 idem
2538 3924 2819 3980 Nestorius
2847 3926 3040 3980 noxios
3072 3925 3347 3997 scripserit
3378 3925 3543 3980 libros
3583 3927 3672 3995 qui

2082 4018 2349 4074 seandalo.
2386 4016 2578 4073 fuerint
2628 4016 3001 4082 audientibus,
3035 4017 3160 4088 quia
3209 4017 3418 4072 beatam
3451 4017 3672 4073 Mariam

2082 4120 2310 4166 matrem
2345 4109 2449 4165 Dei
2467 4108 2694 4179 negabat
2719 4126 2732 4167 :
2758 4124 2918 4180 quam
2946 4108 3034 4164 illa
3063 4126 3184 4181 qua:
3209 4110 3421 4167 videtur
3443 4111 3527 4165 his
3555 4125 3673 4165 om-

2083 4202 2242 4256 nibus
2268 4216 2587 4272 repugnare,
2621 4202 2637 4233 ¹
2671 4201 2797 4272 quia
2831 4201 3108 4257 Nestorius
3138 4216 3236 4271 pro
3262 4202 3374 4257 suis
3404 4202 3582 4258 noxiis
3610 4201 3674 4258 ll-

2084 4295 2219 4359 bris,
2246 4295 2441 4366 quibus
2471 4308 2675 4365 negans
2707 4306 2934 4350 matrem
2970 4295 3061 4350 Dei
3098 4294 3315 4350 Mariam
3342 4296 3677 4351 scandaliza-

2085 4398 2235 4443 verat
2263 4387 2562 4453 audientes,
2596 4386 2815 4442 odibilis
2840 4394 2958 4441 erat
3005 4402 3117 4442 suae
3147 4388 3348 4442 civitati
3381 4395 3439 4442 ιιι
3467 4389 3520 4443 in
3553 4404 3673 4445 eam

2083 4482 2279 4535 reverti
2307 4495 2413 4533 non
2464 4488 2668 4549 posset.
2700 4479 2903 4533 Tamen
2935 4496 2997 4533 ex
3044 4480 3338 4537 abundanti
3380 4483 3673 4537 constitua-

2085 4586 2205 4627 mus
2229 4570 2734 4627 reverentissimnm
2757 4570 2897 4624 Ibam
2924 4585 3029 4625 non
3055 4571 3482 4628 subaudiendum
3503 4574 3673 4642 signi-
3728 4636 3731 4639 _

385 4669 454 4711 an
494 4659 615 4729 quia
644 4661 904 4727 prmteriit
933 4662 1054 4717 illos
1085 4663 1138 4718 in
1169 4663 1304 4717 alias
1326 4664 1540 4720 fraudes
1570 4666 1834 4732 intentos,
1868 4682 1975 4723 non
2003 4670 2056 4731 D
2085 4664 2295 4732 ficasse,
2325 4662 2421 4719 sed
2446 4672 2631 4732 aperte
2660 4661 2886 4729 dixisse,
2917 4662 3061 4733 quod
3099 4662 3375 4719 Nestorius
3405 4665 3532 4720 odio
3559 4675 3674 4721 erat

387 4757 682 4818 posuerunt
701 4748 753 4804 in
776 4751 967 4806 eodem
984 4754 1375 4809 calumniarum
1398 4765 1486 4826 atq
1496 4772 1561 4811 ue
1578 4759 1975 4816 mendaciorum

385 4858 608 4898 suorum
641 4844 811 4911 libro;
846 4854 1024 4900 tamen
1066 4847 1207 4915 quod
1240 4847 1483 4902 videmus
1511 4848 1579 4904 ab
1601 4863 1785 4903 eorum
1815 4851 1978 4907 sociis

384 4950 433 4988 vi
454 4936 469 4990 l
489 4935 810 4991 satellitibus
832 4936 1106 5005 objet-tari,
1131 4954 1234 4991 non
1260 4941 1558 4994 omittimus
1581 4942 1742 4996 simili
1762 4945 1977 4999 ratione

386 5028 657 5084 refellere.
687 5028 818 5083 Nam
850 5044 972 5084 eum
1007 5041 1333 5089 memoratus
1361 5036 1681 5089 venerabilis
1713 5036 1829 5092 ibas
1857 5053 1980 5092 nar-

386 5126 534 5174 raret
559 5133 622 5174 ac
653 5119 894 5176 diceret:
918 5120 1121 5177 Omnes
1146 5121 1433 5178 orientales
1460 5124 1545 5193 epi
1564 5128 1698 5195 copi
1729 5128 1975 5183 eumdem

386 5208 647 5281 Cyrillum
675 5211 1102 5281 damnaverunt,
1131 5224 1188 5268 et
1215 5215 1473 5270 advt-rsus
1508 5218 1644 5272 alios
1674 5220 1978 5289 episcopos,

387 5303 475 5363 qui
506 5315 895 5361 consenserunt
920 5305 1038 5376 ejus
1063 5307 1328 5375 capitulis,
1364 5310 1979 5369 excommunicationem

387 5395 770 5463 decreverunt,
794 5398 864 5453 ibi
892 5409 1107 5454 secutus
1140 5399 1333 5467 adjecit
1363 5416 1377 5454 :
1414 5420 1430 5451 ι
1469 5402 1532 5456 Ει
1564 5413 1683 5469 post
1706 5404 1843 5458 hanc.
1869 5415 1981 5460 tur-

390 5487 659 5543 hattonem
712 5492 1076 5560 unusquisque
1123 5495 1173 5544 in
1206 5505 1355 5545 suam
1405 5493 1675 5549 civitatem
1722 5510 1977 5551 reversus

387 5591 490 5636 est.
524 5581 802 5638 Nestorius
820 5593 1021 5649 autem,
1045 5585 1297 5655 quoniam
1328 5600 1440 5641 suae
1469 5586 1669 5641 civitati
1694 5588 1815 5643 odio
1837 5599 1972 5658 erat,

387 5682 444 5728 et
471 5675 561 5744 qui
600 5686 752 5732 erant
783 5676 837 5731 in
883 5692 945 5733 ea
977 5678 1471 5743 excellentioribus,
1504 5680 1598 5735 illo
1630 5684 1829 5738 reverti
1871 5701 1976 5740 non

388 5765 580 5832 potuit.
630 5785 649 5818 ι
692 5767 959 5838 Objiciunt
988 5784 1117 5841 ergo
1158 5771 1311 5826 nobis
1348 5781 1401 5827 et
1438 5771 1663 5827 dicunt:
1699 5773 1841 5831 Ecce
1888 5776 1978 5832 ubi

2085 4756 2301 4827 quidem
2331 4753 2532 4811 civitati
2572 4767 2685 4809 sua;
2710 4762 2768 4810 et
2809 4755 2899 4823 qui
2929 4764 3087 4810 erant
3110 4758 3163 4811 in
3195 4772 3256 4810 ea
3286 4756 3678 4812 excellentiori-

2084 4848 2208 4913 bus,
2234 4848 2326 4902 sed
2357 4863 2462 4902 non
2492 4855 2744 4916 tauquam
2790 4846 3098 4911 haereticus,
3134 4847 3302 4915 magis
3350 4856 3526 4903 autem
3558 4862 3673 4916 pro-

2086 4951 2204 5011 pter
2248 4940 2378 4995 alias
2409 4953 2619 5003 causas,
2662 4948 2719 4992 ut
2749 4939 2801 4992 in
2850 4954 2970 4992 eam
3003 4940 3205 4993 reverti
3241 4952 3346 4991 non
3392 4948 3676 5007 posset;et

2084 5030 2323 5088 defuisse
2346 5031 2501 5087 nobis
2529 5031 2655 5096 alia,
2699 5044 2820 5099 qua
2844 5029 2957 5100 jam
2983 5028 3246 5097 diximus,
3272 5037 3329 5084 et
3358 5044 3482 5099 quae
3511 5030 3676 5086 multo

2086 5125 2237 5196 plura
2268 5123 2532 5188 dicemus,
2564 5121 2760 5193 quibus
2782 5121 3226 5176 convincentibus
3263 5123 3393 5175 satis
3423 5121 3677 5176 ostende-

2088 5227 2237 5274 retur
2283 5215 2429 5286 quod
2474 5215 2637 5271 etiam
2683 5216 2796 5270 [nec
2845 5230 2955 5269 non
2985 5215 3053 5269 ad
3083 5214 3452 5270 excusandum
3488 5213 3676 5270 Nestn.

2087 5308 2224 5364 rium
2269 5307 2411 5363 dicta
2440 5315 2619 5361 essent
2652 5324 2668 5361 :
2694 5305 2932 5375 nunquid
2963 5315 3338 5362 necesse'erat
3358 5306 3548 5361 eadem
3580 5321 3676 5376 per

2090 5416 2149 5458 se
2179 5402 2517 5457 con~iderata
2547 5416 2668 5470 qua:
2698 5399 2949 5454 linvimus
2971 5401 3132 5455 verba
3159 5402 3245 5455 sic
3263 5400 3584 5469 intelligere,
3616 5412 3675 5458 ut

2091 5508 2381 5555 excusatus
2409 5497 2459 5549 in
2492 5497 2571 5550 eis
2601 5495 2881 5550 Nestorius
2911 5494 3232 5550 videretur?
3258 5493 3675 5553 Possentenﬁu

2085 5602 2140 5648 et
2170 5592 2327 5645 aliter
2353 5591 2605 5660 intefligi,
2641 5589 2691 5643 id
2720 5600 2824 5653 est,
2870 5590 2992 5658 quia
3016 5588 3149 5644 iicet
3174 5590 3459 5645 haereticus
3488 5589 3677 5646 Nesto-

2087 5685 2198 5738 rius
2219 5691 2385 5742 esset.
2410 5698 2506 5735 sua
2533 5691 2709 5735 tamen
2739 5681 2932 5735 civitas
2959 5680 3061 5735 hoc
3080 5680 3150 5737 de
3176 5681 3267 5737 illo
3292 5697 3398 5737 non
3421 5681 3682 5753 credidit,

2087 5790 2188 5831 nec
2220 5784 2470 5845 tanquam
2499 5773 2805 5839 hzereticus,
2836 5772 2930 5828 sed
2960 5782 3181 5844 propter
3205 5773 3348 5845 quod
3370 5775 3421 5832 ei
3447 5774 3519 5832 ob
3536 5775 3677 5832 alias

461 5900 635 5959 ‘CosL
676 5903 895 5975 Verum,
945 5921 1249 5978 repugnare.
1288 5904 1531 5974 Quamvis
1574 5907 1747 5976 itaque
1792 5924 1978 5965 coureu

2084 5911 2169 5966 τὶας
2200 5909 2701 5977 σιιιναηάί.ἰιιικ,,φιὶα
2736 5908 3029 5973 Nestorius,
3054 5919 3156 5968 etc.
