4114 6480
459 373 554 435 691

461 510 650 575 causas
680 493 804 546 odio
835 500 970 549 erat.
1000 489 1050 542 in
1080 500 1198 541 eam
1229 483 1430 539 reverti
1461 496 1566 535 non
1593 477 1782 548 potuit.
1817 475 2048 530 Possem
2077 471 2121 527 A

461 600 622 647 etiam
664 590 740 644 sic
792 583 1038 653 intelligi,
1087 582 1230 652 quia,
1267 579 1389 633 licet
1437 576 1719 630 haereticus
1773 570 2049 625 Nestor-ius

462 693 628 758 esset,
657 679 834 736 ethoc
866 677 1027 732 etiam
1052 689 1160 727 sua:
1189 672 1389 729 civitati
1416 670 1707 730 \ideretnr,
1739 679 1845 718 non
1874 671 2050 718 tamen

463 757 744 848 propterea
778 773 828 826 in
862 786 982 827 eam
1015 768 1212 824 reverti
1242 780 1349 820 non
1380 765 1571 835 potuit,
1604 775 1724 814 eum
1767 759 1833 814 ab
1861 757 2052 812 Orien-

462 869 659 926 talibus
687 877 740 921 et
783 865 1004 918 aliarum
1036 859 1436 931 provinciarum
1459 855 1728 926 episcOpis
1761 867 1864 905 non
1905 858 2050 903 esset

462 959 873 1021 condemnatus,
895 971 1030 1024 quos
1055 955 1411 1020 imperatores
1438 948 1554 1020 eius
1577 962 1789 1002 causam
1810 943 2004 1014 iudica-
2022 955 2052 995 e

462 1057 866 1124 praeceperant,
901 1047 996 1103 sed
1027 1044 1170 1116 quod
1199 1045 1246 1098 ei
1280 1045 1350 1096 ob
1395 1043 1530 1096 all-as
1571 1053 1760 1093 Causas
1783 1037 1906 1090 odio
1930 1033 2050 1088 fue-

463 1145 554 1199 rit.
597 1143 876 1210 Tanquam
917 1139 962 1193 si
993 1132 1319 1192 venerabilis
1362 1134 1502 1200 Ilias,
1541 1132 1765 1185 multum
1811 1128 2052 1183 tribuens

463 1233 799 1290 auctoritatis
828 1247 925 1284 suo
949 1227 1362 1298 metmpolitano
1383 1235 1435 1280 et
1458 1222 1665 1280 czeteris
1695 1219 2056 1277 Orientalibus

464 1329 799 1395 aliarumque
833 1323 1225 1389 provinciarum
1268 1317 1558 1388 episcopis,
1587 1315 1675 1384 qui
1705 1329 1811 1367 non
1844 1312 2056 1365 fuerant

464 1416 786 1488 exspectati,
833 1414 1040 1468 diceret
1082 1413 1206 1482 quia
1243 1409 1540 1470 Nestorius,
1571 1407 1694 1461 licet
1744 1403 2048 1470 lucreticus,

467 1526 571 1566 non
622 1519 798 1561 tamen
830 1504 898 1559 ab
945 1505 1023 1558 eis
1065 1505 1474 1566 condemnatus,
1529 1508 1708 1569 posset
1750 1496 1942 1552 reverti
2000 1494 2052 1548 in

464 1600 760 1662 civitatem,
810 1605 864 1650 et
911 1610 1097 1650 eorum
1152 1602 1471 1661 exSpectare
1515 1589 1797 1660 judicium,
1857 1585 1957 1639 nisi
2004 1583 2052 1638 ei

466 1703 689 1764 pr0pter
737 1688 874 1742 alias
900 1699 1090 1741 causas
1137 1686 1261 1740 odio
1311 1692 1478 1739 esset.
1526 1681 1659 1736 Nam
1710 1693 1832 1734 cum
1891 1674 2054 1730 iidem

465 1784 767 1844 Orientales
793 1790 847 1836 et
875 1782 962 1851 qui
1014 1792 1134 1834 cum
1166 1778 1245 1833 eis
1293 1784 1479 1838 erant,
1507 1781 1711 1828 tantum
1755 1769 2053 1840 pravalue-

465 1885 574 1939 rint
617 1883 876 1936 adversus
926 1874 1250 1946 Ephesinum
1283 1868 1566 1925 concilium
1600 1880 1697 1935 pro
1744 1862 2056 1931 receptione

468 1976 824 2046 capitulorum
855 1969 997 2026 beati
1024 1966 1231 2038 Cyrilli,
1267 1972 1324 2018 ut
1352 1960 1601 2016 eumdem
1640 1958 1853 2012 beatum
1885 1952 2055 2025 Cyril-

468 2071 578 2126 lum
609 2074 663 2122 et
704 2063 1042 2119 Memnonem
1076 2056 1402 2126 Ephesinum
1449 2052 1759 2120 episcopum
1799 2046 2056 2102 condem-

470 2167 686 2222 narent,
717 2165 772 2210 et
800 2155 1128 2223 imperatore
1154 2149 1375 2218 iubente
1404 2158 1588 2200 comes
1635 2155 1848 2212 quoque
1879 2153 2057 2192 sacra-

470 2267 592 2308 rum
641 2248 981 2320 largitionum
1014 2251 1038 2279 ο
1080 2255 1175 2297 eos
1221 2240 1276 2294 in
1324 2235 1567 2291 custodia
1625 2234 1900 2289 traderet:
1931 2227 2067 2299 quid-

469 2353 616 2400 esset
657 2315 972 2411 pra'judicii,
1001 2335 1044 2389 si
1074 2343 1128 2389 et
1157 2333 1258 2386 huc
1296 2330 1502 2385 diceret
1544 2327 1698 2393 ibas.
1715 2323 1840 2394 quia
1870 2323 1920 2376 in
1953 2315 2056 2374 Ne-

468 2434 656 2501 storio,
707 2443 1010 2502 quanquam
1059 2426 1330 2488 haeretica,
1368 2433 1544 2478 tamen
1591 2419 1660 2473 ab
1699 2414 2058 2472 Orientalibus

467 2543 574 2584 non
615 2526 858 2589 excluso,
889 2536 994 2576 non
1029 2520 1236 2573 illorum
1289 2526 1371 2571 est
1398 2513 1738 2569 considerata
1769 2508 2056 2574 sententia,

467 2621 558 2689 qui
579 2616 924 2674 condemnati
947 2614 1093 2670 velut
1114 2609 1348 2666 haeretici
1375 2613 1668 2677 potuerunt
1683 2605 1735 2658 in
1759 2602 2056 2658 custodiam

469 2715 640 2778 mitti;
671 2711 769 2767 sed
799 2708 918 2778 quia
964 2715 1183 2776 propter
1209 2703 1344 2757 alias
1369 2714 1560 2755 causas
1596 2697 1795 2752 civitati
1823 2709 1934 2750 sua:
1962 2694 2060 2747 luit

469 2807 708 2874 udibilis,
737 2803 861 2859 ideo
885 2801 938 2856 in
967 2815 1086 2856 eam
1107 2796 1304 2852 reverti
1329 2809 1434 2849 non
1469 2789 1680 2860 potuit?
1707 2787 1900 2841 Verum
1927 2781 2059 2837 nihil

468 2901 662 2956 horum
706 2899 761 2954 in
791 2895 908 2968 ejus
934 2892 1161 2964 epistola
1204 2888 1528 2955 continetur,
1578 2884 1629 2937 in
1659 2896 1760 2952 qua
1813 2880 1914 2933 hoc
1943 2887 2060 2932 tan-

471 2989 744 3047 tummodo
761 2989 959 3043 dictum
993 2993 1105 3040 est:
1129 2980 1408 3038 Nestorius
1433 2987 1636 3042 autem,
1664 2973 1916 3044 quoniam
1948 2983 2060 3023 suae

471 3086 672 3142 civitati
700 3083 827 3138 odio
867 3089 984 3136 erat
1013 3087 1066 3133 et
1092 3077 1180 3147 qui
1207 3083 1362 3130 erant
1389 3073 1443 3127 in
1473 3086 1534 3126 ea
1564 3062 2057 3128 excellentioribus,

472 3178 564 3234 illo
594 3175 792 3231 reverti
825 3187 930 3226 non
977 3169 1167 3238 potuit.
1196 3166 1274 3222 De
1302 3179 1407 3236 quo
1431 3164 1542 3234 iam
1586 3155 1935 3215 calumniosis
1971 3169 2059 3208 rc-

471 3269 783 3344 spondimus
812 3265 1044 3332 amplius
1071 3261 1211 3317 forte
1231 3271 1391 3328 quam
1416 3253 1786 3311 necessarium
1809 3249 1922 3306 fuit.

1096 3410 1323 3471 CAPUT
1359 3413 1426 3469 V.

478 3536 627 3608 Quod
657 3534 786 3603 falso
817 3533 989 3608 dicunt
1011 3529 1168 3608 _Ibam
1193 3545 1224 3582 a
1254 3527 1453 3608 synodo
1485 3523 1816 3608 compulsa-ui.
1848 3517 2060 3573 anathe-

543 3592 788 3661 matizare
816 3603 1108 3658 Nestorium
1131 3617 1150 3662 ;
1189 3609 1236 3654 et
1263 3592 1400 3664 quod
1437 3611 1695 3664 nunquam
1738 3592 1816 3647 illi
1843 3607 2059 3646 excusa-

543 3680 731 3732 tionem
765 3671 995 3728 Ne‘storii
1021 3680 1340 3726 accusatores
1367 3669 1663 3741 objecerint.

544 3819 603 3875 In
635 3825 840 3870 tantum
877 3827 1008 3867 vero
1047 3807 1131 3864 vel
1169 3805 1638 3862 reverentissimus
1667 3801 1806 3864 lbas,
1837 3798 1917 3849 vel
1948 3796 2064 3861 eius

479 3911 698 3984 epistola
731 3909 891 3976 longe
936 3903 1164 3958 aberant
1194 3899 1262 3953 ab
1296 3899 1396 3952 hac
1435 3894 1758 3963 sasiiit-ione,
1793 3889 1930 3953 quod
1963 3886 2064 3940 Nc-

481 4009 702 4065 storium
735 4003 931 4060 dicitur
967 4008 1274 4060 excusasse,
1307 3999 1365 4045 ut
1404 4005 1503 4044 nec
1544 3987 1642 4056 ipsi
1682 3984 1890 4053 jUtliteS
1921 3979 2066 4037 Pho-

481 4101 582 4155 tius
629 4111 676 4152 et
735 4090 1052 4148 Eustachius
1107 4066 1270 4155 atque
1323 4081 1594 4142 Uranius,
1645 4075 1853 4141 Obiecta
1907 4079 2067 4141 atque

455 4190 675 4260 ~releCta
721 4186 908 4242 eadem
941 4178 1191 4251 epistola,
1223 4173 1537 4245 praedictum
1579 4169 1724 4224 lbam
1756 4165 2066 4235 episcOpnm

483 4281 870 4350 compellerent
916 4275 1202 4329 anathema
1246 4268 1494 4324 Nestorio
1531 4265 1730 4320 dicere.
1764 4260 1880 4315 Non
1923 4259 2066 4314 enim

460 4385 669 4440 verum
700 4379 781 4424 cst
809 4367 835 4405 ι’
861 4366 1001 4435 quod
1035 4365 1088 4419 in
1121 4379 1218 4416 suo
1250 4362 1386 4415 libro
1417 4364 1713 4428 posuerunt
1741 4353 1848 4419 isri,
1878 4350 2070 4419 quibus

486 4470 690 4518 tantum
739 4455 949 4512 mentiri
987 4453 1136 4517 libet,
1171 4461 1427 4521 quantum
1463 4448 1683 4516 impune
1715 4444 1858 4510 licet,
1890 4441 2072 4495 dicen-

487 4562 566 4608 tes
599 4569 615 4604 :
653 4567 672 4602 ι
711 4547 949 4616 Denique
975 4554 1029 4600 et
1057 4543 1277 4598 Pltotius
1305 4554 1357 4595 et
1390 4538 1706 4592 Eustachius
1739 4535 1828 4589 Dei
1859 4541 2067 4586 amato-

487 4657 610 4709 res,
657 4636 1050 4708 conspicientes
1103 4631 1510 4704 d‘enegationcm
1568 4629 1672 4683 lbae
1727 4627 1794 4681 de
1845 4611 2156 4694 epistola'D

561 4827 586 4854 ⁸·
617 4817 871 4871 Joannes.
894 4813 1080 4868 Exstat
1111 4811 1162 4864 in
1200 4809 1334 4863 aclis
1364 4809 1718 4863 Orientalium
1751 4818 1872 4876 post
1905 4820 2073 4876 syno-

489 4865 970 4956 tlumvli'p’ln‘sinain
995 4882 1282 4936 Theodosii
1317 4883 1444 4949 imp.
1465 4881 1689 4948 epistola
1806 4865 2071 4950 synodum

489 4963 653 5017 missa
684 4949 780 5024 per
808 4959 1070 5012 Joannem
1111 4957 1363 5024 comitem
1405 4965 1704 5015 sacrarum,
1735 4949 1849 5006 ἵσσῦ
1875 4956 2074 5022 «caput;

488 5031 864 5092 ἀποσταλείσης
916 5026 1001 5081 διὰ
1045 5022 1278 5080 Ἰωάννου
1327 5031 1413 5098 ’ζοῦ
1445 5025 1662 5098 noun-ro;
1709 5031 1911 5098 ᾳακρῶν
1942 5039 1955 5086 ;
1989 5025 2072 5074 t'lll

489 5103 688 5162 deinde
732 5098 944 5156 subdita
973 5106 1056 5151 est
1085 5098 1308 5164 epiStola
1335 5091 1557 5149 Joannis
1590 5091 1827 5162 t-iusdeni
1861 5091 2073 5164 comitis

492 5174 757 5231 sacreusis
788 5171 852 5225 ad
896 5163 1293 5236 imperatorem,
1331 5165 1380 5218 in
1411 5179 1512 5235 qua
1568 5173 1748 5217 narrat
1777 5179 1836 5217 se
1884 5163 2074 5217 Nesto-

493 5249 630 5300 rium
685 5234 1098 5300 custodiendum
1163 5234 1446 5291 tradidisse
1501 5236 1831 5290 Candidiano
1886 5234 2072 5288 comiti

491 5316 931 5377 tlmncsticorum,
966 5310 1224 5378 Cyrillum
1256 5316 1311 5362 et
1341 5309 1678 5362 Memnonem
1719 5305 1921 5362 Jacobo
1947 5306 2072 5360 item

492 5388 672 5443 comiti
697 5396 750 5440 et
781 5381 1068 5451 praeposito
1096 5379 1545 5451 quartaescholm.

564 5457 592 5496 δ
632 5445 791 5524 Quod
815 5445 988 5524 ipsum
1013 5445 1192 5507 tanien
1224 5451 1274 5504 in
1303 5449 1490 5505 Edicto
1519 5465 1618 5505 suo
1648 5448 1883 5504 affirmat
1913 5445 2078 5503 Justi-

570 5629 586 5666 ¹
629 5630 762 5685 Cod.
796 5629 1017 5689 Verum,
1042 5625 1502 5681 reuerentissimum
1534 5624 1849 5690 episcopum,
1881 5633 1982 5675 etc.

569 5706 589 5735 ⁸
631 5703 774 5755 idem
805 5700 948 5765 cod.,
983 5709 1028 5753 et
1055 5700 1106 5751 in
1133 5713 1241 5752 sure
1269 5697 1488 5748 civitatis
1515 5695 1729 5749 ecclesia
1758 5698 1928 5764 palam
1958 5710 2084 5745 aua-

501 5773 844 5829 thematizarc.

577 5833 597 5860 ⁸
636 5845 774 5896 idem
815 5842 973 5898 coal...
998 5841 1274 5902 principem
1311 5837 1623 5891 Nestorium.

1567 350 1865 419 FACUNDI
1901 352 2113 412 EPlSC.
2149 347 2655 406 HERMIANENSIS

3630 333 3741 388 lii"!

2155 467 2371 531 factam,
2415 466 2707 537 iudicatum
2736 461 3001 517 dederunt
3027 457 3091 512 ad
3123 453 3543 510 destructionem
3566 459 3619 506 et
3647 465 3741 502 et.

2152 561 2270 613 clus
2294 572 2450 612 onem
2503 556 2792 623 impietatis
2837 549 3080 620 epiStola:
3127 545 3204 598 ad‘
3248 543 3484 598 Marim:
3531 559 3551 592 ›
3601 539 3745 607 tium!

2148 648 2469 717 iudicatum,
2504 647 2642 702 sicut
2677 643 2927 712 superius
2957 639 3210 699 diximus,
3252 633 3437 689 adiens
3476 633 3592 686 lbas
3617 646 3746 686 san-

2152 746 2291 793 ctam
2331 736 2593 806 synodum
2646 734 2792 803 petiit
2838 731 2961 799 legi.
3012 729 3182 782 liabet
3222 738 3402 780 autem
3447 723 3742 792 iudicatum

2153 828 2244 892 ita;
2278 837 2336 881 ut
2380 827 2499 881 lbas
2549 827 2602 879 in
2652 838 2748 878 sua
2796 821 3024 878 ecclesia
3064 817 3538 872 anatltematizaret
3565 815 3753 883 palam

2154 920 2404 989 maligna:
2437 913 2727 986 impietatis
2762 915 3056 983 principem
3090 909 3414 972 Nestorium,
3444 916 3499 960 et
3527 919 3622 962 eos
3647 905 3741 973 qui

2153 1019 2245 1065 aut
2273 1012 2421 1066 libris
2449 1017 2540 1064 aut
2570 1007 2849 1062 codicibus
2882 1003 3001 1074 eius
3029 1008 3272 1057 utuntur.
3304 998 3419 1053 Non
3451 999 3628 1066 itaque
3658 1011 3748 1051 vc-

2155 1120 2270 1158 ru‘m
2312 1113 2399 1158 est
2440 1101 2579 1171 quod
2623 1100 2897 1164 dixerunt,
2938 1095 3063 1166 quia
3107 1099 3208 1147 nec
3248 1089 3572 1156 ostenditur,
3604 1087 3756 1142 sicut

2150 1197 2266 1266 iam
2309 1195 2609 1259 docuimus,
2651 1192 2776 1248 ibas
2813 1188 3110 1257 denegasse
3149 1183 3291 1255 quod
3337 1196 3434 1236 sua
3474 1179 3634 1234 fuerit
3677 1177 3750 1234 ad

2158 1285 2343 1346 Marim
2373 1289 2596 1357 epistola
2617 1297 2642 1353 ;"
2661 1301 2832 1354 neque
2863 1281 3198 1338 venerabiles
3229 1279 3449 1334 Photius
3474 1283 3529 1332 et
3557 1275 3749 1330 Eusta-

2157 1383 2312 1437 chius
2351 1381 2591 1450 episcopi
2633 1378 3029 1449 i‘udicaVerunt,
3062 1385 3115 1427 ut
3149 1373 3267 1426 lbas
3296 1375 3349 1426 in
3391 1384 3485 1424 sua
3517 1364 3745 1422 ecclesia

2157 1474 2636 1529 anathematizaret
2657 1473 2830 1542 palam
2857 1467 3103 1538 maligna».
3134 1461 3423 1532 impietatis
3448 1458 3748 1525 principem

2157 1564 2458 1620 Nestorium
2509 1573 2562 1618 et
2609 1577 2703 1617 eos
2741 1560 2832 1630 qui
2879 1568 2971 1613 aut
3010 1557 3163 1612 libris
3203 1565 3289 1606 aut
3329 1551 3603 1606 codicibus
3627 1548 3746 1616 eius

2159 1667 2404 1714 utuntur.
2445 1656 2556 1713 Sed
2601 1655 2716 1725 ipse
2754 1651 3048 1722 pradicltts
3071 1649 3188 1702 lba's
3214 1645 3497 1714 episcopus
3524 1639 3664 1693 ultro
3693 1647 3748 1695 ct

2159 1767 2225 1808 ex
2255 1749 2569 1814 abundanti,
2602 1746 2704 1801 hoc
2749 1745 2962 1800 nemine
3003 1741 3054 1794 vi
3097 1737 3452 1806 compellcnte
3489 1733 3574 1787 vel
3602 1747 3749 1801 qua:-

2087 1838 2131 1898 B
2162 1854 2311 1898 rente
2354 1841 2621 1910 promisit,
2665 1839 2806 1892 sicut
2843 1835 3222 1906 praedictorum
3255 1829 3429 1887 Photii
3465 1835 3521 1881 et
3551 1825 3748 1879 Eusta-

2160 1935 2268 1991 chii
2317 1935 2692 2004 episc0porum
2743 1929 3053 1984 deﬁnitione
3104 1931 3457 1978 monstratur.
3508 1919 3752 1982 Namque

2160 2045 2282 2085 cum
2332 2029 2552 2082 absente
2596 2025 2708 2096 iam
2757 2021 3048 2078 venerabili
3094 2018 3298 2074 Uranie
3345 2017 3616 2085 episcopo,
3655 2012 3750 2077 qui

2157 2137 2278 2174 cum
2335 2119 2442 2172 illis
2491 2118 2653 2186 iudex
2708 2115 2762 2168 in
2810 2113 2909 2166 hac
2952 2124 3112 2166 causn
3160 2109 3385 2178 iubente
3424 2107 3750 2171 imperatore

2158 2211 2499 2276 consederat,
2524 2224 2589 2264 ex
2616 2207 2886 2278 iudicibus
2910 2203 3234 2257 mediatores
3260 2198 3406 2268 pacis
3433 2195 3764 2260 semetipsos-

2160 2304 2399 2375 partibus
2449 2303 2770 2372 prmbt-rent,
2825 2309 2939 2367 post
2989 2295 3262 2362 aliquanta
3315 2290 3584 2352 dixerunt,
3626 2300 3751 2339 cum

2161 2400 2324 2454 multa
2358 2407 2496 2451 muti
2525 2396 2765 2458 fuissent,
2797 2405 2915 2461 qum
2947 2389 3001 2442 in
3035 2386 3168 2441 actis
3194 2387 3391 2439 inserla
3421 2396 3498 2436 suv
3524 2388 3566 2435 ι.
3595 2398 3614 2431 r
3645 2379 3756 2432 Νιισ

2160 2490 2496 2559 cegnitornm
2545 2485 2786 2539 ordinem
2843 2479 3113 2551 paululum
3165 2477 3544 2545 relinquentes,
3585 2481 3640 2527 ct
3683 2470 3768 2524 adt

2162 2590 2466 2635 sanctarum
2495 2577 2856 2632 Ecelesiarum
2890 2579 3228 2626 Communem
3261 2567 3546 2620 utilitatem
3577 2563 3754 2630 respi-

2162 2675 2386 2739 cientes,
2419 2689 2516 2741 pru
2541 2669 2809 2740 indicibus
2841 2667 3167 2720 mediatores
3193 2660 3550 2726 nosmetipsos
3591 2653 3755 2723 parti-

2163 2767 2261 2821 bus
2289 2767 2534 2829 fecimus,
2562 2771 2615 2818 et
2650 2759 2830 2815 multis
2855 2759 2934 2813 usi
2967 2756 3229 2820 conciliis,
3257 2752 3510 2822 pietatem
3555 2750 3762 2818 ubique

2165 2871 2545 2935 proponentes,
2581 2855 2995 2926 pr:rparavimus
3024 2852 3334 2920 episcopum
3364 2847 3382 2878 ¹
3411 2845 3574 2908 Ibam,
3607 2845 3750 2911 quod

2165 2960 2278 3028 ipse
2309 2956 2372 3011 ad
2405 2954 2825 3007 satisfactionem
2867 2961 3050 3002 eorum
3083 2959 3205 3015 qua:
3249 2942 3388 2996 dicta
3434 2938 3643 2993 fuerant
3672 2951 3759 2988 sa.

2164 3051 2299 3122 puit,
2343 3045 2544 3114 scripto
2586 3044 2720 3098 dare
2765 3041 2890 3111 quid
2939 3040 3164 3093 sentiret
3203 3034 3287 3090 vel
3325 3038 3542 3103 saperet
3574 3028 3640 3083 de
3673 3031 3756 3096 pia

2166 3153 2346 3200 nostra
2398 3139 2502 3195 lide
2531 3156 2544 3191 :
2579 3135 2725 3207 quod
2757 3137 2920 3191 etiam
2955 3133 3102 3187 l‘et-it.
3134 3130 3211 3185 Ex
3259 3127 3546 3184 abundanti
3579 3133 3772 3179 autem-

2086 3227 2136 3294 ϐ
2169 3237 2452 3307 prretlictns
2509 3231 2980 3287 reverentissimus
3021 3228 3106 3280 vir
3150 3224 3397 3294 promisit
3438 3231 3498 3274 ut
3543 3220 3597 3274 in
3647 3231 3758 3270 snzc

2163 3329 2398 3384 civitatis
2427 3325 2654 3380 ecclesia
2702 3322 2877 3391 palam
2928 3315 3404 3372 anathematizaret
3441 3312 3470 3344 τ
3506 3311 3751 3378 maligne

2163 3419 2452 3491 impietatis
2487 3415 2782 3487 principem
2813 3412 2854 3476 ³,
2884 3420 2940 3467 et
2979 3425 3073 3465 eos
3103 3408 3192 3477 qui
3237 3409 3374 3462 sicut
3401 3404 3490 3458 ille
3517 3402 3752 3469 sapiunt,

2163 3524 2217 3570 et
2245 3512 2336 3584 qui
2364 3519 2455 3566 aut
2484 3510 2632 3564 libris
2675 3517 2766 3560 aut
2808 3504 3083 3560 codicibus
3114 3501 3232 3571 eius
3263 3506 3503 3552 utuntur.
3531 3492 3758 3546 Confes-

2171 3621 2264 3660 sus
2303 3612 2388 3659 est
2437 3613 2612 3655 autem
2657 3614 2778 3652 sese
2821 3595 3043 3650 credere
3078 3600 3208 3647 scut
3238 3590 3513 3644 continent
3540 3585 3764 3646 littera,-

2167 3712 2284 3766 qua:
2315 3696 2716 3749 intervenerunt
2744 3692 2884 3744 inter
2915 3683 3315 3740 reverentissim
3337 3699 3364 3732 υ
3399 3688 3451 3732 et
3481 3674 3760 3733 sanctissi-

2167 3804 2267 3842 mze
2284 3787 2555 3842 memoriae
2577 3783 2833 3837 Joannem
2858 3792 3064 3848 magnae
3085 3772 3435 3829 Antiochenm
3453 3767 3684 3823 civitatis
3705 3773 3763 3820 et

2163 3880 2424 3954 Cyrillum
2453 3877 2869 3932 Alexandrinum
2889 3874 3172 3941 episcopos
3194 3867 3238 3934 ‘,
3261 3877 3492 3936 quorum
3520 3858 3764 3915 minister

2169 3976 2268 4031 l'uit
2309 3980 2478 4030 beatae
2529 3971 2818 4025 memoria!
2853 3966 3044 4021 Paulus
3101 3964 3490 4016 Emescnorum
3533 3954 3772 4008 civitatis

2169 4067 2476 4137 episc0pns,
2511 4080 2574 4118 ex
2618 4063 2810 4132 quibus
2849 4067 2902 4112 et
2938 4054 3260 4110 universalis
3301 4060 3596 4104 consensus
3638 4045 3766 4100 effes

2171 4168 2290 4214 ctus
2321 4169 2421 4210 cst.
2466 4177 2482 4208 ι
2521 4156 2658 4210 Ecce
2691 4152 3027 4207 venerabiles
3059 4148 3279 4202 Photins
3325 4153 3378 4197 et
3426 4138 3766 4200 l-ustacltins,

2171 4265 2236 4303 ex
2279 4246 2562 4316 iudicibus
2594 4243 2914 4298 mediatores
2964 4238 3113 4307 pacis
3159 4235 3356 4300 eli‘ecti,
3399 4233 3585 4285 dicunt
3620 4229 3770 4298 quod

2175 4356 2280 4395 non
2323 4339 2422 4408 ipsi
2469 4334 2845 4406 iudicaverint,
2894 4331 3032 4384 sicut
3075 4327 3309 4395 ﬁngitur,
3343 4322 3409 4376 ad
3443 4321 3770 4375 destructio-

2176 4444 2299 4484 nem
2322 4441 2374 4482 et
2405 4426 2770 4482 exclusionem
2804 4419 3092 4488 impietatis
3115 4415 3358 4485 epistolae
3379 4413 3445 4467 ad
3472 4410 3680 4475 Marim,
3713 4417 3779 4465 ut-

2177 4533 2427 4576 reversus
2457 4518 2478 4549 ⁵
2511 4516 2630 4570 ibas
2659 4514 2710 4568 in
2743 4527 2855 4567 suae
2895 4510 3132 4564 civitatis
3166 4505 3398 4561 ecclesia
3430 4501 3603 4572 palam
3643 4515 3774 4552 ana~

2183 4611 2558 4668 thematizaret
2605 4605 2934 4667 Nestorium,
2979 4601 3070 4671 qui
3115 4613 3220 4653 non
3275 4612 3371 4666 pro
3419 4593 3774 4649 excusatione

2188 4814 2398 4867 nianus.
2427 4807 2576 4864 Ὀθεν
2602 4847 2617 4873 ,
2663 4805 2871 4873 inquit,
2919 4802 2965 4857 οἱ
3022 4799 3438 4873 μνημονεγθέντες
3479 4796 3661 4873 Macro:
3687 4795 3777 4848 καὶ

2185 4884 2462 4941 Eunomia;
2491 4881 2574 4935 διὰ
2601 4883 2690 4935 τὴν
2719 4866 2817 4932 ’ἑῶν
2849 4866 3185 4947 amboue-mu
3224 4870 3566 4939 πληροφορίαν
3591 4866 3779 4936 ἐγγρά-

2185 4979 2288 5030 φως
2310 4951 2634 5010 διετύπωσαν
2671 4951 2756 5003 τεὸν
2783 4939 3034 5017 εἰρῆμένον
3060 4944 3194 4997 ἰϐαν
3219 4947 3383 5030 ﬂagra
3405 4941 3470 4991 τὰ
3500 4939 3692 5024 ἐναντὲα
3712 4942 3780 5007 τῇ

2371 5029 2379 5030 κ
2568 5027 2590 5030 Α-
2766 5021 2817 5030 ...
2897 5020 2906 5030 .
3043 5019 3050 5030 .
3151 5018 3157 5030 ,
3346 5013 3369 5030 ,,
3401 5017 3421 5026 ,
3534 5026 3633 5030 μη

2187 5003 2429 5097 ἔπιστολῇ
2455 5027 2666 5098 πρᾶξαᾼι.
2699 5003 2858 5077 mihi;
2936 5019 3055 5098 ῖτερὶ
3077 5018 3258 5098 eooeoo
3288 5011 3493 5064 δοθεῖσα
3529 5003 3656 5088 παρ’
3681 5003 3781 5098 ch-J-

2181 5107 2281 5155 τῶν
2327 5075 2590 5168 ἐπὶκιίιὲ-ιςῖ
2611 5075 2898 5168 δεὶζῖυσιῦ.¹
2925 5075 3171 5152 Synodus
3215 5087 3338 5168 item
3373 5096 3425 5140 v,
3457 5075 3726 5168 aLctioneb
3761 5091 3776 5127 :

2190 5149 2406 5221 Ῐῆινσιίιὶδ
2443 5149 2567 5218 itero
2609 5172 2652 5216 et
2693 5149 2995 5212 Eustathius
3036 5171 3136 5208 non
3175 5155 3406 5222 ejusdem
3442 5149 3780 5222 abnegation-e

2457 5215 2823 5304 perspeaterwtt
2848 5245 2939 5299 per
2963 5244 3108 5304 suam
3136 5215 3504 5304 definitionem,
3530 5215 3779 5304 “idm'atl

2184 5311 2434 5364 Edessam
2465 5286 2766 5370 rperuenire,
2807 5286 2860 5354 et.
2894 5298 3161 5365 manifes'e
3201 5286 3259 5370 in
3303 5292 3514 5345 ecclesia
3562 5286 3775 5370 auat/te-

2183 5385 2426 5433 matizure
2453 5358 2766 5430 Νεδιονίιιηί
2779 5380 2825 5425 et
2853 5370 3012 5440 impia
3037 5358 3156 5439 'ejus
3190 5366 3455 5436 dogmata,
3479 5371 3592 5428 qua:
3619 5358 3782 5425 impia

2186 5453 2407 5524 epiciola
2437 5445 2750 5501 vindicabat.

2264 5623 2284 5654 ⁸
2325 5622 2466 5676 Idem
2502 5618 2649 5684 cod.,
2683 5631 2879 5685 magna:
2923 5610 3391 5665 Atexandriiwnun
3425 5603 3646 5661 ciuitatis
3679 5602 3776 5671 rpi-

2195 5709 2426 5753 seopum.

2268 5765 2288 5794 ⁸
2329 5765 2468 5819 Ιιιριιι
2499 5760 2596 5816 Cod
2631 5802 2643 5824 ,
2675 5755 3125 5812 reuerentissimus.
