4114 6480
349 316 450 374 693

1234 312 1366 370 PRO
1405 307 1838 369 DEFENSIONE
1878 305 2091 361 TRIUM
2130 304 2442 361 CAPITL'L.
2487 303 2612 359 LIB.
2660 308 2764 361 ViI.

3522 296 3629 373 695

349 434 600 504 Nestorii,
632 434 727 491 sed
766 448 862 505 pro
902 432 1096 504 injuria
1140 429 1495 488 Orientalium
1526 439 1581 485 et
1614 437 1935 485 caeterorum
1964 423 2013 484 Α
2039 429 2131 478 tur
2154 424 2401 494 epistola,
2428 427 2531 482 hoc
2559 434 2763 482 tantum
2794 427 2846 482 in
2878 427 2968 482 Illa
3000 428 3223 492 notavit,
3248 426 3390 498 quod
3411 426 3625 481 beatum

345 530 434 597 qui
463 542 587 581 cum
616 527 695 582 eis
722 528 1019 592 exspectati
1045 541 1151 580 non
1181 525 1413 589 fuerant,
1445 523 1666 588 dixisse,
1699 536 1819 577 eum
1856 524 1942 589 ju-

343 619 680 684 dicaverunt,
707 635 824 688 qua:
862 618 1077 687 quidam
1119 617 1173 671 in
1216 619 1303 672 illa
1346 616 1573 687 epistola
1604 615 1746 668 male
1777 615 1943 668 inter-

346 720 641 779 pretantur.
673 712 883 780 Alioqui
920 724 1026 765 non
1057 710 1298 764 dicerent
1321 723 1385 764 ex
1416 707 1715 762 abundanti
1738 704 1940 774 promi-

346 802 486 858 sisse
506 817 781 857 reversum
804 802 822 834 ⁸
854 802 1016 867 Ibam,
1045 811 1102 855 ut
1126 800 1609 856 auathematizaret
1632 798 1683 852 in
1710 795 1941 852 ecclesia

343 892 582 947 civitatis
623 908 736 948 sua:
767 892 1101 961 Nestorium,
1135 892 1229 947 sed
1269 890 1595 960 semetipsos
1632 890 1808 959 potius
1848 902 1944 941 nc-

350 987 586 1043 cessarie
625 987 728 1042 hoc
752 986 819 1042 ab
850 986 944 1041 illo
971 985 1212 1040 dicerent
1252 984 1540 1054 ﬂagitasse.
1572 982 1704 1037 Illud
1731 994 1944 1051 quoque

350 1081 539 1147 procul
567 1080 733 1134 dubio
761 1080 920 1134 simul
961 1086 1204 1148 apparet,
1236 1076 1486 1144 quoniam
1524 1076 1681 1129 solita
1708 1075 1729 1105 ³
1760 1074 1946 1128 fraude

350 1173 739 1226 sulitraxerunt
766 1170 907 1240 quod
952 1184 1051 1223 nos
1094 1184 1161 1223 ex
1210 1168 1398 1222 iisdem
1441 1166 1609 1234 gestis
1651 1166 1944 1232 posuimus,

352 1263 479 1330 quia
506 1262 784 1317 confessus
806 1270 890 1317 est
916 1261 985 1316 ita
1010 1277 1070 1316 se
1091 1260 1314 1314 credere
1342 1260 1459 1313 Ihas
1481 1257 1786 1327 ρρίεεοιιυς,
1809 1258 1949 1310 sicut

353 1353 636 1410 continent
663 1354 859 1409 litteras
889 1369 1005 1422 quae
1031 1353 1459 1418 intervenerunt,
1493 1350 1760 1405 mediante
1786 1346 1948 1402 Paulo

361 1448 642 1503 Emesente
689 1445 924 1501 civitatis
969 1445 1246 1513 episcolio,
1282 1443 1422 1497 inter
1461 1442 1631 1496 beatae
1678 1439 1951 1494 niemorizc

355 1539 621 1595 Joannem
667 1536 1068 1591 Antiochenum
1119 1545 1174 1589 et
1225 1534 1480 1604 Cyrillum
1529 1531 1949 1586 Alexandrinum

359 1627 642 1700 episcopos
665 1646 678 1681 :
703 1644 771 1684 ne
792 1644 860 1683 ex
885 1629 983 1683 hac
1006 1627 1380 1682 testificatione
1406 1623 1580 1681 Phutii
1604 1634 1657 1678 et
1680 1620 1951 1676 Eustachii

359 1722 759 1791 episcoporum,
783 1735 941 1789 quam
962 1719 1029 1775 ad
1052 1718 1479 1773 destructionem
1501 1725 1558 1770 et
1577 1714 1948 1769 exclusioncm

2045 515 2303 586 Cyrillum
2326 518 2506 573 minus
2527 519 2794 574 intellecta
2814 520 3167 587 capitulorum
3192 519 3310 589 ejus
3335 520 3631 575 intentione

2044 605 2356 675 culpaverit,
2394 623 2499 663 non
2541 610 2679 680 quod
2719 610 3017 666 Nestorium
3060 610 3249 665 fecerit
3290 619 3627 665 excusatum.

2040 698 2231 755 Talem
2258 701 2399 755 enim
2432 702 2580 756 dedit
2615 705 2957 769 sententiam,
2990 706 3129 758 sicut
3160 703 3351 772 quinto
3376 703 3513 758 libro
3538 704 3634 756 do-

2045 787 2256 845 coimus
2291 807 2306 846 :
2341 810 2360 843 ‹
2399 792 2605 847 Dudum
2632 795 2852 864 quidem
2890 810 2955 849 ex
3005 795 3218 851 relcctis
3261 796 3509 849 innoxius
3541 795 3636 849 dc-

2047 889 2375 936 monstratus
2395 893 2477 937 est
2499 885 2961 941 reverentissimus
2981 885 3094 941 lbos
3113 904 3125 940 :
3147 888 3198 940 in
3220 887 3413 957 quibus
3434 893 3633 940 etenim

2048 970 2196 1027 visus
2218 981 2303 1027 est
2320 974 2534 1042 culpare
2560 976 2698 1030 male
2719 977 2944 1042 loquens
2968 978 3329 1032 beatissimum
3352 976 3633 1046 Cyrillum,

2050 1063 2103 1118 in
2153 1066 2541 1133 posterioribus
2582 1077 2728 1123 recte
2755 1069 3032 1124 confesmts
3079 1070 3283 1140 respuit
3320 1069 3406 1125 illa
3442 1071 3637 1139 quibus

2050 1155 2361 1223 culpaverat
2387 1175 2399 1210 :
2427 1158 2553 1227 quia
2584 1174 2712 1214 vero
2755 1156 3058 1214 Nestorium
3089 1163 3385 1227 excusavit,
3419 1176 3520 1215 non
3553 1163 3636 1214 in-

2048 1247 2263 1300 venitur
2301 1262 2330 1301 a
2372 1247 2580 1319 synodo
2628 1250 3013 1318 reprehensum
3046 1268 3058 1302 :
3089 1252 3230 1321 quod
3264 1252 3442 1319 prorul
3472 1251 3636 1305 dubio

2051 1340 2492 1408 reprehenderet,
2521 1344 2564 1397 si
2599 1344 2691 1398 ille
2722 1344 3022 1398 Nestorium
3055 1358 3210 1413 quem
3259 1344 3369 1411 ipsa
3412 1343 3635 1396 damna-

2053 1439 2223 1496 verat,
2257 1441 2538 1487 excusaret
2571 1450 2583 1487 :
2625 1451 2645 1484 ι
2680 1434 2846 1488 multo
2872 1434 3064 1503 magis,
3096 1435 3138 1487 si
3179 1435 3339 1490 etiam
3372 1434 3635 1498 laudibus,

2054 1524 2190 1578 sicut
2232 1523 2539 1593 loquuntur,
2588 1526 2845 1581 afficeret.
2892 1526 3169 1581 Sententia
3205 1527 3363 1595 igitur
3396 1527 3637 1596 ejusdem

2055 1617 2267 1688 synodi,
2292 1618 2339 1672 si
2368 1619 2491 1688 quid
2515 1621 2563 1675 ei
2587 1621 2846 1682 creditur,
2874 1621 3066 1688 probat
3093 1635 3189 1675 nec
3218 1621 3508 1688 laudatum,
3539 1635 3642 1675 nec

2055 1717 2366 1763 excusatum
2416 1708 2580 1763 fuisse
2611 1712 2661 1764 in
2701 1710 2925 1777 epistola
2956 1712 3058 1765 Ihze
3096 1710 3403 1766 Nestorium
3435 1710 3476 1765 ’⁵;
3511 1713 3641 1777 Qum

362 1811 605 1880 epistolae
641 1810 970 1867 venerabilis
1015 1810 1121 1867 Ibae
1170 1811 1361 1865 factam
1409 1822 1532 1863 esse
1565 1805 1774 1861 mentiti
1805 1814 1947 1869 sunt,
1983 1800 2029 1860 Β
2057 1814 2162 1853 non
2203 1800 2377 1855 salum
2426 1800 2727 1855 Nestorium
2769 1802 2891 1856 fecit
2922 1812 2980 1856 ut
3019 1802 3515 1865 anathematizamt,
3545 1817 3638 1857 ve-

361 1905 479 1976 ejus
520 1906 697 1975 potius
733 1905 936 1960 veritas
979 1904 1379 1961 ostenderetur.
1408 1901 1671 1969 Quoniam
1701 1908 1758 1955 et
1786 1900 1901 1953 hac
1932 1898 1952 1929 ³

363 1999 479 2067 ipsa
512 2013 620 2053 non
652 1997 834 2051 tacuit.
864 1996 1019 2063 Quod
1045 1996 1089 2051 si
1122 1995 1210 2051 cui
1250 2010 1371 2064 qua:
1415 1994 1644 2048 dicimus
1673 1991 1849 2045 adhuc
1881 1989 1957 2044 vi-

363 2092 558 2146 dentur
595 2091 843 2158 obscura,
887 2097 944 2145 et
985 2089 1196 2159 plenius
1232 2101 1451 2143 causam
1496 2087 1636 2141 scire
1661 2084 1951 2148 desiderat,

361 2181 735 2249 admonendus
761 2188 846 2237 est
886 2191 945 2235 ut
991 2180 1134 2249 legat
1179 2187 1384 2233 tantum
1416 2176 1605 2232 eadem
1646 2185 1816 2244 gesta,
1851 2188 1954 2225 non

362 2284 424 2329 tit
449 2276 714 2345 intelligat
741 2274 1097 2344 adjuvandus.
1130 2273 1284 2340 Quod
1317 2273 1457 2326 enim
1497 2271 1583 2325 hic
1623 2268 1831 2322 videtur
1860 2268 1959 2321 ob-

359 2380 603 2433 scurum,
629 2366 698 2421 ibi
724 2366 843 2420 luce
863 2365 1065 2419 clarius
1090 2364 1378 2417 invenitur.
1401 2361 1507 2417 Sed
1534 2371 1588 2415 et
1614 2360 1739 2413 illud
1767 2358 1956 2412 falsum

360 2458 587 2513 omnino
628 2467 734 2524 est,
776 2456 917 2526 quod
968 2457 1019 2511 in
1063 2455 1255 2510 eodem
1298 2452 1697 2508 mendaciorum
1737 2465 1955 2505 suorum

366 2551 509 2609 libro
539 2551 610 2605 ita
646 2550 934 2605 dixerunt:
972 2569 991 2601 ι
1027 2549 1224 2605 Sancta
1252 2548 1490 2618 synodus
1514 2556 1541 2584 ει
1572 2559 1677 2601 non
1709 2551 1960 2600 contenta

366 2657 542 2712 neque
588 2641 727 2699 facta
766 2642 834 2696 ab
879 2641 967 2697 Iba
1010 2639 1367 2710 denegatione
1396 2650 1619 2709 propter
1663 2636 1729 2691 ad
1772 2636 1959 2690 Marim

367 2737 675 2809 epistolam,
721 2751 894 2807 neque
938 2736 1098 2791 etiam
1147 2749 1243 2802 pro
1288 2748 1357 2789 eo
1405 2731 1541 2787 facta
1586 2731 1961 2786 testificatione

364 2833 687 2888 clericorum
721 2831 1140 2893 Edessenorum,
1177 2827 1273 2882 sed
1308 2828 1637 2879 confirmans
1661 2823 1959 2893 judicatum

368 2921 543 2977 Photii
585 2930 639 2975 et
686 2920 981 2987 Eustachii,
1006 2918 1193 2988 petivit
1232 2918 1400 2983 Iham,
1432 2916 1495 2969 ad
1539 2914 1961 2993 destructionem

368 3023 426 3069 et
452 3014 819 3070 exclusiouem
849 3014 916 3067 ad
951 3013 1134 3066 Illarim
1157 3011 1337 3080 impia:
1362 3008 1623 3078 epistolae,
1648 3010 1963 3062 anathema-

370 3108 538 3162 tizare
559 3105 861 3159 Nestorium
892 3113 947 3158 et
970 3104 1088 3172 ejus
1112 3103 1358 3173 dogmata
1384 3116 1503 3169 quae
1524 3101 1711 3155 eadem
1736 3097 1991 3168 epistola.

2059 1904 2177 1943 rum
2207 1890 2366 1943 etiam
2399 1898 2454 1944 et
2487 1891 2804 1961 Eutychem,
2828 1892 2969 1960 quod
2999 1892 3083 1946 isti
3110 1893 3291 1948 dicere
3314 1894 3597 1948 noluerunt
3623 1908 3639 1949 :

2059 1996 2178 2034 cum
2206 1979 2326 2034 Ibas
2357 1982 2639 2050 episcopus
2665 1981 2732 2035 de
2764 1983 3095 2051 Eutychiano
3123 1983 3369 2051 dogmate
3399 1999 3505 2037 non
3529 1985 3639 2038 fue«

2059 2070 2128 2124 rit
2147 2080 2448 2137 accusatus,
2472 2072 2600 2140 quin
2626 2070 2799 2139 potius
2821 2073 3145 2142 querebatur
3166 2071 3476 2139 injusuitiam
3499 2088 3558 2129 se
3580 2076 3644 2131 ab

2059 2162 2177 2230 ipso
2220 2160 2465 2232 Eutyche
2503 2170 2559 2216 et
2596 2163 2820 2216 crimina
2852 2164 2981 2219 falsa
3025 2177 3358 2234 perpessum.
3390 2164 3495 2221 Sed
3522 2166 3647 2235 quia

2059 2258 2242 2308 sancta
2271 2252 2359 2306 illa
2386 2254 2645 2323 synodus,
2675 2268 2795 2322 qua:
2818 2269 2925 2308 non
2949 2264 3157 2309 tantum
3184 2256 3477 2321 Eutychem
3500 2257 3629 2311 dam-

2061 2358 2222 2408 nare,
2262 2358 2453 2403 verum
2498 2345 2656 2397 etiam
2710 2344 2937 2399 Nestorii
2986 2348 3383 2402 damnationem
3432 2349 3646 2403 firmare

2059 2442 2408 2500 convenerat,
2440 2434 2719 2502 epistolam
2764 2435 2932 2504 ipsius
2979 2435 3086 2491 Iba“:
3126 2437 3482 2492 orthodoxam
3527 2453 3647 2494 esse

2059 2527 2345 2598 cognovit,
2392 2534 2447 2581 et
2492 2527 2738 2581 Nestorio
2774 2529 3007 2584 maxime
3052 2529 3389 2600 Eutychique
3430 2540 3649 2587 contra-

2061 2618 2217 2685 riam,
2242 2617 2460 2688 dignum
2485 2618 2747 2689 judicavit
2774 2620 2980 2675 socium
3007 2622 3108 2676 sibi
3140 2637 3261 2675 eum
3303 2622 3356 2676 in
3393 2623 3648 2677 condom-

2064 2710 2333 2764 nationem
2355 2710 2727 2766 haereticorum
2752 2726 2887 2780 quos
2903 2713 3467 2770 refutabatasciscere.
3492 2714 3644 2781 Quod

2062 2801 2108 2856 si
2137 2801 2453 2871 Eutychiani
2488 2811 2674 2869 putant
2706 2804 2819 2857 fieri
2858 2804 3118 2859 debuisse
3141 2815 3201 2860 ut
3224 2805 3341 2875 ejus
3366 2806 3649 2874 epistolam

2060 2891 2410 2946 confitentem
2440 2892 2574 2947 duas
2600 2893 2799 2947 Christi
2831 2905 3048 2950 naturas
3076 2897 3128 2949 in
3156 2896 3357 2951 unitate
3386 2911 3653 2965 personae,

2061 2984 2216 3055 quasi
2238 2984 2610 3040 Nestorianam
2642 2986 2805 3042 vellet
2850 2987 3087 3057 synodus
3130 2989 3436 3056 aspernari;
3464 2989 3661 3044 Nesto-

2063 3076 2203 3130 rium
2256 3076 2495 3145 profecto
2540 3087 2801 3145 quantum
2842 3077 2909 3132 ad
2948 3092 3007 3133 se
3047 3088 3350 3145 excusaret,
3392 3089 3551 3150 atque
3589 3079 3667 3134 ab-

370 3199 616 3251 ,κυδίδης
650 3197 935 3253 afﬁciebat
978 3215 995 3248 ,
1038 3196 1135 3251 Ubi
1168 3194 1310 3250 enim
1353 3194 1436 3248 vel
1476 3191 1961 3248 feveremissimus
1991 3178 2038 3242 α
2069 3167 2290 3221 haeresis
2320 3166 2546 3222 crimine
2577 3168 2778 3223 faceret
2806 3170 3064 3224 alienum.
3099 3170 3254 3235 Quod
3295 3172 3456 3225 etiam
3496 3187 3659 3240 supe-

366 3293 491 3348 lbas
521 3306 670 3345 suam
698 3306 820 3346 es~e
852 3290 1062 3359 negavit
1095 3288 1235 3341 illam
1264 3287 1572 3355 epistolam,
1606 3285 1689 3339 vel
1733 3286 1820 3338 illa
1850 3284 1964 3354 epi-

374 3381 511 3437 Stola
546 3382 849 3437 Nestorium
881 3389 937 3434 et
977 3380 1094 3447 ejus
1125 3378 1376 3447 dogmata
1424 3377 1672 3431 laudibus
1712 3375 1854 3429 sicut
1884 3376 1965 3427 Io-

374 3484 608 3543 quuntur
636 3472 839 3536 affecit,
864 3470 931 3525 de
958 3483 1065 3539 quo
1091 3470 1226 3522 dixit
1252 3468 1392 3537 quod
1421 3468 1611 3520 noxios
1635 3465 1967 3532 conmipse—

374 3565 443 3619 rit
489 3565 693 3625 libros,
737 3561 828 3628 qui
874 3560 1125 3615 seandalo
1172 3558 1372 3613 fuerint
1420 3556 1797 3619 audientibus,
1842 3555 1964 3623 quia

374 3653 587 3711 beatam
633 3653 848 3705 Maaiam
898 3651 1117 3705 Matrem
1163 3649 1256 3705 Dei
1299 3649 1563 3719 negabat!
1606 3646 1711 3702 Sed
1743 3646 1971 3700 recitent

375 3764 439 3802 ex
470 3762 534 3802 ea
565 3745 749 3800 Iaudes
782 3744 923 3813 ipsas
952 3757 1085 3813 quas
1113 3743 1299 3797 dicunt
1328 3740 1561 3796 Nestorii
1584 3749 1636 3795 et
1659 3739 1966 3807 dogtuatum

376 3842 514 3908 ejus.
544 3839 599 3896 Si
630 3846 807 3893 autem
838 3854 943 3891 non
970 3847 1053 3893 est
1074 3836 1214 3906 quod
1244 3837 1493 3899 recitent,
1519 3835 1836 3889 erubescere
1873 3833 1968 3888 de-

380 3934 608 3988 buerunt
652 3930 810 3986 teties
853 3940 1145 3999 aperteque
1193 3930 1430 3983 mentiri.
1477 3929 1625 3996 Piget
1675 3926 1817 3980 enim
1858 3940 1966 3990 me,

380 4025 574 4085 fateor,
618 4036 682 4077 ac
730 4021 894 4090 pudet
937 4024 1158 4076 omnino
1198 4030 1279 4075 tot
1319 4036 1545 4091 unguere
1590 4019 1886 4083 mendacia,
1917 4028 1972 4073 et

381 4117 545 4172 multa
592 4117 903 4185 praeteriens
947 4114 1013 4169 ad
1052 4116 1353 4182 aliqu-rum
1401 4114 1835 4182 redargutioncm
1877 4124 1972 4164 ne-

381 4210 636 4266 cessitate
676 4207 990 4275 compellor.
1037 4207 1300 4273 Quamvis
1346 4214 1521 4259 autem
1566 4203 1697 4271 ipsis
1746 4203 1971 4271 probare

382 4301 659 4357 immineat
706 4299 849 4368 quod
897 4299 1167 4363 dixerunt,
1219 4313 1317 4353 nos
1367 4312 1542 4351 tamen
1600 4296 1727 4362 illis,
1780 4303 1973 4361 praeter

383 4393 555 4462 ipsius
579 4391 822 4461 epistola:
841 4390 1244 4453 documentum,
1267 4388 1406 4458 quod
1431 4388 1561 4441 nihil
1587 4388 1689 4440 tale
1709 4387 1969 4448 continet,

381 4488 544 4541 etiam
574 4487 640 4539 ex
667 4482 944 4538 memorati
965 4480 1177 4538 concilii
1210 4479 1662 4535 Chalcedonensis
1684 4478 1968 4543 sententia,

2066 3259 2212 3314 riore
2251 3259 2411 3326 libro,
2448 3262 2587 3314 sicut
2624 3261 3064 3327 promiseramus,
3111 3262 3462 3317 ostendimus.
3508 3263 3662 3319 Unde

2067 3352 2285 3406 videant
2314 3354 2407 3423 qui
2437 3352 2576 3407 hanc
2614 3354 2894 3422 epistolam
2943 3354 3314 3409 Nestorianam
3353 3369 3473 3411 esse
3499 3356 3653 3411 dixe-

2069 3454 2214 3507 runt,
2257 3459 2323 3497 ne
2369 3444 2465 3513 ipsi
2508 3446 2687 3512 potius
2719 3446 3004 3500 videantur
3043 3456 3305 3503 evcusare
3334 3447 3656 3513 Nestorium,

2067 3530 2395 3585 affirmantes
2424 3534 2566 3601 quod
2597 3534 2893 3589 secundum
2926 3538 3043 3603 ejus
3072 3537 3371 3592 doctrinam
3402 3539 3656 3599 conﬁtea-

2068 3633 2154 3677 tur
2178 3622 2321 3692 quod
2352 3624 2577 3678 duarum
2619 3635 2930 3680 naturarum
2971 3642 3074 3681 una
3121 3644 3346 3695 pcrsooa
3388 3633 3477 3697 sit,
3518 3631 3658 3700 quod

2068 3726 2149 3771 est
2185 3731 2325 3771 unus
2359 3715 2526 3770 Filius
2558 3716 2820 3773 Dominus
2850 3719 3219 3773 nosterJe~us
3240 3722 3504 3776 Christus.
3531 3724 3663 3779 Nam

2070 3809 2186 3865 haec
2226 3810 2454 3879 epistola
2492 3819 2638 3865 recte
2665 3811 2769 3865 dici
2805 3827 2909 3866 non
2940 3821 3109 3880 potest
3139 3813 3442 3869 Nestorium
3472 3816 3659 3870 defen-

2070 3901 2237 3967 disse,
2280 3902 2435 3971 cujus
2482 3902 2754 3958 confessio
2800 3904 3008 3959 videtur
3051 3906 3293 3976 dogmati
3343 3909 3660 3963 Nestoriane

2070 3998 2339 4051 contraria
2371 4014 2385 4051 :
2412 3996 2553 4065 quod
2581 4006 2767 4053 sancta
2795 3997 3031 4069 synodus
3061 4000 3272 4065 videns,
3305 4000 3667 4057 orthodoxam

2072 4102 2190 4143 eam
2215 4103 2319 4142 non
2344 4088 2907 4159 immeritojudicavit.
2934 4090 3130 4145 Verum
3155 4091 3289 4146 mihi
3317 4093 3492 4147 minus
3518 4094 3661 4149 vide.

2075 4192 2159 4234 tur
2179 4195 2439 4250 apparere
2467 4198 2626 4250 quam
2661 4182 2768 4237 sint
2792 4183 3131 4252 impudentes
3153 4188 3243 4250 qui
3268 4186 3660 4243 calumniantur

2075 4272 2128 4326 iu
2159 4272 2381 4342 epistula
2422 4274 2750 4328 venerabilis
2790 4273 2893 4328 Iliae
2922 4284 3236 4330 excusatum
3277 4277 3443 4333 fuisse
3474 4278 3661 4333 Nesto-

2075 4364 2246 4433 rium,
2287 4366 2330 4417 si
2376 4365 2682 4418 testimonio
2730 4373 2938 4419 tantum
2978 4366 3354 4436 episcoporum
3400 4369 3571 4425 I‘liotii
3611 4379 3663 4425 et

2080 4454 2355 4509 Eustachii
2394 4463 2556 4523 atque
2605 4454 2825 4524 Uranii,
2876 4457 2960 4512 vel
3004 4458 3166 4513 etiam
3215 4460 3668 4518 Chalcedonensis

383 4577 452 4633 de
499 4590 602 4646 qua
658 4574 760 4643 ipsi
814 4573 1185 4629 testimonium
1235 4571 1639 4636 conﬁnvcrant,
1691 4546 2288 4637 probemusnsynomv
2321 4546 2388 4600 de
2433 4560 2531 4599 δυσ
2572 4547 2859 4646 menda?"
2906 4549 3247 4646 τείθηαηιξπν
3287 4553 3386 4606 ηῖεί
3428 4554 3665 4622 ίΡδοΐυηΙ

385 4666 525 4737 quod
573 4665 1041 4721 reverentissimus
1089 4664 1204 4718 lbos
1247 4679 1351 4717 non
1382 4662 1555 4717 solum
1590 4661 1890 4717 Nestorium
1921 4670 1975 4716 et

386 4759 503 4826 ejus
542 4757 791 4825 dogmata
842 4757 895 4810 in
942 4770 1038 4810 sua
1083 4755 1311 4824 epistola
1356 4768 1460 4808 non
1510 4752 1757 4819 laudarit,
1788 4768 1971 4807 verum

386 4852 572 4916 etiam,
605 4851 744 4919 quod
783 4850 889 4918 jam
928 4848 1127 4902 dudum
1172 4848 1546 4917 preposuimus
1580 4848 1972 4911 demonstrare,

388 4943 587 4999 nullam
633 4941 859 4996 Nestorii
905 4941 1093 4996 fecerit
1129 4940 1554 4996 excusationem.
1589 4941 1828 5007 Namque
1852 4954 1972 4995 cum

388 5033 527 5103 apud
554 5033 818 5103 synodum
847 5030 1366 5098 Chalcedonensem,
1403 5047 1468 5086 ex
1504 5031 1673 5100 geSIis
1710 5031 1883 5085 Pbotii
1922 5039 1976 5087 et

393 5129 667 5185 Eustachii
695 5138 857 5198 atque
884 5126 1066 5182 Uranii
1097 5127 1470 5197 episcoporum
1493 5127 1681 5183 eadem
1707 5125 1974 5194 relegere-

465 5299 490 5326 ιι
522 5289 585 5343 Et
613 5287 716 5342 hoc
735 5288 895 5344 etiam
922 5285 1182 5358 objiciunt
1201 5287 1661 5358 tumJustiuianns
1685 5288 1733 5341 in
1763 5285 1971 5358 Edicto,

392 5367 501 5415 tum
542 5364 778 5429 synodus
806 5375 857 5425 v,
889 5356 1007 5427 quas
1053 5361 1152 5412 hoc
1196 5357 1310 5423 ipso
1351 5358 1654 5411 damnatam
1687 5356 1976 5429 aironcilio

393 5426 812 5485 Uhalcédonensi
861 5426 1143 5499 epistolam
1192 5428 1295 5483 lbra
1333 5429 1511 5496 docet,
1545 5429 1685 5498 quod
1721 5426 1893 5481 Photii
1921 5437 1975 5481 et

470 5566 486 5597 ¹
527 5564 660 5618 Cod.
698 5563 920 5627 Vcron.,
952 5564 1432 5618 reverentissimum.

467 5638 503 5666 "
529 5636 669 5689 litem
697 5633 844 5697 cod.,
876 5634 992 5686 ideo
1013 5637 1184 5688 solita.

467 5707 485 5735 ³
548 5706 667 5757 dem
696 5706 838 5765 cod.,
866 5706 978 5756 hoc.

468 5776 666 5829 "idem
700 5774 846 5836 cod.,
881 5773 1173 5828 Nestorium
1211 5791 1230 5830 :
1279 5788 1321 5830 ct
1352 5776 1464 5829 ideo
1498 5791 1595 5827 non
1620 5785 1831 5838 putetur
1884 5790 1970 5826 ns-

2078 4654 2289 4708 quoque
2344 4649 2716 4694 accusatorum
2776 4640 2881 4695 Iba:
2937 4642 3336 4699 confundantur
3384 4646 3666 4716 exemplo,

2079 4730 2270 4799 quibus
2298 4745 2391 4785 eos
2420 4732 2865 4788 calumniosiorcs
2896 4741 2959 4787 et.
2982 4734 3404 4802 impudentiores
3430 4737 3667 4791 ostendi—

2079 4838 2220 4878 mus.
2250 4823 2382 4877 Nam
2425 4836 2476 4878 et
2522 4824 2597 4877 illi
2646 4825 2713 4879 ad
2753 4823 2856 4879 hoc
2892 4834 3097 4880 tantum
3135 4827 3300 4895 ipsam
3332 4831 3669 4895 protulerunt

2077 4914 2384 4982 epistolam,
2416 4915 2557 4969 sicut
2590 4930 2651 4969 ea
2694 4916 2744 4968 in
2788 4915 2984 4985 quibus
3026 4916 3329 4971 continetur
3375 4925 3521 4984 gesta
3567 4916 3665 4972 de-

2082 5014 2399 5069 monstrant.
2453 5016 2512 5061 ut
2541 5022 2604 5061 ex
2636 5005 2727 5060 illa
2770 5006 3061 5074 probarent
3090 5005 3231 5075 quod
3274 5006 3432 5061 beato
3465 5006 3663 5075 Cyrillc

2076 5097 2542 5167 detraxerit,non
2573 5097 2725 5168 quod.
2760 5097 3065 5153 Nestorium
3108 5096 3340 5152 voluerit
3364 5111 3664 5153 excusare:

2080 5278 2369 5339 Etts'athii,
2395 5278 2480 5346 qui
2510 5291 2625 5329 cam
2664 5276 2809 5330 velut
2851 5277 3068 5346 impiam
3099 5275 3549 5345 COudetnnarunt,
3578 5276 3662 5348 ju-

2079 5349 2272 5403 dicium
2317 5349 2695 5417 cotnproharit.

2079 5591 2177 5642 que
2210 5574 2453 5643 ﬁngatur,
2486 5572 2625 5642 quod
2652 5572 2973 5643 synodnsiod
3002 5570 3392 5627 distractionem
3417 5583 3463 5625 et
3490 5573 3666 5626 ext-Iw

2078 5641 2364 5697 sionem‘ad
2387 5641 2575 5694 Morini
2599 5643 2845 5713 epistofre,
2876 5642 3018 5693 Ibam
3047 5643 3219 5713 fecerit
3239 5644 3683 5701 anathematizat'e

2082 5714 2413 5777 Nrstort‘um;
2439 5730 2552 5783 quin
2573 5711 2672 5766 nan
2696 5711 2883 5777 solum,
2909 5723 3012 5769 ctc.
