4114 6520
442 291 549 357 698

1552 283 1845 356 I-‘ACUNDI
1886 297 2099 354 EPlSC.
2141 297 2645 355 llEBMlANENSlS

3633 295 3743 352 69G

449 422 683 486 eumque
717 414 1090 473 Nestorianum
1141 416 1341 473 vellent
1382 420 1633 474 eumdem
1667 417 1811 473 ibam
1840 417 2033 478 videri,
2066 414 2111 474 A
2139 414 2280 483 quod
2311 414 2428 468 ibas
2460 414 2603 483 apud
2630 413 2816 485 plures-
2836 414 3181 469 excusaverit
3209 414 3505 486 aliquando
3535 416 3734 471 Neue-

452 510 621 580 tnagis
656 509 755 563 hoc
784 526 848 565 ex
880 510 1016 564 beati
1040 510 1225 579 Cyrilli
1265 510 1602 567 detractione
1641 526 1801 580 quam
1836 526 1901 565 ex
1933 510 2038 565 Ne-

453 601 607 658 storii
647 602 994 656 excusatione
1020 603 1102 657 vel
1133 600 1315 672 laude,
1359 602 1501 658 sicut
1538 603 1770 673 amplius
1804 602 2040 671 ﬁngitur,

456 695 683 762 probare
728 695 905 750 conati
952 706 1102 751 sunt.
1154 697 1415 752 Dixerunt
1462 698 1604 753 enim
1653 699 1722 752 de
1770 697 1889 764 illo,
1918 696 2044 767 quia

453 781 800 843 Nestorianus
828 797 932 851 est,
963 798 1015 843 et
1045 789 1259 843 beatum
1292 788 1551 861 Cyrillum
1582 790 1894 858 episcopum
1937 788 2047 842 ba?-

457 879 679 934 reticum
709 877 962 945 appellat.
995 877 1061 931 Et
1089 878 1218 948 quid
1248 894 1383 947 opus
1414 886 1529 932 erat
1572 879 1676 933 isto
1704 878 1951 935 circuitu.
1987 887 2047 933 ut

454 972 542 1040 qui
570 970 730 1026 beato
751 969 950 1040 Cyrillo
981 968 1538 1025 Nestoriidamnatori
1561 968 1892 1035 detraxerat,
1922 969 2046 1023 hinc

454 1078 577 1119 eum
618 1061 994 1117 Nestorianum
1035 1059 1239 1114 vellent
1273 1059 1585 1125 ostendere,
1610 1074 1733 1114 cum
1774 1058 1875 1115 hoc
1902 1073 2049 1113 com-

456 1154 715 1222 pendiose
758 1161 942 1222 posset
979 1167 1047 1206 ex-
1090 1151 1260 1221 ipsius
1299 1150 1530 1206 Nestorii
1577 1152 1924 1206 excusatione
1963 1151 2048 1205 vel

455 1247 766 1317 dogmatum
798 1244 921 1316 ejus
964 1244 1120 1298 laude
1154 1243 1465 1306 monstrari,
1507 1243 1553 1297 si
1595 1242 2049 1310 quemadmodum

457 1336 544 1392 isti
569 1336 849 1400 dixerunt,
881 1335 969 1389 illa
1009 1335 1237 1404 epistola
1267 1342 1583 1388 excusasset
1610 1333 1663 1387 ¹2
1693 1332 1845 1400 Quod
1877 1334 1921 1387 si
1952 1348 2052 1387 nec

457 1429 527 1484 ab
561 1428 691 1497 ipsis
734 1425 1213 1483 calumniatoribus
1244 1441 1311 1481 cx
1340 1425 1529 1479 eadem
1563 1424 1788 1492 epistola
1819 1424 1927 1477 tale
1956 1423 2054 1477 ali-

459 1520 588 1592 quid
616 1520 890 1575 invenitur
919 1518 1215 1588 objectum,
1246 1526 1505 1587 quantum
1536 1515 1787 1570 videntur
1818 1515 1869 1568 hi
1903 1514 2057 1568 mali-

460 1618 586 1669 tiam
618 1629 805 1670 eorum
830 1623 885 1668 et
912 1612 1299 1682 impudentiam
1331 1612 1690 1680 supergressi,
1717 1619 1774 1663 ut
1803 1608 1945 1677 quod
1980 1608 2056 1664 illi

463 1721 563 1762 nec
599 1707 651 1760 in
688 1706 927 1777 querelis
967 1704 1110 1775 apud
1154 1705 1509 1774 imperatores
1548 1701 1831 1770 depositis,
1864 1715 1966 1755 nec
2003 1701 2054 1754 in

2145 506 2303 560 rium.
2347 506 2478 561 Nam
2523 521 2645 560 cum
2690 513 2813 574 post
2848 506 3247 562 damnationem
3277 508 3445 579 ipsius
3472 508 3733 568 Nesrorii.

2142 597 2432 652 orientales
2486 597 2725 668 episcopi
2756 607 2915 668 atque
2955 598 3069 667 ipse
3100 600 3561 654 reverentissimus
3589 600 3737 665 lbas,

2144 702 2267 743 cum
2284 697 2472 744 sancto
2494 689 2699 744 Joanne
2721 690 3055 745 Antioclieno
3071 689 3341 758 Ephesum
3366 691 3735 760 pervenirent,

2146 780 2213 834 de
2241 782 2490 849 capitulis
2518 791 2721 835 tantum
2754 781 2894 835 beati
2924 779 3132 852 Cyrilli,
3160 781 3397 852 quod'ibi
3420 780 3621 837 fuerint
3637 798 3738 852 ap-

2148 873 2390 943 probata,
2408 873 2684 943 conquesti
2702 883 2845 941 sunt,
2865 874 3004 928 sicut
3018 888 3202 928 eorum
3223 875 3416 943 scripta
3435 873 3736 933 declarant;

2148 963 2279 1019 nihil
2321 974 2500 1019 aute-n
2547 975 2671 1019 sunt
2711 964 2780 1019 de
2819 964 3049 1020 Ncstorii
3090 965 3434 1021 damnatione
3478 968 3680 1021 causati
3720 984 3735 1020 :

2149 1058 2292 1126 quod
2337 1059 2498 1113 etiam
2545 1059 2868 1114 venerabilis
2896 1059 3014 1114 ibas
3040 1060 3092 1115 in
3123 1061 3219 1115 hac
3248 1060 3474 1127 epistola
3504 1062 3581 1115 sie
3613 1076 3742 1116 nar»

2152 1150 2290 1204 ravit
2318 1167 2332 1204 :
2362 1167 2381 1202 Ι
2417 1150 2545 1205 Post
2571 1151 2706 1206 duos
2736 1162 2913 1206 autem
2934 1152 3052 1207 dies
3073 1151 3421 1221 depositionis
3450 1153 3564 1223 ejus
3586 1155 3742 1208 veni-

2154 1256 2273 1297 mus
2315 1242 2371 1296 in
2412 1242 2714 1311 Ephesum;
2748 1251 2808 1298 et
2841 1246 3290 1315 cognoscentibus
3338 1245 3490 1299 nobis
3531 1248 3654 1315 quia
3684 1249 3741 1301 in

2154 1333 2502 1389 damnatione
2528 1334 2760 1390 Nestorii
2784 1353 2903 1405 qua:
2932 1336 3067 1391 facta
3095 1349 3177 1391 cst
3203 1337 3271 1391 ab
3293 1337 3391 1403 eis,
3420 1339 3487 1391 τις
3513 1340 3744 1408 capitula

2155 1445 2276 1500 qua:
2305 1446 2335 1484 a
2365 1429 2566 1502 Cyrillo
2601 1432 2903 1500 conscripta
2947 1442 3109 1497 sunt,
3146 1434 3410 1486 contraria
3460 1434 3743 1489 existentia

2158 1536 2299 1576 verm
2323 1523 2467 1587 fidei,
2484 1532 2799 1592 posuerunt,
2816 1534 2866 1577 et
2890 1523 3257 1587 ﬁrmaverunt,
3282 1534 3335 1578 et
3354 1538 3745 1581 consenserunt

2158 1617 2256 1675 eis.
2292 1624 2541 1683 tauquam
2573 1632 2713 1672 verae
2742 1617 2862 1670 fidci
2890 1616 3332 1682 consonantibus,
3356 1631 3545 1672 omnes
3567 1620 3748 1673 orien-

2163 1712 2295 1766 tales
2318 1712 2553 1780 ep‘scopi
2583 1711 2830 1766 eumdem
2859 1710 3115 1779 Cyrillum
3146 1712 3552 1776 damnaverunt,
3575 1721 3634 1766 et
3654 1713 3748 1765 aii-

463 1792 678 1869 i'ldiCiiS
713 1797 1112 1867 θρίεεορεείῧυε
1148 1805 1273 1850 3M0
1304 1793 1745 1850 (Ἇιθιθεάοηθηεθ
1769 1792 2055 1847 concilium
2090 1793 2135 1853 Β
2164 1818 2347 1858 versus
2370 1803 2503 1857 alios
2525 1804 2806 1873 episcOpos
2827 1804 2919 1873 qni
2943 1811 3334 1858 consenserunt
3358 1802 3474 1872 ejus
3502 1804 3749 1871 capitulis

464 1905 570 1943 non
600 1890 768 1944 semel
795 1891 1056 1959 expertis,
1094 1903 1196 1942 nec
1226 1888 1275 1941 in
1310 1887 1427 1954 ipso
1458 1900 1652 1955 magno
1680 1892 1737 1940 et
1762 1886 2057 1940 universali

464 1983 697 2037 concilio
728 1988 1080 2038 tentaverunt
1102 1980 1363 2048 objicere,
1388 1978 1487 2048 ipsi
1516 1985 1640 2047 post
1663 1977 1904 2048 ejusdem
1932 1991 2061 2031 con-

464 2076 575 2130 cilii
616 2074 939 2130 sententiam
979 2072 1369 2126 criminentur!
1420 2068 1519 2135 Illi,
1548 2069 1794 2139 quamvis
1823 2068 2062 2122 obstina.

469 2166 665 2221 tissimi
702 2174 758 2220 et
802 2164 917 2233 ipsa
958 2163 1323 2218 obstinatione
1359 2175 1455 2215 sua
1496 2159 1703 2228 czecati,
1736 2159 1979 2214 viderunt
2007 2166 2063 2212 et

468 2261 569 2316 sbi
604 2269 764 2330 turpe
793 2254 909 2313 fore
938 2266 999 2314 et
1022 2256 1142 2312 aliis
1170 2256 1503 2319 incredibile,
1533 2255 1577 2308 si
1612 2255 1855 2310 d’cerent
1883 2255 1936 2308 in
1971 2255 2061 2310 illa

467 2354 693 2425 epistola
742 2353 1049 2409 Nestorium
1108 2351 1273 2406 fuisse
1330 2350 1747 2415 defensumnet
1795 2352 2064 2417 sapientes

469 2446 638 2502 nostri
662 2461 767 2500 non
801 2447 975 2500 solum
1007 2443 1225 2499 dicibile
1253 2443 1351 2496 sibi
1387 2441 1487 2495 hoc
1514 2456 1655 2505 esse,
1688 2455 1875 2495 verum
1902 2442 2063 2494 etiam

469 2538 623 2593 nobis
660 2536 919 2592 credibile
961 2543 1307 2606 putaverunt.
1358 2532 1604 2588 Viderint
1656 2542 1835 2587 autem
1882 2541 2062 2587 utrum

468 2631 589 2686 illos
618 2630 694 2685 ita
720 2630 936 2685 mentiri
968 2629 1180 2697 deceat,
1218 2628 1373 2682 nobis
1412 2636 1589 2681 tamen
1618 2627 1761 2696 quod
1793 2628 2064 2681 mentiun-

467 2736 555 2780 tur
582 2723 894 2780 incredibile
920 2738 1043 2778 esse
1069 2730 1419 2791 cognoscant.
1453 2720 1704 2775 Advertis
1728 2718 1928 2789 itaque,
1958 2720 2066 2773 cle-

468 2817 801 2874 mentissime
830 2818 1143 2887 imperator,
1175 2816 1315 2883 quod
1347 2815 1572 2884 epistola
1604 2814 1930 2870 venerabilis
1963 2813 2067 2867 Iba:

468 2929 496 2966 a
525 2912 659 2967 falso
685 2911 915 2965 crimine
946 2909 1185 2965 excusati
1222 2908 1450 2963 Nestorii
1487 2907 1650 2962 etiam
1692 2916 2066 2962 accusatorum

468 3020 690 3063 suorum
734 3004 1112 3061 testificatione
1157 3011 1437 3073 purgetur,
1479 3017 1577 3057 nec
1617 3001 1845 3073 alicujus
1885 3003 1935 3055 in
1970 3002 2071 3057 hoc

469 3100 784 3154 assertionis
822 3098 1079 3169 indigeat,
1112 3097 1163 3151 in
1195 3112 1303 3166 quo
1335 3110 1455 3150 eam
1489 3095 1572 3150 sui
1601 3110 1818 3164 quoque
1848 3108 2071 3149 accusa-

2161 1896 2771 1951 excommunicationem
2794 1897 3168 1953 decreverunt.
3193 1895 3597 1963 r-Procapitulis
3619 1911 3748 1965 ergo

2161 1997 2365 2043 tantum
2389 1990 2530 2044 beati
2559 1989 2746 2057 Cyrilli
2772 2004 2998 2058 quorum
3026 1988 3345 2059 ignorabant
3373 1989 3749 2051 intentionem,

2168 2097 2273 2135 non
2303 2082 2466 2136 etiam
2502 2097 2597 2150 pro
2628 2081 3076 2136 condemnatione
3107 2080 3336 2135 Nestorii
3380 2081 3746 2134 reverentissi-

2168 2191 2286 2231 mus
2326 2176 2444 2230 lbas
2482 2173 2775 2228 orientales
2818 2174 3103 2242 episc0pos
3145 2172 3286 2227 dixit
3324 2170 3575 2225 offensos.
3609 2170 3751 2236 Qun-

2165 2270 2325 2323 modo
2363 2283 2491 2337 ergo
2529 2268 2610 2321 vel
2654 2268 2767 2334 ipse
2796 2275 2981 2322 contra
3016 2266 3154 2320 beati
3199 2266 3420 2319 Joannis
3459 2263 3749 2317 Antioche-

2166 2362 2218 2417 ni
2257 2362 2346 2432 qui
2395 2360 2447 2413 in
2498 2372 2563 2413 eo
2606 2360 2893 2428 primatum
2951 2357 3162 2423 habuit,
3218 2357 3485 2425 totiusque
3536 2354 3753 2409 concilii

2165 2452 2469 2514 orientalis,
2515 2466 2576 2505 ac
2617 2466 2773 2505 suum
2819 2451 3109 2519 judicium,
3156 2449 3461 2504 Nestorium
3509 2452 3752 2503 conscri-

2169 2547 2384 2601 bentem
2417 2545 2584 2599 libros
2615 2544 2806 2600 noxios
2836 2552 3154 2610 excusaret,
3194 2543 3277 2599 vel
3321 2542 3420 2612 ipsi
3449 2541 3567 2610 ejus
3596 2553 3752 2595 accuc

2169 2650 2381 2693 satores
2398 2638 2727 2692 crediturum
2757 2636 2857 2691 sibi
2882 2650 3199 2706 quemquam
3223 2642 3505 2702 Sperarent
3522 2673 3535 2697 ,
3563 2634 3608 2687 si
3634 2633 3771 2689 hinc

2167 2745 2291 2785 eum
2336 2738 2523 2783 contra
2568 2729 2835 2797 publicam
2881 2729 3125 2783 notitiam
3177 2728 3638 2783 criminarentur?
3689 2727 3765 2783 Et

2170 2819 2294 2875 ideo
2311 2863 2324 2885 ,
2350 2821 2468 2874 sive
2497 2820 2584 2873 illa
2610 2820 2838 2889 cpistola
2870 2820 2974 2874 Iba:
3000 2834 3121 2875 esse
3146 2819 3377 2884 dicatur,
3410 2818 3523 2873 sive
3551 2819 3618 2872 ab
3639 2817 3767 2888 ejus

2173 2917 2578 2971 accusatoribus
2636 2915 2979 2985 perhibeatur
3028 2929 3149 2970 esse
3206 2914 3469 2980 conficta,
3514 2926 3619 2967 non
3674 2921 3767 2967 est

2173 3010 2545 3065 arbitrandum
2577 3009 2719 3079 quod
2751 3002 3065 3063 omitterent
3095 3007 3221 3062 hinc
3249 3022 3375 3062 eum
3402 3021 3683 3068 accusare,
3718 3003 3765 3060 si

2172 3104 2413 3158 viderent
2440 3102 2543 3157 hoc
2565 3117 2686 3158 esse
2707 3101 2989 3157 credibile.
3011 3101 3253 3170 Amplius
3276 3110 3451 3154 tamen
3469 3096 3761 3152 absurdum

471 3202 617 3246 tores
664 3167 995 3246 sufficienter
1039 3197 1323 3245 excusant.
1377 3187 1486 3241 Sed
1535 3186 1661 3254 quid
1710 3187 1954 3240 dicemus
2000 3167 2140 3242 dcc
2174 3204 2257 3250 est
2296 3194 2505 3264 opinari
2554 3193 2693 3263 quod
2772 3167 3127 3247 accusatores
3172 3191 3317 3245 illam
3365 3192 3644 3261 epistolam
3692 3205 3767 3244 ex

472 3282 758 3337 calumniis
781 3289 1084 3347 temporum
1116 3286 1449 3344 nostrorum,
1473 3286 1532 3330 ut
1561 3277 1703 3346 quod
1733 3286 1859 3331 tunc
1884 3276 2070 3346 puduit

473 3375 970 3446 impudentissimos
1011 3383 1380 3437 accusatores,
1412 3371 1575 3425 modo
1616 3386 1720 3425 non
1755 3371 1953 3439 pudeat
1978 3370 2070 3441 ju-

471 3468 642 3532 vliccs,
682 3474 739 3521 et
780 3465 966 3537 quales
1009 3464 1256 3535 judices?
1298 3478 1403 3517 non
1446 3463 1715 3527 humana},
1749 3463 1843 3518 sed
1875 3463 2071 3517 divinae

471 3558 830 3624 auctoritatis,
864 3557 1004 3612 sicut
1024 3557 1357 3612 existimant.
1385 3556 1515 3610 Nam
1539 3555 1756 3625 judices
1787 3554 2073 3623 suntjudi—

470 3668 592 3708 cum
631 3663 686 3710 et
722 3651 931 3722 judices
971 3660 1332 3705 mortuorum.
1372 3649 1437 3704 Et
1477 3663 1545 3703 ex
1589 3648 1672 3703 his
1701 3648 1917 3716 quidem
1950 3662 2070 3716 qua:

469 3747 612 3800 circa
657 3743 1027 3800 venerabilem
1075 3742 1217 3797 Ibam
1249 3750 1399 3812 gesta
1438 3750 1586 3808 sunt,
1631 3740 1762 3794 satis
1799 3753 2072 3808 superque

473 3838 815 3905 probavimus
854 3835 1103 3891 malivola
1155 3833 1608 3904 interpretatione
1652 3831 1881 3900 jactari,
1923 3830 2072 3901 quod

473 3929 751 3985 Nestorius
795 3929 850 3983 in
889 3926 1009 3997 ejus
1048 3927 1276 3996 epistola
1322 3925 1485 3980 fuerit
1514 3933 1828 3978 excusatus.
1862 3922 1918 3976 Si
1950 3922 2071 3990 quis

469 4034 653 4081 autem
676 4032 729 4079 et
761 4023 863 4077 hoc
890 4020 1219 4083 consideret,
1254 4020 1397 4088 quod
1430 4018 1573 4072 idem
1604 4014 1930 4071 venerabilis
1952 4014 2071 4068 lbas

470 4117 655 4173 venire
705 4131 810 4170 non
862 4122 1048 4184 posset
1093 4121 1282 4168 contra
1323 4110 1584 4181 judicium
1638 4107 1809 4163 sancti
1850 4107 2072 4162 Joannis

471 4212 816 4281 Antiochcni,
844 4210 932 4266 cui
964 4218 1163 4265 tantam
1190 4208 1352 4263 tribui
1404 4205 1800 4270 auctoritatem,
1828 4212 1883 4259 et
1911 4213 2071 4256 cmic-

470 4323 652 4362 rorum
695 4306 1049 4361 Orienta‘ium
1094 4312 1258 4372 atque
1298 4302 1525 4356 aliorum
1548 4314 1670 4354 cum
1704 4298 1783 4353 eis
1812 4297 1864 4351 in
1897 4295 2071 4363 Ephe-

470 4418 588 4456 sum
636 4417 701 4456 ex
746 4401 979 4456 diversis
1024 4398 1317 4468 provinciis
1353 4392 1817 4455 convenientium,
1850 4392 1937 4459 qui
1967 4387 2069 4442 Νεο

471 4494 731 4558 storium,
756 4492 882 4545 licet
914 4490 1035 4544 sine
1078 4488 1279 4557 judicio
1309 4501 1407 4542 suo
1432 4485 1518 4541 cui
1546 4484 1834 4553 deputatus
1874 4479 2065 4540 fuerat,

468 4583 924 4646 condemnatum,
967 4578 1356 4633 absolvendum
1405 4586 1583 4631 tamen
1635 4590 1742 4629 non
1786 4572 2067 4642 iudicave-

471 4688 617 4742 runt,
672 4673 842 4729 multo
896 4669 1232 4726 manifestius
1287 4669 1581 4740 cognoscit,
1634 4667 1885 4737 quoniam
1941 4679 2062 4718 eum

468 4772 775 4827 Millatenus
821 4768 1119 4824 excusavit.
1152 4765 1305 4834 Quod
1351 4763 1722 4819 considerasse
1754 4761 1915 4815 etiam
1949 4757 2066 4827 ejus

469 4872 816 4920 accusatores
858 4860 1127 4925 existimo,
1160 4867 1219 4913 ut
1240 4872 1360 4913 cum
1392 4854 1644 4910 diuturna
1674 4850 2065 4921 excogitatione

469 4954 725 5010 adversus
754 4961 1110 5009 memoratum
1153 4948 1659 5005 reverentissimum
1681 4945 1825 4999 Ibam
1866 4950 1945 4995 tot
1974 4952 2062 4996 ca‘.

470 5047 700 5104 lnmnias
748 5053 1131 5116 prtestruerent
1170 5042 1457 5105 inauditas,
1491 5048 1669 5093 tamen
1712 5032 2063 5103 impudentis-

467 5144 661 5197 simnm
683 5140 991 5208 judicarent
1009 5145 1191 5193 contra
1215 5134 1452 5189 omnium
1470 5128 1854 5186 conscientiam
1880 5125 2063 5179 dicere.

2176 3290 2395 3344 nomine
2438 3287 2759 3342 venerabilis
2812 3286 2912 3341 lbc
2956 3286 3258 3356 fingentes,
3304 3296 3364 3340 ut
3414 3286 3766 3339 Nestoriamrs

2174 3380 2471 3444 videretur,
2504 3378 2638 3434 nihil
2665 3380 2713 3433 ei
2744 3378 2826 3435 vel
2859 3379 2921 3432 in”
2942 3380 3103 3432 tantis
3131 3376 3526 3447 episcopalibus
3548 3375 3769 3447 jndiciis

2174 3484 2296 3530 ante
2326 3473 2767 3530 Chalcedoneuse
2797 3472 3083 3527 concilium
3108 3511 3123 3538 ,
3157 3471 3241 3526 vel
3276 3473 3325 3523 in
3359 3473 3473 3540 ipso
3502 3470 3756 3529 concilio,

2173 3569 2242 3623 de
2269 3568 2503 3622 Nestorii
2525 3567 2839 3622 defensione
2863 3572 3131 3619 tentarent
3154 3564 3411 3632 objicere.
3438 3564 3567 3617 Nam
3599 3564 3643 3616 si
3675 3563 3769 3616 illa

2174 3662 2333 3714 verba
2363 3660 2557 3727 quibus
2584 3659 2788 3714 dictum
2820 3666 2905 3712 est
2951 3675 2962 3708 :
2999 3657 3072 3710 De
3109 3656 3415 3725 episcopatu
3456 3653 3762 3708 Nestorium

2173 3753 2540 3821 deposuerunt
2581 3750 2783 3820 judicio
2826 3760 2881 3803 et
2930 3746 3272 3817 inquisitione
3324 3761 3429 3800 non
3487 3745 3661 3810 facta;
3708 3755 3771 3798 et

2174 3845 2367 3899 iterum
2404 3861 2417 3896 :
2449 3842 2731 3897 Ner-torius
2757 3849 2961 3907 autem,
2994 3838 3245 3909 quoniam
3269 3852 3380 3892 sua:
3408 3836 3611 3891 civitati
3640 3836 3772 3892 odio

2175 3945 2370 3993 eratet
2403 3937 2493 4005 qui
2528 3945 2685 3990 erant
2712 3935 2762 3987 in
2795 3948 2855 3987 ea
2885 3931 3391 3994 excellentioribus,
3423 3929 3515 3984 illo
3565 3931 3769 3983 reverti

2174 4044 2281 4083 non
2311 4027 2479 4096 potuit
2508 4043 2522 4080 :
2549 4026 2855 4082 Nestomm
2882 4024 3188 4096 signiﬁcant
3212 4030 3548 4087 excusatum,
3578 4035 3673 4075 cur
3698 4033 3772 4075 ea

2176 4120 2396 4175 finxisse
2424 4119 2713 4175 credantur
2740 4117 3001 4172 adversus
3027 4116 3336 4186 episcopum
3355 4155 3370 4179 ,
3403 4111 3623 4182 quando
3641 4126 3766 4165 eum

2175 4225 2281 4266 non
2329 4223 2719 4266 accusaverunt
2769 4223 2870 4279 pro
2921 4208 3269 4263 excusatione
3313 4205 3584 4260 Nestorii?
3614 4202 3772 4258 Unde

2174 4311 2304 4365 satis
2336 4308 2638 4363 insinuatur
2664 4305 2805 4377 quod
2833 4314 2893 4361 et.
2918 4306 3020 4360 Ibze
3045 4305 3123 4360 sit'
3146 4304 3237 4358 illa
3277 4302 3527 4371 cpistola,
3554 4309 3610 4355 et
3636 4301 3769 4355 falso

2172 4403 2385 4457 dicatur
2415 4414 2703 4457 excusasse
2727 4398 3053 4453 Nestorium.
3081 4396 3190 4452 Sed
3228 4409 3326 4451 nec
3365 4402 3484 4466 post
3511 4393 3766 4449 eandem-

2175 4495 2445 4551 nationem
2504 4491 2872 4549 tantummodo
2905 4532 2920 4558 ,
2981 4504 3165 4544 verum
3221 4487 3384 4543 etiam
3451 4486 3762 4556 priusquam

2174 4591 2658 4658 condemnaretur,
2705 4587 2845 4642 idem
2887 4584 3164 4640 Nestoriu's
3194 4580 3463 4636 invenitur
3489 4579 3559 4634 ab
3586 4578 3764 4632 orien-

2172 4682 2371 4738 talibus
2400 4680 2667 4751 episcOpis
2692 4694 2788 4749 per
2826 4686 3179 4732 memoratum
3214 4682 3459 4726 sanctum
3502 4670 3764 4725 Joannem

2174 4775 2571 4831 Antiochenam
2603 4781 2628 4808 ⁸
2658 4785 2780 4826 esse
2811 4771 3075 4837 culpatus.
3105 4764 3239 4821 Nam
3269 4763 3511 4819 scribens
3543 4762 3590 4816 ei
3622 4759 3761 4829 quod

2172 4881 2309 4922 vane
2340 4874 2616 4920 recusaret
2657 4863 2867 4918 beatam
2908 4860 3130 4916 Mariam
3177 4868 3403 4913 matrem
3449 4854 3544 4909 Dei
3593 4851 3765 4905 nomi-

2171 4972 2341 5024 nare,
2383 4957 2462 5011 sic
2488 4955 2619 5011 dicit
2648 4970 2663 5008 :
2700 4970 2722 5006 ‹
2761 4954 2871 5023 Ego
2904 4965 3031 5006 vero
3064 4965 3167 5004 non
3194 4947 3360 5002 veluti
3404 4944 3761 5000 aceusabilem

2172 5062 2317 5106 tuam
2345 5050 2685 5103 sanctitatem
2723 5045 2797 5100 ad‘
2820 5042 3198 5114 corrigendum
3232 5041 3451 5096 verbum
3482 5038 3759 5101 exhortor,

2171 5156 2347 5214 neque
2380 5140 2544 5196 veluti
2575 5141 2640 5193 ad
2670 5137 3129 5201 contrarietatem,
3156 5143 3215 5189 ut
3247 5134 3326 5188 ita
3356 5132 3554 5195 dicam,
3582 5129 3761 5199 pueri.

542 5332 564 5357 ³
593 5346 826 5403 [labetur
858 5346 1060 5411 integra
1104 5337 1323 5395 Joannis
1366 5331 1685 5391 A‘utiocbeni
1716 5325 1949 5398 epistola
1984 5322 2052 5377 ad
2081 5320 2387 5378 Nestorium
2422 5337 2490 5378 ex
2522 5333 2629 5388 quia
2665 5320 2713 5375 hz
2736 5334 2781 5376 -c
2822 5318 3073 5387 d‘ccerp'a
3112 5324 3266 5377 sum,
3303 5319 3463 5381 parte
3512 5325 3524 5363 I
3569 5304 3759 5377 synodi

470 5419 775 5489 Ephesium,
817 5408 1087 5471 numfﬂﬁ.
1155 5413 1163 5419 ’

544 5599 560 5630 ⁸
578 5596 710 5651 Cod.
728 5598 923 5650 Veron.
934 5637 946 5651 .
966 5592 1059 5645 illa
1080 5592 1298 5659 epistola
1312 5589 1551 5659 dogmata
1570 5579 1799 5659 Nectarii
1814 5576 2053 5659 laudibus

464 5646 858 5738 σπεεξη-*ΝᾹᾶ
874 5646 1149 5738 proferant
1170 5662 1262 5738 ubi
1288 5661 1365 5712 vel
1382 5646 1936 5738 "ipsilntendacesnl‘bfe
1964 5662 2053 5738 es:

472 5716 1044 5796 ito—‘mren‘tiri
1067 5734 1181 5785 ausi
1207 5739 1346 5796 sunt,
1375 5716 1429 5781 ui
1454 5726 1602 5779 illum
1629 5726 1851 5796 dicerent
1885 5720 1939 5796 in
1964 5716 2056 5796 illa

469 5788 985 5885 tibia—tcicﬁexcusasse
1029 5788 1348 5863 Nestorium,
1371 5800 1446 5853 cei
1469 5799 1578 5861 ejus
1610 5795 1853 5861 dogmata
1887 5788 2057 5841 laudi-

2167 5578 2257 5630 bus
2286 5572 2550 5639 affecisse?
2584 5568 2737 5634 Ου’-ά
2761 5565 2834 5639 si.
2903 5635 2914 5639 Δ
3171 5631 3204 5639 __
3252 5629 3281 5639 ί.
3591 5623 3603 5639 ι
3629 5618 3717 5639 υτ

2242 5620 2731 5711 ίΙί’έί‹ἷξι-ι1’ίιῖικῆᾑὲιη1
2755 5637 2861 5711 με)
2885 5635 3080 5688 desunt
3101 5629 3440 5694 cenationes,
3466 5623 3604 5696 quod
3628 5620 3765 5677 folia

2168 5719 2274 5773 duo
2301 5716 2409 5771 sint
2437 5707 2504 5769 de
2531 5707 2717 5767 Codice
2748 5707 2944 5762 ablata.
