4114 6546
334 417 443 473 697'

334 630 476 684 sicut
523 620 866 696 agnovimus,
897 621 1052 692 quod.
1089 635 1195 675 neu
1226 620 1648 676 erubescensde
1693 620 1791 673 hae
1836 618 1923 687 pia

334 719 674 776 confessione
702 717 876 771 solum
916 727 1360 767 nomenrccusas
1391 730 1403 766 :
1441 713 1683 766 si-autem
1712 725 1741 764 δ
1772 709 1922 764 vobis

335 811 582 881 aliqui-iu
614 807 842 863 ecclesia
872 820 1184 874 magnorum
1216 813 1272 858 et
1309 805 1410 856 hoc
1438 803 1721 870 exquiram
1741 842 1755 866 ,
1788 816 1924 853 nuu-

335 921 493 976 quam
542 903 817 960 recusabis
853 909 909 954 et
956 899 1050 954 Dei
1098 899 1412 966 genitricem
1461 897 1642 953 dicere
1682 906 1919 951 sanctam

340 999 633 1068 Virginem.
665 993 895 1049 Proinde
923 992 989 1045 ad
1020 1002 1167 1046 tuum
1200 1004 1252 1046 te
1294 992 1572 1055 exhortor,
1604 991 1658 1044 in
1696 1005 1801 1059 quo
1829 1004 1922 1043 vos

337 1105 441 1145 non
473 1101 656 1143 errare
683 1086 905 1154 cognovi
932 1100 947 1135 :
977 1097 1172 1137 nemon
1204 1089 1261 1135 et
1286 1080 1508 1134 verbum
1539 1078 1616 1133 il~'i
1645 1080 1721 1132 rei
1748 1078 1855 1146 jam
1892 1092 1921 1130 a

337 1178 517 1235 multis
549 1174 797 1231 Patr-ibus
833 1172 1203 1236 constitutum,
1237 1179 1291 1225 et
1321 1170 1579 1238 scriptum
1602 1207 1615 1231 ,
1639 1175 1695 1221 et
1721 1166 1920 1221 dictum

338 1283 438 1327 est.
481 1270 609 1325 Non.
639 1269 816 1337 itaque
855 1274 1066 1335 oportet
1094 1281 1142 1317 nt
1163 1279 1291 1334 gare
1327 1261 1588 1325 \‘erbnm,
1625 1261 1779 1330 cujus
1805 1276 1919 1315 rem

338 1364 390 1417 in
419 1362 599 1416 animo
644 1359 843 1413 habere
873 1372 967 1426 pro
998 1356 1267 1410 intellectu
1300 1353 1564 1423 probaris.
1600 1351 1713 1408 Hoc
1737 1352 1921 1421 itaque

339 1467 536 1508 nomen
588 1450 762 1504 nullus
807 1447 1294 1502 ecclesiasticarum
1355 1443 1632 1499 doctorum
1688 1450 1920 1497 recusat.

340 1546 439 1613 Qui
485 1545 626 1600 enim
657 1556 723 1596 eo
769 1539 849 1595 usi
878 1548 1023 1603 sunt,
1058 1546 1113 1593 et
1143 1536 1357 1606 plurimi
1389 1543 1514 1590 sunt
1557 1544 1609 1589 et
1640 1533 1877 1603 insignes
1906 1548 1920 1587 :

340 1635 426 1704 qui
457 1634 743 1689 autemusi
774 1648 879 1685 non
904 1639 1050 1699 sunt,
1083 1647 1197 1683 non
1215 1629 1568 1697 culpaverunt
1596 1635 1835 1681 utentes.
1862 1626 1923 1678 Et

340 1742 475 1782 vane
505 1741 624 1789 nos,
650 1729 791 1780 sicut
819 1733 1080 1793 apparet,
1107 1732 1358 1788 tanquam
1387 1719 1615 1788 duplicis
1650 1716 1924 1772 examina-

341 1820 504 1874 tionis
526 1817 797 1888 gratia,.iu
830 1817 1200 1869 hereticorum
1230 1827 1416 1881 pravas
1443 1811 1722 1877 Opiniones
1746 1808 1925 1862 iocur;

1215 411 1348 467 PRO
1389 410 1816 471 DEFENSIONE
1855 409 2071 466 TRIUM
2110 408 2427 466 CAPITUL.
2470 406 2599 465 LIB.
2645 408 2752 465 γη.

336 535 464 592 liam;
488 528 607 589 Sed
627 531 802 602 quina
822 537 877 585 te
900 538 954 585 et
974 532 1169 597 sa‘pitts
1194 538 1246 583 et
1269 528 1333 582 ad
1362 528 1557 582 multos
1575 528 1775 583 dictum
1807 535 1911 590 est,
1946 530 1991 587 Α

3503 402 3608 459 693

2100 522 2228 577 tanti
2248 524 2444 593 synodo
2497 524 2659 577 visum
2688 539 2787 576 non
2836 525 3039 593 fuisse,
3075 531 3130 574 ut
3186 530 3453 592 propterea
3495 535 3608 592 ejus

2096 597 2358 663 epistolam
2384 594 2824 650 condemnandam
2866 602 3109 649 censeret.

2096 728 2282 783 Solum
2312 742 2451 799 ergo
2471 738 2581 793 est,
2615 726 2758 793 quod
2785 742 2907 781 cum
2941 726 3225 781 malitiosis
3253 733 3309 779 et
3327 722 3610 779 obstinatis

2025 820 2424 875 accusatoribus
2454 818 2777 874 venerabilis
2808 818 2989 872 lbm'in
3020 817 3136 885 ejus
3166 814 3609 885 episto'acrimi-

2024 915 2140 967 nari
2173 914 2379 981 possint
2430 913 2709 980 haeretici,
2745 912 2833 967 vel
2880 911 3118 965 fautores
3147 922 3365 976 eorum,
3392 909 3514 978 quia
3545 907 3614 963 de

2026 1002 2185 1058 beato
2215 1003 2446 1073 Cyrillo,
2475 1003 2615 1058 sicut
2638 1003 2729 1057 alii
2761 1017 2971 1072 quoque
3000 1001 3236 1071 plurimi,
3263 1000 3419 1055 aiiter
3450 1013 3608 1068 quam

2028 1108 2117 1148 res
2147 1094 2333 1149 habuit
2364 1094 2732 1149 mstimaverlt.
2768 1093 3023 1160 Quamvis
3065 1103 3117 1148 et
3142 1093 3194 1147 i'n
3236 1092 3338 1146 hoc
3375 1090 3611 1145 malitio-

2026 1187 2197 1241 siores
2224 1197 2280 1241 et
2304 1186 2691 1241 obstinatiores
2713 1186 2798 1239 isti
2827 1184 3142 1254 probentur,
3166 1184 3254 1253 qui
3281 1182 3513 1236 hominis
3544 1180 3612 1235 de

2028 1276 2245 1332 homine
2265 1278 2619 1349 ignorantiam
2645 1276 2709 1330 ad
2736 1272 2961 1331 hanesis
2977 1278 3179 1330 crimen
3204 1274 3420 1329 trahunt
3446 1287 3461 1327 ε
3486 1273 3609 1343 quia

2029 1368 2132 1425 hoc
2174 1379 2295 1438 post
2321 1370 2531 1424 concilii
2576 1370 2894 1423 sententiam
2938 1368 3169 1431 faciunt,
3202 1366 3342 1436 quod
3372 1365 3443 1418 illi
3484 1372 3611 1419 ante

2026 1461 2303 1529 fecerunt;
2330 1477 2429 1516 nec
2454 1461 2727 1531 patiuntur
2749 1460 3043 1529 antiquitus
3070 1458 3324 1514 refutatas
3345 1455 3610 1525 antiquari

2027 1553 2361 1622 calumnias;
2384 1552 2476 1608 sed
2501 1553 2626 1606 olim
2656 1553 2765 1606 suis
2786 1552 3091 1605 ani-toribus
3112 1549 3349 1618 sepultas
3370 1547 3605 1603 rediviva

2025 1645 2367 1702 contentione
2424 1644 2764 1699 resnscitant.
2813 1642 3010 1698 Verum
3043 1642 3109 1697 dc
3154 1640 3253 1695 hac
3283 1638 3608 1711 ignorantia,

2027 1750 2124 1806 per
2150 1751 2309 1806 quam
2352 1747 2683 1790 memoratus
2725 1735 3191 1789 reverentissimus
3222 1730 3339 1785 ibas
3380 1745 3498 1782 cum
3532 1738 3610 1781 tot

2029 1830 2427 1896 provinciarum
2479 1829 2745 1897 episcOpis
2787 1827 3071 1881 fallebatur
3098 1825 3149 1877 in
3195 1837 3422 1892 persona
3468 1820 3609 1875 beati

342 1913 528 1975 rimus,
556 1921 613 1967 et
638 1907 995 1964 conscientias
1014 1907 1233 1961 fratrum
1259 1905 1400 1957 nulla
1432 1902 1655 1956 utilitate
1677 1910 1919 1955 exstante
1956 1895 1994 1953 Β
2024 1895 2233 1988 cyrn",
2268 1917 2429 1972 mum
2458 1895 2568 1988 μὴ,
2596 1895 2737 1972 σίδη,
2770 1928 2915 1981 θωπί,
2957 1925 3012 1969 ει
3042 1916 3161 1985 plus
3190 1928 3347 1981 quam
3378 1910 3611 1965 sumcie.

343 2014 624 2071 percussas
664 1998 987 2069 despicimus
1020 2014 1035 2053 :
1069 2004 1380 2052 recusantes
1406 2008 1600 2048 nomen
1644 1991 1795 2061 cujus
1844 1990 1924 2043 in.

344 2095 621 2150 tcllectum-
647 2094 783 2148 bene
829 2091 1141 2160 optimeque
1168 2089 1491 2157 recipimus,
1525 2087 1745 2141 multum
1778 2092 1926 2140 erras

343 2200 493 2249 nnis,
522 2185 692 2255 magis
720 2196 908 2239 autem
937 2182 1305 2253 periclitamur
1336 2181 1480 2235 circa
1510 2179 1924 2235 inenarraltilem

346 2278 801 2347 dispensationem
845 2276 1104 2345 unigeniti
1153 2272 1271 2330 Filii
1329 2274 1440 2328 Dei.
1484 2272 1734 2341 Sequitur
1781 2272 1923 2326 enim

341 2368 619 2422 ablatione
642 2367 874 2421 nominis
898 2366 1057 2437 huius
1073 2369 1153 2421 vel
1175 2364 1576 2437 significationis
1598 2363 1735 2433 ejus,
1756 2376 1929 2431 neque

348 2458 513 2512 Deum
542 2474 662 2513 esse
684 2474 806 2513 eum
831 2459 919 2528 qui
946 2457 1360 2512 inenarrabilcm
1391 2455 1630 2519 corporis
1652 2453 1929 2523 dispensa—

345 2551 543 2604 tionem
570 2563 668 2618 pro
695 2549 849 2603 nobis
870 2547 1126 2617 suscepit,
1160 2562 1331 2615 neque
1354 2546 1517 2600 Deum
1548 2544 1779 2599 Verbum
1807 2558 1930 2597 eva-

341 2656 510 2695 cuaus
557 2655 615 2695 se
642 2640 851 2709 ipsum,
884 2650 938 2693 ct
967 2638 1190 2693 formam
1231 2636 1371 2691 servi
1400 2636 1700 2704 accipiens,
1730 2635 1927 2688 intesti-

345 2732 599 2787 mabilem
629 2731 769 2785 circa
804 2747 901 2785 nos
927 2731 1310 2784 m'aericordia:
1353 2744 1465 2783 sum
1509 2729 1929 2798 magnitudinem

344 2822 739 2887 demonstrans,
761 2823 895 2876 sicut
914 2822 1093 2875 divina
1116 2823 1210 2874 hac
1233 2821 1633 2889 dispensatione
1655 2818 1876 2873 fac-.um.
1907 2837 1927 2871 ι

353 2917 481 2968 t‘um
531 2914 690 2983 igitur
731 2916 798 2966 ab
849 2913 1210 2969 Orientalibus
1258 2921 1314 2967 et
1359 2925 1483 2967 ante
1532 2911 1930 2965 damnationem

345 3015 629 3073 correptus
679 3004 955 3061 Nestorius
995 3005 1336 3067 ostendatur,
1385 3012 1440 3058 et
1484 3011 1605 3073 post
1634 3004 1930 3059 damnatio.

347 3112 471 3155 nem
491 3134 507 3158 ,
530 3096 654 3151 licet
674 3097 741 3149 ab
768 3094 1166 3167 indignantibus
1185 3102 1240 3149 et
1264 3093 1509 3162 injuriam
1540 3093 1936 3162 suamgraviter

349 3189 671 3252 dolentibus,
707 3202 813 3242 non
846 3196 1022 3241 tamen
1058 3184 1224 3240 fuerit
1253 3185 1559 3251 ﬂbStIlUlllS,
1591 3185 1683 3239 sed
1712 3200 1935 3238 veneras

2026 2011 2117 2065 bat
2139 2021 2415 2065 ostensum
2442 2021 2528 2065 est
2555 2009 2693 2079 quod
2720 2009 3027 2063 barreticum
3060 2022 3145 2060 res
3166 2005 3268 2059 ista
3297 2020 3400 2059 non
3432 2004 3609 2058 faciat.

2027 2100 2131 2157 Sed
2164 2100 2285 2171 quia
2312 2100 2600 2154 nonnullos
2629 2100 2878 2154 videmus
2916 2100 2966 2151 in
2997 2098 3104 2151 suis
3136 2097 3473 2151 remissiores
3499 2138 3513 2162 ,
3558 2095 3610 2148 in

2026 2191 2217 2247 alienis
2232 2192 2662 2246 vehementiores
2688 2206 2807 2246 esse
2840 2190 3092 2259 peccatis,
3126 2203 3385 2257 suamque
3418 2190 3615 2242 sant-ti-

2028 2291 2190 2337 talem
2242 2282 2294 2335 in
2348 2280 2740 2351 exaggerandis
2810 2278 3180 2349 proximorum
3232 2276 3618 2338 oﬂ'ensionibus

2027 2381 2318 2441 ostentare,
2369 2372 2514 2427 illam
2545 2387 2756 2441 quoque
2804 2369 3445 2425 removeamusinvizliam
3469 2410 3482 2433 ,
3514 2382 3614 2437 qua

2028 2468 2269 2540 graviter
2295 2477 2717 2538 conqueruntur,
2745 2466 2984 2519 dicentes
3014 2465 3064 2516 in
3127 2463 3209 2516 his
3232 2457 3479 2530 capitulis
3512 2475 3616 2513 non

2033 2573 2139 2618 tam
2164 2564 2374 2618 beatum
2394 2561 2654 2635 Cyrillum
2677 2576 2836 2630 quam
2861 2561 3121 2630 synodum
3149 2556 3476 2626 Epltcsinam
3501 2568 3616 2624 qua:

2032 2657 2120 2713 illa
2143 2655 2257 2727 jam
2291 2663 2607 2723 receperat,
2642 2652 2803 2706 fuisse
2835 2652 3101 2720 cu'patam
3138 2664 3152 2702 :
3188 2660 3283 2702 nec
3314 2660 3471 2715 posse
3528 2661 3618 2712 ap-

2034 2748 2249 2818 probari
2287 2747 2425 2800 hanc
2454 2743 2736 2813 epistolam
2760 2783 2774 2805 ,
2810 2741 2908 2794 nisi
2934 2739 3119 2794 eadem
3160 2737 3394 2809 synodus
3424 2737 3615 2800 impro-

2036 2839 2211 2892 betur.
2241 2837 2377 2891 lline
2405 2837 2649 2889 volentes
2679 2833 2918 2899 efficere,
2950 2840 3007 2883 ut
3050 2844 3297 2898 magnum
3327 2826 3616 2881 Chaltedo-

2038 2942 2206 2983 nense
2234 2927 2548 2995 concilium,
2581 2924 2721 2994 quod
2747 2923 2891 2977 illam
2919 2921 3180 2990 judicavit
3236 2918 3615 2981 orthodoxam,

2037 3021 2202 3089 ipsius
2235 3016 2521 3087 Ephesium
2567 3015 2757 3087 synodi
2787 3013 3031 3066 videatur
3054 3012 3363 3080 impugnare
3384 3008 3618 3063 decreta.

2042 3112 2112 3166 At
2141 3124 2238 3179 ego
2268 3109 2412 3173 dico,
2446 3108 2569 3177 quia
2600 3114 2878 3174 propterea
2910 3103 3077 3172 magis
3106 3116 3247 3172 smpe
3287 3100 3482 3154 die'am
3510 3099 3617 3166 epi-

2040 3200 2234 3255 stolam
2266 3198 2632 3268 pronuntiavit
2660 3195 3036 3256 orthodoxam,
3069 3192 3319 3261 quouiam
3343 3190 3474 3244 vidit
3502 3204 3618 3243 eam

349 3282 550 3337 bilibus
578 3280 781 3350 Cyrillo
812 3289 866 3334 ct
894 3279 1164 3347 Ephesino
1194 3278 1472 3333 Memnone
1515 3279 1712 3347 episeoi
1734 3277 1778 3331 is
1819 3280 1932 3331 so'a

2044 3290 2330 3345 secundum
2357 3289 2525 3351 ipsius
2552 3285 2839 3355 Ephesium
2862 3282 3054 3355 synodi
3081 3284 3296 3336 decreta
3320 3279 3623 3337 confessam

350 3370 658 3439 suspicione
684 3370 971 3434 damnatis,
1002 3368 1288 3424 Nestor-ius
1315 3369 1368 3423 in
1397 3384 1458 3423 ea
1487 3384 1647 3438 quam
1670 3379 1941 3422 meruerat

348 3462 804 3517 eondemnatione
831 3463 1162 3528 dimisi-rint;
1198 3462 1465 3531 quomodo
1504 3478 1608 3515 non
1650 3464 1939 3516 erube~ccs

351 3563 473 3608 rent
515 3556 599 3609 vel
631 3553 1041 3623 pertinacissimi
1075 3561 1413 3607 accusatores
1437 3551 1760 3605 venerabilis
1802 3550 1937 3616 litae,

351 3647 539 3701 multis
587 3646 789 3700 recenti
831 3660 1012 3700 terum
1044 3645 1300 3698 memoria
1331 3643 1710 3712 refragaturis,
1760 3643 1941 3696 dicere

353 3737 496 3805 quod
543 3735 846 3791 Nestorium
878 3736 930 3789 in
964 3750 1058 3789 sua
1091 3735 1317 3802 epistola
1361 3732 1548 3788 fecerit
1593 3735 1943 3788 excusatum?

361 3824 617 3882 Viderunt
637 3825 818 3895 itaque
842 3840 937 3893 pro
962 3825 1122 3879 tantis
1149 3840 1271 3895 qua:
1302 3824 1716 3878 memoravimus
1745 3826 1942 3878 nemini

357 3920 619 3976 credibile
651 3918 790 3984 fore,
816 3918 958 3988 quod
981 3918 1031 3971 in
1059 3916 1463 3971 excusationem
1487 3916 1717 3970 Nestorii
1744 3915 1944 3970 dictum

366 4022 513 4068 esset
541 4029 556 4065 :
588 4011 664 4065 De
694 4010 1003 4080 episcopatu
1030 4008 1334 4064 Nestorium
1358 4007 1725 4077 deposuerunt
1746 4007 1948 4077 judicio

359 4115 414 4161 et
438 4105 780 4175 inquisitione
809 4120 915 4159 non
947 4104 1115 4167 facta;
1146 4103 1239 4157 sed
1278 4103 1359 4157 vel
1393 4118 1491 4171 pro
1520 4103 1766 4170 capitulis
1807 4102 1947 4157 beati

365 4196 547 4264 Eyrilii
573 4237 588 4263 ,
641 4210 759 4264 qua:
790 4204 973 4263 postea
1027 4198 1407 4264 interpretatus
1437 4204 1556 4260 est,
1603 4202 1851 4263 tanquam
1885 4195 1951 4248 de

366 4284 469 4339 illis
486 4284 691 4355 judicio
718 4292 771 4339 et
799 4284 1144 4352 inquisitione
1169 4300 1275 4339 non
1305 4283 1439 4339 facta
1474 4284 1752 4339 l‘Testorius
1792 4284 1953 4338 fuerit

355 4376 784 4443 condemnatus;
818 4378 900 4431 vel
953 4376 1077 4444 quia
1110 4376 1492 4444 dedignaretur
1522 4376 1670 4440 lbas,
1706 4384 1763 4428 ut
1791 4390 1950 4443 supra

367 4467 473 4537 iam
506 4468 759 4536 diximus,
798 4468 1068 4538 judicium
1092 4478 1145 4523 et
1177 4469 1575 4536 inquisitionem
1609 4483 1833 4533 vocare,
1866 4468 1953 4521 ubi

368 4575 475 4612 non
511 4559 852 4615 interfuerint
878 4560 1180 4615 Orientales
1209 4570 1369 4628 atque
1397 4561 1623 4613 aliarum
1657 4561 1953 4628 provincia-

2039 3396 2203 3437 unum
2235 3380 2429 3434 Fliilllll
2464 3379 2746 3433 Dominum
2786 3376 2967 3430 Jcsum
3000 3374 3272 3429 Christum
3317 3374 3367 3426 in
3415 3370 3630 3425 duabus

2040 3488 2164 3528 esse
2213 3475 2437 3525 naturis.
2493 3470 2643 3526 Unde
2699 3468 2987 3537 prudenter
3028 3464 3282 3536 cognovit
3326 3462 3466 3534 quod
3524 3461 3626 3515 hoc

2043 3565 2215 3617 Solum
2245 3564 2580 3631 conscriptor
2607 3563 2721 3628 ejus
2740 3603 2752 3624 ,
2778 3576 2896 3613 cum
2926 3556 3289 3613 Orientalibus
3321 3564 3374 3611 et
3403 3554 3626 3609 aliarum

2044 3655 2437 3725 provinciarum
2453 3651 2745 3721 episcnpis,
2770 3650 2819 3702 in
2842 3649 3088 3701 omnibus
3108 3662 3223 3717 qua:
3244 3646 3348 3700 illic
3360 3652 3475 3698 acta
3505 3650 3626 3697 sunt

2047 3763 2152 3803 non
2178 3745 2516 3800 intellexerat
2565 3743 2833 3811 qu~tnml0
2855 3739 3087 3807 capitula
3114 3737 3255 3791 beati
3285 3734 3466 3805 Cyrilli
3488 3733 3627 3802 juue

2049 3839 2338 3907 receperit,
2372 3838 2425 3891 in
2454 3836 2644 3906 quibus
2667 3834 2733 3888 ab
2757 3834 2835 3887 eis
2865 3833 3148 3898 putabatur
3172 3830 3291 3896 qu'a
3320 3830 3396 3882 sic
3424 3828 3627 3880 dixerat

2056 3931 2219 3985 Deum
2246 3928 2480 3983 Verbum
2506 3924 2776 3980 hominem
2804 3922 2944 3976 fattu
2969 3940 3022 3983 ιι,
3047 3932 3098 3974 ιιι
3123 3919 3224 3973 θυῖε
3247 3928 3357 3973 rret
3378 3917 3627 3971 differena

2054 4022 2179 4074 tiam
2207 4030 2516 4072 naturarum
2540 4062 2553 4083 ,
2587 4023 2643 4069 et
2672 4028 2829 4068 uuam
2871 4011 3177 4081 perhiberet
3223 4025 3343 4065 esse
3387 4015 3628 4063 nativam

2057 4109 2272 4165 deitatis
2312 4119 2366 4164 et
2415 4106 2757 4162 humanitatis
2785 4104 2994 4160 Domini
3039 4101 3207 4155 nostri
3247 4100 3373 4155 ἔθευ
3403 4098 3633 4162 Christi,

2054 4201 2197 4270 quod
2222 4200 2397 4254 omnis
2418 4197 2715 4253 catholicus
2736 4203 3067 4251 exsecratur.
3091 4191 3432 4262 Cognoscens
3455 4202 3632 4243 an'em

2060 4306 2249 4362 magna
2274 4290 2510 4363 synodus
2532 4285 2984 4343 Chalcedonensis
3000 4326 3013 4348 ,
3042 4284 3253 4341 illorum
3277 4282 3630 4347 capituinrutn

2059 4385 2411 4441 intentionem
2436 4397 2594 4449 quam
2616 4382 2902 4449 diligenter
2921 4394 2947 4430 a
2969 4384 3230 4444 przesente
3251 4375 3407 4430 beato
3431 4373 3632 4444 Cyrillo

2060 4476 2298 4549 synodus
2328 4474 2590 4544 Ephesina
2623 4472 2879 4526 didicerat
2902 4510 2917 4535 ,
2962 4469 3103 4523 Ibam
3150 4474 3309 4537 atque
3337 4466 3474 4521 alios
3520 4472 3636 4519 tau-

2062 4584 2218 4639 quam
2244 4567 2515 4632 absentes,
2543 4565 2684 4620 sicut
2709 4564 2885 4617 exitus
2912 4576 3089 4617 causae
3110 4559 3309 4626 docuit,
3342 4560 3637 4629 ignorasse.

369 4666 486 4705 tum
513 4651 790 4721 episcopi,
822 4653 910 4720 qui
949 4651 1109 4706 simul
1148 4651 1256 4706 dati
1289 4652 1497 4705 fuerant
1527 4651 1870 4719 inquisitores
1898 4660 1954 4705 et
1989 4664 2038 4722 D
2066 4660 2194 4713 nihil
2219 4657 2435 4713 differre
2456 4655 2735 4725 judicavit,
2761 4654 2899 4723 quod
2925 4653 2976 4706 in
3000 4651 3187 4705 iisdem
3211 4651 3478 4720 capitulis,
3503 4649 3639 4705 sicut

368 4742 593 4813 iudices.
632 4743 890 4799 Viderunt
913 4745 1074 4799 etiam
1098 4784 1113 4810 ,
1155 4740 1289 4815 qiuia-
1314 4759 1413 4800 nec
1444 4744 1568 4797 illud
1589 4786 1603 4808 ,
1628 4744 1770 4812 quod
1800 4758 1953 4812 :rque

371 4836 719 4889 tnuitifariam
749 4836 1066 4903 repulimus,
1097 4837 1147 4890 in
1173 4835 1288 4903 ejus
1312 4835 1718 4890 excusationem
1751 4833 1952 4888 dictum

371 4924 784 4995 intelligeretur,
816 4925 867 4980 in
897 4941 1003 4994 quo
1032 4927 1144 4979 ait:
1170 4927 1451 4981 Nestorius
1472 4934 1673 4990 autem,
1701 4927 1953 4995 quoniam

372 5033 484 5070 suae
524 5017 733 5072 civitati.
756 5016 881 5071 odio
909 5026 1026 5071 erat
1053 5026 1106 5072 et
1135 5018 1222 5086 qui
1255 5018 1309 5072 in
1336 5035 1399 5071 ea
1431 5029 1583 5072 erant
1612 5018 1958 5073 excellentio-

374 5108 545 5171 ribus,
575 5109 667 5164 illo
715 5108 911 5163 reverti
956 5124 1061 5163 non
1094 5111 1287 5176 pomit.
1334 5109 1403 5163 Et
1448 5111 1572 5162 hinc
1600 5110 1955 5173 calumniari,

374 5200 496 5254 licet
522 5201 1002 5271 impudentissimi,
1025 5210 1179 5268 turpe
1196 5202 1297 5255 sibi
1321 5202 1628 5267 duxerunt;
1650 5200 1962 5267 faciliusque

375 5300 696 5357 putaverunt
720 5306 748 5344 a
782 5290 1051 5360 judieibus
1087 5306 1243 5359 posse
1273 5293 1417 5345 credi
1440 5332 1455 5354 ,
1497 5293 1638 5360 quod
1663 5306 1961 5346 memorare

377 5383 553 5449 magni
587 5383 837 5439 horroris
860 5395 941 5440 est
965 5426 979 5449 ,
1013 5387 1323 5455 episcopum
1368 5384 1508 5437 Ilia-tn
1557 5385 1757 5438 dixisse
1791 5402 1802 5436 :
1844 5384 1958 5438 Non

377 5471 599 5529 invideo
628 5474 839 5532 Christo
877 5475 1019 5531 facto
1051 5477 1203 5543 Deo;
1258 5479 1317 5530 in-
1356 5488 1621 5546 quantum
1660 5480 1801 5532 enim
1843 5478 1959 5546 ipse

379 5567 548 5619 hctus
573 5576 687 5632 est,
709 5574 763 5621 et
787 5582 886 5637 ego
916 5568 1086 5622 factus
1108 5583 1227 5623 sum
1259 5583 1275 5622 :
1307 5584 1463 5637 quam
1493 5568 1539 5622 si
1564 5578 1749 5622 contra
1782 5580 1957 5623 tanto-

380 5668 496 5711 rum
520 5659 906 5715 conscientiam
928 5660 1199 5715 diceretur
1218 5660 1279 5713 in
1297 5660 1385 5713 illa
1402 5661 1625 5729 epistola
1647 5659 1957 5717 defendisse

378 5748 701 5805 Nestorium.

996 5820 1223 5878 CAPUT
1265 5823 1354 5878 Vl.

390 5930 541 5998 Quod
575 5929 699 5986 Ibat
738 5932 799 5988 de
853 5930 1035 6003 ijilii
1081 5936 1316 6005 capitulis
1355 5936 1486 5991 male
1538 5940 1825 6009 suspicatus
1872 5941 1958 5999 sit,

2063 4751 2204 4806 beati
2236 4749 2420 4821 Cyrilli
2449 4748 2673 4803 dicentis
2694 4788 2711 4813 ,
2737 4747 2806 4800 i'a
2834 4746 2992 4800 etiam
3022 4752 3221 4798 sancta:
3244 4743 3433 4813 synodi
3465 4741 3561 4810 Ep'
3584 4754 3640 4796 e-

2064 4845 2193 4898 siua:
2236 4842 2542 4912 probantis,
2588 4840 2936 4894 intentionem
2984 4835 3159 4891 minus
3209 4834 3629 4889 intellexerant:

2065 4949 2186 4991 cum
2206 4943 2551 5001 utrorumque
2570 4930 2702 4985 tldes
2718 4929 2903 4984 eadem
2929 4926 3135 4995 fuisset,
3158 4940 3260 4994 qua
3282 4924 3439 4979 simul
3452 4936 3640 4976 omnes

2064 5026 2133 5079 ita
2158 5024 2448 5079 credebant
2479 5024 2640 5076 Deum
2675 5020 2907 5074 Verbum
2940 5015 3209 5071 hominem
3245 5015 3465 5079 factum,
3497 5025 3553 5066 ut
3585 5012 3640 5065 in

2065 5130 2170 5169 una
2206 5114 2402 5169 Christi
2435 5127 2664 5182 persona
2696 5116 2938 5164 maneret
2966 5107 3187 5161 duarum
3211 5103 3506 5158 differentia
3549 5118 3641 5156 na—

2064 5213 2327 5259 turarum.
2382 5202 2439 5257 In
2470 5203 2572 5256 hoc
2601 5201 2797 5271 quippe
2827 5198 2972 5253 nulla
3015 5197 3180 5265 partis
3224 5195 3497 5249 alterutra
3546 5191 3642 5248 fuit

2064 5296 2388 5367 ignorantia,
2413 5294 2560 5348 nulla
2585 5293 2871 5346 dissensio.
2900 5289 2965 5342 Et
2986 5288 3029 5340 si
3054 5289 3219 5340 altera
3257 5298 3377 5354 pars
3392 5282 3460 5337 de
3476 5283 3641 5339 alteza

2062 5391 2155 5444 vel
2182 5389 2410 5444 invicem
2442 5390 2509 5442 de
2531 5403 2588 5441 se
2616 5385 2772 5439 aliter
2797 5382 3139 5438 crediderunt
3158 5417 3175 5442 ,
3207 5376 3349 5448 quod
3378 5375 3445 5429 ad
3473 5374 3643 5429 hatre-

2063 5482 2163 5536 sim
2213 5496 2318 5534 non
2347 5481 2609 5549 pertinet;
2642 5477 2711 5530 de
2739 5474 3039 5528 Christiana
3071 5481 3248 5523 tamen
3299 5466 3401 5521 fide
3455 5465 3642 5520 eadem

2061 5572 2157 5626 fuit
2189 5573 2353 5641 partis
2401 5570 2676 5636 utriusque
2716 5564 3006 5621 sententia.
3038 5563 3094 5616 Si
3142 5560 3262 5629 quis
3298 5570 3474 5613 autem
3515 5557 3643 5615 dicit

2061 5663 2202 5731 quod
2232 5662 2346 5717 lbas
2373 5671 2530 5729 atque
2559 5658 2862 5721 Orienta'es
2891 5663 2945 5707 et
2974 5652 3201 5706 aliarum
3245 5650 3643 5719 provinciarum

2065 5753 2298 5824 episcopi
2344 5752 2493 5824 (una
2549 5750 2745 5819 quippe
2795 5745 2982 5801 horum
3031 5743 3267 5798 omnium
3313 5755 3472 5797 causa
3514 5742 3646 5809 est),

2067 5844 2226 5898 etiam
2280 5844 2332 5897 in
2393 5841 2476 5895 his
2516 5854 2634 5909 qua:
2688 5852 2794 5895 non
2832 5833 3234 5905 intelligebant,
3282 5830 3645 5887 auctoritatem

2073 5934 2325 6006 Ephesini
2373 5931 2582 5989 concilii
2614 5930 2763 5999 sequi
2794 5927 3074 5984 debuerint
3108 5941 3120 5978 :
3151 5924 3264 5994 ipse
3293 5935 3501 5994 quoque
3533 5920 3641 5991 pri-
