4114 6496
512 325 616 390 8'79

1583 291 1894 381 ~saccum
1932 319 2146 376 Et'tsc.
2191 311 2704 372 nentttiNENSIs

3696 312 3811 370 700

516 457 662 498 mum
695 440 1038 497 considerare
1065 440 1225 496 debet
1253 439 1392 510 quod
1413 439 1580 494 etiam
1612 435 1850 508 synodus
1878 430 2107 486 Chalce-
2135 435 2186 489 Α
2214 426 2478 497 synodum
2511 424 2765 480 debuisse
2807 423 2946 480 hanc
2973 424 3257 494 epistolam
3305 424 3510 482 haeretis
3529 439 3616 482 atn
3664 429 3807 498 judi-

518 535 774 589 donensis
804 533 1177 587 considerasse
1206 531 1473 586 credenda
1516 537 1634 594 est,
1662 527 1912 598 quoniam
1945 522 2107 577 tantis

517 624 991 688 dissentientibus,
1037 622 1129 692 qui
1163 625 1350 678 moniti
1395 623 1608 678 fuerant
1635 619 1796 676 simul
1841 619 1893 672 in
1931 617 2106 686 ipsum

521 717 810 774 concilium
839 717 1134 773 convenire
1153 757 1170 783 ,
1197 732 1304 771 non
1339 725 1482 770 tanta
1517 716 1611 770 illo
1643 723 1884 782 tempore
1911 719 2109 780 quanta

519 826 662 866 nunc
689 820 795 875 est,
821 809 941 877 eius
981 824 1104 866 esse
1143 820 1326 879 posset
1359 807 1686 870 attetoritas,
1729 821 1850 858 cum
1882 803 2108 858 necdum

517 903 679 956 etiam
709 899 911 968 judicio
939 915 1146 969 magnae
1169 897 1623 954 Chalcedonensis
1651 895 1840 966 synodi
1867 893 2110 948 firmare-

521 1002 626 1046 tur.
679 990 812 1044 Nam
844 997 900 1045 et
943 990 1058 1059 ipsa
1107 990 1341 1060 multum
1385 986 1594 1042 roboris
1631 987 1700 1039 ad
1741 984 2110 1038 auctoritatem

520 1083 667 1138 addit
694 1081 1022 1151 antiquitas.
1038 1081 1238 1135 Deinde
1261 1083 1381 1149 quis
1403 1079 1772 1146 cujuscunque
1795 1073 2112 1129 temeritatis

522 1190 584 1230 ac
609 1172 999 1242 profanationis
1021 1188 1144 1228 esse
1166 1173 1236 1226 dit
1255 1175 1384 1238 itur,
1413 1171 1551 1240 quod
1581 1186 1644 1225 ea
1669 1169 1855 1224 beatus
1882 1164 2114 1237 Cyrillus

524 1279 630 1319 non
658 1262 768 1332 jam
802 1263 1042 1332 propria,
1074 1262 1167 1316 sed
1200 1262 1366 1316 totius
1397 1261 1682 1329 Epltesinze
1713 1257 1928 1329 synodi,
1961 1255 2114 1324 cujus

523 1356 734 1408 fuerant
763 1353 1077 1410 auctoritate
1117 1352 1348 1416 firmata,
1381 1367 1475 1421 pro
1501 1355 1736 1418 ipsorum
1761 1347 2113 1402 Orientalium

528 1443 806 1498 voluntate
834 1458 998 1497 ausus
1025 1453 1108 1497 est
1142 1450 1468 1506 retractare;
1503 1451 1568 1494 (λι-
1583 1440 1628 1494 si
1652 1440 1980 1493 Νρειίιιὶιιιιιε
2013 1441 2119 1490 1129·-

529 1535 637 1588 t'esi
679 1535 964 1603 deputetur
989 1533 1130 1603 quod
1162 1534 1453 1588 orientales
1481 1547 1601 1586 cum
1633 1530 1859 1584 aliarum
1907 1529 2119 1592 iroviu-

527 1628 733 1681 ciarum
792 1627 1103 1694 episropis,
1157 1626 1514 1696 capitulorum
1568 1624 1690 1693 ejus
1759 1622 2116 1678 intentoitem

529 1719 747 1773 minime
777 1718 1170 1789 intelligentes,
1223 1717 1571 1772 crediderunt
1608 1718 1750 1786 quod
1791 1731 1852 1772 ea
1887 1731 1992 1769 non
2023 1715 2120 1768 de-

2210 533 2356 582 care,
2387 517 2508 584 quia
2541 526 2666 586 post
2696 517 2952 570 unitatem
2983 516 3174 570 factam
3202 518 3321 570 talia
3343 520 3810 592 conscriptorejus

2213 609 2340 663 ibas
2393 607 2574 663 dicere
2623 609 2708 662 vel
2756 607 2960 662 sentite
3007 623 3110 662 non
3139 609 3364 674 debuit,
3379 609 3491 680 jam
3531 615 3813 680 superiore

2213 700 2353 754 libro
2383 687 2784 768 respondimus.
2814 700 3098 764 Quonmdo
3127 709 3306 755 autem
3344 710 3528 756 sancta
3570 705 3812 769 synodus

2213 793 2458 848 eamdem
2495 794 2780 862 epistolam
2808 807 2906 861 pro
2937 803 3081 847 recta
3113 791 3235 846 fidei
3266 793 3610 851 confessione
3644 813 3810 866 quam

2213 887 2450 944 continet
2481 886 2852 956 approbando,
2884 885 3132 954 Ephesini
3150 885 3359 941 concilii
3376 888 3686 956 perhibetur
3703 892 3813 944 im-

2217 993 2479 1050 pugnasse
2529 979 2782 1044 decreta,
2830 992 2952 1032 cum
2984 979 3190 1047 potius.
3225 979 3270 1032 si
3297 994 3417 1034 eam
3451 995 3546 1048 pro
3585 980 3686 1037 hac
3717 1000 3814 1036 su-
3856 996 3860 999 '

2223 1071 2465 1139 spicione
2483 1070 2751 1140 judicaret
2784 1071 3114 1133 hmreticam,
3137 1071 3292 1125 simul
3323 1083 3376 1127 et
3399 1073 3610 1128 beatum
3633 1074 3816 1146 Cyril-

2216 1164 2324 1216 lum
2377 1173 2426 1217 et
2470 1165 2640 1231 ipsum
2680 1159 3006 1230 Ephesinnnt
3054 1166 3468 1231 reprehendisse
3525 1171 3814 1223 concilium

2219 1254 2513 1321 videretur,
2545 1257 2682 1325 quod
2737 1255 2808 1309 ita
2854 1256 3250 1325 suspicantibus
3275 1257 3639 1316 Orientalibus
3664 1276 3818 1315 com-

2225 1347 2669 1410 municaverunt,
2699 1345 3028 1399 ortliodoxos
3051 1361 3145 1400 eos
3178 1349 3361 1422 procul
3385 1349 3552 1403 dubio
3568 1351 3815 1420 judican~

2223 1437 2340 1492 tes?
2391 1437 2581 1491 Cernis
2637 1438 2818 1508 igitur,
2881 1439 3200 1505 imperator,
3251 1440 3340 1494 illa
3371 1456 3491 1511 quas
3534 1445 3817 1512 superiore

2223 1528 2383 1593 libro,
2431 1528 2574 1583 sicut
2605 1529 3047 1595 promiseramus,
3077 1531 3418 1586 ostendimus
3437 1569 3457 1598 ,
3489 1533 3575 1587 hic
3603 1550 3817 1602 quoque

2222 1617 2419 1671 iterum
2443 1632 2506 1672 ac
2529 1633 2673 1682 saepe
2705 1619 3014 1674 menstrari.
3049 1620 3406 1686 Quamobrem
3435 1624 3481 1677 si
3523 1623 3819 1680 Chalcedo-

2222 1710 2410 1764 nensis
2461 1709 2700 1780 synodus
2729 1711 3039 1764 Nestoriana
3071 1712 3302 1779 dicatur,
3340 1715 3482 1783 quod
3512 1715 3652 1770 hanc
3698 1717 3819 1784 epi-

533 1810 728 1863 luisset
764 1809 1002 1879 synodus
1034 1809 1302 1879 Epltesina
1357 1811 1664 1880 suscipere;
1707 1811 1879 1864 cidem
1929 1807 2119 1861 Nesto-
2154 1793 2202 1856 Β
2228 1801 2420 1854 stolam
2451 1801 2710 1871 judicavit
2740 1800 3127 1869 orthodoxam,
3161 1804 3321 1856 etiam
3363 1805 3555 1859 beatus
3583 1805 3819 1878 Cyrillus

527 1899 691 1953 riam:
720 1899 922 1953 haeresi
951 1899 1138 1954 beatus
1163 1900 1396 1970 Cyrillus
1424 1901 1855 1954 communicasse
1884 1897 2116 1960 dicetur,

530 2002 650 2044 cum
681 1989 810 2056 ipsis
838 1987 1223 2052 Orientalibus,
1254 1991 1325 2042 ita
1355 1989 1422 2043 de
1449 1989 1560 2042 suis
1581 1989 1862 2058 capitulis,
1891 2000 2118 2056 quorum

530 2077 966 2130 t-etractationem
998 2085 1329 2145 exegerunt,
1351 2085 1405 2132 et
1438 2077 1706 2146 Ephesina
1738 2077 1943 2147 synodo
1971 2077 2122 2130 aesti-

534 2165 825 2229 mantibus,
857 2167 1296 2231 communicavit,
1336 2177 1391 2221 et
1421 2183 1608 2222 eutum
1638 2167 1966 2222 confes-iuni
1992 2167 2121 2221 sub-

530 2251 766 2319 scripsit.
822 2238 951 2306 Nam
981 2253 1024 2306 si
1065 2251 1181 2307 [nec
1212 2254 1535 2309 existimatio
1571 2255 1701 2309 tanti
1749 2257 2032 2322 penditur,
2067 2267 2124 2312 ut

536 2341 1067 2410 Ineresisjudicelur,
1105 2345 1155 2398 in
1186 2346 1332 2398 nullo
1363 2345 1607 2399 inclinari
1639 2347 1841 2400 eisdem
1873 2347 2123 2402 Orienta-

534 2435 693 2503 libus,
711 2435 804 2490 sed
830 2437 1003 2504 potius
1029 2438 1172 2506 ipsos
1196 2452 1388 2506 cogere
1403 2437 1636 2506 Cyrillus
1650 2437 1857 2503 debuit,
1879 2446 1938 2492 ut
1956 2441 2121 2493 etiam

533 2528 585 2582 in
616 2528 698 2582 his
721 2544 840 2595 qua:
872 2530 1049 2584 minus
1073 2530 1472 2599 itttelligehattt,
1505 2531 1696 2602 synodi
1729 2545 1788 2585 se
1817 2531 2123 2586 auctoritati

531 2621 880 2690 subiicerent,
911 2638 1172 2694 suamque
1195 2627 1668 2694 praesumptlouem
1698 2639 1792 2694 per
1813 2640 1970 2694 quam
2001 2640 2125 2695 pro-

534 2718 773 2787 mulgato
803 2719 1022 2774 decreto
1071 2719 1299 2788 capitula
1342 2729 1638 2774 memorata
1696 2721 2121 2786 damnaverant,

533 2808 781 2862 similiter
810 2809 1058 2877 publice,
1103 2819 1157 2864 et
1197 2811 1247 2863 in
1297 2819 1704 2865 monumentum
1755 2810 2120 2880 pisteritatis,

533 2898 750 2969 scriptis
793 2899 1019 2968 allegata
1061 2901 1401 2955 confessione
1443 2900 1766 2955 damnarent
1808 2909 1910 2955 :et
1953 2914 2125 2967 neque

535 2992 615 3046 vel
639 2992 718 3046 sic
738 2993 1093 3048 Orientalium
1116 2993 1420 3048 definitioni
1443 2994 1806 3056 subscribere,
1831 2991 1925 3046 sed
1948 2993 2123 3060 potius

534 3083 602 3136 ab
623 3083 730 3137 illis
756 3084 974 3155 exigere
996 3083 1470 3140 utsubscribcrent
1490 3083 1692 3138 eisdem
1723 3082 1992 3150 capitulis,
2017 3097 2120 3136 non

2223 1901 2282 1949 et
2330 1892 2599 1962 Ephesiua
2645 1894 2883 1965 synodus
2919 1907 3314 1963 consequenter
3345 1899 3395 1951 in
3439 1897 3816 1954 Nestorianam

2225 1985 2474 2038 haeresim
2507 1996 2690 2052 postea
2733 1985 3018 2040 divertisse
3045 1985 3315 2053 dicentur,
3347 1989 3487 2058 quod
3518 1989 3820 2044 Orientales

2225 2076 2324 2132 hoc
2351 2077 2526 2145 ipsum
2557 2077 2840 2132 credentes
2871 2077 3204 2133 orthodoxos
3234 2080 3279 2144 ⁸,
3313 2095 3417 2135 nec
3452 2081 3600 2136 solos
3619 2083 3822 2137 Orien-

2225 2170 2389 2234 tales,
2417 2169 2510 2224 sed
2539 2170 2761 2224 aliarum
2794 2185 3004 2241 quoque
3053 2187 3243 2228 novem
3273 2189 3402 2242 quas
3431 2189 3589 2244 supra
3619 2192 3822 2229 menm-

2228 2261 2469 2314 ravimus
2497 2261 2898 2330 provinciarum
2928 2263 3239 2333 episcopos,
3263 2267 3352 2334 qui
3383 2267 3536 2320 simul
3567 2268 3822 2322 eumdem

2225 2351 2443 2406 beatum
2473 2352 2733 2424 Cyrillum
2765 2363 2819 2408 et
2873 2353 3214 2409 Memnonem
3244 2356 3575 2424 Ephesinum
3596 2401 3611 2424 ,
3661 2370 3823 2429 atque

2226 2443 2461 2508 capitula
2516 2444 2771 2512 praedicta
2799 2445 3219 2510 damnaverunt,
3267 2449 3319 2501 in
3349 2459 3579 2503 caeteros
3608 2467 3823 2518 quoque

2225 2533 2545 2602 episcopos,
2576 2535 2718 2602 quod
2749 2549 2810 2588 ea
2844 2538 3207 2604 recepissent,
3239 2541 3821 2597 excommunicatinn's

2226 2625 2550 2678 sententiam
2586 2623 2940 2692 proferentes.
2974 2627 3096 2681 Haec
3118 2638 3294 2682 autem
3318 2630 3667 2686 Orientalium
3693 2634 3823 2687 .ilio-

2227 2730 2456 2783 rumque
2487 2715 2703 2769 Patrum
2735 2714 2804 2769 de
2843 2718 3052 2785 synodo
3099 2718 3372 2786 Ephesina
3417 2723 3687 2790 suspicio,
3717 2739 3822 2792 qua

2227 2810 2598 2864 existimantes
2645 2823 2762 2864 eam
2813 2810 3129 2866 traditiones
3161 2823 3411 2882 paternas
3463 2829 3581 2871 esse
3648 2827 3822 2872 trans-

2238 2915 2512 2970 gressam,
2542 2890 2654 2970 'pro
2685 2901 2796 2969 ipsa
2845 2900 2950 2956 fide
2981 2917 3140 2971 quam
3167 2907 3525 2961 communiter
3545 2909 3820 2973 tenebant,

2229 2993 2496 3046 adversus
2525 3007 2644 3046 eam
2674 2992 2985 3058 certabant,
3017 2996 3149 3049 mihi
3183 2998 3378 3053 similis
3406 3000 3617 3056 videtur
3653 3003 3699 3056 ei
3731 3018 3819 3055 su-

2229 3084 2454 3151 Spicioui
2505 3099 2626 3152 quze
2653 3083 2781 3139 Jesu
2828 3085 2975 3140 Nave
3022 3090 3352 3157 temporibus
3391 3103 3508 3144 orta
3558 3091 3732 3144 fuerat
3766 3092 3820 3145 in

535 3190 632 3244 pro
679 3175 890 3230 illorum
939 3179 1211 3231 voluntate
1268 3177 1674 3247 interpretatis.
1721 3177 1815 3232 sed
1855 3176 1998 3231 sicut
2051 3175 2119 3230 ab
2147 3167 2196 3232 C
2229 3177 2424 3246 populo
2456 3175 2621 3231 Israel
2658 3174 2797 3245 (Jos.
2841 3177 3006 3249 χιιι),
3037 3194 3157 3233 cum
3202 3180 3542 3237 laudabiliter
3579 3182 3744 3252 ejusd‘
3769 3200 3818 3237 nt

539 3265 807 3334 Ephesina
860 3268 1064 3338 synodo
1096 3267 1308 3322 fuerant
1351 3279 1478 3322 ante
1515 3276 1796 3336 suscepta;
1848 3267 2127 3336 ipsamque

538 3356 900 3424 suspicionem
953 3372 1051 3427 per
1107 3374 1266 3427 quam
1319 3373 1382 3413 ea
1429 3358 1819 3414 damnaverant
1873 3367 2126 3425 tauquam

541 3449 789 3504 haeresim
814 3449 1348 3518 anathematizarent,
1375 3460 1429 3507 et
1447 3451 1518 3506 ita
1545 3452 1760 3506 demum
1782 3465 1877 3506 eos
1899 3451 1950 3504 iu
1975 3465 2128 3504 com-

542 3540 799 3596 munione
821 3541 1080 3610 recipere.
1114 3542 1265 3597 Unde
1295 3558 1396 3597 ncc
1416 3543 1507 3622 alii
1548 3543 1731 3597 Patres
1760 3543 1853 3612 qui
1881 3556 2001 3598 cum
2033 3541 2126 3597 illo

538 3635 811 3704 Ephesum
841 3645 1236 3704 convenerant,
1269 3646 1322 3690 et
1351 3637 1510 3692 simul
1540 3636 1814 3706 praedictis
1842 3635 2128 3691 Orientali-

537 3725 658 3791 bus,
694 3728 768 3781 ita
794 3727 862 3782 de
889 3727 1004 3795 ipso
1031 3728 1257 3782 concilio
1283 3729 1550 3798 Ephesino
1580 3729 1947 3792 credentibus,
1980 3743 2127 3782 com-

537 3820 962 3886 municaverant,
993 3830 1282 3890 potuerunt
1315 3823 1329 3852 ¹
1360 3823 1627 3877 excusari.
1651 3821 1786 3887 Quia
1817 3836 1946 3875 vero
1977 3820 2122 3874 illam

539 3927 726 3966 eorum
757 3913 1114 3980 ignorantiam
1144 3927 1249 3966 non
1281 3912 1350 3968 de
1382 3914 1494 3982 ipsa
1523 3912 1826 3967 ChriStiana
1859 3912 1998 3975 fide,
2029 3912 2123 3967 sed

539 4004 607 4058 de
656 4004 954 4057 intentione
1008 4003 1274 4058 dictorum
1322 4020 1541 4059 suorum
1584 4003 1787 4073 fuisse,
1842 4013 1897 4060 et
1939 4005 2126 4060 beatus

540 4093 774 4166 Cyrillus
802 4106 854 4150 et
895 4095 988 4149 alii
1018 4095 1105 4166 qui
1155 4095 1292 4165 apud
1335 4095 1607 4164 Ephesum
1647 4110 1709 4150 ea
1742 4096 2125 4164 probaverant,

539 4200 942 4260 cognoverunt,
973 4199 1129 4258 turpe
1150 4191 1256 4246 illis
1283 4198 1339 4245 et
1366 4191 1644 4260 indignum
1676 4192 1850 4245 visum
1899 4200 1982 4246 est
2030 4206 2128 4259 pro

539 4281 641 4336 hac
666 4297 824 4337 causa
849 4285 1203 4348 contendere,
1235 4293 1289 4338 et.
1320 4283 1446 4338 hinc
1471 4283 1521 4336 in
1552 4283 1770 4354 longum
1814 4283 2128 4352 protrahere

544 4374 932 4427 dissensionem
960 4373 1346 4440 Ecclesiarum,
1378 4389 1537 4443 quam
1569 4389 1669 4429 nos
1693 4385 1999 4432 sanctorum
2031 4374 2129 4429 Pa-

543 4470 680 4516 trum
719 4463 981 4518 modestia
1012 4467 1031 4496 ²
1053 4466 1278 4534 sopitatn
1313 4476 1432 4535 post
1462 4474 1676 4522 centum
1701 4481 1870 4523 annus
1891 4467 2128 4536 inquieta

2231 3268 2417 3336 populi
2443 3282 2562 3336 pars
2581 3283 2677 3336 pro
2699 3268 2792 3323 Dei
2812 3269 3024 3324 cultura
3048 3272 3296 3339 sollicita,
3320 3273 3576 3328 adversus
3593 3275 3820 3329 alteram

2231 3368 2447 3428 partem
2478 3373 2634 3430 aque
2672 3361 2954 3416 sollicitam
2997 3363 3017 3394 '
3058 3368 3441 3430 concitaretur,
3471 3366 3820 3423 intentionem

2231 3450 2347 3519 ejus
2377 3452 2650 3520 ignorans.
2671 3451 2805 3505 Nam
2824 3467 2945 3508 cum
2970 3468 3216 3525 pergeret
3242 3455 3381 3511 idem
3414 3458 3637 3526 populus
3658 3457 3820 3514 Israel

2232 3542 2301 3597 ad
2347 3538 2666 3612 capiendam
2697 3561 2914 3600 omnem
2960 3558 3157 3602 terram
3199 3538 3538 3617 qttam'Deus
3588 3551 3822 3606 Abrahte

2231 3635 2582 3705 promiserat,
2631 3636 2729 3690 ﬁlii
2786 3637 2974 3692 Ruben
3014 3650 3070 3692 et
3117 3640 3250 3703 Gad,
3303 3652 3354 3695 et
3383 3641 3605 3695 dimidia
3652 3641 3820 3698 tribus

2231 3727 2524 3793 Manasse,
2585 3737 2871 3796 antequam
2944 3729 3173 3784 fuissent
3243 3731 3535 3787 Iordanem
3593 3733 3822 3803 ingressi

2231 3818 2424 3890 (Num.
2456 3822 2651 3888 ann),
2689 3823 2964 3890 regiOnem
2993 3820 3147 3876 Jaser
3173 3832 3228 3876 et
3255 3824 3528 3891 regionem
3571 3823 3825 3878 Galaadi-

2229 3911 2326 3965 tim
2358 3910 2602 3965 habitare
2634 3912 2981 3983 delegerant,
3014 3927 3080 3967 eo
3119 3914 3258 3983 quod
3305 3922 3451 3969 esset
3483 3917 3633 3969 locus
3663 3926 3823 3983 aptus

2225 4001 2484 4070 iumentis
2511 4018 2740 4071 quorum
2789 4003 2867 4057 eis
2897 4005 3062 4058 multa
3117 4013 3234 4059 erat
3271 4007 3454 4074 copia;
3496 4021 3596 4061 nec
3641 4007 3826 4060 νοΙιιοο

2231 4105 2357 4149 rttnt
2387 4096 2526 4149 ultra
2561 4095 2856 4150 Jordanem
2897 4096 3293 4164 possessionem
3337 4111 3531 4166 capere
3571 4111 3691 4151 cum
3727 4099 3825 4152 tri-

2230 4187 2406 4244 bubus
2436 4188 2597 4244 lsracl
2633 4205 2647 4243 :
2682 4189 2773 4257 qui
2807 4201 2984 4244 tamen
3014 4199 3372 4258 perrexerunt
3410 4204 3532 4244 cum
3569 4189 3824 4243 fratribus

2231 4280 2344 4335 suis
2369 4282 2420 4334 in
2453 4289 2651 4334 terram
2684 4281 2938 4334 Chanaan
2985 4280 3050 4335 ad
3081 4281 3428 4335 debellandas
3454 4289 3661 4348 gentes,
3691 4294 3824 4349 quas

2231 4371 2437 4441 expulit
2456 4371 2714 4426 Dominus
2727 4381 2854 4426 ante
2871 4371 3060 4426 faciem
3073 4386 3283 4427 eorum.
3306 4372 3468 4426 Porro
3484 4387 3682 4437 autem,
3696 4386 3824 4427 cum

2235 4462 2475 4517 dedisset
2508 4463 2768 4517 Dominus
2798 4463 2963 4519 Israel
2995 4465 3299 4518 universam
3331 4471 3352 4518 t
3387 4479 3527 4518 nam
3559 4481 3715 4534 quam
3741 4466 3823 4534 ju-

541 4552 804 4621 imperitia
836 4555 1176 4610 suscitamus.
1215 4557 1280 4610 Et
1313 4559 1516 4613 utinam
1545 4560 1831 4613 nonnullas
1858 4558 1878 4590 ⁸
1921 4569 2125 4614 tantum
2159 4552 2214 4611 D
2237 4561 2452 4609 raverat
2490 4553 2622 4609 dare
2653 4553 2893 4623 patribus
2919 4570 3136 4622 eorum,
3169 4566 3222 4609 et
3255 4556 3566 4610 lia-reditate
3595 4559 3826 4625 recepis-

546 4644 996 4698 conturbaremus
1034 4646 1302 4702 Ecclesias
1336 4664 1457 4718 qua:
1480 4650 1694 4706 fuerant
1720 4653 1771 4705 in
1810 4651 1980 4719 prima
2019 4652 2130 4706 dis-

542 4735 792 4789 st'nsioue
812 4747 1115 4802 commota',
1149 4753 1212 4793 ac
1240 4754 1343 4794 non
1374 4740 1535 4796 etiam
1561 4742 1718 4812 longe
1747 4744 1945 4811 positas
1971 4759 2130 4811 coge-

541 4840 721 4880 remus
768 4841 960 4882 causas
1005 4830 1130 4884 olim
1181 4831 1438 4888 oblivioni
1483 4835 1678 4899 datas,
1721 4849 1855 4903 quas
1899 4835 2130 4890 scientes

540 4935 752 4989 quoque
791 4923 1062 4978 reminisci
1097 4923 1276 4993 piget,
1306 4927 1617 4994 inquirere,
1661 4935 1716 4980 et
1757 4927 2000 4982 inventas
2033 4943 2129 4982 nc-

540 5013 792 5066 cessitate
817 5015 1174 5082 respondendi
1200 5032 1304 5071 non
1333 5021 1450 5072 sine
1470 5019 1768 5073 otl‘ensione
1794 5019 2128 5074 audientium

540 5101 821 5158 ventilare.
854 5101 929 5158 De
967 5106 1058 5160 illo
1082 5121 1207 5162 vero
1254 5109 1396 5177 quod
1436 5109 1562 5163 item
1594 5110 1810 5173 dicunt,
1847 5122 2129 5180 propterea

611 5305 637 5332 ι
673 5297 868 5375 γρωξη
887 5299 1204 5356 Hebraicam
1234 5309 1464 5358 retinent
1483 5305 1643 5359 etiam
1669 5307 1852 5361 Greca
1879 5308 2123 5375 quaedam

540 5369 888 5446 exemplaria.
914 5387 1035 5446 qua:
1061 5375 1274 5446 Γαὴλώβ
1313 5387 1360 5428 et
1392 5377 1575 5432 Γαλιὼθ
1610 5378 1788 5446 legunt
1823 5395 1836 5431 :
1882 5369 1978 5446 pro
2019 5396 2125 5446 uno

540 5433 895 5505 Symmachus
925 5433 1188 5512 interpres
1234 5443 1349 5520 ὅρια
1385 5451 1558 5510 κει-ιιι,
1593 5433 1788 5503 ιίιιῖιιυδ
1835 5433 1928 5502 seu
1960 5433 2126 5504 confi-

617 5568 630 5599 ¹
655 5570 788 5625 Cod.
823 5573 1046 5637 Veram,
1077 5585 1338 5641 poterunt.

619 5641 638 5712 ξ
673 5641 810 5712 Idem
843 5644 992 5712 cod.,
1025 5649 1270 5702 modestia
1298 5660 1348 5704 ct
1370 5650 1594 5704 ratione.

615 5705 636 5780 ξ
669 5711 807 5764 Idem
838 5705 990 5780 cod.,
1015 5718 1152 5772 illas.

617 5777 640 5809 ⁸
670 5780 812 5836 idem
837 5777 984 5846 cod.,
1021 5786 1238 5842 iudicnv.
1257 5799 1376 5842 runt
1398 5789 1728 5846 orthodoxam

2235 4654 2359 4700 sent
2405 4661 2558 4712 eam,
2593 4655 2928 4699 revertentes
2960 4647 3122 4702 iidem
3171 4646 3262 4701 filii
3299 4648 3482 4701 Ruben
3518 4659 3571 4701 et
3600 4649 3744 4714 Gad,
3774 4659 3826 4702 et

2235 4741 2456 4796 dimidia
2486 4742 2657 4796 tribus
2710 4742 2995 4810 Manasse,
3030 4742 3082 4797 in
3125 4753 3323 4797 terram
3368 4741 3600 4810 Galaad,
3645 4744 3694 4798 id
3745 4753 3826 4799 est

2237 4835 2292 4888 in
2323 4842 2519 4888 terram
2561 4836 2918 4901 possessionis
2946 4850 3058 4890 suae
3083 4852 3242 4906 quam
3275 4845 3597 4904 acceperant
3621 4840 3674 4892 in
3717 4837 3832 4892 ha:-

2240 4926 2552 4992 reditatem,
2583 4938 2880 4992 venerunt,
2912 4928 3050 4982 sicut
3079 4929 3336 4999 scriptum
3381 4939 3462 4984 est
3491 4929 3629 5001 (λος.
3676 4945 3824 4998 ιλιι,

2244 5019 2356 5088 to),
2413 5020 2468 5072 in
2520 5020 2732 5074 Galioth
2785 5020 3038 5075 Jordanis
3081 5029 3107 5058 ι
3149 5038 3268 5091 quae
3297 5033 3378 5078 est
3420 5023 3474 5077 in
3525 5022 3783 5077 Chanaan
3811 5066 3825 5090 ,

2235 5123 2292 5166 et
2337 5112 2740 5168 :editicaverunt
2789 5113 2861 5167 ibi
2906 5128 3055 5169 aram
3103 5129 3263 5184 supra
3325 5115 3614 5170 Jordanem
3666 5116 3708 5172 ‘.
3774 5119 3825 5169 tn

2235 5312 2350 5376 nia;
2383 5321 2598 5366 sanctus
2626 5313 2983 5381 Hieronymus
3016 5313 3238 5368 tumulos
3261 5314 3518 5372 reddidit.
3551 5321 3609 5369 et
3640 5313 3692 5367 in
3722 5313 3826 5369 N0~

2239 5385 2472 5438 minibus
2504 5384 2780 5438 Hebraicis
2821 5384 3035 5439 GaliOth
3065 5388 3313 5452 exposuit
3339 5387 3495 5440 colle:

2304 5582 2331 5615 ⁸
2355 5581 2495 5635 Idem
2524 5582 2671 5647 cod.,
2700 5599 2792 5652 pro
2824 5581 2916 5636 Dei
2944 5585 3146 5636 cultura
3175 5600 3318 5651 (rane
3345 5584 3639 5639 sollicitam.

2309 5655 2328 5682 ⁶
2362 5655 2498 5704 Ideni
2525 5656 2667 5715 cunt,
2699 5667 2744 5705 et
2768 5655 3147 5720 azdiﬁcnverunt
3179 5657 3243 5707 ibi
3272 5673 3415 5708 uram
3442 5672 3596 5722 supra
3627 5658 3821 5710 larda--

2236 5739 2371 5796 πριιι,
2407 5726 2826 5796 nrnmjngentcm
2859 5727 2990 5787 visu;
3018 5728 3110 5778 illa
3158 5728 3457 5785 intentione.
3487 5730 3712 5796 silirct,
3767 5745 3836 5782 ne

2234 5795 2357 5857 quia
2384 5794 2519 5846 ultra
2547 5793 2827 5849 Jorduncnt
2860 5797 2910 5848 in
2934 5807 3065 5865 terra
3097 5797 3362 5865 Chanaan,
3398 5807 3510 5852 etc.
