4114 6508
300 383 389 446 for

1158 387 1291 445 PRO
1331 388 1760 447 DEFENSIONE
1804 382 2017 446 TRIUM
2059 389 2371 445 CAPITCL.
2414 390 2542 445 ΜΒ.
2580 392 2689 446 Vll.

3477 395 3583 453 709

298 503 544 556 Chanaan
588 500 982 570 possessionem
1041 500 1160 556 alim
1205 502 1387 557 tribus
1420 502 1779 572 acceperant,
1826 502 1880 557 in
1912 504 1961 563 Α
1992 516 2174 568 nasse,
2202 511 2360 571 atque
2390 517 2452 557 ex
2502 513 2671 557 altera
2704 509 2851 570 parte
2896 502 3066 559 tribus
3096 502 3223 558 Levi
3266 513 3320 559 et
3356 504 3580 564 aliarum

298 606 396 661 qua
426 592 525 646 fuit
570 592 972 646 tabernaculum
1005 602 1058 646 et
1092 594 1267 647 altare
1295 594 1388 647 Dei
1420 612 1433 648 :
1465 595 1564 663 ipsi
1592 610 1720 650 vero
1750 596 1885 651 citra

298 682 607 747 hrdanem,
640 697 706 738 ne
729 683 928 751 posteri
959 697 1143 736 eorum
1176 683 1336 738 aiieni
1366 686 1559 739 ﬁerent
1586 699 1616 738 a
1648 685 1740 740 Dei
1770 686 1885 741 cul-

299 777 613 846 tura,quasi
641 777 708 831 ab
736 776 855 846 ejus
906 777 1099 845 popqu
1138 776 1387 833 Jordanis
1433 779 1601 833 limite
1630 780 1884 848 separati,

300 870 545 941 reiigiosa
571 870 754 939 utique
788 870 1105 933 intentione,
1138 880 1191 926 et
1230 872 1346 926 zelo
1379 872 1475 927 Dei
1504 872 1788 937 ferventes,
1820 873 1889 927 il-

300 967 403 1020 lam
433 975 716 1021 erexerant
763 980 933 1028 aram,
962 976 1018 1019 ιιι
1058 945 1369 1021 testimonio
1412 975 1562 1023 esset
1605 982 1669 1021 ac
1698 982 1890 1021 monu-

301 1068 481 1112 mento
502 1059 729 1124 p05teris
750 1068 961 1119 eorum,
991 1058 1132 1128 quod
1165 1059 1263 1128 ipsi
1294 1075 1506 1129 quoque
1536 1060 1600 1112 ad
1634 1056 1731 1116 Dei
1773 1058 1894 1132 cul-~

302 1154 473 1202 turam
504 1158 559 1203 et
584 1148 701 1217 ejus
725 1148 975 1218 populum
1023 1151 1377 1216 pertinerent.
1408 1150 1543 1204 Cum
1584 1164 1714 1204 vero
1754 1150 1887 1203 alias

302 1240 468 1293 tribus
495 1255 612 1308 ane
662 1240 712 1293 in
771 1251 909 1294 terra
938 1239 1192 1295 Chanaan
1233 1240 1370 1296 ultra
1400 1240 1689 1295 Jordanem
1721 1240 1890 1294 haere-

302 1330 518 1384 ditatem
543 1330 754 1385 fuerant
782 1341 1107 1393 consecutae,
1136 1335 1233 1385 ista
1264 1347 1448 1385 eorum
1480 1332 1677 1385 lateret
1708 1332 1888 1384 inten-

302 1424 397 1490 tio,
425 1434 479 1480 et
501 1436 745 1493 putarent
772 1426 989 1480 eosdem
1020 1426 1155 1479 ﬁlios
1188 1425 1374 1480 Ruben
1403 1436 1456 1480 et
1478 1425 1612 1492 Gad,
1646 1434 1697 1480 et
1727 1425 1888 1480 dimi-

303 1514 444 1571 diam
494 1515 686 1569 tribum
742 1517 1011 1581 Manasse,
1059 1526 1341 1587 propterea
1396 1517 1542 1572 illam
1594 1517 1891 1574 aediﬁcasse

302 1622 466 1673 aram,
501 1618 559 1661 ut
613 1611 933 1677 semetipsos
992 1621 1335 1679 segreganles
1363 1626 1393 1665 a
1433 1625 1699 1681 synagoga
1731 1611 1889 1666 tutius

302 1701 484 1763 lsracl,
515 1712 699 1757 contra
732 1702 1126 1757 observantiam
1160 1702 1356 1756 divina!
1384 1703 1606 1758 cultum
1635 1702 1892 1757 offerrent

303 1806 463 1862 super
491 1808 608 1848 eam
646 1794 967 1849 sacriﬁcium
1001 1795 1229 1850 Domino
1251 1836 1266 1860 ,
1298 1795 1440 1865 quod
1465 1795 1576 1849 ﬁeri
1605 1810 1712 1850 non
1756 1794 1887 1849 lice-

1990 607 2184 649 novem
2217 593 2447 647 tribuum
2480 593 2528 647 is
2563 594 2665 657 ael,
2698 603 2750 648 et
2781 594 3019 650 invenies
3066 607 3343 667 utramque
3375 611 3580 667 partem

1990 704 2091 760 pro
2130 690 2314 744 divino
2362 690 2510 744 cultu
2561 689 2724 744 fuisse
2771 690 3075 746 sollicitam.
3110 693 3302 761 Qumre
3334 692 3579 764 ignoran-

1992 784 2143 850 tiam,
2177 792 2233 838 et
2277 793 2517 838 neutram
2550 782 2792 839 invenies
2839 800 2958 854 quae
2987 785 3053 837 ad
3093 786 3331 840 divinum
3378 788 3587 840 cultum

1990 876 2293 944 pertinent,
2320 874 2415 929 sed
2455 873 2677 927 alteram
2723 884 2930 938 partem
2967 875 3315 930 intentionem
3357 877 3577 931 alterius

1991 967 2293 1036 ignorasse.
2333 965 2524 1033 Qumre
2554 965 2902 1019 intentionem
2936 967 3123 1035 synodi
3158 967 3462 1035 Ephesium,
3495 979 3578 1021 at-

1990 1073 2095 1129 que
2121 1073 2189 1113 ex
2217 1058 2384 1112 altera
2421 1070 2573 1126 parte
2603 1060 2905 1111 antistitum
2937 1060 3224 1125 provincia:
3267 1060 3500 1115 Orientis
3526 1074 3580 1117 et

1993 1149 2217 1206 aliarum
2248 1166 2436 1204 novem
2471 1150 2885 1216 provinciarum,
2925 1160 2977 1205 et
3019 1153 3259 1206 invenies
3291 1164 3572 1221 utramque

1991 1250 2197 1311 partem
2224 1256 2323 1313 pro
2365 1241 2545 1296 divino
2594 1244 2740 1295 cultu
2789 1242 2955 1297 fuisse
3002 1243 3360 1300 sollicitaui.‘
3387 1246 3582 1312 Qua-ra

1990 1332 2375 1404 ignorantiam,
2406 1344 2459 1389 et
2491 1343 2733 1387 neutram
2762 1346 2960 1395 partem
2990 1334 3229 1388 invenies
3261 1351 3379 1404 qua:
3402 1336 3465 1390 ad
3498 1335 3574 1389 di.

1991 1426 2171 1481 vinum
2196 1424 2397 1478 cultum
2433 1428 2724 1493 pertinent,
2759 1424 2850 1478 sed
2900 1409 3150 1478 alteram.
3173 1434 3374 1494 partem
3408 1426 3577 1480 inten-

1991 1513 2193 1568 tionem
2225 1515 2445 1568 alterius
2474 1516 2772 1584 ignorassm
2809 1515 2961 1580 Quod
2989 1530 3051 1569 ex
3090 1530 3157 1570 eo
3181 1517 3310 1569 satis
3335 1527 3577 1582 apparet,

1991 1608 2241 1679 quoniam
2287 1623 2381 1669 per
2425 1607 2784 1662 venerabilem
2834 1607 3053 1660 Paulum
3101 1607 3417 1663 Emesenum
3464 1611 3580 1677 epi-

1990 1714 2235 1770 SCOpum,
2269 1717 2367 1756 nec
2398 1701 2687 1755 orientales
2736 1701 2926 1756 Patres
2968 1702 3167 1771 aliquid
3218 1702 3514 1770 improbum
3548 1721 3575 1758 τι

1992 1792 2147 1848 beato
2197 1794 2394 1864 Cyrillo
2449 1794 2811 1849 conﬁtendum
2863 1796 3267 1864 expetiverunt;
3318 1812 3414 1850 nec
3464 1798 3578 1866 ipse

303 1883 391 1940 bat
411 1893 603 1955 printer
628 1901 791 1941 unum
815 1887 983 1940 altare
1012 1887 1155 1956 quod
1183 1895 1298 1941 erat
1323 1897 1455 1942 ante
1479 1886 1881 1942 tabernaculum
1914 1874 1959 1936 Β
1987 1884 2178 1940 beatus
2222 1884 2452 1955 Cyrillus
2483 1885 2679 1954 aliquid
2732 1900 2915 1939 eorum
2970 1902 3087 1952 quae
3142 1888 3372 1955 expetita
3406 1890 3425 1919 ³
3460 1889 3574 1944 fue-

302 1977 452 2043 ejns;
488 1977 676 2032 eodem
705 1992 811 2047 quo
856 1988 913 2033 et
948 1978 1020 2032 illi
1053 1980 1170 2034 zeio
1206 1980 1297 2034 ltei
1353 1978 1619 2033 ferventes
1642 2019 1658 2046 ,
1687 1986 1743 2033 et
1786 1991 1885 2046 pro

301 2067 487 2122 eadem
515 2068 721 2122 cultura
753 2069 844 2122 Dei
871 2079 1162 2135 certantes,
1194 2079 1563 2124 convenerunt
1601 2082 1789 2124 omnes
1830 2069 1883 2121 in

304 2158 435 2222 Silo,
465 2170 519 2213 ut
542 2158 894 2214 ascenderem
925 2175 1231 2229 expugnare
1254 2176 1375 2215 eos.
1405 2160 1609 2225 Quibus
1635 2173 1754 2214 cum
1788 2157 1882 2212 ﬁlii

305 2247 490 2304 ltuben
515 2260 563 2303 et
592 2250 702 2305 Gad
729 2260 782 2304 et
811 2250 1031 2306 dimidia
1064 2253 1232 2307 tribus
1262 2252 1541 2316 Manasse,
1563 2250 1688 2306 facti
1714 2250 1885 2304 ratio-

306 2354 423 2394 nem
457 2342 764 2409 redderent,
797 2358 904 2411 quo
929 2344 1205 2411 proposito
1225 2354 1384 2413 atque
1414 2343 1709 2398 intentione
1735 2354 1884 2396 aram

305 2433 598 2500 crexcrint,
628 2432 705 2487 illi
733 2433 983 2488 dixerunt
1015 2451 1028 2487 :
1059 2433 1231 2488 Hodie
1278 2436 1600 2504 cognovimus
1628 2434 1750 2503 quia
1791 2449 1887 2487 no-

306 2522 497 2575 biscum
539 2532 612 2576 est
643 2524 889 2577 Dominus
909 2568 922 2588 ,
954 2527 1076 2595 quia
1104 2542 1205 2578 non
1231 2526 1510 2595 deliquistis
1538 2526 1591 2578 in
1617 2533 1886 2595 conspectu

306 2611 513 2667 Domini
541 2615 801 2681 delictum,
826 2625 872 2670 et
893 2617 1016 2685 quia
1038 2616 1285 2670 libernstis
1309 2617 1442 2686 ﬁlios
1464 2614 1632 2670 Israel
1650 2616 1713 2668 de
1733 2631 1887 2668 manu

308 2705 513 2759 Domini
540 2705 678 2776 (los.
711 2722 840 2773 uti,
870 2707 980 2775 3|).
1014 2708 1175 2762 Vides
1217 2708 1399 2778 igitur,
1432 2710 1703 2778 Auguste,
1744 2707 1887 2776 quod

308 2812 403 2863 pro
430 2796 616 2851 eadem
643 2798 900 2866 religione
938 2815 1041 2869 qna
1074 2811 1220 2853 recte
1258 2798 1449 2854 colitur
1472 2798 1637 2864 Dens,
1661 2813 1765 2853 non
1797 2814 1887 2853 so-

300 2891 409 2949 tum
442 2887 725 2944 dissentire
756 2904 786 2943 a
817 2904 876 2943 se
904 2890 1156 2955 invicem,
1186 2905 1373 2945 verum
1404 2893 1561 2945 etiam
1607 2889 1889 2945 laudabili-

303 2988 388 3035 ter
415 2994 652 3049 pugnare
686 2982 969 3036 adversum
1000 2998 1057 3038 se
1093 2983 1329 3052 religiosi
1358 2999 1419 3038 ac
1440 2983 1724 3038 rectissimi
1762 2997 1887 3051 pos-

299 3069 435 3134 sint,
462 3069 587 3124 dum
633 3087 728 3126 eos
756 3087 862 3128 non
904 3074 1042 3128 ratio
1072 3074 1242 3129 divini
1290 3074 1499 3140 cultus,
1525 3076 1620 3130 sed
1669 3074 1888 3130 alterius

301 3165 532 3220 alterum
557 3165 685 3219 latet
714 3166 959 3221 intentio.
991 3168 1325 3235 Quapmpter
1364 3167 1454 3237 qui
1484 3167 1641 3222 nobis
1669 3167 1886 3233 dicunt,

308 3260 353 3315 si
382 3258 703 3326 Ephesinam
750 3260 1014 3329 synodum
1044 3261 1346 3329 recepistis,
1384 3260 1739 3315 condemnata
1767 3274 1890 3329 pro-

312 3353 495 3408 vincic
524 3353 757 3409 Orientis
779 3363 832 3407 et
859 3353 1083 3406 aliarum
1114 3368 1306 3407 novem
1356 3352 1748 3422 provinciarum
1774 3352 1887 3421 epi-

312 3458 527 3513 scopos;
558 3446 748 3497 merito
792 3444 1028 3506 audient,
1059 3454 1116 3497 ut
1152 3445 1195 3497 si
1222 3454 1273 3497 et
1317 3445 1415 3509 ipsi
1449 3445 1588 3498 ﬁlios
1618 3443 1805 3498 Ruben
1834 3452 1888 3499 et

308 3534 445 3602 Gad,
478 3544 534 3589 et
586 3535 860 3589 dimidiam
897 3535 1094 3589 tribum
1143 3535 1386 3589 Manasse
1436 3534 1728 3603 recipiunt,
1754 3548 1888 3587 con-

307 3627 558 3681 demnent
608 3625 801 3678 tribum
856 3623 984 3679 Levi
1028 3631 1082 3676 et
1118 3623 1249 3676 alias
1299 3638 1489 3679 novem
1538 3623 1739 3684 tribus,
1768 3637 1889 3691 quae

308 3731 428 3771 cum
457 3714 682 3769 fratrum
710 3728 930 3768 suorum
983 3714 1174 3769 lateret
1202 3715 1463 3779 intentio,
1494 3729 1588 3769 eos
1618 3714 1888 3769 debellare

308 3814 691 3863 convenerant.
720 3806 787 3859 Et
816 3815 961 3860 certe
1019 3808 1072 3859 in
1129 3806 1222 3860 illo
1282 3806 1476 3874 papula
1524 3815 1679 3861 erant
1726 3808 1886 3861 etiam

308 3901 601 3969 prophetae,
627 3913 726 3952 nec
746 3898 823 3952 eis
853 3896 1081 3965 imputat
1107 3897 1387 3966 quisquam
1416 3897 1556 3967 quod
1584 3898 1886 3951 animorum

306 3995 527 4047 fratrum
552 4005 768 4045 suorum
794 3989 1030 4059 prudens
1058 3992 1334 4043 consilium
1366 4006 1469 4042 non
1493 3989 1739 4051 viderint,
1766 4005 1886 4043 enni

308 4083 467 4139 Facile
496 4093 677 4151 posset
722 4083 1001 4136 orantibus
1032 4098 1099 4135 ex
1149 4091 1366 4149 accepta
1396 4083 1691 4150 preplietiae
1717 4080 1887 4149 gratia

308 4174 532 4228 revelari
569 4191 582 4225 :
615 4186 802 4226 omnes
858 4185 1035 4225 autem
1092 4173 1390 4226 Orientales
1443 4180 1603 4240 atque
1659 4174 1884 4225 aliarum

308 4264 699 4331 provinciarum
732 4262 1021 4325 anti~titcs,
1051 4278 1187 4329 quos
1214 4263 1569 4331 capitulorum
1603 4263 1743 4317 beati
1776 4264 1884 4333 Cy-

306 4353 410 4408 rilli
443 4353 594 4407 latuit
641 4353 883 4417 intentio,
922 4362 979 4405 ut
1007 4354 1328 4420 Ephesinam
1379 4353 1640 4423 synodum
1670 4369 1764 4422 pro
1795 4370 1887 4408 eo-

307 4460 425 4499 rum
455 4444 797 4513 susceptione
842 4444 1141 4512 culparent,
1173 4446 1454 4512 episcopos
1502 4443 1745 4511 dicimus,
1781 4461 1884 4499 non

309 4538 614 4606 prophetas.
646 4538 690 4605 Q
714 4537 744 4588 si
784 4552 911 4604 ergo
946 4535 1218 4605 prophetis
1266 4553 1369 4589 non
1392 4538 1714 4605 imputamus
1744 4539 1882 4606 quod

1986 1988 2107 2033 rant
2132 1976 2436 2047 denegavit.
2466 1978 2524 2033 Si
2572 1988 2746 2031 autv-tn
2798 1978 2983 2031 Patres
3030 1981 3318 2035 orientales
3353 1991 3407 2035 et
3442 1982 3576 2035 alios

1985 2068 2077 2139 qui
2130 2082 2250 2122 cum
2279 2069 2359 2123 eis
2404 2078 2578 2131 erant,
2609 2068 2678 2119 ob
2710 2067 2897 2121 aliena:
2946 2068 3263 2123 identionis
3323 2071 3577 2140 ignoran-

1988 2160 2137 2225 tiam,
2159 2160 2299 2215 sicnt
2324 2168 2376 2215 et
2420 2160 2539 2214 iii-IS
2568 2159 2745 2229 plures
2801 2160 2969 2214 tribus
3004 2161 3189 2227 Israel,
3218 2164 3578 2218 condemnare

1986 2264 2091 2304 non
2115 2264 2423 2318 possumus,
2453 2249 2725 2318 quomodo
2768 2250 3095 2305 venerabilis
3138 2250 3245 2306 lbae
3294 2254 3576 2322 epistolam

1986 2338 2441 2394 Chalcedonensis
2472 2339 2709 2410 synodus
2760 2340 3167 2406 condemnaret,
3200 2358 3318 2411 qua:
3376 2360 3573 2400 secun-

1987 2430 2113 2487 dum
2141 2447 2327 2486 eorum
2358 2432 2719 2500 suspicionem
2750 2431 2815 2486 de
2836 2434 3185 2501 capitulorum
3218 2436 3354 2490 beati
3385 2437 3572 2507 Cyr-illi

1987 2524 2299 2593 receptione
2346 2533 2637 2590 conquesta
2686 2522 2805 2578 est?
2846 2522 3093 2593 Nunquid
3137 2526 3279 2578 enim
3330 2527 3408 2579 vel
3459 2529 3574 2583 lbas

1987 2614 2293 2685 cpiscopus,
2319 2616 2398 2668 vel
2429 2615 2517 2668 alii
2550 2616 2834 2668 multarmn
2862 2616 3258 2684 provinciarum
3281 2620 3571 2686 antistites,

1988 2708 2315 2778 Ephesinam
2344 2707 2606 2776 synodum
2638 2707 2891 2774 culpasse
2929 2710 3216 2779 aliquando
3269 2722 3573 2766 monstran-

1990 2810 2099 2867 tur,
2130 2800 2268 2869 quod
2292 2808 2482 2853 contra
2508 2798 2837 2866 Nestorium,
2870 2800 2989 2855 licet
3038 2802 3091 2856 in
3120 2802 3325 2859 duabus
3354 2806 3574 2869 naturis,

1990 2907 2155 2946 unum
2186 2902 2366 2945 tamen
2398 2890 2495 2945 Dei
2543 2896 2703 2960 atque
2750 2892 2985 2946 hominis
3019 2892 3184 2946 ﬁliuni
3211 2893 3392 2949 Jesum
3422 2891 3573 2947 Chri-

1990 2968 2132 3039 stum
2160 2984 2521 3039 conlitendum
2552 2997 2673 3039 esse
2710 2982 3031 3051 ﬁrmaverit;
3065 2994 3122 3039 ut
3151 2986 3296 3041 credi
3324 2990 3487 3056 possit
3517 2990 3576 3042 li-

1980 3081 2100 3152 ῥεῖ,
2131 3096 2288 3152 quam
2319 3081 2386 3135 de
2433 3081 2799 3135 incarnatione
2842 3080 3037 3133 Christi
3089 3080 3304 3147 habuit,
3336 3091 3393 3137 et
3423 3084 3572 3138 reati-

1995 3174 2145 3239 tisse,
2176 3181 2228 3228 et
2263 3172 2406 3227 aliud
2463 3172 2817 3241 prmdicttsse?
2864 3170 3003 3225 Nihil
3049 3172 3323 3243 estigitur
3352 3174 3490 3241 quod
3521 3173 3579 3228 in

1913 3238 1960 3302 θ
1994 3266 2095 3321 hac
2122 3267 2348 3336 epistola
2396 3238 2554 3322 etiam
2597 3267 2665 3320 de
2697 3266 3049 3334 capitulorum
3104 3238 3242 3322 beati
3282 3238 3469 3337 Cyrilli
3523 3282 3580 3327 et

1993 3356 2279 3428 Ephesium
2308 3357 2499 3428 synodi
2524 3358 2816 3414 intentione
2847 3357 2866 3387 ³
2898 3357 3210 3429 Entychiani
3257 3371 3574 3451 querantur.

2622 3492 2850 3571 CAPUT
2876 3478 2966 3547 vn

1997 3586 2146 3650 Quod
2174 3585 2414 3655 templum
2442 3593 2487 3638 et
2543 3584 2781 3637 habitans
2824 3586 2878 3639 in
2904 3601 2963 3637 eo
2992 3596 3122 3640 recte
3172 3588 3365 3640 dic'um
3395 3591 3481 3655 sit,
3532 3603 3585 3645 ct

2062 3656 2201 3780 de
2231 3665 2439 3736 prapter
2470 3655 2733 3736 Theodori
2758 3657 2933 3708 laudes
2961 3659 3292 3736 condemnari
3319 3675 3349 3709 α
3386 3660 3582 3729 synodo

2098 3728 2174 3780 tua
2194 3726 2410 3780 epistola
2453 3742 2554 3779 non
2582 3726 2774 3780 debuit.
2820 3728 3099 3778 cumidem
3141 3745 3171 3780 η
3216 3727 3582 3780 Chrusostomo

2098 3728 2174 3780 tua
2194 3726 2410 3797 epistola
2453 3742 2554 3779 non
2582 3726 2774 3797 debuit,
2820 3741 2937 3797 cum
2968 3728 3099 3778 idem
3141 3745 3171 3780 η
3216 3726 3582 3797 ΕΙινυεοὲιοηιο

2062 3809 2108 3853 et
2136 3816 2166 3849 a
2200 3796 2528 3849 Nazianzeno
2556 3796 2798 3849 laudatus
2826 3796 2912 3850 sit.

2066 3910 2231 3965 Video
2261 3918 2435 3962 autem
2470 3908 2642 3970 nobis,
2677 3922 2745 3962 ex
2800 3908 3050 3962 omnibus
3097 3922 3216 3978 qua:
3268 3910 3467 3979 scripta
3523 3909 3575 3964 in

1991 4002 2081 4058 illa
2132 4000 2357 4069 epistola
2409 3998 2901 4066 reprehenderunt,
2950 4000 3197 4054 ultimum
3254 4003 3583 4057 remansisse

1990 4094 2308 4161 capitulum,
2341 4093 2407 4144 de
2438 4092 2594 4144 laude
2634 4106 2793 4159 quam
2840 4091 3080 4146 continet
3120 4091 3388 4145 Theodori
3427 4092 3576 4159 Mop-

1990 4188 2228 4244 suesteni
2252 4187 2511 4253 cpisc0pi.
2548 4186 2620 4239 De
2651 4202 2755 4253 quo
2783 4185 2903 4253 quia
2950 4186 3113 4238 multa
3141 4185 3411 4253 dixerunt,
3432 4197 3491 4240 et
3522 4186 3581 4243 in

1991 4292 2055 4333 eo
2103 4292 2228 4334 suas
2272 4279 2503 4331 maxime
2551 4280 2858 4331 exercuisse
2922 4276 3215 4329 calumnias
3259 4277 3581 4347 gloriantur,

1992 4369 2130 4423 unde
2161 4384 2260 4422 nos
2291 4384 2507 4437 quoque
2552 4383 2716 4435 super
2746 4369 2848 4421 hoc
2890 4369 3126 4436 capitulo
3158 4370 3323 4423 multa
3356 4384 3576 4438 restion-

1990 4462 2119 4516 dere
2148 4462 2557 4526 cctnpellimur;
2587 4475 2652 4513 eo
2698 4460 2968 4527 paulisper
3014 4460 3205 4526 dilato,
3238 4459 3379 4529 eligo
3435 4475 3576 4518 nunc

1995 4556 2173 4620 potius
2201 4551 2223 4581 ‘
2253 4552 2561 4616 defendere,
2596 4566 2897 4619 quanquam
2953 4552 3218 4619 posterius
3268 4551 3459 4607 ordine
3495 4552 3579 4606 vi-

305 4628 606 4697 religiosam
641 4630 985 4682 intentionem
1042 4624 1268 4687 fratrum
1318 4641 1534 4681 suorum
1569 4629 1885 4696 nescierint,
1920 4624 1970 4682 D
1994 4646 2217 4715 deatur,
2248 4645 2389 4715 quod
2435 4645 2485 4697 id
2513 4642 2535 4676 ι
2566 4660 2671 4698 mm
2719 4645 2953 4713 scripto,
2987 4647 3079 4700 sed
3137 4646 3318 4701 verbis
3374 4657 3579 4702 ωηιυιη

304 4722 399 4777 Sed
428 4722 703 4775 laudamus
731 4736 825 4774 eos
881 4720 1058 4791 potius
1106 4719 1247 4788 quod
1281 4720 1470 4774 eadem
1517 4720 1763 4789 religiosa
1802 4722 1888 4774 in-

306 4814 543 4868 tentione
597 4813 853 4867 adversus
898 4827 992 4865 eos
1049 4814 1244 4867 iuerint
1290 4812 1543 4866 concitati
1576 4829 1589 4864 :
1622 4812 1889 4881 quomodo

305 4919 587 4975 possumus
618 4921 723 4957 non
763 4905 1039 4973 propin-tis
1076 4905 1321 4959 Patribus
1349 4904 1699 4960 orientalibus
1728 4915 1888 4976 atque

304 4999 426 5053 aliis
456 4999 718 5067 imputare
738 5037 753 5063 ,
784 4998 923 5066 quod
950 4997 970 5030 ¹
999 4997 1247 5065 religiosa
1288 4997 1586 5053 intentione
1629 4999 1888 5053 adversus

306 5105 490 5145 eorum
517 5089 899 5158 approbatores
942 5087 1140 5141 iuerint
1169 5087 1459 5142 concitati?
1486 5090 1675 5155 Qutere
1707 5090 1883 5143 inten-

312 5184 509 5237 tionem
534 5182 759 5236 ﬁliorum
783 5179 968 5234 Ruben
991 5188 1046 5233 et
1072 5178 1211 5249 Gad,
1238 5191 1289 5234 et
1320 5180 1553 5235 dimidia:
1582 5180 1751 5236 tribus
1775 5181 1884 5236 Ma-

384 5445 402 5475 ’
426 5440 557 5514 Cod.
587 5443 808 5505 νει-οη..
840 5440 980 5511 quod
1001 5440 1292 5514 reiigiosam
1317 5443 1642 5497 intentionem
1675 5445 1878 5514 capitu-

307 5515 468 5566 t‘orum
500 5513 676 5583 Cyrilli
704 5514 991 5579 nescierint,
1019 5517 1089 5565 ret
1117 5513 1158 5564 si
1208 5516 1407 5565 dicatur
1437 5529 1536 5566 non
1565 5529 1672 5568 esse
1701 5513 1883 5569 lauda-

305 5586 402 5637 Dite
428 5585 565 5652 quod
610 5584 786 5635 eadem
831 5587 1070 5651 religiosa
1120 5586 1392 5636 intentione
1436 5586 1678 5639 adversus
1704 5602 1883 5640 eorum

303 5656 662 5724 approbatorea
686 5655 875 5722 fuerint
904 5656 1180 5709 concitati?
1212 5656 1414 5720 Qutere,
1440 5663 1549 5709 etc.

1946 4736 2296 4808 'procaciter
2324 4737 2534 4800 culpent
2563 4775 2577 4800 ,
2615 4734 2754 4804 quod
2812 4734 2863 4787 in
2922 4736 3081 4789 tinem
3125 4735 3294 4804 ipsius
3336 4738 3575 4804 epistolae

1993 4828 2191 4901 dictum
2222 4834 2357 4879 est:
2412 4842 2429 4876 ‹
2479 4824 2593 4878 Non
2646 4825 2787 4878 enim
2845 4825 3123 4894 quisquam
3188 4825 3348 4881 audet
3397 4826 3575 4882 dicere

1993 4935 2151 4974 unam
2180 4932 2301 4973 esse
2353 4928 2597 4972 naturam
2653 4918 2943 4972 divinitatis
2983 4928 3040 4972 et
3083 4918 3453 4985 humanitatis,
3479 4917 3575 4974 sed

1991 5013 2315 5067 conﬁtentur
2360 5011 2413 5065 in
2465 5012 2718 5077 templum
2761 5019 2816 5064 et
2870 5010 3255 5064 inhabitantem
3286 5012 3339 5067 in
3366 5026 3455 5079 eo,
3482 5012 3573 5078 qui

1993 5112 2078 5158 est
2104 5120 2239 5157 unus
2266 5102 2434 5158 Filius
2465 5101 2721 5155 Dominus
2752 5101 2909 5156 Jesus
2940 5100 3203 5154 Christus.
3240 5120 3258 5152 ι
3291 5100 3443 5167 Quod
3469 5102 3572 5157 tale

1992 5193 2204 5265 quidem
2235 5202 2312 5249 est
2367 5195 2524 5264 quale
2575 5192 2706 5247 illud
2735 5193 2875 5262 quod
2914 5206 3075 5260 supra
3101 5191 3452 5257 defendimus,
3484 5193 3569 5248 ubi

2062 5454 2081 5483 ³
2115 5449 2255 5504 Idem
2285 5451 2430 5517 cod.,
2458 5452 2521 5504 ab
2543 5468 2602 5505 eo
2620 5452 2858 5519 expetita.

2064 5520 2085 5551 ³
2116 5522 2259 5575 Idem
2286 5520 2433 5585 cod.,
2458 5522 2861 5587 reprefirns‘one.

2065 5591 2086 5621 "
2116 5594 2253 5643 Idem
2283 5594 2429 5656 cod.,
2462 5594 2593 5643 illm!
2629 5594 2815 5661 potius.

2066 5661 2086 5692 ⁵
2107 5661 2251 5716 Idem
2274 5661 2421 5726 cod.,
2450 5662 2601 5729 idque
2622 5679 2720 5717 non
2744 5664 2953 5733 scripto.

374 5863 399 5893 ³⁸
434 5862 556 5917 ilice
586 5862 747 5919 habes
781 5862 935 5931 paulo
965 5874 1123 5930 ante;
1155 5864 1394 5932 iidU‘Nliie
1425 5863 1511 5920 hic
1540 5852 1753 5920 dirustri
1787 5882 1886 5935 νυνι

1987 5884 2006 5920 a
2038 5865 2304 5921 videntur.
