4114 6496
520 319 623 377 703

1585 315 1884 376 FACUNDI
1930 313 2141 373 El‘lSC.
2185 313 2689 382 IIERSIIANENSIS

3657 346 3767 404 τοι

519 460 618 525 ait,
655 466 902 528 tanquam
928 442 1032 513 non
1059 442 1455 513 sitdiﬂ'ercntia
1484 457 1625 513 inter
1653 458 1911 527 templum
1943 465 1999 513 et
2027 459 2112 512 in-

2230 443 2553 512 capitulum,
2605 448 2745 515 quod
2799 448 3163 508 intermissum
3217 452 3408 525 luerat,
3461 466 3826 528 revertamur,

526 551 849 608 habitantem
883 555 932 606 in
963 568 1049 608 eo.
1081 550 1280 607 Verum
1326 566 1393 606 ne
1417 560 1666 620 putemus
1698 553 1714 583 ί
1745 551 1948 617 aliquid
1980 552 2117 605 omi-

526 648 680 712 sisse,
710 645 762 700 in
794 646 893 700 hoc
917 659 1130 714 quoque
1160 644 1280 699 loco
1318 644 1568 700 eamdem
1596 644 1922 699 culumniam
1956 642 2117 699 refel-

528 740 715 795 lamus.
746 739 873 793 Nam
914 739 1114 794 dicunt
1143 739 1208 793 ad
1263 738 1587 793 divisionem
1640 738 1797 791 unius
1846 736 1939 791 lilii
1988 736 2117 791 .lesu

521 829 717 884 Christi
756 831 1049 898 pertinere,
1081 828 1221 899 quod
1244 828 1327 882 ait
1356 844 1369 880 :
1406 847 1423 879 ι
1454 827 1558 882 Sed
1590 827 1877 882 conﬁtetur
1900 827 1951 881 in
1983 835 2122 880 tem-

522 919 668 990 plum
700 932 753 972 et
790 919 1175 974 inltabitantem
1206 920 1257 971 in
1290 933 1355 972 eo
1384 935 1397 971 :
1440 937 1458 971 ι
1480 944 1485 947 ~
1509 927 1767 986 tanquam
1806 918 1967 971 aliam
2017 931 2123 971 vo-

519 1012 684 1065 luerit
712 1011 953 1078 intelligi
977 1010 1163 1079 templi
1212 1009 1615 1064 subsistentiam
1634 1009 1763 1064 sive
1810 1023 2117 1077 personam;

528 1116 583 1162 et
611 1108 765 1161 aliam
798 1109 1148 1164 inhab‘itautis
1176 1110 1343 1165 in-eo.
1369 1109 1458 1166 Sic
1486 1117 1662 1164 autem
1705 1116 1937 1178 possunt
1973 1117 2027 1161 et
2057 1107 2125 1160 de

530 1196 706 1252 Verbis
739 1201 945 1254 Domini
998 1201 1168 1271 ipsius
1211 1201 1391 1255 dicere
1417 1242 1432 1265 ,
1464 1201 1552 1255 ubi
1583 1201 1782 1255 J'utlaeis
1811 1200 1887 1256 de
1924 1200 2124 1268 templo

527 1291 612 1343 sui
662 1294 904 1360 corporis
936 1294 1066 1348 dixit
1100 1313 1113 1348 :
1149 1293 1344 1349 Solvite
1375 1294 1618 1366 templum
1660 1296 1777 1359 Itoc,
1809 1306 1854 1349 et
1883 1296 1937 1348 in
1954 1294 2125 1349 tribus

525 1382 709 1436 diebus
746 1386 976 1438 excitabo
1009 1387 1140 1440 illud
1170 1385 1353 1455 (Joan.
1387 1404 1444 1455 ll,
1493 1388 1581 1459 19)
1611 1406 1624 1442 :
1657 1397 1915 1455 tanquam
1962 1390 2121 1444 aliam

531 1478 763 1532 voluerit
815 1480 1044 1550 intelligi
1105 1496 1386 1549 personam
1438 1483 1706 1538 excitandi
1753 1483 1995 1552 Corporis
2039 1484 2123 1538 sui

532 1574 737 1639 templi,
770 1583 824 1629 et
858 1575 1015 1629 aliam
1049 1579 1337 1635 excitaturi
1369 1578 1521 1633 illud.
1570 1579 1706 1645 Quid
1750 1590 1933 1634 autem
1966 1580 2124 1636 nobis

532 1662 582 1715 in
615 1665 840 1732 epistola
874 1682 969 1721 sua
1004 1671 1328 1725 venerabilis
1369 1672 1487 1727 lbas
1540 1673 1759 1727 dubium
1808 1673 2119 1741 dereliquit,

528 1770 651 1810 cum
686 1759 833 1827 prius
881 1762 1233 1819 intentionem
1264 1781 1378 1821 sua:
1414 1768 1607 1821 mentis
1638 1769 1908 1835 aperiens,
1941 1777 1995 1822 et
2024 1768 2118 1821 do-

2223 535 2378 601 cujus
2408 537 2481 590 ita
2537 540 2901 597 meminerunt
2947 544 3231 601 dicentes:
3271 563 3292 598 ο
3332 548 3400 602 Ει
3445 558 3565 618 post
3606 552 3824 609 modica

2224 629 2479 699 episcopo
2510 632 2726 687 Edesste
2755 635 3020 706 derogans
3064 638 3193 693 dicit
3223 657 3237 693 :
3272 640 3370 695 llic
3401 649 3598 695 nostra!
3625 645 3828 698 citita-

2227 721 2293 772 tis
2321 725 2580 790 tyrannus
2610 723 2983 780 beatissimum
3015 727 3359 785 Theodorum
3394 746 3695 800 prteconem
3728 751 3829 787 ve-

2226 810 2398 867 ritatis
2426 820 2482 868 et
2507 813 2784 871 doctorem
2820 818 3080 874 Ecclesia:
3112 824 3486 892 praesumpsit,
3517 826 3607 895 qui
3639 828 3824 882 omnia

2226 905 2525 971 pra-sumit,
2563 906 2615 960 in
2637 907 2879 963 ecclesia
2900 911 3072 979 palam
3100 914 3589 973 anatltematisare:
3631 939 3648 970 ι
3675 920 3826 988 quod

2227 994 2349 1050 ideo
2387 1011 2473 1052 exs
2499 995 2593 1052 illa
2649 999 2875 1068 epistola
2930 1014 3263 1071 posuerunt,
3324 1007 3447 1075 quia
3508 1009 3823 1077 prastlictum

2227 1088 2377 1144 Theo
2400 1091 2590 1154 lorum,
2626 1093 2765 1147 sicut
2808 1100 2955 1162 satpe
2984 1095 3185 1151 dictum
3210 1108 3324 1163 est,
3356 1111 3610 1155 accusant
3664 1105 3824 1171 quasi

2227 1194 2287 1234 ea
2312 1197 2432 1249 qua:
2460 1193 2588 1237 sunt
2614 1183 2841 1241 Nestorii
2868 1187 3246 1255 praedicantem
3275 1207 3289 1244 :
3323 1200 3381 1245 ut
3407 1193 3561 1262 quasi
3591 1210 3687 1262 per
3719 1195 3825 1251 hoc

2226 1272 2598 1330 Nestorianm
2650 1278 2789 1335 hanc
2839 1281 3123 1351 epistolam
3180 1284 3655 1361 demonstrarent,
3699 1308 3823 1363 quae

2229 1366 2527 1423 Ιειιιιιινωίι
2578 1370 2828 1425 eumdem
2859 1374 2912 1438 ’ς
2948 1383 3110 1443 atque
3157 1374 3228 1429 ita
3289 1379 3553 1448 synodum
3602 1398 3822 1450 quoque

2227 1454 2724 1517 Glaalcedonensem
2749 1463 3118 1519 Nestorianam
3142 1469 3456 1536 probarent,
3478 1472 3623 1541 quod
3648 1473 3821 1541 ipsam

2227 1550 2535 1618 epistolam,
2584 1553 2888 1611 laudantem
2944 1573 3066 1614 eum
3120 1560 3217 1629 qui
3268 1561 3570 1618 Nestoriani
3624 1565 3823 1623 dicitur

2228 1652 2414 1697 auctor
2454 1645 2675 1711 erroris,
2709 1650 3075 1715 pronunt'avit
3120 1652 3497 1710 orthodoxam.
3528 1655 3664 1722 Quia
3689 1674 3825 1715 Vero

2231 1752 2336 1790 non
2367 1738 2540 1792 solum
2574 1741 2625 1794 in
2655 1742 2879 1810 epistola
2922 1743 3028 1797 Iba;
3086 1744 3331 1800 laudatus
3377 1758 3462 1802 est
3492 1753 3611 1817 ipse
3639 1752 3823 1807 Theo-

532 1858 659 1902 cws
686 1815 791 1904 on
816 1867 874 1906 se
916 1815 982 1907 ad
1013 1815 2122 1926 (λ’ὧήεῑηη,
2154 1815 2198 1871 Β
2229 1829 2415 1926 dorus,
2446 1833 2540 1885 sed
2574 1848 2615 1886 av
2650 1834 2834 1888 multis
2887 1850 3099 1906 quoque
3152 1839 3352 1893 sanctis
3407 1838 3676 1907 Patribus,
3704 1842 3822 1913 jam

536 1947 653 1993 rum
684 1941 1107 2017 diStinctiouem,
1139 1948 1260 2001 talia
1291 1950 1701 2017 conscripsisse,
1728 1953 2123 2019 praemiseritac

533 2031 767 2086 dixerit:
808 2053 826 2086 ι
866 2036 980 2088 Non
1032 2040 1171 2091 inim
1221 2041 1499 2110 quisquam
1547 2042 1709 2097 audet
1755 2042 1936 2101 dicere
1962 2061 2120 2101 unam

533 2136 658 2177 esse
687 2132 929 2179 naturam
959 2128 1252 2183 divinitatis
1292 2140 1346 2184 et
1386 2131 1761 2200 humanitatis;
1794 2153 1813 2186 ι
1841 2144 1897 2190 et
1926 2136 2123 2193 deinde

534 2217 827 2287 subjecen't
862 2239 875 2272 :
916 2240 933 2271 ι
974 2223 1078 2277 Sed
1109 2225 1436 2280 eottli'tentur
1459 2225 1512 2280 in
1546 2228 1800 2298 templum
1833 2238 1887 2285 et
1918 2230 2124 2286 inii-tbi-

533 2318 732 2364 tantem
767 2312 815 2364 in
850 2328 947 2377 eo;
988 2333 1006 2365 ι
1041 2325 1209 2383 atque
1233 2318 1299 2368 ita
1327 2333 1478 2373 suam
1510 2320 1762 2376 clauserit
1801 2324 2119 2380 sententiam

532 2398 714 2453 dicens
744 2419 756 2453 :
788 2420 806 2452 ‹
837 2402 935 2469 Qui
979 2413 1071 2459 est‘
1092 2422 1228 2460 unus
1262 2408 1427 2463 Filius
1455 2409 1609 2465 Jesus
1636 2410 1901 2468 Christus.
1936 2432 1953 2466 ›
1986 2414 2121 2480 Quid

532 2495 839 2559 expressius
865 2496 1102 2565 vel'qnid
1128 2499 1356 2563 amplius
1383 2499 1488 2555 dici
1506 2502 1723 2571 potuit?
1741 2503 1854 2558 Sed
1889 2513 1945 2559 ut
1967 2505 2121 2561 video

533 2585 666 2639 duos
719 2588 857 2643 lilios
911 2592 1136 2648 credere
1185 2591 1490 2663 jtnlicatur,
1547 2599 1791 2670 quisquis
1837 2602 2119 2657 sic'unum

533 2677 729 2733 dixerit
757 2681 946 2746 lilium,
976 2695 1034 2736 ut
1066 2702 1169 2740 non
1203 2690 1364 2742 etiam
1394 2688 1527 2745 duas
1548 2692 1664 2760 ejus
1692 2694 1936 2763 negando
1968 2706 2123 2749 natu-

532 2784 638 2834 ras,
683 2787 804 2826 cum
840 2774 1187 2846 Eutychianis
1218 2775 1605 2837 incarnationis
1657 2786 1969 2855 mysterium
2004 2784 2121 2857 eius

532 2875 772 2919 evacuet.
812 2866 919 2917 lloc
947 2869 1105 2920 etiam
1149 2870 1331 2924 dicunt
1364 2890 1375 2923 :
1412 2871 1527 2926 Non
1579 2874 1767 2929 debuit
1798 2876 1941 2944 prius
1988 2886 2125 2932 tem-

533 2952 678 3019 p'um
712 2955 1012 3023 nominare,
1048 2967 1102 3011 et
1132 2958 1328 3014 deinde
1382 2961 1711 3019 habitantem
1742 2966 1792 3019 in
1825 2981 1911 3022 co.
1957 2967 2123 3034 Quasi

535 3040 616 3094 vel
658 3043 772 3112 ipse
801 3044 935 3101 ordo
984 3046 1235 3117 loquendi
1280 3050 1616 3119 permitteret
1647 3062 1705 3109 ut
1734 3056 1882 3125 prius
1918 3056 2124 3114 diceret

536 3132 920 3189 inhabitantem
952 3136 1002 3190 in
1033 3153 1100 3192 eo
1121 3180 1135 3204 ,
1178 3148 1231 3194 et
1277 3149 1462 3209 postea
1495 3145 1775 3213 templum.
1806 3147 2119 3219 Quanquam
2148 3178 2197 3243 α

535 3225 606 3276 sit
635 3226 799 3279 etiam
832 3227 1091 3287 doctrina:
1118 3234 1472 3302 conveniens,
1499 3246 1558 3291 ut
1586 3239 1707 3308 quia
1741 3256 1835 3310 per
1876 3242 2125 3298 humani-

537 3323 699 3369 tatem
727 3316 927 3372 Christi
955 3319 1020 3373 ad
1051 3320 1349 3379 divinitatis
1390 3325 1506 3395 ejus
1547 3330 1907 3399 cognitionem
1938 3349 2127 3402 perve-

537 3406 733 3471 nimus,
765 3408 916 3477 prius
966 3409 1019 3464 in
1074 3413 1273 3482 templo
1328 3415 1445 3485 ejus
1493 3416 1894 3489 humauitas,et
1940 3433 2123 3494 postea

537 3510 988 3555 commemoretur
1029 3503 1272 3560 habitans
1312 3507 1362 3563 in
1392 3510 1592 3579 templo
1613 3512 1886 3571 divinitas.
1920 3516 2000 3572 Ob
2024 3517 2126 3572 hoc

536 3591 693 3642 etiam
716 3590 1033 3646 venerabilis
1064 3593 1258 3651 Paulus
1288 3595 1585 3656 Emesenus
1607 3603 1893 3674 episcopus
1927 3606 1978 3660 in
2011 3621 2127 3662 ser-

535 3694 695 3735 mone
724 3695 824 3761 suo
871 3697 1028 3753 quem
1075 3700 1257 3743 coram
1309 3693 1424 3761 ipso
1454 3692 1617 3749 beato
1662 3696 1714 3750 in
1762 3698 2123 3757 Alexandrina

535 3756 760 3825 ecclesia
793 3772 952 3841 fecit,
995 3783 1051 3830 et
1077 3792 1236 3845 quem
1291 3756 1407 3849 ipse
1457 3783 1646 3839 beatus
1693 3785 1925 3858 Cyrinus
1976 3800 2123 3845 tanta

533 3862 709 3925 laude,
745 3865 886 3919 sicut
931 3867 1102 3934 primo
1147 3869 1288 3925 libro
1333 3873 1612 3929 docuimus
1636 3921 1651 3945 ,
1683 3878 2017 3947 praedicavit,
2051 3884 2124 3937 ita

534 3953 746 4008 loeutus
775 3965 902 4012 est:
943 3976 960 4006 ι
1002 3957 1131 4013 Vide
1177 3961 1441 4018 Joannem
1472 3965 1605 4022 duas
1662 3978 1879 4022 naturas
1932 3973 2125 4041 pravdi-

533 4057 776 4111 cantem,
818 4056 871 4102 et
921 4064 1082 4103 unum
1141 4052 1366 4121 Fi‘ium;
1400 4056 1540 4111 aliu'l
1596 4058 1998 4119 tabernaculum
2025 4109 2039 4131 ,
2072 4074 2126 4120 et

533 4137 678 4189 aliud
720 4138 862 4207 quod
913 4141 964 4196 in
1000 4143 1381 4213 tabernaculo;
1418 4147 1560 4202 aliud
1593 4154 1870 4220 templum,
1903 4166 1953 4208 et
1984 4156 2123 4211 aliud

535 4232 626 4301 qui
668 4234 949 4303 inhabitat,
983 4237 1146 4294 Deus.
1181 4259 1199 4293 ι
1231 4240 1493 4308 Quocirca
1526 4244 1570 4298 si
1602 4245 1848 4315 culpatur
1896 4265 2123 4305 venera—

535 4323 654 4377 bilis
682 4326 798 4381 lbas
824 4330 964 4397 quod
997 4334 1145 4399 prius
1191 4334 1447 4401 templum
1481 4350 1545 4390 ac
1574 4336 1770 4395 deinde
1818 4340 2122 4395 inhabitan-

535 4423 641 4470 tem
675 4421 725 4471 in
757 4435 821 4475 eo
844 4422 895 4475 in
924 4424 1149 4490 epistola
1192 4440 1288 4479 sua
1322 4432 1586 4497 posuerit,
1627 4434 1878 4499 culpetur
1902 4451 2124 4492 necesse

535 4518 618 4562 est
641 4511 801 4565 etiam
851 4513 1035 4567 beatus
1065 4516 1321 4586 Cyrillus,
1355 4521 1493 4588 quod
1524 4537 1827 4580 sermonem
1877 4528 2117 4596 praedicti
2151 4554 2202 4613 υ

536 4600 684 4657 Pauli
715 4604 949 4675 episcopi
979 4607 1303 4676 laudaverit,
1338 4612 1391 4666 in
1415 4629 1517 4681 quo
1542 4617 1689 4684 prius
1715 4622 2116 4677 tabernaculum

535 4705 593 4752 et
613 4701 890 4768 templum,
919 4709 978 4756 et
1004 4714 1185 4771 postea
1210 4708 1350 4775 quod
1379 4709 1431 4763 in
1458 4713 1801 4767 tabernacqu
1821 4754 1836 4779 ,
1872 4726 1923 4769 et
1954 4716 2118 4771 Deum

534 4792 627 4858 qni
657 4794 909 4861 templum
954 4794 1238 4858 inhabitat.
1279 4801 1587 4858 nominavit.
1615 4802 1911 4872 Coguosris
1940 4807 2116 4875 igitur,

532 4879 847 4951 imperator,
865 4885 1004 4953 quod
1028 4887 1308 4957 epistolam
1336 4893 1653 4947 venerabilis
1687 4895 1789 4949 lbre
1812 4895 2078 4952 dicentem
2102 4914 2115 4951 :

546 4986 567 5019 ε
597 4972 701 5029 Sed
734 4977 1057 5032 conﬁtentur
1083 4981 1133 5033 in
1158 4981 1435 5049 templum,
1459 4994 1511 5037 et
1543 4985 1925 5040 iubabitantem
1956 4988 2005 5041 in
2031 5004 2117 5056 en,

535 5068 738 5135 quiest
776 5083 911 5124 unus
959 5069 1095 5125 lilius
1117 5071 1273 5127 Jesus
1320 5075 1597 5140 Christus;
1648 5096 1665 5127 ι
1714 5078 2005 5133 secundum
2036 5080 2122 5148 ju-

533 5158 729 5211 dicium
759 5158 896 5213 beati
924 5159 1107 5230 Cyrilli
1151 5177 1339 5234 magna
1381 5165 1838 5222 Chalcedonensis
1885 5173 2122 5241 synodus

536 5250 882 5318 pprohavit;
911 5262 964 5305 et
982 5256 1104 5321 quia
1132 5254 1216 5309 vel
1248 5256 1290 5308 si
1326 5266 1546 5326 propter
1578 5257 1679 5311 hoc
1705 5274 1821 5313 eam
1849 5261 1995 5315 velut
2024 5262 2123 5317 ba:-

535 5340 750 5395 reticatu
786 5343 1134 5411 improbaret,
1166 5344 1291 5400 hinc
1340 5350 1516 5415 potius
1570 5348 1778 5404 beatum
1836 5351 2119 5420 Cyrillum.

537 5428 589 5483 id
613 5431 783 5499 ipsum
814 5433 864 5487 in
899 5447 1149 5491 sermone
1177 5437 1481 5507 coepisc0pi
1522 5440 1603 5494 sui
1644 5439 1793 5494 Pauli
1822 5443 2123 5511 approban-

537 5528 664 5587 tem,
711 5521 953 5581 ﬁrmasse
983 5526 1293 5584 btereticum
1352 5529 1643 5586 videretur.
1677 5530 1827 5589 Nunc
1876 5533 1943 5589 ad
1990 5535 2120 5591 illud

610 5698 628 5771 ξ
653 5691 783 5771 Cod.
821 5695 1034 5765 Verum,
1058 5715 1311 5771 putemur.

610 5766 632 5801 '
654 5768 798 5822 idem
818 5774 967 5837 cod.,
998 5766 1227 5831 windem
1260 5778 1611 5836 Theodorum.

2230 1922 2434 1992 pridem
2482 1934 2538 1982 et
2583 1926 2635 1980 iu
2680 1928 2919 1983 secundo
2975 1928 3115 1984 libro
3166 1931 3445 1986 docuimus
3472 1948 3538 1988 ex
3569 1936 3823 2004 epistolis

2228 2022 2616 2078 heativloanuis
2643 2023 2982 2088 Antiocheni,
3017 2025 3291 2095 totiusque
3324 2025 3604 2082 orientalis
3633 2032 3824 2085 conci-

2229 2116 2281 2169 lii
2313 2116 2451 2184 apud
2479 2117 2816 2171 Antiochiam
2840 2120 3167 2188 congregati,
3194 2129 3250 2176 et
3270 2121 3445 2177 adhuc
3471 2138 3537 2177 ex
3563 2124 3820 2193 aliorum,

2226 2202 2367 2260 sicut
2409 2208 2784 2275 promisimus,
2817 2207 3034 2263 Patrum
3085 2211 3281 2267 litteris
3314 2212 3449 2268 infra
3479 2215 3822 2272 docebimus.

2226 2296 2600 2353 Necessarium
2632 2306 2810 2355 tamen
2845 2300 3096 2356 exi~timo
3123 2313 3179 2357 et
3213 2318 3277 2359 ex
3322 2305 3422 2361 hac
3447 2307 3673 2375 epistola
3720 2309 3823 2363 dos

2225 2405 2365 2455 cere,
2391 2393 2531 2461 quod
2553 2394 2620 2449 de
2649 2395 3027 2464 Mopsuesteuo
3048 2398 3334 2452 Theodoro
3365 2416 3468 2455 non
3499 2403 3669 2459 solius
3706 2405 3820 2459 lbte

2224 2484 2383 2538 fuerit
2411 2486 2509 2540 ista
2539 2489 2832 2542 sententia.
2867 2489 2997 2543 Nam
3030 2498 3085 2543 et
3118 2492 3291 2558 ipstm
3341 2492 3526 2549 Marim
3572 2496 3821 2562 Persam,

2225 2575 2293 2630 ad
2322 2593 2477 2648 quem
2510 2579 2719 2647 scribit,
2747 2595 2931 2636 eontm
2971 2599 3089 2653 qua:
3120 2581 3189 2638 de
3216 2584 3331 2651 ipso
3361 2584 3647 2641 Theodoro
3688 2588 3823 2644 dfxit

2226 2673 2483 2726 concium
2555 2686 2679 2728 esse
2732 2674 3026 2741 perbibet,
3059 2684 3113 2730 et
3162 2677 3510 2732 conﬁdenter
3553 2679 3823 2748 publicam

2225 2773 2438 2831 quoque
2465 2762 2565 2817 sibi
2596 2762 2728 2818 dicit
2749 2768 2989 2820 attestari
3022 2768 3289 2824 notitiam.
3321 2768 3516 2822 V‘ertuu
3560 2770 3648 2825 isti
3668 2778 3793 2826 eum

2227 2854 2676 2909 memorationem
2709 2870 2897 2911 eorum
2950 2857 3142 2925 quibus
3192 2859 3293 2914 hoc
3339 2861 3661 2926 ostenditur,
3691 2878 3821 2918 con-

2226 2954 2377 2997 sueta
2406 2942 2594 3000 fraude
2624 2943 2892 3015 fugerunt.
2926 2947 3056 3003 Nam
3106 2952 3224 3020 quis
3255 2951 3306 3003 in
3339 2952 3446 3006 illis
3483 2952 3665 3008 verbis
3714 2971 3819 3008 non

2226 3032 2405 3088 videat
2431 3036 2752 3091 venerabilis
2790 3036 2894 3092 lbae
2923 3038 2989 3094 de
3010 3039 3236 3095 veritate
3262 3040 3685 3112 ﬁduciamiquia
3712 3045 3820 3100 nisi

2229 3136 2375 3180 certa
2399 3135 2455 3182 et
2484 3127 2765 3183 manifesta
2798 3141 3000 3198 essent,
3049 3146 3385 3201 nequaquam
3438 3135 3484 3187 ei
3541 3136 3607 3188 ad
3656 3151 3817 3205 quem

2230 3217 2461 3285 scripsit,
2494 3216 2698 3273 diceret
2725 3218 2916 3274 de~illo
2943 3221 3033 3290 qui
3074 3221 3418 3277 Theodorum
3460 3224 3821 3281 anathemati-

2229 3308 2369 3363 zavit
2400 3326 2414 3364 :
2450 3328 2469 3361 ι
2504 3310 2689 3377 Quem
2720 3328 2841 3369 nec-
2870 3322 2924 3368 tu
2958 3314 3073 3384 ipse
3124 3315 3358 3385 ignoras,
3391 3317 3481 3389 qui
3532 3321 3820 3376 occasione

2229 3401 2350 3456 lidei
2375 3417 2481 3456 non
2516 3403 2697 3459 solum
2725 3422 2864 3459 nunc
2896 3406 3139 3463 viventes
3161 3409 3478 3478 insequitur,
3501 3410 3605 3466 sed
3620 3420 3675 3466 et
3700 3428 3817 3467 om-

2228 3510 2326 3551 nes
2355 3497 2376 3527 ³
2405 3497 2494 3567 qui
2535 3498 2671 3553 ollm-
2691 3499 2755 3553 ad
2784 3498 3065 3554 Dominum
3113 3512 3505 3571 praecesserunt
3540 3524 3553 3561 :
3585 3521 3816 3575 quorum

2229 3602 2366 3642 unus
2389 3598 2471 3642 est
2494 3589 2684 3644 beatus
2711 3589 3050 3654 Theodorus,
3080 3607 3256 3661 przeco
3285 3595 3523 3650 veritatis
3544 3604 3598 3651 et
3626 3597 3818 3653 doctor

2227 3681 2509 3749 Ecclesize,
2533 3683 2623 3753 qui
2654 3699 2759 3738 non
2790 3685 2964 3739 solum
2996 3686 3049 3739 in
3078 3700 3173 3740 sua
3192 3686 3303 3740 vita
3331 3687 3686 3758 colaphizavit
3707 3690 3818 3743 ba!-

2226 3773 2423 3829 reticos
2450 3787 2544 3842 per
2569 3775 2849 3829 veritatem
2874 3790 2985 3830 sita:
3015 3776 3157 3844 lidei,
3184 3777 3276 3831 sed
3319 3787 3389 3832 ett
3413 3788 3529 3845 post
3584 3789 3815 3833 mortem

2226 3866 2488 3935 spiritalia
2520 3882 2668 3922 arma
2696 3868 2748 3922 in
2780 3869 2933 3924 libris
2957 3872 3190 3939 propriis
3216 3872 3475 3927 Ecclesiae
3504 3873 3628 3929 liliis
3652 3873 3815 3928 dere-

2226 3957 2399 4027 liquit.
2439 3975 2457 4008 ι
2520 3957 2723 4013 Deinde
2750 3958 2917 4027 ipsius
2948 3963 3110 4015 etiam
3149 3963 3213 4013 ad
3247 3978 3402 4031 quem
3436 3964 3641 4032 scribit,
3671 3976 3815 4021 atteo

2227 4051 2358 4104 stari
2381 4051 2480 4105 sibi
2513 4052 2755 4105 notitiam
2781 4051 2960 4121 docet,
2994 4067 3114 4107 cum
3148 4054 3217 4107 ait
3247 4072 3259 4110 :
3292 4073 3309 4105 ι
3348 4055 3499 4110 Sicut
3521 4066 3576 4111 et
3606 4066 3693 4112 tua
3728 4075 3817 4115 re.

2225 4141 2462 4195 verentia
2507 4140 2683 4195 eidem
2732 4140 2994 4195 collocuta
3049 4144 3320 4211 cognovit,
3357 4153 3409 4198 et
3439 4160 3507 4198 ex
3557 4144 3641 4199 his
3692 4162 3817 4217 qua:

2225 4232 2552 4301 conscripsit
2585 4232 2842 4287 instructa
2874 4240 2976 4288 est.
3008 4250 3030 4285 ›
3080 4232 3143 4287 Ει
3178 4234 3314 4288 intra
3359 4235 3574 4304 quidem
3604 4238 3673 4291 de
3718 4255 3815 4292 eo-

2226 4324 2348 4379 dem
2380 4324 2667 4379 Theodoro
2695 4340 2708 4377 :
2742 4342 2761 4374 ‹
2793 4323 2891 4390 Qui
2915 4335 3135 4393 propter
3165 4326 3336 4379 zelum
3379 4325 3473 4380 Dei
3504 4341 3608 4380 non
3636 4328 3815 4383 solum

2226 4416 2494 4487 propriam
2524 4417 2795 4471 civitatem
2817 4418 2883 4471 ab
2907 4431 3097 4473 errore
3125 4417 3191 4472 ad
3213 4419 3498 4474 veritatem
3526 4421 3816 4486 convertit,

2228 4513 2319 4566 sed
2343 4523 2398 4568 et
2426 4513 2582 4583 longe
2606 4513 2806 4582 positas
2828 4512 3185 4567 sua-doctrina
3209 4512 3457 4567 instruxit
3486 4512 3778 4570 Ecclesiae.
3794 4536 3813 4568 ι

2233 4609 2511 4664 Postremo
2533 4610 2654 4679 quia
2679 4609 2817 4663 idem
2852 4608 3167 4665 Theodorus
3199 4610 3250 4664 in
3274 4625 3367 4665 sna
3400 4613 3606 4683 synodo
3638 4614 3821 4682 palam

2228 4701 2501 4772 redarguit
2530 4716 2651 4755 eum
2683 4715 2840 4770 quem
2874 4715 2987 4755 sum
3013 4700 3244 4756 civitatis
3276 4711 3556 4775 tyrannum
3580 4707 3815 4760 vocavit;

2229 4796 2361 4862 Qua:
2384 4794 2483 4849 nisi
2517 4809 2640 4848 vera
2668 4794 2863 4858 forent,
2896 4793 3165 4862 quomodo
3187 4809 3246 4848 ea
3277 4806 3458 4864 posset
3487 4798 3817 4854 reverentia-

2230 4887 2397 4945 simus
2424 4887 2545 4941 lbas
2590 4887 2767 4941 dicere
2796 4930 2808 4952 ,
2848 4888 3086 4942 omnium
3137 4886 3515 4958 episcoporum
3573 4891 3816 4945 orienta-

2230 4983 2357 5036 lium
2410 4979 2715 5035 testimenio
2744 4977 3087 5048 refragante?
3117 4978 3368 5045 Quinimo
3414 4995 3468 5035 et
3515 4981 3597 5035 sui
3642 4992 3816 5039 status

2232 5074 2522 5145 periculum
2556 5072 2866 5137 sustineret,
2894 5070 2935 5124 si
2964 5068 3280 5125 Theodorus
3308 5080 3365 5124 ut
3410 5071 3694 5128 hazreticus
3725 5074 3815 5126 ha-

2231 5166 2467 5229 beretur,
2514 5179 2540 5217 a
2565 5177 2672 5231 quo
2698 5161 2835 5215 dixit
2862 5160 2915 5214 in
2941 5160 3170 5215 concilio
3202 5160 3541 5232 redargutum
3571 5175 3691 5219 esse
3724 5178 3814 5219 ne.

2229 5261 2345 5316 scio
2375 5274 2531 5327 quem
2581 5270 2692 5310 sua:
2721 5254 2956 5308 civitatis
3005 5259 3312 5321 tyrannum.
3365 5251 3566 5307 Omnes
3615 5254 3814 5323 quippe

2231 5350 2519 5407 orientales
2549 5349 2831 5417 episcopos
2857 5345 3172 5400 criminatus
3200 5354 3305 5404 est,
3333 5344 3377 5398 si
3406 5345 3460 5398 in
3504 5360 3690 5399 eorum
3719 5361 3814 5417 sy-

2231 5445 2372 5503 nodo
2402 5443 2713 5499 hazreticum
2744 5438 2877 5493 dixit
2903 5436 3253 5506 redarguendi
3286 5434 3537 5492 habuisse
3565 5435 3809 5494 fiduciam

2229 5538 2294 5592 ad
2321 5528 2865 5591 excommunicandos
2895 5527 3131 5582 fautores
3152 5523 3527 5581 haereticorum
3556 5523 3597 5580 ⁸.
3624 5524 3680 5580 In
3712 5527 3816 5583 hoc

2299 5711 2485 5788 fidem
2520 5708 2667 5788 cod.,
2699 5706 2867 5788 ethos
2895 5705 3002 5777 qui.
3043 5776 3058 5788 .
3131 5783 3146 5788 μ
3371 5780 3382 5788 _
3507 5775 3542 5788 Α

2301 5785 2323 5815 ’δ
2352 5786 2493 5839 idem
2524 5780 2673 5848 cod.,
2692 5780 2760 5833 ad
2780 5779 2888 5833 haec
2918 5776 3090 5833 omnia
3118 5783 3344 5851 fautores
3362 5776 3746 5837 Inreticaruu.
