4114 6546
320 372 426 427 705

1202 368 1336 429 l‘ltO
1375 368 1813 428 DEFENSlONE
1854 368 2072 427 TRIUM
2112 370 2429 434 CAPITUL.
2471 376 2600 435 LIB.
2643 378 2755 436 νη.

3505 390 3611 445 706

319 487 554 558 capitulo
583 500 649 541 ne
688 485 1076 557 proderentur,
1107 488 1352 547 consulto
1380 490 1691 558 contingere
1720 487 1905 541 uoluc—
1935 489 1981 545 A
2008 484 2134 542 dicit
2162 487 2351 560 (Epist.
2378 494 2502 563 H9.)
2526 507 2541 546 :
2566 512 2587 546 ι
2615 493 2670 549 Si
2700 501 2843 549 esset
2867 493 3082 564 quidem
3112 496 3295 554 venire
3322 500 3607 569 possibile,

321 589 465 634 runt.
487 578 626 645 Quae
643 593 766 632 vera
797 594 916 632 esse
947 588 1391 649 recognoscentes
1411 580 1744 635 venerabiles
1773 579 1914 633 Pho-

320 667 425 719 tius
451 675 509 720 et
537 666 853 720 Eustachius
880 675 1041 734 atque
1084 666 1336 733 Urauins,
1367 683 1487 722 cum
1520 671 1570 722 iu
1603 684 1786 723 eoruur
1825 668 1913 736 ju-

319 757 464 811 dicio
489 766 785 811 memorata
809 759 1035 827 epistola
1063 758 1416 827 relegeretur,
1439 775 1542 812 nou
1569 759 1637 813 ab
1667 760 1762 815 illo
1785 773 1912 812 exe-

319 862 513 921 gerunt
539 854 996 909 anathematizare
1046 853 1405 906 Theodorum.
1444 851 1508 904 Et
1534 861 1590 904 ut
1618 866 1714 903 eos
1740 850 1913 918 quali-

319 957 531 1014 cunque
562 943 896 1010 tcstimonio,
923 956 1098 998 tamen
1131 958 1231 997 suo
1254 944 1571 998 convincam
1591 983 1606 1006 ,
1639 942 1737 1010 ipsi
1761 951 1910 996 certe

320 1036 373 1092 in
402 1037 495 1092 illo
516 1037 919 1093 mendaciorum
943 1038 1081 1093 libro
1103 1040 1376 1104 dixerunt,
1401 1039 1537 1094 sicut
1565 1048 1687 1093 ante
1718 1040 1909 1092 metui-

322 1130 498 1185 nimus
553 1147 567 1183 :
601 1148 620 1181 ι
642 1130 894 1200 σουηὶιιιιο
914 1142 967 1186 et
994 1131 1291 1186 Photiuset
1324 1131 1664 1195 Eustachius,
1703 1132 1911 1201 conspi-

321 1222 523 1275 cientes
545 1222 956 1288 denegatiouem
1004 1223 1113 1276 Ιιιω
1143 1222 1210 1276 de
1255 1224 1481 1290 episrola
1532 1224 1748 1286 lactant,
1769 1224 1913 1291 judi-

320 1312 786 1366 c..tttmdoderuut
807 1313 874 1366 ad
894 1313 1031 1366 dest:
1047 1314 1316 1367 uctionetn
1345 1325 1398 1367 et
1424 1313 1788 1367 exclusionem
1816 1314 1914 1367 int-

324 1403 540 1472 pietatis
589 1405 831 1472 epistola:
860 1404 924 1457 ad
956 1403 1138 1457 Marini
1161 1446 1176 1467 ,
1205 1405 1344 1472 quod
1387 1404 1680 1472 judicatnrn
1706 1406 1913 1460 habere

324 1495 611 1558 afﬁrmant,
638 1508 690 1546 ut
718 1495 833 1548 Ibas
858 1498 907 1547 in
941 1496 1291 1552 sua-eccleda
1321 1496 1790 1551 auatltematizare'
1820 1510 1914 1567 pa-

325 1584 429 1639 lam
460 1586 706 1657 maligna:
734 1588 1022 1655 impietatis
1038 1589 1354 1657 principem
1400 1587 1704 1643 Nestorium
1733 1597 1789 1642 et
1820 1604 1912 1644 eos

323 1675 412 1744 qui
443 1683 537 1729 aut
560 1677 711 1731 libris
740 1688 833 1731 aut
876 1677 1152 1732 codicibus
1179 1678 1298 1747 ejus
1346 1688 1587 1733 utuntur.
1621 1696 1651 1731 θ
1682 1679 1779 1734 Ubi
1805 1693 1911 1734 non

324 1766 465 1832 dico,
489 1768 631 1837 quod
656 1770 1002 1824 immemores
1030 1772 1135 1837 sui,
1167 1775 1255 1840 qui
1287 1772 1631 1825 Theodorum
1659 1771 1909 1827 dixerunt

2016 590 2268 652 tuamque
2301 589 2656 641 reverentiam
2682 587 3109 660 charitatemque
3142 594 3451 662 complecti,
3472 606 3524 650 et
3553 600 3603 652 in

2015 673 2133 741 ipsa
2167 673 2477 740 juc-untlari,
2507 690 2628 729 cum
2668 678 2832 731 multa
2876 679 2977 733 hoc
3015 681 3297 751 velocitate
3341 694 3393 738 et
3434 686 3612 739 studio

2017 762 2347 831 iaeeremos;
2389 767 2637 836 quoniam
2693 781 2871 824 autem
2920 771 3019 825 hoc
3051 771 3204 825 nobis
3235 788 3339 826 nott
3371 774 3610 843 adiacet,

2015 869 2158 908 nunc
2214 866 2264 909 et
2298 857 2488 911 litteris
2530 858 2631 913 hoc
2672 860 2972 929 implemus.
3023 862 3134 915 Etsi
3166 864 3308 915 enim
3340 863 3407 917 ad
3466 864 3613 932 ipsos

2014 946 2148 1001 lines
2197 949 2382 1002 mundi
2425 950 2706 1017 ducamur,
2738 962 2841 1005 tua:
2879 953 3186 1007 dilectionis
3248 952 3611 1023 integritatem

2013 1047 2068 1091 et
2099 1040 2332 1093 levorem
2358 1041 2379 1073 ⁸
2404 1083 2419 1109 ,
2448 1049 2504 1095 et
2532 1042 2650 1097 sine
2686 1043 2810 1097 dolo
2836 1044 3197 1099 sinceritatem
3234 1044 3475 1101 oblivisci
3507 1064 3612 1102 non

2017 1143 2329 1197 possumus,
2368 1148 2488 1201 quae
2516 1142 2598 1187 est
2625 1134 2847 1204 antiqua
2876 1148 2929 1189 et
2970 1150 2997 1189 a
3030 1137 3314 1205 principio,
3344 1152 3613 1208 quamque

2016 1236 2155 1275 nunc
2185 1225 2515 1278 monstrasti.
2545 1225 2730 1295 Neque
2752 1227 2900 1281 enim
2948 1243 3047 1282 nos
3087 1230 3242 1282 latuit
3280 1241 3475 1300 quanta
3515 1247 3613 1300 pro

2015 1316 2167 1369 nobis
2196 1329 2249 1371 et
2270 1319 2446 1373 dicere
2471 1331 2524 1374 et
2556 1322 2637 1374 {ac
2658 1336 2730 1374 τι)
2758 1322 3037 1390 festinasti,
3090 1322 3308 1377 domine
3332 1339 3481 1379 meus
3510 1325 3612 1378 ho-

2015 1407 2354 1463 noratissimo
2377 1419 2536 1478 atque
2568 1410 2921 1466 sanctissime.
2958 1412 3062 1467 Sed
3089 1413 3189 1466 etsi
3217 1414 3347 1467 nihil
3374 1415 3604 1484 amplius

2010 1498 2211 1553 factum
2240 1508 2343 1563 est,
2364 1500 2537 1555 Deum
2574 1512 2752 1556 tamen
2786 1503 2953 1559 habes
2979 1519 3074 1571 pro
3102 1514 3192 1559 tuo
3220 1505 3399 1560 studio
3420 1516 3475 1561 et
3502 1508 3613 1561 ala-

2014 1593 2203 1643 crttate
2234 1590 2553 1659 debitorem,
2606 1593 2978 1664 integramque
3028 1597 3356 1651 mercedem.
3403 1597 3468 1652 lit
3515 1614 3613 1654 nos

1999 1692 2192 1735 autem
2220 1698 2323 1736 non
2356 1683 2685 1752 quiescimus
2732 1686 2964 1739 scientes
2995 1696 3098 1740 tute
3149 1688 3372 1757 gratiam
3402 1688 3612 1742 sancti-

1996 1774 2161 1837 ‘tatis,
2194 1785 2245 1827 et
2270 1784 2415 1828 tuam
2442 1779 2798 1832 reverentiam
2829 1779 3077 1833 omnibus
3126 1780 3503 1850 prtedicantes,
3533 1797 3561 1834 a
3589 1810 3611 1827 -

324 1859 625 1915 Nestoriani
654 1861 857 1916 erroris
894 1871 1164 1931 auctorem
1203 1864 1625 1934 magistrumque
1655 1863 1908 1929 Nestorii,
1934 1873 1989 1931 Β
2015 1880 2119 1932 que
2144 1876 2428 1934 poscentes
2472 1868 2718 1922 eamdem
2766 1869 3055 1924 dilectione
3080 1887 3108 1922 ιι
3174 1872 3456 1925 ﬂorentem
3513 1886 3611 1942 μαι·

324 1967 511 2007 rursus
538 1953 635 2022 ipsi
677 1953 976 2008 Ntsmrium
1012 1957 1256 2024 maligna:
1281 1956 1572 2024 impietatis
1619 1956 1909 2024 prim-ipem

324 2043 529 2109 dicunt,
564 2057 619 2097 et
649 2060 743 2112 per
795 2046 898 2099 hoc
952 2057 1147 2115 nt-gant
1184 2047 1324 2114 quod
1375 2046 1694 2101 Theodorus
1750 2047 1912 2100 fuerit

324 2136 628 2188 communis
648 2147 835 2190 auctor
859 2137 1093 2205 erroris,
1127 2146 1378 2208 tanquam
1413 2138 1531 2194 nisi
1563 2153 1656 2208 per
1681 2140 1907 2195 oblivio-

320 2238 451 2277 .netu
485 2240 670 2278 verum
718 2226 859 2294 loqui
891 2242 996 2280 non
1044 2230 1270 2297 possint.
1303 2228 1409 2284 Sed
1456 2230 1586 2284 illud
1618 2230 1786 2299 magis
1814 2247 1912 2285 no-

320 2315 531 2369 biseum
558 2319 730 2385 pietas
760 2328 846 2372 tua
874 2320 1204 2386 consideret,
1230 2321 1483 2389 quoniam
1506 2321 1597 2391 qui
1628 2322 1913 2377 voluerunt

306 2423 389 2462 ex
413 2409 512 2462 hoc
543 2413 836 2464 ostendere
878 2412 1249 2466 Nestorianam
1280 2426 1402 2468 esse
1431 2415 1713 2483 epistolam
1744 2428 1910 2470 vene-

324 2500 509 2555 rabilis
557 2503 661 2556 lbue
687 2545 700 2563 ,
736 2503 876 2572 qut-d
935 2504 1158 2558 l’hotius
1197 2514 1253 2560 et
1284 2505 1602 2560 Eustachius
1650 2504 1905 2575 episc0pi,

323 2592 717 2662 conspicientes
740 2596 1078 2663 negationem
1103 2598 1216 2663 ejus
1234 2598 1300 2651 de
1326 2610 1421 2649 sua
1442 2599 1665 2664 epistola
1692 2598 1907 2666 tactam,

324 2688 390 2741 ad
423 2690 843 2743 destructionem
875 2703 918 2743 e'
949 2704 1048 2743 exc
1072 2691 1313 2744 usionem
1344 2692 1510 2758 ipsius
1541 2693 1782 2761 epistola:
1809 2692 1911 2747 tale

322 2779 613 2850 jud.catttm
667 2782 951 2846 oedcrunt,
981 2793 1035 2833 ttt
1081 2781 1388 2836 Nestorium
1433 2790 1489 2836 et
1516 2783 1632 2855 ejus
1662 2786 1909 2855 dogmata

323 2872 444 2928 ibas
472 2872 969 2942 auatltematittaret,
999 2877 1140 2944 quod
1170 2890 1265 2929 eos
1291 2874 1428 2929 falso
1452 2875 1686 2943 jar-tasse
1718 2878 1911 2945 proba-

289 2996 295 3001 -
324 2968 499 3021 vimus
535 2984 547 3020 :
588 2970 769 3036 procul
802 2969 963 3021 dubio
997 2968 1447 3023 ltzereticnmnnon
1480 2969 1644 3023 luisse
1671 2968 1913 3023 Theodo-

291 3073 295 3076 '
322 3074 440 3115 rum
464 3060 705 3129 ipsorum
728 3058 900 3113 Pltotii
925 3069 979 3112 et
1004 3060 1271 3113 Eustachi
1292 3060 1528 3130 iudicato
1543 3062 1870 3115 conﬁrmant
1893 3080 1905 3114 :

290 3182 293 3185 -
320 3154 571 3224 quoniam
599 3168 720 3207 eum
762 3152 1056 3222 praecipuas
1086 3153 1271 3208 iattdes
1305 3152 1566 3207 doctrina:
1596 3153 1715 3221 ejus
1755 3155 1907 3206 audi-

2016 1956 2195 2008 omuia
2220 1958 2549 2012 conservari.
2578 1956 2692 2011 Non
2723 1959 2865 2013 enim
2893 1960 2944 2014 itr
2980 1960 3194 2015 deserto
3220 1961 3470 2017 sedentes
3500 1962 3612 2016 lor-

2018 2045 2166 2099 tuitae
2195 2048 2598 2102 intercessionis
2639 2048 2846 2104 fruetus
2865 2050 3162 2115 habemus,
3204 2052 3418 2120 quando
3446 2051 3609 2107 talem

2018 2136 2071 2190 iu
2097 2136 2282 2191 Cilicia
2308 2137 2340 2171 ‘
2369 2138 2679 2192 thesaurum
2701 2147 2727 2174 ι
2744 2147 2799 2193 et
2815 2140 3121 2195 reconditas
3143 2140 3359 2195 divitias
3382 2140 3598 2210 posside
3620 2172 3629 2178 -

2015 2244 2153 2283 mus.
2172 2230 2295 2284 llme
2322 2230 2469 2286 enim
2495 2243 2576 2285 est
2606 2230 2759 2285 fortis
2786 2240 2840 2286 et
2876 2232 3148 2302 vigilantis
3177 2233 3372 2287 anima:
3400 2242 3505 2287 tua:
3526 2232 3607 2286 di-

2017 2318 2200 2373 lectio.
2236 2339 2258 2371 ι
2291 2320 2683 2375 Animadvertit
2718 2335 2929 2376 mecum
2962 2337 3036 2377 ex
3089 2332 3277 2377 tenore
3326 2322 3611 2391 praesentis

2013 2414 2253 2483 epistolae
2273 2415 2534 2468 serenitas
2551 2422 2660 2479 tua,
2675 2413 2839 2483 quod,
2859 2415 2999 2468 sicut
3017 2422 3240 2468 testatus
3266 2423 3349 2468 est
3371 2412 3610 2469 Joannes

2014 2506 2380 2560 Atrttoebenus
2402 2516 2457 2562 ct
2477 2507 2713 2576 synodus
2730 2507 2994 2574 Orientis,
3010 2505 3346 2573 Theodorus,
3372 2507 3461 2577 qui
3482 2522 3611 2562 eou-

2013 2596 2302 2651 denmatus
2330 2606 2415 2652 est
2461 2597 2614 2667 quasi
2645 2598 2947 2652 Nestoriaui
3002 2607 3190 2653 auctor
3227 2598 3449 2664 erroris,
3482 2613 3610 2653 cen-

2012 2689 2306 2757 discipulus
2346 2688 2508 2743 luerit
2546 2688 2707 2758 hujus
2738 2688 2875 2744 beati
2912 2687 3154 2744 Joannis.
3185 2688 3295 2745 Hoc
3338 2689 3609 2744 cuim‘sa-

2018 2779 2087 2833 tis
2116 2778 2358 2833 indicant
2384 2778 2500 2848 ejus
2541 2781 2724 2845 verba,
2753 2793 2875 2833 cum
2918 2778 3049 2834 dicit
3070 2778 3216 2850 quod
3257 2778 3474 2848 antiqua
3501 2787 3557 2833 et
3580 2795 3609 2833 a

2015 2874 2276 2944 principio
2312 2872 2476 2929 fuerit
2496 2874 2736 2943 ejusdem
2778 2874 3047 2930 Theodori
3095 2876 3237 2930 circa
3283 2890 3343 2930 se
3368 2875 3609 2930 dilectio.

2014 2971 2096 3024 nis
2127 2970 2403 3041 integritas
2429 2985 2445 3035 ;
2476 2970 2615 3038 quod
2655 2974 2817 3022 etiam
2848 2969 3041 3023 litteris
3073 2968 3093 3000 ³
3128 2970 3338 3023 Domini
3368 2970 3607 3039 episcopi

2013 3062 2330 3116 Autioebeui
2347 3060 2676 3130 probabitur.
2693 3061 2798 3115 Cur
2809 3069 2986 3114 autem
3004 3075 3191 3130 magna
3205 3061 3609 3115 Chalcedonen-

2014 3153 2091 3208 sis
2119 3152 2360 3224 synodus
2397 3162 2671 3222 arguatur,
2703 3167 2821 3219 quae
2848 3156 3028 3207 sciens
3064 3160 3306 3207 sanctum
3336 3150 3607 3208 Joannem

290 3264 293 3265 ν
321 3257 476 3308 rent,
504 3261 608 3298 nou
640 3254 934 3315 exegerunt
970 3259 1001 3298 a
1049 3244 1307 3313 praedicto
1350 3243 1789 3299 reverentissimo
1817 3244 1905 3298 Iba
1933 3244 1981 3308 C
2013 3244 2299 3301 Theodoro
2323 3244 2650 3299 scribentem
2671 3242 2871 3299 dixi-se
2899 3261 2911 3296 :
2944 3241 3128 3311 Neque
3154 3245 3297 3297 enim
3336 3256 3434 3297 nos
3458 3242 3608 3298 latuit

322 3338 479 3391 simul
502 3352 533 3391 e
575 3353 625 3391 tn
649 3354 771 3392 cum
796 3337 1057 3404 Nestorio,
1089 3353 1247 3407 quem
1278 3352 1383 3393 non
1408 3337 1733 3403 laudaverat,
1770 3338 1907 3393 abdi-

286 3448 289 3449 '
322 3447 467 3486 care.
496 3432 630 3496 Quia
657 3447 782 3485 vero
810 3447 953 3499 eum,
980 3432 1110 3486 sicut
1132 3431 1242 3499 jam
1266 3432 1565 3495 docuimus,
1600 3447 1704 3485 non
1732 3434 1905 3485 solum

322 3523 610 3577 Theodoro
636 3524 921 3577 anathema
965 3524 1170 3590 dicere,
1202 3523 1295 3577 sed
1326 3525 1485 3578 etiam
1517 3522 1764 3577 Nestorio
1811 3525 1910 3575 uri-

288 3650 293 3653 ς
322 3617 469 3670 nime
495 3619 902 3683 compulerunt;
934 3616 977 3669 si
1010 3617 1138 3684 quid
1181 3632 1365 3669 eorum
1398 3615 1707 3669 testimonio
1741 3616 1906 3686 Euty-

288 3706 499 3763 ‘chi’ni
528 3708 611 3760 vel
660 3723 843 3760 eorum
899 3706 1157 3761 satellites
1209 3708 1454 3774 credunt,
1490 3722 1663 3776 neque
1720 3706 1909 3760 Nesto-

322 3801 456 3854 rium
498 3805 814 3852 excusatum
858 3798 911 3851 irt
946 3798 1047 3851 hac
1076 3797 1301 3867 epistola
1355 3804 1701 3865 mentiantur,
1734 3815 1908 3868 neque

323 3889 664 3945 Theodorum
694 3889 874 3943 dicant
918 3888 1248 3944 Nestoriana:
1274 3889 1567 3956 impietatis
1610 3899 1905 3955 aut-torem,

286 4012 289 4019 ι
321 3997 482 4052 quem
514 3983 565 4035 in
594 3996 779 4035 eorum
806 3982 1009 4048 judicio
1029 4024 1043 4047 ,
1069 3990 1123 4036 et
1150 3990 1275 4036 ante
1307 3983 1743 4037 Clialeedouense
1780 3998 1910 4036 cou-

320 4089 350 4128 c
378 4073 505 4127 lium
536 4074 805 4127 laudatum
842 4074 1121 4128 inveniunt
1148 4090 1246 4130 nec
1268 4076 1542 4130 inveniunt
1573 4075 1904 4130 denotatum.

286 4164 520 4219 'Verum
562 4166 807 4234 promissi
866 4181 1172 4235 memores,
1222 4166 1288 4221 ad
1348 4168 1434 4222 illa
1484 4167 1596 4237 jam
1654 4170 1907 4237 praeclara

322 4262 597 4318 Ecclesiae
642 4262 840 4318 lumina
906 4266 1218 4331 veniamus,
1259 4279 1484 4334 quorum
1541 4265 1707 4333 magis
1762 4263 1910 4317 teSti-

322 4360 504 4413 monio
568 4358 806 4430 synodus
861 4357 1325 4413 Chalcedonensis
1381 4358 1647 4421 credidit,
1702 4368 1758 4412 ut
1796 4359 1910 4426 epi-

288 4466 293 4473 ·
322 4450 512 4503 stolam
537 4448 856 4504 venerabilis
904 4449 1006 4503 Iba:
1038 4465 1134 4518 pro
1177 4449 1334 4504 laude
1365 4449 1634 4504 Theodori
1676 4464 1781 4503 non
1816 4449 1906 4518 ju-

321 4541 526 4596 dicaret
556 4541 883 4596 1ιιειυι.ρίιιιι.
923 4544 985 4595 Et
1036 4542 1266 4611 printmu
1307 4550 1495 4599 testem
1540 4543 1767 4598 citemus
1797 4547 1908 4599 cla~

2012 3346 2206 3404 quanta
2234 3352 2329 3404 pro
2342 3335 2497 3390 nobis
2519 3343 2576 3389 et
2595 3336 2774 3390 dicere
2800 3346 2852 3388 et
2871 3331 3053 3389 facere
3083 3333 3365 3397 festinasti,
3390 3333 3609 3388 domine

2013 3443 2163 3481 tuens
2191 3427 2605 3482 honoratissime
2628 3434 2789 3496 atque
2820 3425 3179 3492 sanctissime,
3207 3424 3437 3479 credidit
3462 3425 3607 3495 quod

2014 3520 2105 3572 ille
2126 3535 2230 3572 nou
2262 3529 2406 3573 esset
2429 3520 2735 3584 haereticus,
2760 3518 2851 3586 qui
2873 3530 3019 3573 tanta
3046 3532 3144 3585 pro
3168 3518 3375 3573 Joanne
3398 3520 3574 3573 incitsi
3592 3549 3608 3562 -

2014 3611 2140 3665 lutm
2162 3612 2777 3679 asportato,etdicereet
2801 3611 2977 3666 facere
3000 3611 3291 3677 festinavit,
3315 3612 3492 3665 studio
3518 3620 3605 3665 at-

2010 3701 2513 3771 qttealacritatequa
2539 3700 2701 3754 Deum
2730 3700 2950 3754 haberet
2978 3701 3241 3755 mercedis
3268 3702 3488 3769 integrte
3511 3703 3608 3755 dc-

2013 3793 2239 3851 bitoretu
2267 3809 2281 3859 ;
2327 3792 2640 3847 incredibile
2678 3790 2924 3861 judicans
2955 3792 3101 3860 quod
3131 3793 3389 3861 magister
3417 3791 3602 3847 Nesto-

2011 3891 2174 3944 rianze
2207 3887 2440 3957 perfidia:
2479 3885 2747 3953 religionis
2789 3900 2928 3937 vera:
2968 3883 3302 3952 magistrum,
3334 3884 3436 3938 sibi
3483 3900 3609 3952 pro-

2012 3983 2151 4036 fecto
2180 3980 2529 4041 contrarium,
2561 3984 2825 4047 qumreret
2876 3976 2941 4031 ab
2970 3976 3161 4030 exsilio
3192 3975 3394 4041 reduci,
3435 3986 3489 4029 et
3515 3991 3610 4046 pro

2011 4077 2089 4130 sui
2118 4075 2219 4129 loci
2250 4074 2586 4138 auctoritate,
2627 4071 2909 4123 adversum
2954 4085 3114 4139 prava
3146 4084 3239 4123 sua
3273 4069 3520 4138 dogmata
3548 4070 3612 4123 li-

2012 4168 2140 4222 here
2172 4168 2221 4221 in
2239 4166 2463 4221 ecclesia
2485 4166 2778 4234 disputare.
2806 4163 2916 4218 Nisi
2948 4164 3083 4217 forte
3113 4163 3182 4217 ob
3213 4162 3311 4216 hoc
3338 4163 3423 4216 illa
3453 4176 3611 4235 syno-

2011 4260 2110 4315 dus
2135 4258 2295 4328 impia
2326 4259 2633 4323 denotetur,
2668 4256 2809 4325 quod
2844 4256 2929 4325 pie
2960 4255 3028 4309 de
3072 4255 3279 4310 Joanne
3309 4254 3612 4309 Constanti-

2013 4351 2325 4420 n‘politano
2374 4348 2641 4411 sentiens,
2694 4361 2815 4400 eum
2867 4344 2887 4375 ⁸
2944 4346 3103 4398 talem
3171 4344 3428 4398 arbitrata
3485 4356 3610 4410 est,

2012 4464 2169 4517 quem
2206 4444 2287 4498 vel
2311 4445 2387 4498 sic
2417 4449 2642 4504 amaret,
2681 4439 2899 4493 utvelut
2921 4438 3223 4505 adjutoretn
3256 4453 3409 4491 suum
3433 4439 3484 4490 itt
3508 4437 3611 4491 Ec-

2013 4542 2172 4595 clesia
2206 4536 2418 4607 preptia
2462 4532 2704 4589 revocari
2728 4531 2891 4587 vellet
2931 4531 3251 4597 haereticus;
3276 4533 3359 4585 vel
3388 4531 3465 4585 sie
3495 4533 3612 4599 ipse

322 4633 596 4688 rissimum
620 4634 891 4688 doctorem
927 4634 1178 4689 Ecclesiae
1197 4643 1252 4689 et
1279 4635 1644 4689 coofessorem
1679 4636 1909 4690 lortissi—

2015 4648 2224 4702 quoque
2252 4630 2520 4699 diligeret,
2563 4634 2618 4681 et
2644 4638 2835 4693 magna
2868 4622 3024 4677 laude
3054 4621 3369 4691 praedicaret
3398 4622 3613 4678 haereti-

285 4744 291 4751 ·
322 4742 470 4780 ιιιιιιιι
517 4726 779 4791 veritatis,
810 4726 1070 4782 Joannem
1121 4727 1789 4797 Constantinopolitanum,
1817 4730 1909 4801 qui

322 4821 580 4891 praedicto
609 4820 986 4890 Mopsuesteno
1017 4822 1033 4852 ί
1066 4823 1320 4893 episcopo
1346 4823 1411 4879 de
1438 4823 1630 4879 exsilio
1666 4823 1910 4879 scribens

394 4970 421 4998 ιι
452 4960 618 5036 llodie
645 4962 781 5031 apud
805 4962 1062 5036 Joannem
1090 4961 1535 5036 Clirysostomum
1559 5009 1573 5030 ,
1600 4983 1697 5036 pro
1725 4972 1776 5025 ἔν
1815 4980 1913 5026 Κι·

288 5104 291 5107 γ
322 5029 454 5109 1tng
470 5029 743 5109 logitur'e‘v
770 5031 959 5109 καρδίᾳ
984 5073 999 5097 ,
1027 5029 1249 5103 epistola
1283 5038 1406 5100 lle,
1432 5029 1568 5107 quae
1599 5029 1913 5095 inscribitur

322 5090 566 5185 βίοδῲρῷ
596 5090 878 5173 ἑπισκιπῷ,
904 5090 1006 5156 ..δὴ
1031 5090 1281 5186 ιοὲριτιξδεο
1310 5090 1679 5163 nouti'tteiloci.‘

323 5177 513 5256 inquit,
544 5181 634 5233 τήν
662 5182 939 5256 τιίχοῦσαν
966 5178 1047 5256 δεκί
1089 5177 1138 5229 ἐν
1167 5177 1348 5251 ἐρημίᾳ
1374 5180 1633 5256 euentura:
1677 5177 1911 5256 καρέτοῦὲ

322 5248 452 5315 μεθα
479 5252 562 5326 ιζῄν
582 5245 903 5326 turpia/nata
923 5286 936 5309 ,
970 5245 1354 5326 ὄταιίτοάοὖτοιι
1382 5248 1430 5299 ἐν
1456 5245 1639 5322 κὰρδὶᾳ
1665 5245 1914 5326 θηᾶαυρὸν

322 5314 407 5370 καὶ
452 5314 669 5373 πλοῦτοῦ
715 5318 1037 5388 ἀποκείμενον
1064 5314 1274 5387 ἔχομεν,
1317 5328 1408 5379 τῆς
1452 5314 1784 5396 ἔγρηγὸρνίας
1830 5314 1913 5379 Ξιαὶ

607 5456 828 5529 Verou.,
874 5454 1167 5509 Theodoro.

396 5526 417 5557 ³
449 5527 591 5581 Idem
618 5532 736 5581 eod.
749 5568 765 5588 ,
784 5526 852 5597 [ei
868 5544 1053 5582 vorent.

393 5655 425 5691 "
480 5652 628 5707 lianc
672 5649 904 5704 Facnndi
960 5649 1242 5703 lectionem
1273 5662 1305 5713 p
1336 5645 1490 5699 oham
1525 5660 1644 5697 esse
1674 5646 1913 5713 adeoque

326 5723 468 5779 haud
498 5720 913 5783 sollicitandam,
948 5721 1186 5789 pluribus
1216 5715 1914 5789 ostenditsloittiauconius

323 5796 395 5852 ad
426 5791 798 5862 Chrysostomi
825 5785 964 5859 Opp.
996 5800 1123 5849 tom.
1152 5789 1244 5856 Ill,
1264 5788 1377 5842 cui.
1406 5787 1532 5856 669,
1569 5797 1679 5838 not.
1709 5803 1740 5838 α
1764 5785 1917 5859 (nos-

2015 4745 2160 4786 cutn.
2190 4724 2323 4779 Cum
2348 4737 2476 4777 vero
2498 4729 2553 4776 et
2579 4721 2680 4773 hoc
2709 4719 2850 4772 inter
2882 4716 2983 4771 alia
3014 4716 3188 4772 dixit:
3220 4715 3412 4771 Talem
3441 4716 3492 4769 in
3518 4714 3608 4771 Ci-

2019 4824 2137 4880 licia
2170 4822 2504 4885 thesaurum,
2549 4823 2604 4870 et
2652 4797 2955 4867 reconditas
2983 4810 3198 4866 divitias
3233 4809 3565 4879 possidemus
3595 4826 3609 4874 ;

2017 4967 2249 5044 γενναίας
2289 4981 2384 5016 σου
2425 4960 2609 5044 spexit;
2635 4958 2725 5011 τὴν
2753 4953 2978 5044 alam.
3010 4950 3138 5044 Qui?
3189 4945 3424 5044 varietas
3470 4944 3610 5000 unde

2018 5020 2134 5092 (ille:
2167 5020 2239 5087 sit
2284 5047 2387 5083 non
2439 5020 2597 5080 'l'aefle
2648 5032 2732 5077 est
2776 5020 3038 5076 divinare.
3059 5020 3407 5092 _M_0p.s‘t_restia-
3420 5031 3609 5092 porro,

2018 5085 2465 5163 sedes'i‘heodori
2493 5096 2754 5158 episcopi,
2780 5093 3031 5160 oppidum
3055 5089 3152 5142 fuit
3174 5087 3371 5163 Ciliciae
3483 5085 3611 5163 l-lie-

2243 5173 2473 5247 ἐπαρχίᾳ
2497 5155 2702 5247 mimicis
2724 5163 2791 5234 β’.
2817 5155 2918 5246 diro
2936 5164 3177 5247 dyspéva.
3199 5157 3369 5225 πόλεις
3390 5155 3447 5209 θ’.
3471 5157 3610 5215 ’Δνάς

2018 5235 2543 5325 ζαρϐαμητρᾎᾶἷολις,
2573 5235 2937 5305 Μοψουεστία,
2970 5240 3074 5285 etc.

2104 5461 2127 5494 ⁸
2151 5461 2288 5515 idem
2315 5456 2455 5518 cod.,
2489 5459 2750 5519 sequvnter
2770 5450 2973 5504 litteris.

2098 5531 2119 5563 ⁸
2150 5532 2292 5585 Idettt
2322 5527 2469 5589 cod.,
2494 5541 2594 5578 nou
2624 5537 2758 5575 eum.

2022 5657 2119 5702 trtc
2154 5642 2455 5707 editionis),
2498 5642 2549 5692 iu
2581 5634 3062 5707 epistolamsancti
3095 5630 3329 5707 doctoris
3364 5629 3481 5696 lli,
3506 5626 3600 5685 sed

2028 5719 2292 5789 imprimis
2323 5705 2450 5769 tum.
2481 5709 2566 5777 Vl,
2594 5705 2712 5780 pag.
2738 5705 2991 5772 515-5115,
3026 5706 3077 5758 itt
3110 5705 3315 5758 monito
