4114 6480
575 237 676 295 7G7

1677 232 1986 294 FACUNDI
2022 234 2240 292 Ef’lSC.
2282 202 2794 292 HERMIANENSIS

3771 236 3888 289 798

574 353 700 424 quid
733 352 858 412 hinc
886 353 1126 426 synodus
1165 353 1436 423 cuipetur,
1487 353 1530 408 si
1570 353 1799 406 reverita
1841 361 1926 406 est
1949 352 2168 406 anathe-
2197 353 2255 414 Α
2279 361 2440 417 raret,
2462 360 2518 405 et
2544 351 2614 406 ob
2637 351 2813 406 hocse
2827 359 3141 406 cessaretur
3161 366 3230 403 on
3269 365 3297 404 s
3324 348 3580 404 Ecclesiae
3604 363 3718 404 sua:
3735 349 3891 404 ferre

576 450 830 503 matizare
846 449 1151 504 thesaurum
1185 445 1406 502 Joannis
1444 453 1502 500 et
1541 443 1845 499 reconditas
1876 441 1994 512 ejus
2041 443 2178 498 divi-

578 539 716 593 tias?
747 545 825 592 An
865 551 917 592 et
939 539 1050 607 ipsa
1089 546 1326 591 statuere
1373 535 1582 599 debuit,
1613 544 1670 589 et
1711 535 1918 598 dicere,
1968 536 2014 588 si
2057 534 2177 604 quis

578 629 918 685 Theodorum
956 611 1067 683 non
1115 628 1573 695 auathetnatizat,
1605 625 1890 680 anathema
1932 626 2042 678 sit?
2072 624 2180 680 Sed

577 731 758 772 nonne
783 716 972 772 melius
993 725 1098 782 est,
1124 727 1180 772 ιιι
1201 717 1266 772 de
1284 716 1494 770 caeteris
1517 715 1766 770 Patribus
1799 724 2026 776 taceam,
2049 727 2180 769 ana-

577 811 754 864 thema
778 824 907 864 cum
944 809 1151 865 Joanne
1190 809 1401 872 audire,
1441 823 1600 878 quam
1645 806 1839 862 Joanni
1894 805 2180 863 anathema

568 899 800 958 dicere?
830 900 886 954 Si
916 899 1056 954 enim
1087 901 1372 955 anathema
1401 908 1484 955 est
1522 897 1611 967 qui
1642 896 1988 952 Theodorum
2022 894 2180 962 Mop-

578 992 791 1045 suestia:
823 1006 926 1044 non
955 990 1084 1046 dicit
1111 992 1420 1054 anathema,
1461 989 1622 1044 etiam
1651 987 1886 1042 Joannes
1916 984 2184 1040 Constan-

581 1081 948 1150 tinopolitanae
964 1083 1294 1136 clarissimus
1315 1081 1538 1134 antistes
1553 1079 1802 1135 Ecclesia:
1817 1088 1882 1132 et
1900 1075 2183 1132 confossor
2215 1100 2222 1107 -

583 1169 910 1227 fortissimus
933 1172 1200 1250 veritatis,
1230 1170 1516 1224 anathema
1546 1176 1652 1234 est,
1675 1168 1766 1237 qui
1803 1167 1896 1222 tali
1921 1167 2183 1224 thesauro

581 1273 634 1319 et
669 1265 959 1318 reconditis
991 1265 1192 1319 divitiis
1217 1277 1352 1331 quas
1386 1261 1725 1330 Mopsuestia:
1757 1261 1808 1312 in
1836 1257 2022 1314 Cilicia
2061 1271 2186 1324 pos-

582 1355 814 1421 sitiebat,
853 1371 960 1410 non
1001 1357 1132 1411 dicit
1161 1355 1468 1410 anathema.
1517 1353 1714 1408 Verum
1763 1365 1938 1422 neque
1978 1350 2058 1404 vir
2092 1349 2187 1405 ille

584 1447 761 1514 magni
793 1447 1046 1515 ponderis
1069 1456 1123 1500 et
1145 1460 1330 1515 exspet
1344 1453 1469 1500 tata:
1490 1459 1706 1514 semper
1727 1443 2063 1497 auctoritatis
2084 1456 2184 1494 no-

585 1539 667 1594 bis
689 1541 862 1594 deerit
890 1543 943 1595 in
985 1541 1352 1596 defensionem
1381 1553 1588 1608 magna:
1617 1537 1809 1608 synodi
1846 1551 1966 1606 qua:
1993 1537 2062 1590 ab
2094 1535 2183 1591 Iba

585 1634 839 1702 cp‘scopo
885 1644 992 1685 non
1045 1631 1226 1701 exegit
1277 1639 1334 1684 ιιι
1376 1628 1720 1686 Theodorum
1747 1627 2182 1696 Mopsuestenum

2277 456 2390 496 non
2423 457 2600 511 posse,
2630 458 2806 511 neque
2835 442 3231 512 Apolinarianis
3283 455 3500 510 gregem
3537 441 3632 496 Dei
3664 451 3893 495 vastam

2284 534 2446 602 tibus,
2474 550 2570 603 pro
2596 536 2782 591 eadem
2813 539 3028 606 gemina
3057 535 3332 590 debilitate
3361 535 3635 600 resistere,
3667 535 3894 603 episco-

2287 634 2443 691 patus
2473 639 2654 680 curam
2685 626 3050 694 depositurus,
3076 633 3140 680 et
3169 627 3355 679 relicta
3383 638 3482 678 sua
3512 624 3732 678 civitate
3759 639 3892 681 cum

2285 715 2563 770 monachis
2593 716 2658 770 ein
2692 731 2815 771 rure
2845 718 3104 782 vieturus,
3139 715 3230 770 ubi
3255 717 3418 770 etiam
3459 713 3742 770 defunctus
3769 725 3890 778 est,

2284 807 2626 862 Theodorum
2659 815 2768 860 toto
2799 807 3019 862 Oriente
3058 806 3108 860 iu
3139 806 3510 863 defensionem
3540 813 3596 860 et
3619 805 3893 860 visitatio-

2284 915 2408 956 nem
2432 900 2671 968 ejusdem
2693 899 2950 956 Ecclesite
2969 915 3082 955 sua:
3105 901 3330 969 delegit;
3361 915 3466 956 non
3487 898 3638 955 aliud
3651 899 3910 968 caputil-

2285 995 2390 1049 lam
2437 994 2764 1062 provinciam
2816 993 3014 1048 habere
3079 992 3416 1058 testificatus,
3463 991 3627 1061 cujus
3674 991 3893 1060 tingit..-

2285 1095 2370 1139 ret
2399 1085 2680 1140 auxilium.
2713 1084 2803 1139 Sic
2823 1086 2969 1139 cratim
3001 1088 3048 1140 el
3079 1086 3278 1143 iterum
3308 1085 3496 1140 scribit
3529 1101 3544 1140 :
3579 1102 3599 1135 α
3646 1083 3891 1152 Tempus

2285 1176 2418 1231 mihi
2442 1184 2526 1231 est
2551 1175 2676 1230 illud
2709 1175 3006 1245 Scriptura:
3030 1175 3234 1241 dicere,
3253 1175 3333 1230 Ad
3361 1189 3517 1240 quem
3539 1172 3888 1229 vociferabor

2286 1267 2394 1323 vim
2447 1265 2701 1336 patiens?
2727 1266 2848 1336 quis
2873 1265 3001 1320 mihi
3044 1266 3286 1335 porrigat
3326 1278 3542 1318 manum
3580 1277 3846 1333 oppresso
3866 1263 3891 1314 τ

2285 1356 2352 1410 ad
2382 1371 2540 1434 quem
2571 1354 2780 1425 pondus
2804 1355 3057 1410 Ecclesia:
3084 1360 3334 1409 transeat
3357 1363 3463 1408 tam
3494 1353 3636 1407 male
3651 1352 3890 1422 jacentis

2284 1463 2349 1503 ac
2377 1447 2692 1505 dissolutae?
2713 1445 2994 1504 Testificor
3013 1460 3204 1501 coram
3239 1445 3350 1500 Deo
3371 1455 3429 1500 et
3442 1443 3638 1502 electis
3659 1444 3890 1514 angelis,

2285 1541 2538 1609 quoniam
2569 1553 2672 1594 non
2699 1540 2843 1608 justa
2871 1540 3070 1608 patitur
3100 1537 3196 1602 Dei
3233 1553 3364 1606 grex
3396 1537 3519 1594 sine
3547 1549 3767 1604 pastore
3790 1536 3890 1592 thr-

2283 1643 2442 1698 gens,
2471 1637 2528 1684 et
2553 1629 2672 1684 sine
2713 1627 2990 1684 visitatore
3038 1637 3258 1698 propter
3301 1634 3573 1694 torporem
3617 1636 3892 1680 nostrum.

585 1722 992 1791 ctndetnnaret,
1027 1739 1148 1778 cum
1175 1723 1291 1793 ejus
1328 1721 1552 1792 epistola
1581 1721 1794 1777 recitari
1850 1720 2035 1775 laudes
2065 1719 2183 1789 ejus
2212 1723 2261 1783 Β
2289 1723 2372 1777 Me
2395 1722 2538 1776 enim
2563 1720 2830 1790 aegritudo
2855 1719 3153 1787 detinet,et
3171 1718 3329 1778 citius
3357 1718 3579 1775 abduxit
3607 1719 3678 1772 ab
3707 1720 3891 1776 eccle-

586 1817 816 1874 uudiret.
847 1817 1001 1872 Adsit
1034 1818 1197 1888 igitur
1224 1819 1384 1873 etiam
1436 1818 1622 1872 beatus
1652 1817 1942 1885 Gregorius
1960 1813 2190 1868 Nazian-

589 1923 778 1974 zenus,
812 1911 1222 1964 temerariorum
1262 1918 1317 1964 et
1355 1909 1472 1980 ipse
1517 1910 1721 1962 crimen
1765 1917 2020 1962 aucturus
2049 1944 2067 1973 ,
2097 1905 2189 1975 qui

590 1998 876 2054 Theodoro
915 1998 1092 2054 adhuc
1114 1999 1298 2066 juveni
1337 2013 1404 2055 ac
1445 1999 1654 2056 novello
1689 1999 1766 2054 ita
1811 1998 2016 2066 scribit,
2073 1997 2190 2067 ejus

591 2090 910 2159 perlectioni
935 2093 1350 2160 congratularis:
1377 2109 1400 2144 ι
1437 2091 1746 2151 Dilectionis
1769 2090 1977 2146 indiciis
2008 2089 2190 2148 delec-

591 2191 770 2236 tamur
797 2193 820 2220 α
839 2225 856 2250 ,
896 2185 1160 2254 praecipue
1190 2185 1243 2240 in
1290 2185 1382 2239 tali
1422 2193 1684 2254 tempore,
1715 2192 1771 2240 et
1796 2199 1825 2238 a
1853 2183 1949 2238 tali
1979 2181 2191 2238 novello

591 2273 942 2342 simulatque
987 2275 1248 2344 perfecto,
1297 2285 1372 2341 et,
1416 2284 1474 2330 ut
1501 2283 1553 2330 te
1583 2290 1646 2330 ex
1691 2274 1775 2330 his
1822 2289 1943 2344 qua:
1989 2281 2188 2328 saneta:

591 2364 882 2434 Scriptura:
925 2375 1053 2421 sunt
1077 2367 1402 2435 amplectar,
1431 2369 1722 2421 constituto
1749 2380 1912 2435 super
1933 2364 2186 2435 juventu-

595 2466 724 2513 tem.
749 2457 840 2512 Sic
863 2461 1008 2512 enim
1036 2468 1190 2514 vocat
1215 2459 1302 2513 illa
1325 2473 1418 2513 eos
1447 2458 1540 2527 qui
1565 2459 1838 2523 intellectu
1864 2466 2075 2512 aetatem
2095 2471 2192 2514 ex-

592 2549 812 2605 cedunt.
844 2551 909 2604 lit
931 2561 1141 2615 veteres
1163 2550 1378 2619 quidem
1407 2562 1589 2620 patres
1613 2563 1787 2604 rorem
1809 2548 1936 2602 cmli
1965 2555 2020 2602 et
2045 2549 2194 2604 uber-

595 2651 760 2698 tatem
793 2653 974 2708 terrte,
1006 2656 1129 2698 eum
1169 2645 1380 2698 caeteris
1409 2643 1531 2699 aliis
1558 2641 1781 2698 concedi
1825 2640 1951 2695 ﬁliis
1993 2640 2191 2709 depre-

594 2747 805 2802 cantur,
825 2736 929 2790 nisi
947 2736 1034 2790 cui
1055 2736 1284 2790 amabile
1307 2743 1392 2790 est
1414 2737 1530 2790 haec
1553 2737 1664 2804 ipSa
1689 2734 1847 2790 altius
1869 2733 2191 2802 intelligere,

601 2844 702 2884 nos
721 2838 899 2884 autem
918 2829 1232 2900 spiritaliter
1253 2829 1432 2884 omnia
1457 2829 1549 2882 tibi
1574 2827 1942 2896 rependinttts.
1963 2825 2195 2893 Impleat

595 2921 856 2976 Dominus
887 2935 1074 2978 omnes
1105 2920 1386 2990 petitiones
1418 2931 1536 2974 tuas
1555 2958 1572 2985 ,
1601 2928 1657 2974 ct
1687 2918 1785 2972 fias
1841 2918 2025 2973 talium
2058 2916 2195 2970 liliu-

595 3027 714 3068 rum
740 3024 887 3080 pater
910 3012 1183 3084 (quoniam
1215 3011 1432 3082 quidem
1464 3021 1675 3080 oportet
1699 3010 2020 3078 compendio
2042 3008 2193 3063 etfa-

596 3104 878 3166 miliariter
903 3120 1062 3158 orare
1082 3120 1179 3173 pro
1208 3105 1282 3175 te)
1311 3103 1525 3173 qualem
1556 3113 1606 3158 te
1635 3102 2025 3158 demonstreris
2051 3103 2068 3133 ί
2099 3117 2196 3171 pa-
2224 3090 2270 3152 C

596 3193 769 3248 tribus
801 3195 922 3260 luis,
954 3205 1011 3246 ιιι
1036 3197 1088 3247 in
1112 3195 1318 3250 ctetcris
1346 3209 1445 3248 nos
1466 3195 1628 3249 etiam
1665 3193 1803 3249 dcte
1823 3194 2139 3263 gloriemur.
2173 3212 2191 3245 ι

598 3283 880 3348 Quomodo
910 3285 1088 3354 itaque
1119 3285 1356 3355 synodus
1384 3296 1566 3341 sancta
1591 3285 1844 3354 culpatur
1873 3282 1994 3355 quia
2023 3284 2200 3340 Theo-

599 3373 788 3426 dorum
817 3387 924 3426 non
963 3374 1258 3440 damnavit,
1297 3388 1630 3444 cognoscens
1661 3382 1891 3444 quantus
1939 3373 2115 3429 adhuc
2165 3391 2197 3429 a

600 3475 800 3534 quanto
826 3466 939 3520 viro
971 3467 1035 3520 de
1065 3468 1392 3534 perfectione
1425 3467 1671 3523 laudatus
1691 3476 1793 3533 est,
1829 3469 1878 3522 id
1909 3479 1991 3524 est
2023 3470 2198 3525 novel-

601 3555 682 3610 lus
703 3572 730 3609 a
756 3557 1012 3628 Gregorio
1046 3557 1405 3625 Nazianzeno,
1431 3557 1503 3612 ita
1522 3568 1578 3613 ιιι
1598 3559 1871 3614 intellectu
1893 3560 2198 3616 excessisse

605 3649 875 3703 diceretur
921 3659 1157 3718 artalcm,
1209 3665 1370 3720 s::pra
1403 3650 1739 3721 juventu'em
1771 3666 1923 3706 suam
1953 3653 2198 3706 sublimi-

601 3749 710 3795 tate
755 3741 1034 3810 sapientia:
1086 3743 1449 3797 constitutus?
1477 3742 1739 3812 Quodque
1776 3743 1945 3810 magis
1985 3752 2193 3812 gratum

602 3840 686 3885 est
709 3845 772 3885 ac
789 3830 1106 3901 jucundum,
1130 3849 1251 3886 cum
1281 3831 1507 3886 scientia
1529 3844 1673 3886 esset
1697 3833 1968 3897 excelsus,
1993 3844 2192 3889 tantam

604 3923 962 3977 humilitatem
987 3938 1050 3977 ac
1065 3925 1418 3978 reverentiam
1442 3924 1687 3978 exhibuit
1709 3925 1970 3993 patribus,
2004 3935 2058 3978 ut
2083 3925 2198 3980 haec

600 4014 648 4067 ci
675 4013 977 4068 benedictio
1005 4029 1101 4083 pro
1132 4013 1324 4068 talibus
1355 4013 1562 4068 meritis
1601 4030 1631 4068 a
1660 4013 1920 4084 Gregorio
1943 4015 2198 4071 reddere-

602 4116 712 4170 tur,
756 4119 851 4173 per
879 4119 1037 4173 quam
1081 4104 1215 4159 tales
1247 4105 1469 4160 haberet
1515 4105 1654 4160 filios
1691 4107 1903 4174 qualem
1947 4121 2006 4161 se
2037 4106 2200 4175 patri-

605 4201 705 4252 bus
748 4196 1054 4252 exhibebat.
1085 4199 1256 4262 Quam
1303 4197 1735 4252 benedictionem
1778 4199 1823 4252 si
1860 4198 2110 4269 religiose
2139 4213 2201 4254 ac

603 4292 690 4361 pie
720 4292 809 4344 illa
840 4291 1078 4361 synodus
1109 4304 1212 4343 non
1243 4290 1473 4344 credidit
1499 4305 1619 4344 esse
1648 4290 1977 4356 frustratum,
2001 4293 2200 4346 idcirco

607 4384 749 4435 velut
773 4381 932 4449 impia
959 4389 1012 4434 ct
1029 4383 1246 4449 profana
1271 4381 1578 4436 frustratur.
1597 4382 1701 4438 Sed
1725 4383 1790 4436 ad
1815 4383 2013 4435 aliam’
2039 4394 2202 4437 trans-

2291 1816 2395 1883 sia,
2425 1829 2568 1869 nunc
2617 1813 2837 1874 omnino
2863 1822 3104 1870 extrema
3147 1821 3454 1882 sperantem
3479 1810 3510 1844 ι³
3533 1852 3550 1878 ,
3579 1821 3638 1867 et
3661 1814 3894 1880 amplius

2289 1908 2454 1964 rebus
2484 1909 2622 1976 ipsis
2649 1908 2928 1964 afﬂictum.
2969 1907 3027 1962 Si
3059 1907 3278 1975 quidem
3305 1905 3454 1960 aliud
3477 1912 3640 1973 caput
3669 1904 3900 1961 haberet

2294 2001 2590 2070 provincia,
2646 2001 2712 2056 ad
2753 2000 2884 2056 illud
2923 2007 3198 2068 otior-teret
3233 1999 3464 2054 clamare
3484 2009 3544 2054 et
3570 2000 3893 2053 contestari.

2293 2093 2408 2150 Tua
2431 2108 2563 2149 vero
2591 2093 2894 2152 reverentia
2930 2093 3294 2161 superposita,
3323 2091 3392 2146 ad
3417 2101 3469 2146 te
3495 2091 3786 2147 attendere
3811 2107 3896 2146 ne-

2286 2195 2559 2244 cesse-est.
2583 2185 2781 2244 Curam
2800 2187 2999 2242 habeas
3022 2195 3126 2241 tua:
3157 2185 3411 2244 Ecclesiae
3433 2185 3626 2253 quovis
3641 2183 3828 2247 modo,
3841 2193 3896 2240 et

2297 2294 2407 2335 non
2437 2293 2559 2334 eam
2599 2278 2870 2348 despicias
2913 2277 3131 2348 indigne
3175 2284 3444 2346 agentem.
3498 2274 3570 2331 Ut
3614 2273 3764 2329 enim
3794 2274 3895 2329 alia

2297 2368 2734 2439 prmtertnittam,
2765 2367 2942 2435 qualia
2962 2380 3114 2428 nunc
3153 2367 3494 2435 insurgentes
3525 2363 3894 2434 Apolittariani

2291 2459 2470 2527 aliqua
2498 2457 2716 2526 quidem
2742 2455 3010 2523 fecerunt,
3037 2456 3145 2512 alia
3173 2470 3301 2512 vero
3329 2455 3621 2521 minantur,
3654 2470 3684 2510 a
3714 2454 3897 2509 domi-

2295 2550 2378 2604 nis
2415 2549 2552 2602 meis
2590 2556 2643 2603 ct
2677 2547 3138 2617 compresbyteris
3193 2547 3368 2602 disces
3393 2585 3411 2614 ,
3453 2547 3666 2602 Eulalio
3704 2547 3895 2614 coepi-

2294 2659 2460 2713 scopo
2480 2642 2786 2706 etEleusio,
2805 2656 2942 2710 quos
2965 2641 3239 2710 impendio
3264 2641 3331 2695 ad
3357 2651 3496 2695 tuam
3522 2641 3887 2695 reverentiam

2295 2737 2560 2790 misimus.
2591 2733 2658 2788 Et
2685 2727 2800 2788 haéc
2828 2734 3188 2802 comprimere
3217 2748 3322 2790 non
3350 2741 3435 2788 est
3460 2741 3661 2788 nostra:
3689 2733 3894 2794 aetatis,

2295 2827 2392 2883 sed
2427 2837 2546 2881 tua:
2596 2825 2896 2894 prudentia:
2951 2837 3164 2894 tuzeque
3209 2825 3420 2880 virtutis
3438 2843 3457 2880 -.
3503 2823 3756 2894 quoniam
3804 2824 3898 2882 tibi

2296 2933 2418 2972 cum
2449 2918 2570 2972 aliis
2596 2915 2906 2974 facultatem
2929 2916 3150 2971 donavit
3170 2915 3312 2970 Deus
3342 2916 3407 2969 ad
3429 2930 3778 2970 communem
3800 2917 3897 2971 de—

2297 3011 2595 3066 fensionem
2630 3010 2907 3066 Ecclesiae.
2935 3009 2992 3066 Si
3012 3018 3194 3064 autem
3222 3009 3337 3064 ha:c
3367 3009 3553 3064 dicens
3573 3021 3627 3064 et
3648 3009 3898 3066 scribens

2303 3119 2406 3160 non
2433 3103 2642 3170 audiar,
2674 3103 2814 3172 quod
2845 3110 3012 3158 restat
3039 3105 3216 3158 solum
3250 3104 3352 3157 hoc
3375 3105 3486 3168 lict,
3511 3103 3722 3172 publice
3757 3119 3898 3169 pra:-

2302 3198 2485 3253 dicare
2513 3198 2763 3252 omnibus
2784 3205 2840 3252 ct
2868 3188 3056 3255 notum
3084 3195 3287 3262 facere,
3315 3198 3439 3264 quia
3466 3196 3722 3265 episc0po
3743 3195 3894 3251 indi-

2301 3298 2390 3360 get
2430 3287 2695 3353 Ecclesia,
2737 3303 2808 3342 ne
2841 3297 3057 3357 prepter
3083 3303 3260 3342 meum
3303 3288 3668 3343 infirmitatem
3700 3289 3899 3344 tunda-

2303 3393 2388 3438 tur
2417 3382 2457 3438 ’⁵.
2488 3383 2564 3438 De
2615 3390 2815 3438 ca:tero
2845 3396 2942 3436 vos
2971 3381 3233 3437 videritis.
3275 3401 3294 3434 ι
3325 3384 3368 3436 0
3399 3397 3558 3451 quam
3584 3381 3743 3436 fortia
3763 3390 3894 3436 sunt

2301 3487 2356 3531 et
2386 3475 2586 3531 invicta
2613 3474 2880 3545 justorum
2900 3472 3560 3538 merita,clementissime
3584 3475 3901 3542 imperator,

2300 3583 2422 3635 qua:
2455 3575 2602 3620 tanto
2630 3571 2833 3622 certius
2860 3573 2916 3621 et
2943 3565 3250 3620 evidentius
3275 3565 3633 3621 ostenduntur
3654 3566 3900 3634 superati

2300 3675 2408 3714 non
2440 3673 2622 3726 posse,
2652 3668 2853 3727 quanto
2883 3658 3174 3712 studiosius
3203 3666 3258 3712 et
3289 3657 3664 3713 vehementius
3702 3660 3901 3725 fuerint

2302 3750 2543 3819 impetita
2576 3751 2589 3804 l
2622 3751 2753 3804 Nam
2795 3752 3216 3821 quotusquisque
3253 3752 3392 3807 scire
3419 3761 3603 3821 posset
3638 3762 3731 3806 aut
3754 3768 3901 3821 qua:-

2303 3859 2422 3898 rcre
2461 3853 2538 3898 tot
2586 3844 3029 3914 inexpugnabilia
3078 3859 3176 3914 pro
3227 3845 3495 3899 sententia
3550 3845 3770 3900 Patrum
3812 3847 3901 3916 qui

2301 3935 2640 3990 Chalcedona
2671 3945 3051 4005 convenerant,
3098 3937 3432 4004 testimonia,
3479 3937 3581 3992 nisi
3635 3953 3902 4006 provoca-

2302 4037 2388 4083 ιηιι
2415 4028 2710 4082 adversitas
2739 4029 2762 4083 ?
2790 4029 2852 4082 Et
2883 4029 3005 4084 ideo
3037 4045 3142 4083 non
3171 4030 3344 4085 solum
3389 4031 3673 4099 patienter,
3713 4046 3902 4086 verum

2303 4120 2464 4174 etiam
2498 4129 2772 4189 gratanter
2808 4121 3150 4188 suscipienda
3187 4120 3319 4176 mihi
3361 4121 3590 4175 videtur.
3622 4120 3758 4175 Nam
3788 4122 3902 4176 cIa-

2307 4211 2500 4267 riorem
2531 4227 2753 4281 semper
2771 4211 2940 4267 efﬁcit
2965 4221 3268 4267 sanctorum
3302 4213 3584 4282 justitiam,
3626 4212 3756 4265 dum
3801 4213 3902 4268 ob-

2308 4317 2528 4355 St-urare
2551 4302 2844 4356 contendit.
2895 4307 2974 4356 An
3022 4318 3127 4357 non
3172 4304 3396 4371 ampliu‘
3428 4303 3637 4357 illorum
3684 4304 3903 4359 Patrum

2304 4395 2508 4461 justitia
2554 4396 2886 4460 declaratur,
2945 4412 3065 4450 cum
3118 4396 3471 4451 ostenduntur
3510 4397 3732 4452 Joannis
3772 4394 3921 4452 Con-

604 4486 791 4527 eztmus
830 4473 1111 4541 epistolam
1165 4472 1216 4527 δ.
1259 4473 1499 4544 Namque
1541 4490 1662 4529 cum
1715 4485 1873 4530 actate
1927 4476 2193 4532 confectus

2314 4487 2769 4552 stantinopnlitani
2783 4499 2835 4542 et
2852 4488 3092 4558 Gregorii
3115 4487 3432 4543 N.iz.anzeni
3451 4491 3762 4545 teszitnonio
3784 4504 3905 4545 crc-

607 4563 748 4619 idcm
775 4563 961 4618 beatus
983 4564 1272 4634 Gregorius
1292 4566 1445 4635 longa
1470 4581 1681 4636 quoque
1707 4568 2025 4638 aegritudine
2054 4570 2206 4626 labo-

677 4729 704 4794 ξ
733 4717 953 4792 ’Δαγὰπης
1005 4720 1281 4794 συμϐόλοις
1318 4719 1577 4794 eaepse“,
1602 4722 1690 4778 Sic
1737 4725 1878 4778 enim
1911 4725 2195 4794 lcgemlmn

604 4791 845 4864 videtur,
873 4808 976 4864 ιιιιιι
1007 4791 1332 4864 συμϐούλοις.
1371 4791 1515 4860 apud
1543 4791 1858 4861 Gregorium
1884 4791 2041 4864 epist.
2070 4799 2198 4864 219,

604 4873 662 4936 et
693 4878 806 4918 ..ιιιυ
833 4861 934 4936 hoc
954 4861 1082 4936 loco
1110 4862 1426 4936 desudatur
1478 4864 1551 4936 20
1577 4880 1696 4916 cum
1730 4861 1940 4936 duabus
1963 4861 2196 4936 sequuti;

605 4933 1104 5008 tibuslsitnplu-‘em
1149 4933 1601 5008 liliiillIlAtlmlilflll
1631 4934 1938 5008 ῑγΘξοδὼρῳ.
2087 4940 2203 5008 epi-

604 5002 744 5079 stula
890 4991 1177 5079 p'ltﬂlitil‘eell
1201 5002 1471 5079 εΘεοδὼρῳ
1494 5007 1758 5075 ἐπισκόπῳ
1783 4991 2007 5079 Τηλὰίνων,
2027 4991 2201 5062 Τὴὲό-

607 5074 734 5144 dero
763 5074 997 5142 episcopo
1043 5072 1338 5142 Tyanmum
1358 5090 1377 5138 ;
1400 5072 1471 5127 'ad
1504 5090 1659 5142 quem
1709 5072 1977 5144 pertinere
2003 5095 2192 5135 omnes

603 5143 913 5216 conjectura
945 5153 1046 5208 est,
1081 5147 1149 5216 de
1174 5157 1275 5216 qua
1301 5160 1420 5196 mox
1453 5146 1645 5202 dicam.

680 5213 814 5288 b'Ea
865 5223 948 5267 est
995 5214 1163 5288 apud“
1186 5213 1498 5288 Gregorium
1560 5215 1932 5288 numeroBS.
1968 5236 2088 5288 qua:
2133 5220 2185 5275 in

608 5281 810 5357 Graecis
855 5283 1251 5357 exemplaribus
1277 5281 1564 5357 ‘Avmopp,
1597 5286 1770 5357 sedirin
1803 5281 2003 5344 Latinis
2049 5303 2194 5346 reete

607 5355 940 5426 inscripta_e
973 5364 1020 5420 t,
1058 5353 1339 5426 Theodoro
1396 5353 1633 5426 episcopo
1691 5355 1971 5426 Tyanenst'.
2015 5361 2194 5426 Quare

609 5425 807 5500 fallitur
858 5422 1168 5500 ῐξειειιιιάιιε.
1203 5427 1315 5500 qui
1347 5426 1411 5478 ad
1461 5422 1890 5500 Mopsuestenum
1937 5422 2192 5500 scriptam

613 5494 838 5562 ptltatil.
870 5493 1080 5564 Scripta
1111 5504 1193 5550 est
1233 5497 1374 5552 enim
1428 5497 1495 5552 ad
1553 5493 2020 5570 metropolitanum
2048 5493 2193 5572 'ejus

684 5655 699 5689 '
735 5652 867 5710 Cod.
903 5657 1122 5722 Verum,
1155 5660 1489 5714 demonstras.

651 5795 654 5799 _
680 5725 703 5758 ⁸
729 5727 876 5780 ldctn
910 5730 1054 5792 ctid.,
1085 5728 1238 5784 aliam
1270 5735 1398 5793 ejus.

2315 4578 2515 4633 didisse
2570 4580 2759 4650 magis,
2803 4595 2962 4649 quam
2992 4596 3177 4634 eorum
3219 4581 3309 4650 qui
3359 4581 3613 4636 volebant
3654 4581 3904 4650 quredatn

2309 4733 2596 4799 provincia:
2625 4734 2676 4786 in
2710 4750 2808 4802 qua
2843 4745 2954 4805 erat
2987 4735 3315 4799 Nazianzus,
3351 4747 3408 4790 ut
3447 4734 3688 4805 cpistola:
3737 4737 3904 4793 verba

2308 4807 2596 4880 declarant.
2633 4810 2688 4858 Εἰ
2714 4801 2941 4880 μὲνλοῦν,
2972 4809 3173 4880 ing-till,
3194 4805 3340 4866 ἄλλην
3367 4801 3714 4880 τινὰ-κεφαλήν
3760 4806 3906 4880 εἶχεν

2307 4876 2338 4931 ἡ
2365 4877 2615 4954 ἑπξςρχὶα,
2644 4877 2996 4954 πρξςιέκεξνην
3022 4875 3122 4932 ἔδει
3145 4879 3268 4950 βοᾷν
3297 4882 3380 4954 acati
3433 4875 3901 4954 διαμάρτύρασὲἆι·

2308 4953 2398 5003 τῆς·
2422 4945 2473 5000 δέ
2497 4953 2586 5004 σῆς
2608 4945 2866 5022 ags-«Gaia;
2883 4945 3411 5022 ὑπερκειμένηᾷπρός
3435 4949 3491 5004 σὲ
3515 4945 3718 5020 βλὲπείν
3743 4955 3903 5021 amr

2309 5025 2469 5088 καξον.
2525 5022 2592 5070 At
2639 5016 2932 5070 Nazianzus
2981 5016 3233 5088 oppidum
3281 5016 3376 5073 fuit.
3421 5016 3779 5087 Cappadociae
3806 5016 3891 5078 11⁷,

2303 5085 2455 5160 cujus
2509 5088 2821 5160 metropolis
2864 5085 3069 5160 Tyana;
3124 5089 3395 5144 Hierocles
3425 5091 3473 5143 in
3503 5085 3851 5159 S’ynecdento
3883 5132 3898 5151 ,

2296 5154 2556 5229 Ἐπαρχία
2578 5154 2939 5231 ιιαππαδοζίαξ
3055 5161 3155 5215 ύπό
3177 5163 3411 5231 ἡγεμόνα.
3436 5154 3597 5222 mihi;
3619 5161 3682 5220 η’.
3707 5164 3904 5224 Τύανα,

2298 5227 2753 5306 fever-immtatis,
2797 5227 3076 5306 ﬁoétarpat.
3113 5227 3413 5296 δἀζὶοίνζός,
3441 5236 3655 5302 Σὰσιμα,
3677 5245 3788 5284 etc.
3823 5233 3902 5306 ᾼιί

2301 5297 2639 5376 'l'heodurum
2680 5314 2807 5365 ergo
2840 5297 3163 5376 l‘yaaeusem
3194 5297 3690 5376 pertineret-istoin,
3736 5312 3794 5355 ιιι
3815 5302 3902 5354 ,Ιιι-

2307 5381 2333 5420 s
2361 5369 2568 5423 inianus
2593 5387 2805 5444 quoque
2838 5369 2905 5444 iri
2940 5372 3124 5425 Edicto
3173 5383 3226 5425 et
3265 5369 3499 5444 synodus
3533 5390 3559 5424 v
3589 5377 3902 5439 observant,

2307 5451 2491 5492 contra
2519 5456 2614 5495 eos
2641 5443 2728 5509 qui
2766 5444 2831 5494 ad
2861 5441 3646 5511 Mopsuesteutttureferebant.

2383 5663 2404 5693 ³
2432 5664 2570 5718 Idem
2601 5665 2749 5730 θυεμ,
2783 5667 3076 5732 ερίηιηιιίιι.

2385 5737 2402 5762 ⁸
2430 5735 2569 5791 idem
2597 5742 2742 5800 ωδ..
2779 5740 3016 5792 ιἰυτίιιιιιῖ.
