4114 6548
314 383 410 439 1οΊ

1166 379 1296 435 PR')
1339 378 1769 436 DEFENSIONE
1810 378 2029 435 TRIUM
2072 376 2390 435 CAtPlTlJL.
2433 375 2562 431 LIB.
2605 375 2742 432 Vill.

3495 381 3600 435 ἨΟ

310 496 576 553 Theodori
598 496 827 566 capitula
850 496 1218 561 condemnari,
1243 498 1580 551 occasionem
1608 496 1885 562 facientes,
1922 502 1964 559 Α
1989 493 2246 565 ju’licium
2268 493 2456 564 synodi
2472 492 2928 547 Chalcedonensis
2948 490 3209 549 damnare
3224 493 3597 563 Theodorum,

303 590 446 643 sicut
462 591 649 642 beatus
676 588 904 658 Cyrinus
923 590 1024 653 ait,
1049 589 1324 649 contrario
1355 589 1588 656 dogmati
1616 603 1721 657 quo
1754 596 1901 642 teneo

308 683 527 737 bantur?
558 683 673 737 Non
699 699 828 752 t3th
856 682 1167 736 damnabile
1187 682 1456 750 jndicctnr
1486 698 1589 735 non
1619 683 1903 736 damnasse

312 773 676 837 Theodorum,
703 792 861 843 quem
890 775 1161 842 singulare
1181 776 1343 829 tutius
1369 784 1533 843 caput
1564 778 1579 806 ⁸
1612 774 1903 844 Gregorius

311 867 593 937 judicavit,
626 879 676 920 et
706 868 795 921 cui
834 881 1050 936 gregem
1084 869 1177 923 Dei
1217 884 1317 923 suo
1347 871 1594 938 regimini
1637 869 1901 923 creditum

311 961 616 1028 dereliquit.
632 957 926 1029 Gregorius
940 975 1154 1014 manum
1170 962 1272 1015 sibi
1292 962 1409 1030 ejus
1423 963 1621 1031 porrigi
1637 962 1903 1017 adversus

314 1050 1029 1120 htereticosApollinarianos
1075 1050 1356 1121 ﬂagitavit,
1392 1054 1685 1107 testillcans
1721 1068 1902 1107 coram

314 1142 423 1196 Deo
448 1150 503 1196 et
551 1141 737 1196 electis
776 1142 1004 1210 angelis,
1036 1145 1178 1211 quod
1207 1157 1267 1197 se
1312 1143 1631 1211 egritudinis
1684 1154 1903 1212 torpore

314 1234 550 1294 detento,
584 1232 781 1286 Christi
805 1247 939 1301 grex
971 1233 1294 1286 visitationis
1321 1233 1437 1301 ejus
1469 1233 1733 1302 indigeret
1752 1234 1899 1288 auxi-

314 1326 408 1389 lio,
438 1332 493 1379 et
522 1323 643 1377 talis
675 1339 793 1391 qua:
818 1326 835 1353 ⁸
862 1324 1017 1391 culpa
1049 1333 1131 1377 est
1155 1325 1175 1375 ἰ)
1203 1323 1452 1393 Synodus
1474 1340 1595 1377 eum
1627 1340 1731 1378 non
1770 1339 1905 1377 mn-

315 1418 553 1476 denmat,
585 1426 639 1468 et
665 1415 787 1468 hinc
810 1425 1029 1484 putatur
1059 1416 1333 1469 haeretica.
1363 1417 1455 1468 Ille
1483 1416 1768 1469 Theodoro
1793 1431 1910 1482 pru-

316 1510 546 1561 dentiam
585 1506 862 1575 deputavit
903 1516 1063 1576 atque
1093 1507 1367 1561 virtutem.
1399 1517 1453 1561 et
1485 1522 1582 1561 nec
1610 1510 1743 1560 levis
1782 1509 1907 1561 inde

317 1597 648 1667 querimonia
670 1606 1077 1651 commovetur:
1111 1606 1164 1649 et
1194 1596 1620 1651 Cltalcedoneosi
1652 1596 1902 1661 conciiio,

317 1690 497 1759 papze!
528 1687 548 1720 ³
571 1688 710 1758 quod
733 1688 784 1742 ei
808 1703 912 1741 non
930 1687 1634 1758 ascripsitimprndcntiam,
1661 1697 1806 1741 tanta
1836 1689 1907 1743 in-

312 1782 455 1837 vidia
503 1782 816 1836 suscitatur.
854 1780 963 1836 Sed
994 1782 1233 1850 nunquid
1280 1790 1333 1836 et
1358 1780 1650 1852 Gregorius
1680 1780 1908 1835 Nazian-

2007 588 2414 643 'lltcodorianos
2446 598 2659 653 vocant,
2686 595 2742 640 nt
2776 587 2875 640 bac
2902 588 3224 642 contumelia
3250 599 3599 645 memoratam
3638 644 3641 647 ,

2007 681 2294 752 synodum,
2321 680 2412 733 ubi
2441 695 2561 733 cum
2600 679 2785 732 laudes
2829 678 2948 748 ejus
2995 678 3351 734 recitarentur
3382 681 3599 734 damna-

2006 783 2092 827 tus
2124 789 2228 826 non
2258 782 2361 837 est,
2390 772 2551 827 simul
2576 773 2866 839 injurient?
2895 772 2953 827 Si
2992 773 3060 826 de
3104 771 3367 840 religione
3390 787 3451 827 ac
3499 774 3607 827 title

2007 866 2335 919 ilforumest
2364 864 2657 929 dubitatio,
2690 865 3070 933 requirantur;
3102 865 3144 918 si
3173 864 3243 920 de
3271 880 3436 922 causa
3474 881 3600 920 con-

2006 956 2299 1011 demnandi
2325 955 2621 1017 Theodori,
2656 956 2935 1010 manifesta
2978 964 3061 1010 est
3091 956 3307 1010 Patrum
3337 957 3599 1012 sententia

2008 1066 2167 1120 quam
2194 1058 2513 1118 sequuntur.
2558 1050 2801 1116 Nunquid
2834 1052 2977 1105 enim
3000 1094 3014 1117 ,
3047 1052 3135 1120 qui
3166 1053 3473 1107 consentire
3504 1070 3600 1106 no-

2012 1142 2176 1197 luerit
2220 1142 2374 1196 novis
2402 1142 2935 1210 praesumptiouihns,
2982 1158 3180 1196 novum
3210 1142 3367 1197 debet
3408 1159 3601 1201 nomen

2007 1233 2290 1302 accipere?
2315 1232 2428 1286 Non
2452 1245 2629 1285 autem
2658 1241 2809 1299 turpe
2826 1246 2926 1296 ρει,
2947 1232 3086 1299 quod
3112 1248 3231 1286 cum
3252 1233 3415 1285 tantis
3434 1232 3601 1286 Patri—

2010 1326 2108 1381 bns
2154 1324 2485 1377 sustino-mns
2519 1341 2531 1374 :
2566 1337 2685 1375 nam
2735 1325 2876 1375 sicut
2923 1323 3125 1376 laudari
3171 1332 3356 1377 contra
3389 1322 3602 1379 illorum

2010 1418 2330 1469 sententiam
2364 1416 2731 1469 criminosum
2780 1424 2897 1477 est,
2929 1415 2996 1467 ita
3030 1429 3150 1467 cum
3203 1416 3283 1468 cis
3331 1414 3602 1468 criminari

2008 1506 2295 1562 laudabile.
2327 1506 2728 1577 Cognosccntes
2751 1516 2928 1559 autem
2961 1508 3100 1574 quod
3147 1521 3335 1573 magna
3364 1505 3603 1577 synodus

1998 1598 2064 1652 in
2088 1611 2247 1651 causa
2273 1597 2636 1666 Mopsuesteni
2669 1597 2936 1651 Theodori
2967 1612 3069 1650 non
3114 1597 3229 1651 sine
3275 1597 3390 1651 istis
3421 1598 3609 1652 Eccle-

2008 1689 2105 1742 site
2133 1687 2422 1742 luminibus
2470 1698 2754 1741 accusetur
2775 1726 2790 1751 ,
2822 1688 2984 1741 nullis
3017 1688 3471 1759 Eutycbianorum
3515 1703 3603 1743 ca-

2011 1782 2226 1837 lnmniis
2252 1782 2449 1836 turbari
2497 1781 2791 1847 debemus,
2830 1782 2923 1836 sed
2982 1783 3158 1851 potius
3213 1781 3454 1851 ipsorum
3508 1796 3603 1835 eos

318 1887 500 1937 lenus,
546 1882 603 1928 et
628 1871 862 1927 Joannes
888 1871 1534 1941 Constantinopolitanns,
1565 1880 1622 1926 et
1650 1871 1740 1924 alii
1767 1883 1902 1940 quos
1931 1880 1973 1936 Β
2007 1874 2326 1927 auctoritate
2356 1873 2707 1927 confundere.
2751 1873 2816 1927 Et
2865 1873 2986 1926 ideo
3039 1875 3478 1927 commemoratis
3509 1873 3603 1925 Ιιο-

318 1964 731 2019 memoravimus
758 1979 820 2018 ac
860 1965 1209 2018 memoraturi
1236 1979 1445 2029 sumus,
1488 1961 1676 2018 Patres
1704 1962 1898 2017 Nesto-

318 2056 467 2109 riano
495 2056 685 2109 morbo
722 2057 964 2111 dicentur
987 2055 1213 2119 obsessi,
1244 2055 1368 2124 quia
1395 2069 1499 2111 non
1528 2055 1697 2108 solum
1722 2054 1902 2108 Theo-

319 2148 506 2203 dorum
521 2161 627 2201 non
648 2147 920 2211 abdit-ant,
944 2162 1129 2202 verum
1151 2146 1311 2201 etiam
1330 2144 1617 2215 prohibent
1632 2144 1902 2199 abdicari?

310 2248 406 2294 aut
430 2249 484 2295 et
508 2241 654 2308 ipsos
682 2222 821 2295 novo
850 2240 1064 2295 nomine
1091 2248 1147 2295 et
1168 2241 1425 2295 hactenus
1453 2238 1691 2294 inaudito
1725 2239 1899 2293 Theo-

312 2330 570 2385 tlorianos
600 2334 880 2402 quisquam
910 2347 1105 2387 vocare
1137 2331 1630 2402 praesumenﬁuod
1657 2330 1699 2384 si
1725 2330 1900 2385 nullus

320 2423 420 2476 hoc
460 2425 640 2488 audet,
667 2438 763 2477 cur
790 2425 924 2477 afios
952 2426 1039 2493 qui
1092 2433 1335 2478 tenentes
1363 2437 1550 2477 eorum
1580 2421 1898 2475 catholicam

321 2514 477 2569 tidem
524 2518 952 2586 sententiamque
982 2526 1279 2583 servantes,
1313 2532 1419 2569 non
1454 2514 1652 2569 audent
1681 2514 1734 2568 in
1767 2528 1903 2582 tura:-

373 2630 405 2663 Α
434 2630 798 2691 tintl.Veron.,
835 2631 992 2683 totius
1015 2631 1288 2699 provincia:
1311 2642 1480 2699 caput.

376 2703 407 2735 θ’
434 2702 575 2755 idem
610 2703 709 2756 cod
743 2743 756 2766 ,
789 2711 835 2754 et
857 2702 1049 2771 absque
1072 2705 1222 2772 σαίρω
1256 2712 1349 2756 est.

2007 1982 2124 2021 rum
2177 1966 2561 2021 venerabilium
2619 1965 2839 2019 Patrum
2898 1964 3265 2029 testimoniis,
3296 1964 3387 2033 qtti
3426 1963 3604 2017 cidem

2007 2056 2292 2110 Theodoro
2317 2065 2444 2110 sunt
2472 2056 2709 2109 attestati
2760 2054 2887 2109 dum
2936 2054 3172 2120 viveret,
3204 2054 3271 2109 ad
3326 2056 3603 2109 amborum

2007 2162 2222 2217 quoque
2245 2147 2552 2201 testimonia
2583 2155 2944 2209 transeamus,
2962 2145 3055 2214 qui
3076 2145 3329 2200 similiter
3355 2144 3471 2214 ejus
3495 2161 3604 2198 me-

2008 2239 2263 2303 moriam,
2300 2246 2579 2308 postquam
2630 2239 2868 2292 excessit
2910 2251 2942 2291 e
2978 2237 3087 2290 vita
3109 2275 3126 2302 ,
3159 2236 3363 2307 magnis
3390 2248 3438 2290 ct
3470 2236 3606 2290 mul-

2009 2335 2078 2389 tis
2101 2343 2226 2387 sunt
2265 2335 2508 2387 laudibus
2538 2332 2830 2402 prosecuti.
2861 2334 3024 2402 Igitur
3050 2332 3302 2402 praesenti
3332 2331 3467 2386 libro
3498 2340 3603 2385 ter-

2012 2429 2211 2481 minum
2243 2427 2453 2495 damus,
2489 2434 2547 2479 ut
2577 2424 2803 2481 intentio
2835 2424 3060 2494 legentis
3089 2424 3157 2478 ab
3186 2423 3292 2479 alio
3319 2424 3608 2478 innovctur

2015 2518 2263 2571 etturtlin.

2093 2631 2113 2660 ³
2142 2630 2285 2682 ldent
2324 2627 2469 2694 cod.,
2492 2638 2705 2696 promer
2731 2627 2869 2697 quod
2894 2627 2956 2689 ei,
2993 2636 3096 2679 ctt'.

322 2792 3604 2824 MM

1441 2863 1778 2943 LIBER
1816 2833 2444 2943 ’ocravus.

832 3063 1069 3120 CAPUT
1105 3064 1388 3120 PlllblUM.

330 3203 473 3272 Quo!
511 3201 729 3255 Jomm's
782 3200 1083 3255 Antiocheni
1129 3210 1173 3252 et
1226 3199 1569 3272 Orientalium
1627 3200 1916 3272 testimonia

393 3276 584 3342 antiqui
622 3274 796 3325 Patres
826 3272 1032 3339 plurimi
1056 3288 1279 3324 consona
1307 3273 1371 3324 iis
1398 3271 1693 3341 scripserint
1721 3288 1836 3340 qua:
1866 3270 1914 3321 in

397 3344 665 3397 Theodoro
717 3344 1075 3412 Mopsuestetw
1117 3343 1417 3413 culpantur.

397 3497 614 3567 Accipe,
649 3496 992 3552 serenissima
1021 3497 1332 3564 imperator,
1369 3493 1582 3562 quantis
1620 3491 1794 3545 adhuc
1837 3502 1918 3545 te-

329 3591 597 3644 Stintoniis
621 3598 926 3643 sanctorum
949 3596 1003 3641 et
1024 3585 1408 3640 venerabilium
1438 3584 1654 3637 Patrum
1682 3582 1921 3651 synodus

330 3681 789 3737 Chalcedonensis
817 3693 917 3733 nec
958 3676 1352 3732 contradixissc
1376 3677 1644 3744 culpatur,
1668 3691 1698 3728 a
1729 3675 1922 3742 quibus

330 3774 742 3842 Mopsuestrnns
772 3770 1089 3823 Titi-odorus
1112 3814 1126 3838 ,
1178 3770 1339 3823 etiam
1377 3768 1662 3821 defunctus
1687 3806 1704 3832 ,
1752 3766 1920 3819 multo

331 3867 565 3935 amplius
596 3879 753 3932 quam
803 3862 855 3915 in
888 3862 1114 3929 epistola
1158 3859 1482 3914 venerabilis
1526 3857 1629 3911 lbae
1676 3855 1919 3910 laudatus

331 3965 433 4010 est.
469 3955 620 4011 Unde
657 3970 687 4021 p
723 3955 803 4006 ius
832 3954 898 4005 ad
944 3952 1062 4005 illas
1086 3950 1341 4018 epistolas
1370 3950 1538 4003 sancti
1563 3948 1784 4003 Joannis
1812 3947 1919 4000 An-

332 4046 563 4101 tiot-beni
609 4053 660 4097 et
706 4042 985 4096 oriensalis
1032 4040 1281 4106 concilii,
1327 4041 1468 4093 sicut
1512 4038 1649 4092 libro
1685 4036 1920 4092 secundo

332 4135 705 4206 promisimus,
760 4142 1114 4187 revertamur.
1161 4132 1358 4186 Beatus
1396 4131 1539 4184 enim
1581 4131 1802 4183 Proclus
1830 4143 1920 4200 sy-

333 4228 552 4282 notlicas
582 4226 634 4280 in
675 4224 950 4279 Orientem
981 4227 1186 4278 litteras
1225 4226 1479 4289 miserat,
1520 4224 1823 4290 conscripto
1851 4220 1915 4274 ad

334 4315 613 4372 Armenios
645 4323 820 4380 tomo,
853 4329 1047 4384 quem,
1091 4313 1229 4368 sicut
1253 4313 1367 4384 jam
1399 4313 1922 4376 docuimus,-orien-

334 4407 457 4462 talis
497 4407 737 4478 synodus
779 4405 1118 4475 approbavit.
1169 4405 1223 4457 In
1256 4404 1410 4472 cujus
1441 4401 1725 4471 legationis
1768 4416 1922 4456 ocea-

335 4501 543 4554 sionem
577 4505 915 4552 tentaverunt
948 4496 1164 4565 quidam
1209 4496 1524 4563 subrepere,
1570 4504 1623 4545 ut
1650 4492 1822 4561 aliqua
1854 4508 1917 4545 ex

337 4593 491 4646 dictis
518 4592 859 4661 antiquorum
893 4589 1147 4643 Ecclesiae
1176 4588 1454 4641 doctorum
1483 4597 1759 4653 excerpta,
1786 4601 1922 4654 prae-

338 4682 528 4753 positis
556 4683 717 4737 etiam
766 4696 951 4735 eorum
993 4679 1305 4735 numinibus
1353 4678 1683 4732 anathemati
1727 4677 1921 4730 subde-

338 4784 527 4831 rentur
559 4784 606 4829 ·ι.
640 4775 754 4829 Tali
779 4790 907 4844 ergo
929 4789 1061 4827 ausu
1084 4780 1351 4826 commota
1388 4771 1626 4841 synodus
1665 4769 1924 4835 Orientis,

340 4866 591 4936 quoniam
620 4872 900 4935 potaverat
929 4863 1032 4917 hoc
1058 4863 1126 4916 ab
1158 4862 1345 4917 eodem
1374 4864 1529 4914 beato
1565 4860 1749 4915 Proclo
1778 4875 1926 4911 mau-

341 4959 559 5025 datum,
607 4966 886 5024 postquam
934 4955 1195 5009 directum
1245 4953 1347 5009 sibi
1395 4965 1595 5006 tomum
1627 4966 1686 5005 se
1728 4964 1922 5018 appro-

342 5051 501 5104 basse
531 5048 834 5116 reSpoudit,
888 5047 977 5099 illa
1009 5048 1167 5099 etiam
1201 5061 1319 5113 qua:
1365 5044 1604 5099 secundo
1651 5042 1787 5095 libro
1819 5055 1927 5094 ute-

344 5145 691 5206 moravimus,
720 5151 774 5194 et
811 5139 919 5193 alia
961 5138 1129 5193 multa
1160 5153 1278 5207 quas
1329 5152 1453 5190 tunc
1481 5136 1786 5190 intermissa
1821 5149 1931 5188 me-

346 5250 559 5289 morare
589 5234 924 5302 disponimus
943 5272 959 5296 ,
1004 5231 1053 5285 ci
1103 5246 1198 5298 pro
1227 5230 1514 5283 Theodoto
1544 5229 1786 5281 scribens
1817 5227 1888 5279 ait
1915 5243 1926 5277 :

351 5343 371 5376 ι
414 5324 579 5379 Nimis
606 5334 802 5380 nostra
827 5322 1023 5376 anima:
1064 5321 1358 5376 vulnerata:
1386 5330 1530 5385 sunt,
1564 5318 1685 5388 quia
1718 5332 1820 5372 nan
1846 5332 1934 5371 so-

423 5444 449 5470 ι
482 5428 733 5487 Miserant
778 5434 842 5487 ad
884 5432 1129 5491 Proclum
1180 5447 1275 5502 per
1315 5431 1519 5499 legatos
1563 5430 1797 5498 episc0pi
1834 5432 1934 5483 Ar-

352 5507 542 5559 menia:
592 5522 654 5558 ac
707 5505 941 5558 Persidis
991 5505 1218 5563 capitula
1268 5502 1513 5570 quasdam
1564 5509 1816 5569 exet-rpta
1866 5516 1930 5553 cx

350 5576 564 5641 scriptis
609 5574 900 5635 Theodori,
935 5583 990 5626 ut
1027 5574 1142 5642 ejus
1171 5573 1491 5626 auctoritate
1521 5571 1931 5642 damnarentur,

352 5662 472 5700 cum
503 5646 567 5697 iis
596 5650 683 5712 qui
726 5646 777 5696 in
810 5646 961 5713 Syria
994 5640 1067 5697 et_
1089 5644 1276 5697 Cilicia
1314 5642 1499 5695 eadem
1540 5643 1744 5696 sentire
1783 5640 1934 5713 dicc-

357 5717 569 5769 bantur.
604 5711 733 5782 Quae
763 5711 977 5766 Procles
1014 5724 1157 5767 tomo
1187 5727 1283 5767 suo
1310 5713 1373 5764 ad
1410 5712 1693 5766 Armenios
1714 5711 1935 5782 subdita

355 5802 477 5840 cuni
512 5780 741 5838 ttiistSsct
766 5787 829 5836 ad
858 5786 1180 5849 Orientales,
1211 5784 1287 5837 illi
1320 5784 1666 5838 'l‘beodorum
1694 5780 1938 5835 damnari

431 5898 447 5929 ‘
479 5896 613 5953 Cod.
653 5895 871 5956 \'er0n..
904 5898 1191 5959 proximus.

2032 3064 2142 3118 lum
2173 3076 2277 3113 non
2310 3060 2549 3115 viventes
2576 3059 2710 3115 tales
2740 3058 3035 3114 ealnntnias
3071 3058 3138 3113 ab
3161 3059 3243 3114 bis
3273 3058 3362 3130 qui
3390 3070 3607 3114 contur-

2027 3153 2158 3207 bare
2197 3151 2382 3205 vulunt
2425 3150 2697 3207 Eccleslas
2734 3152 2991 3205 continue
3032 3152 3392 3217 sustinemus;
3422 3152 3518 3205 sed
3554 3156 3607 3206 et

1949 3274 1994 3335 C
2020 3245 2112 3313 qui
2157 3244 2295 3321 bene
2320 3242 2389 3298 de
2414 3244 2520 3297 vita
2549 3242 2819 3310 profectus
2847 3251 2929 3296 est
2971 3244 3159 3297 beatus
3184 3241 3522 3310 Theodorus,
3555 3254 3609 3296 et

2025 3335 2115 3404 qui
2144 3336 2381 3402 quinque
2419 3345 2471 3388 et
2502 3334 2850 3403 quadraginta
2897 3334 3051 3388 annis
3094 3336 3238 3388 clare
3276 3336 3326 3387 itt
3359 3334 3607 3388 doctrina

2027 3425 2314 3491 praelulsit,
2348 3436 2403 3478 et
2434 3440 2647 3478 omnem
2682 3426 2941 3478 litt-rescm
2994 3425 3361 3493 expugnavit,
3400 3434 3454 3479 et
3492 3424 3613 3477 nul.

2026 3515 2129 3568 lam
2162 3514 2356 3567 alicubi
2377 3514 2825 3568 detrectationem
2849 3516 2915 3567 ab
2938 3517 3252 3569 orthodoxis
3284 3517 3336 3569 itt
3364 3517 3465 3569 vita
3489 3530 3611 3569 sus-

2022 3606 2262 3673 cipicus,
2295 3615 2413 3672 post
2444 3606 2588 3674 longi
2623 3606 2879 3673 temporis
2908 3605 3032 3660 hinc
3065 3606 3387 3672 discessum,
3415 3617 3468 3661 et
3496 3617 3612 3675 post

2023 3700 2188 3753 multa
2232 3698 2553 3761 certamina,
2585 3706 2642 3752 et
2676 3708 2797 3765 post
2823 3699 3010 3751 decent
3048 3698 3211 3751 millia
3236 3699 3405 3752 libros
3430 3700 3615 3752 adver.

2026 3804 2119 3844 sus
2146 3805 2361 3843 errores
2389 3792 2744 3858 consctiptos,
2777 3802 2830 3843 et
2859 3804 3210 3858 poSIeaquam
3242 3791 3292 3843 in
3326 3805 3616 3858 conspectu

2025 3882 2367 3936 sacerdotum
2412 3891 2463 3934 et
2506 3882 2889 3950 imperatorum
2923 3892 2977 3934 ct
3008 3882 3329 3949 populorum
3363 3884 3617 3950 probatus

2024 3984 2128 4038 (Μ,
2158 3973 2495 4041 periclitatur
2536 3990 2652 4042 qua:
2687 3971 3062 4026 lucri-tient'um
3099 3972 3392 4036 sustinere,
3422 3980 3475 4025 et
3514 3971 3617 4026 illis

2024 4069 2231 4134 primus
2261 4068 2274 4095 ¹
2303 4064 2608 4133 prtedicari.
2642 4064 2709 4118 Et
2731 4063 2988 4133 adjiciunt
3011 4078 3130 4133 qua:
3161 4062 3470 4117 intermissa
3498 4061 3615 4116 fuc-

2030 4164 2171 4219 rant,
2204 4155 2444 4209 dicentes
2471 4172 2482 4207 :
2528 4154 2639 4209 llac
2677 4155 2697 4186 ¹
2726 4169 2823 4208 nos
2849 4155 3167 4209 confusione
3195 4163 3245 4209 et
3278 4155 3448 4210 turbis
3480 4170 3618 4208 cont~

2030 4246 2335 4314 pioverunt,
2372 4261 2476 4299 non
2521 4259 2697 4299 autem
2730 4260 2827 4299 nos
2852 4247 3048 4311 solum,
3079 4246 3173 4301 sed
3205 4254 3259 4300 et
3287 4245 3618 4300 Christianus

2027 4336 2274 4405 populos,
2309 4339 2396 4405 qui
2433 4339 2546 4390 Ita-c
2572 4346 2960 4403 cognoscentes
2989 4335 3296 4390 nullatenus
3319 4338 3437 4390 sine
3468 4338 3619 4389 tut-lia

2030 4428 2425 4481 ecclesiastitas
2456 4427 2852 4480 eclcbrationes
2900 4427 3110 4496 impleri
3158 4429 3495 4497 permittunt,
3527 4430 3619 4484 Sed

2031 4521 2187 4572 adtet
2204 4533 2321 4571 sum
2354 4531 2451 4571 nos
2482 4517 2775 4571 seditiones
2815 4517 3019 4572 faciunt
3043 4558 3059 4583 ,
3107 4534 3205 4573 nec
3235 4533 3404 4587 usque
3435 4520 3498 4573 ad
3531 4536 3622 4571 au-

1956 4612 2201 4710 I)ditutn
2262 4611 2405 4678 passi
2461 4613 2737 4677 suscipere
2786 4608 2927 4676 quod
2983 4611 3244 4664 adversus
3293 4610 3621 4665 dormientes

2037 4712 2215 4769 patres
2248 4702 2644 4754 meditabantur
2689 4702 2997 4765 anathema,
3031 4712 3083 4756 ct
3107 4703 3293 4757 decem
3328 4702 3492 4757 tnillia
3531 4706 3622 4755 ad-

2033 4808 2220 4847 vvrsus
2251 4806 2349 4847 nos
2391 4798 2527 4846 tnafa
2560 4795 2850 4857 minantur,
2884 4794 2928 4848 si
2973 4794 3100 4861 quid
3132 4795 3199 4849 ab
3242 4793 3421 4863 aliquo
3461 4794 3619 4849 fuerit

2034 4887 2137 4938 tale
2162 4896 2571 4953 prmsumpttun.
2604 4885 2752 4939 Sciat
2778 4894 2957 4940 autem
2997 4896 3052 4940 et
3081 4887 3181 4940 hoc
3215 4895 3302 4938 tua
3334 4886 3611 4946 sanctitas,

2043 4977 2169 5045 quia
2212 4978 2506 5044 scripturas
2546 4980 2884 5044 antiquorum
2926 4977 3206 5029 doctorum
3256 4975 3508 5028 Ecclesia:
3542 4992 3621 5028 re-

2032 5068 2310 5134 qnircntes
2340 5108 2354 5131 ,
2405 5068 2590 5118 dCCelll
2625 5066 2791 5117 millia
2824 5065 2943 5117 talia
2976 5073 3031 5117 et
3062 5067 3145 5118 bis
3182 5063 3375 5117 similia
3410 5065 3618 5120 inveni-

2035 5174 2175 5222 mus,
2212 5158 2387 5227 qualia
2418 5158 2635 5226 quidam
2669 5158 2808 5209 tualo
2834 5170 2984 5209 more
3011 5171 3075 5208 ex
3103 5157 3249 5209 libris
3278 5156 3417 5210 beati
3442 5154 3620 5210 Theo-

2035 5252 2155 5305 dori
2197 5251 2515 5319 colligentes
2542 5291 2555 5311 ,
2610 5259 2665 5302 et
2709 5263 2904 5316 corpus
2949 5247 3211 5312 reliquum
3256 5248 3622 5313 abscidentes,

2041 5354 2144 5399 tua:
2180 5344 2498 5398 obtulerunt
2563 5341 2855 5395 sanctitati.
2912 5339 3119 5394 Etenim
3180 5341 3319 5406 apud
3373 5354 3621 5409 magnum

2041 5470 2148 5509 non
2179 5456 2434 5517 ferentes,
2478 5452 2561 5506 Itis
2600 5452 2663 5504 ad
2708 5450 2989 5514 Proclum,
3020 5461 3072 5504 ct
3117 5450 3236 5504 aliis
3265 5450 3328 5505 ad
3361 5448 3622 5519 Cyrillum

2040 5528 2280 5592 aliosque
2320 5525 2513 5577 litteris
2541 5524 2888 5577 obstiterunt.
2935 5524 3048 5587 Qua
3102 5524 3171 5575 d:
3205 5536 3284 5585 re,
3315 5529 3529 5592 totaque
3557 5523 3624 5572 de

2043 5589 2308 5651 Theodori
2345 5594 2691 5646 anathemate
2740 5597 3107 5647 controversia
3138 5635 3153 5659 ,
3205 5598 3366 5645 multa
3414 5589 3528 5644 fuse
3571 5592 3625 5645 in

2041 5667 2254 5748 actione
2292 5663 2325 5716 5
2353 5663 2542 5732 synodi
2574 5677 2624 5727 v,
2659 5671 2714 5716 et
2744 5662 2882 5731 apud
2919 5664 3223 5717 Liberatum
3255 5678 3373 5732 cap.
3410 5664 3472 5717 l0
3504 5662 3625 5719 Bre<

2041 5752 2217 5791 Vlal‘ll.

2115 5888 2135 5917 '
2162 5884 2305 5941 idem
2333 5884 2480 5949 cod.,
2514 5881 2662 5955 Hm.
