4114 6474
522 271 618 331 7M

1618 257 1909 319 FACUND!
1936 256 2163 316 EPISC.
2202 252 2712 313 BEMIIANENSIS

3704 249 3809 305 7H

522 389 815 452 martyrem
845 377 1125 448 lgnatium,
1154 373 1246 444 qui
1273 372 1544 429 secundus
1565 380 1689 442 post
1722 372 1942 427 Petrum
1975 385 2106 440 apo—
2142 374 2188 431 Α
2217 381 2351 421 sona
2372 367 2657 421 Theodoro
2691 364 2936 433 sapuisse
2966 360 3236 418 criminati
3259 362 3419 416 sunt!
3460 359 3592 415 Natu
3622 361 3668 416 si
3693 362 3809 431 cpi.

524 471 788 525 stolorum
834 469 1063 537 primum
1102 462 1452 519 Antiochena:
1494 462 1639 519 sedis
1685 462 1957 517 ordinavit
2013 461 2117 516 Ec-

529 564 770 629 clesiam,
800 570 854 616 et
894 560 1031 630 apud
1062 558 1437 613 beatissimum
1471 556 1848 621 Eustachium,
1873 555 1965 623 qui
1994 568 2118 608 san-

525 664 737 709 ctorum
775 652 993 707 Patrum
1035 650 1126 717 qui
1152 648 1291 718 apud
1338 647 1570 702 Nicaeam
1611 647 1921 715 congregati
1969 655 2112 712 sunt,

527 747 729 815 primus
765 744 1001 797 existens
1033 741 1189 796 fidem
1220 740 1578 795 orthodoxam
1632 738 1977 794 confirmavit
2000 778 2016 803 ,
2062 747 2117 793 et

526 835 667 904 apud
687 833 1086 889 sanctissimum
1118 842 1174 888 et
1212 831 1580 888 beatissimum
1610 829 1984 892 Athanasium,
2026 832 2115 899 qui

529 929 697 984 millia
729 927 956 982 millium
1000 927 1355 981 certaminum
1389 940 1487 993 pro
1532 922 1858 993 evangelicis
1890 924 2113 991 dogma-

529 1020 673 1074 tibus
716 1031 907 1089 passus
932 1027 1049 1083 est;
1093 1016 1159 1070 ad
1203 1017 1317 1070 lure
1344 1025 1545 1082 autem,
1578 1023 1636 1068 et
1665 1014 1804 1083 apud
1839 1013 2115 1078 Basilium,

528 1121 584 1167 et
610 1119 895 1180 utrumque
924 1107 1263 1177 Gregorium,
1297 1106 1389 1176 qui
1418 1104 1660 1175 ejusdem
1694 1105 1975 1162 sententia:
2003 1105 2117 1158 fue-

528 1213 675 1268 runt,
706 1212 760 1259 et
786 1201 929 1273 apud
960 1201 1330 1256 beatissimum
1365 1198 1700 1260 Flavianum,
1743 1197 2035 1251 Diodorum
2061 1205 2117 1250 et

528 1294 815 1361 Joannem,
854 1293 947 1363 qui
986 1292 1132 1348 clara
1175 1290 1457 1344 muttinaria
1506 1288 1749 1343 Orientis
1792 1286 2008 1342 {uerunt
2041 1295 2119 1341 to-

530 1389 673 1453 tius;
724 1400 936 1441 rursum
982 1393 1162 1439 autem
1195 1380 1417 1450 etapud
1466 1379 1837 1436 beatissimum
1881 1378 2117 1434 Ambro-

530 1482 691 1544 sium,
716 1478 804 1549 qui
828 1492 1018 1533 omnes
1042 1485 1219 1546 partes
1242 1475 1527 1543 Hesperias
1550 1474 1863 1539 illustravit;
1892 1481 1949 1528 et
1974 1471 2115 1541 apud

531 1569 902 1625 beatissimum
951 1564 1391 1634 Amphilochium
1430 1562 1876 1633 probatissimum
1925 1562 2113 1618 docto-

532 1677 678 1723 rem,
703 1675 802 1715 nec
827 1674 932 1713 non
960 1667 1014 1713 et
1040 1656 1180 1726 apud
1212 1655 1424 1711 beatum
1448 1654 1684 1709 Atticum
1705 1661 1852 1708 tuum
1886 1662 2113 1722 patrem,

2217 460 2356 514 stola
2381 458 2482 512 Ibze
2504 458 2664 527 impia
2683 456 2977 527 judicatur,
3000 455 3142 526 quod
3162 456 3279 523 ejus
3302 454 3448 509 leves
3472 454 3809 522 suspiciones

2218 552 2285 605 de
2314 550 2472 604 beato
2515 549 2719 619 Cyrillo
2758 550 3054 609 contineat,
3100 548 3295 602 nedum
3344 546 3580 602 Joannes
3607 546 3805 601 Antio-

2218 641 2424 695 clteuus
2455 650 2511 694 et
2532 652 2720 693 omnes
2748 639 3039 693 orientales
3065 638 3325 708 episcopi,
3359 638 3577 706 majoris
3598 637 3811 692 incern-

2221 734 2537 804 parahiliter
2584 730 2874 802 impietatis
2915 731 3169 801 arguendi
3217 729 3447 792 fuerant.
3480 730 3573 800 qui
3613 729 3810 784 sedulo

2219 832 2448 879 tractatu
2471 824 2524 877 in
2556 824 2845 878 concilium
2875 822 3211 893 congregati,
3244 830 3422 876 tantos
3452 836 3516 875 ac
3545 822 3675 875 tales
3707 821 3812 875 Pu-

2219 924 2329 969 tres
2354 914 2671 969 nominatim
2693 914 3064 978 criminantes,
3091 921 3145 968 et
3172 912 3306 967 alios
3329 921 3385 966 ut
3409 912 3544 965 dixit
3561 905 3581 935 ³
3613 911 3808 966 decem

2219 1006 2408 1070 millia,
2445 1020 2682 1060 consona
2712 1005 3022 1069 Theodoro,
3051 1019 3211 1073 quem
3258 1002 3342 1057 isti
3368 1004 3555 1058 dicunt
3580 1002 3602 1034 "
3630 1003 3810 1057 haere-

2220 1098 2383 1154 ticum
2411 1141 2426 1166 ,
2462 1100 2753 1168 scripsisse
2797 1098 3082 1153 ﬁnxerunt.
3116 1097 3217 1164 Qui
3249 1098 3269 1129 ⁵
3297 1096 3611 1151 Theodorus
3654 1096 3803 1163 Mop-

2219 1200 2504 1246 suestenus
2534 1191 2694 1244 aliter
2722 1204 2753 1243 a
2784 1190 2992 1261 synodo
3019 1187 3447 1243 Chalcedonensi
3473 1187 3620 1257 juste
3655 1186 3808 1241 dam-

2220 1285 2334 1338 nari
2378 1300 2488 1338 non
2519 1294 2723 1353 posset,
2756 1284 2856 1337 nisi
2891 1290 2981 1336 aut
3032 1297 3153 1337 cum
3186 1281 3390 1350 lguatio
3422 1288 3658 1347 martyre
3682 1319 3699 1343 ,
3752 1287 3809 1331 et

2217 1377 2429 1431 caeteris
2455 1390 2577 1431 cum
2611 1390 2678 1429 eo
2717 1373 3157 1430 commemoratis
3194 1371 3597 1443 gloriosissiutis
3630 1368 3810 1424 Patri-

2219 1466 2337 1530 bus,
2378 1468 2422 1519 si
2464 1480 2699 1521 consona
2725 1465 2962 1521 decretis
2984 1464 3010 1495 ⁸
3040 1463 3361 1534 quibusdam
3410 1463 3529 1530 ejus
3557 1461 3813 1531 capitulis

2219 1560 2695 1629 conscripserunt;
2747 1567 2839 1613 aut
2862 1574 2984 1613 cum
3004 1557 3215 1613 Joanne
3246 1556 3584 1612 Antiocheno
3611 1564 3663 1609 et
3692 1570 3813 1609 orn-

2220 1650 2386 1705 nibus
2413 1650 2767 1705 orientalibus
2796 1650 3070 1719 episcopis
3097 1691 3113 1716 ,
3162 1650 3208 1703 si
3237 1661 3333 1704 eos
3362 1661 3602 1703 consona
3633 1646 3813 1701 Theo-

532 1763 588 1808 et
627 1751 766 1821 apud
795 1750 926 1806 alios
956 1748 1141 1803 decem
1164 1745 1353 1812 millia,
1400 1752 1458 1799 ut
1490 1759 1599 1798 non
1631 1742 1873 1813 singulos
1900 1755 2121 1813 percur-
2152 1750 2197 1809 Β
2225 1739 2360 1795 doro
2387 1742 2673 1810 scripsisse
2698 1741 2912 1796 mentiti
2937 1746 3084 1796 sunt.
3118 1738 3319 1795 Verum
3356 1752 3460 1794 nec
3483 1738 3611 1794 illud
3652 1738 3821 1792 omit-

533 1861 715 1901 ramus
738 1884 754 1909 ,
800 1856 1037 1897 consona
1075 1839 1348 1907 decerptis
1388 1838 1472 1891 his
1516 1836 1766 1905 capitulis
1796 1835 2121 1891 invenimus.

532 1938 736 2004 Quibus
761 1932 1248 1995 anathematizatis,
1277 1943 1495 1983 necesse
1508 1936 1674 1984 estet
1699 1941 1763 1983 ea
1787 1942 1907 1997 quae
1923 1940 1959 1980 a
1991 1942 2125 1994 prtu-

535 2029 698 2082 dictis
727 2024 974 2080 Patribus
1010 2032 1135 2077 sunt
1158 2022 1302 2076 dicta
1343 2019 1648 2089 complecti.
1679 2021 1745 2074 Et
1778 2018 1899 2089 quis
1928 2018 1995 2073 de
2021 2033 2124 2073 cic-

539 2129 656 2174 tero
685 2118 880 2172 nostris
911 2115 1053 2169 adsit
1089 2113 1386 2177 doctrinis,
1434 2112 1488 2166 in
1530 2112 1611 2166 sic
1638 2108 2040 2164 admirabilibus
2071 2119 2125 2167 ct

538 2206 911 2262 fatuusissimis
952 2204 1079 2259 viris
1116 2211 1241 2274 post
1266 2210 1497 2257 mortem
1544 2198 1846 2257 damnatis?
1878 2201 1996 2257 Non
2029 2215 2120 2254 no-

536 2309 708 2356 strum
750 2308 832 2352 cst
870 2312 1033 2366 ergo,
1078 2296 1328 2365 gloriasis
1371 2308 1561 2349 eorum
1590 2292 1681 2361 qui
1732 2304 2124 2362 pra-cesserunt

537 2392 878 2463 opinionibus
907 2391 1189 2456 insultare,
1224 2403 1395 2457 neque
1431 2387 1676 2457 judicare
1708 2402 1803 2442 eos
1832 2388 1921 2456 qui
1951 2386 2121 2441 hono-

538 2500 655 2540 ra-e
701 2483 936 2537 defuncti
987 2495 1106 2536 sunt
1138 2521 1153 2547 ,
1200 2480 1293 2535 sed
1344 2480 1511 2535 solius
1537 2477 1735 2549 judicis
1786 2478 2030 2532 vivorum
2069 2487 2123 2532 ct

538 2582 893 2630 mortuorum.
950 2590 969 2624 ι
1007 2572 1104 2627 llic
1151 2572 1333 2626 doceri
1379 2571 1446 2626 ab
1499 2570 1848 2642 Eutycltianis
1888 2571 2078 2625 vellem
2105 2610 2120 2637 ,

538 2666 662 2735 quid
692 2676 877 2719 sancta
908 2662 1148 2733 synodus
1172 2661 1627 2718 Chalcedonensis
1652 2661 1903 2717 debuerit
1935 2662 2123 2717 obser-

538 2774 685 2823 vare,
732 2773 854 2813 cum
887 2756 1027 2826 apud
1074 2758 1242 2811 eum'
1292 2758 1344 2811 in
1387 2757 1617 2825 epistola
1660 2756 1982 2813 venerabilis
2012 2757 2118 2812 Iba:

539 2852 891 2905 recitarentur
915 2848 1101 2903 laudes
1145 2847 1435 2912 Theodori,
1461 2846 1530 2900 ab
1569 2847 1919 2902 orientalibus
1948 2847 2122 2903 Patri-

540 2941 658 3007 bus,
686 2951 742 2997 ut
772 2941 839 2996 de
870 2939 1077 2995 Joanne
1116 2939 1716 3008 Constantinopolitano
1754 2950 1807 2995 et
1834 2940 1901 2994 de
1931 2942 2125 3013 Grego-

540 3037 621 3092 rio
648 3035 980 3090 Naziauzeno
1012 3043 1237 3097 taceam,
1270 3047 1415 3104 praec
1452 3034 1542 3089 nio
1570 3033 1738 3089 multo
1769 3036 1974 3102 majore
2001 3036 2118 3091 lau-

2229 1831 2472 1898 tendum,
2500 1832 2643 1899 quod
2674 1832 2820 1902 ipsos
2840 1846 3055 1902 quoque
3079 1830 3373 1887 orientales
3396 1829 3583 1885 Patres
3611 1821 3815 1898 absque

2227 1922 2419 1977 Proclo
2462 1923 3054 1994 Constantinopolitano
3078 1923 3225 1993 juste
3252 1923 3513 1978 damnare
3550 1933 3655 1978 neu
3687 1936 3814 1991 pos-

2227 2024 2327 2068 set.
2358 2012 2414 2068 Si
2448 2015 2591 2069 enim
2634 2014 2713 2070 illi
2743 2015 3043 2071 scribentes
3071 2017 3120 2070 ei
3152 2015 3360 2071 mentiti
3395 2023 3521 2068 sunt
3547 2014 3814 2083 lgnatiunt

2227 2114 2516 2175 martyrem
2543 2115 2598 2161 et
2619 2106 2752 2161 alios
2778 2119 2898 2161 cum
2929 2121 2995 2161 eo
3024 2098 3472 2161 commemorat-is
3501 2105 3708 2171 Patres,
3732 2106 3813 2159 si-

2227 2196 2375 2251 milia
2404 2197 2689 2267 scripsisse
2714 2196 3022 2263 Theodoro,
3045 2200 3135 2268 qui
3163 2213 3305 2254 nunc
3326 2207 3387 2254 ut
3414 2198 3700 2252 hereticus
3724 2212 3815 2251 ae-

2225 2298 2485 2354 cnsatur;
2529 2299 2706 2345 tacere
2734 2288 2959 2344 subdole
2989 2291 3289 2360 perniciosa
3320 2289 3669 2344 simulatione
3704 2304 3815 2343 non

2225 2378 2433 2446 debuit,
2464 2381 2634 2451 magis
2663 2390 2843 2437 autem
2883 2397 3223 2451 cummagna
3251 2381 3610 2437 detestatione
3635 2382 3815 2436 conti-

2226 2488 2332 2527 nuo
2372 2474 2653 2544 refragari,
2685 2475 2938 2544 quoniam
2980 2492 3100 2545 qua:
3130 2476 3405 2542 dicerent,
3433 2489 3556 2529 vera
3589 2490 3695 2528 non
3730 2490 3806 2528 es-

2231 2574 2354 2620 sent
2385 2583 2399 2618 :
2428 2566 2661 2621 maxime
2708 2568 2833 2637 quia
2863 2582 2968 2622 non
3015 2566 3117 2621 levi
3153 2575 3210 2621 et
3254 2566 3566 2621 transitoria
3610 2566 3811 2632 verbo,

2227 2656 2325 2712 sed
2350 2660 2621 2715 sententia
2650 2660 2929 2731 synodica,
2981 2661 3221 2715 omnium
3250 2661 3605 2716 Orientalium
3637 2662 3658 2692 '
3684 2662 3813 2717 sub.

2233 2748 2524 2820 scriptione
2550 2754 2779 2819 firmata,
2825 2765 2913 2808 tan
2943 2753 2988 2809 is
3015 2755 3184 2811 beatis
3223 2754 3469 2810 Patribus
3497 2756 3813 2811 advertebat

2226 2845 2284 2902 In
2314 2843 2567 2901 Ecclesia:
2589 2846 2959 2917 prmjudicium
2986 2848 3238 2903 horribile
3258 2848 3465 2902 crimen
3493 2846 3657 2916 alligi.
3673 2846 3808 2914 Quae

2227 2952 2346 2992 cum
2381 2938 2453 2991 ita
2480 2937 2610 3005 sint,
2658 2939 2908 2994 desinant
2935 2954 3179 3009 magnam
3213 2939 3477 3010 synodum
3509 2939 3810 3003 criminari,

2225 3027 2368 3099 quod
2410 3027 2750 3084 Theodorum
2807 3044 2912 3084 non
2966 3030 3242 3086 damnavit
3284 3046 3299 3084 :
3349 3046 3506 3101 quem
3561 3030 3647 3086 vel
3694 3031 3814 3089 sine

542 3125 675 3179 dati.
702 3124 947 3194 quuid
972 3140 1090 3177 eam
1112 3123 1254 3192 juste
1283 3138 1377 3193 pro
1405 3121 1563 3177 laude
1583 3123 1848 3179 Theodori
1875 3127 2127 3180 condem-
2156 3126 2200 3188 C
2234 3128 2470 3193 martyre
2500 3118 2730 3189 Ignatio,
2770 3130 2823 3176 et
2858 3122 3167 3189 liustachio,
3197 3132 3254 3178 et
3281 3122 3594 3188 Athanasio,
3627 3132 3678 3179 et
3713 3124 3814 3178 Ba.

543 3224 718 3278 naret,
753 3214 851 3267 hac
880 3213 1105 3283 epistola
1128 3212 1479 3269 Orientalium
1511 3227 1617 3267 non
1646 3214 1922 3281 damnata,
1948 3217 2127 3285 inqua

544 3303 915 3356 confirmatum
949 3309 1033 3354 est
1075 3315 1238 3354 unum
1269 3315 1333 3354 ex
1359 3300 1621 3355 Trinitate
1648 3317 1743 3369 pro
1774 3303 1926 3358 nobis
1954 3307 2125 3358 cruci-

545 3392 753 3450 fixum?
798 3401 890 3446 aut
917 3392 1151 3460 nunquid
1177 3393 1321 3460 juste
1362 3390 1527 3461 poSsit
1554 3395 1726 3446 solum
1766 3396 2127 3452 condemnare

544 3486 907 3550 Theodorum,
939 3485 1140 3552 absque
1166 3484 1367 3554 lgnatio
1389 3494 1445 3539 et
1474 3484 1780 3547 Eustachio,
1807 3497 1862 3541 et
1889 3487 2126 3543 Athana-

544 3578 624 3629 sio
653 3586 707 3629 et
735 3577 946 3638 Basilio,
977 3586 1030 3629 et
1063 3587 1289 3644 utroque
1326 3577 1606 3646 Gregmio,
1650 3586 1704 3633 et
1734 3577 1989 3635 Flaviano
2009 3623 2025 3647 ,
2072 3590 2127 3636 et

544 3668 799 3735 Diodoro,
831 3679 883 3723 et
925 3668 1152 3731 Joanne,
1184 3679 1238 3723 et
1266 3669 1573 3734 Ambrosio,
1604 3677 1661 3725 et.
1705 3671 2083 3739 Amphilochio
2107 3715 2122 3739 ,

545 3770 596 3814 et
624 3762 819 3824 AltiCO,
852 3769 905 3813 et
932 3760 1050 3813 aliis
1073 3759 1256 3813 decem
1284 3759 1555 3825 millibus;
1580 3763 1646 3825 si,
1676 3771 1733 3815 ut
1754 3761 1988 3817 Joannes
2017 3765 2128 3818 An—

545 3849 828 3903 tiochenos
870 3858 925 3903 et
954 3864 1140 3903 omnes
1180 3848 1472 3904 orientales
1523 3852 1760 3921 episcopi
1803 3854 2024 3919 dicunt,
2074 3857 2123 3908 in

545 3956 728 3995 eorum
759 3940 919 3994 dictis
969 3956 1203 3995 consona
1235 3942 1394 3994 certis
1440 3944 1460 3972 ²
1492 3942 1812 4010 quibusdam
1856 3943 2126 4001 Theodori

545 4030 793 4100 capitulis
836 4031 1214 4085 inveniuntur?
1245 4032 1395 4097 Quod
1439 4032 1485 4085 si
1529 4048 1632 4086 nou
1677 4033 2041 4102 inveniuntur,
2072 4046 2127 4091 et

545 4122 632 4197 isti
655 4122 968 4176 cohibentes
993 4123 1278 4177 Theodoro
1301 4138 1396 4177 nos
1429 4123 1618 4179 fallere
1649 4128 1960 4195 voluerunt;
1991 4146 2126 4184 nun-

546 4214 668 4284 quid
697 4215 855 4269 etiam
884 4215 961 4269 sic
986 4214 1130 4283 juste
1163 4227 1342 4282 posset
1387 4215 1840 4274 Chalcedonensis
1888 4222 2125 4290 synodus

547 4304 719 4357 solum
764 4303 1127 4359 condemnare
1157 4304 1500 4359 Theodorum
1543 4307 1743 4375 absque
1784 4307 1990 4363 Joanne
2017 4316 2127 4365 An-

548 4394 797 4447 tiorheno
828 4404 881 4448 et
905 4397 1154 4449 omnibus
1188 4396 1543 4452 orientalibus
1571 4399 1871 4469 episcopis,
1916 4401 2005 4471 qui
2038 4418 2126 4457 er-

2230 3209 2377 3274 silio,
2401 3219 2456 3264 ct
2480 3219 2706 3280 utroque
2732 3210 3012 3282 Gregorio,
3045 3222 3100 3269 et
3119 3215 3328 3269 creteris
3357 3215 3602 3269 similiter
3630 3230 3822 3269 nume-

2231 3304 2385 3368 ratis,
2420 3306 2502 3359 vcl
2533 3305 2651 3361 sine
2677 3306 2883 3362 Joanne
2911 3309 3250 3365 Antiocheuo
3279 3321 3332 3365 et
3363 3309 3607 3364 orientali
3635 3309 3819 3363 c0uci-

2232 3398 2325 3462 lio,
2374 3410 2427 3454 ct
2459 3401 2652 3457 Proclo
2696 3405 3330 3473 Constantinopolitano,
3370 3404 3517 3474 juste
3560 3403 3815 3463 damnare

2229 3509 2333 3547 non
2390 3494 2578 3561 potuit.
2636 3496 2742 3551 Sed
2796 3497 2944 3565 prius
2994 3497 3173 3552 dicant
3222 3512 3341 3551 cum
3384 3497 3577 3568 quibus
3623 3496 3815 3551 borum

2229 3588 2378 3655 prius
2409 3587 2432 3618 ⁸
2484 3586 2799 3640 Theodorus
2839 3587 3183 3642 condemnari
3215 3584 3574 3649 debuerit,'et
3606 3588 3672 3640 ita
3720 3588 3814 3640 de,-

2232 3693 2376 3730 mum
2408 3678 2785 3747 negligentiam
2815 3679 2899 3735 vel
2925 3679 3286 3735 cobibentiam
3316 3679 3504 3748 synodi
3530 3678 3826 3734 Chalcedo-

2230 3769 2413 3827 nensis
2441 3778 2713 3826 accusent.

2860 3882 3086 3939 CAPUT
3115 3882 3180 3937 ll.

2232 4016 2381 4097 Quod
2424 4016 2555 4097 [also
2610 4019 2813 4070 dicatur
2871 4017 3098 4097 _Proclu_s
3142 4018 3410 4097 Theodori
3458 4032 3637 4097 nomen
3703 4034 3814 4085 per-

2267 4090 2552 4154 strinxisse,
2599 4105 2711 4141 cum
2743 4105 2804 4142 ea:
2834 4091 2942 4159 ejus
2972 4091 3176 4154 scriptis
3208 4092 3260 4141 id
3293 4100 3462 4158 aperte
3492 4090 3777 4158 refellatur.

2302 4217 2452 4273 Sane
2484 4218 2763 4273 videamus
2794 4222 2919 4289 quid
2954 4222 3115 4275 etiam
3159 4222 3345 4275 beatus
3397 4222 3649 4287 l’roclus,
3695 4223 3838 4276 scri-

2234 4308 2395 4361 bente
2437 4309 2537 4361 sibi
2581 4309 2787 4364 Joanne
2828 4311 3165 4366 Antiocheno
3203 4322 3260 4366 et
3305 4313 3510 4382 synodo
3540 4313 3814 4376 orientali,

2229 4400 2594 4470 rescripserit,
2634 4412 2690 4456 ut
2726 4414 2980 4472 appareat
3009 4419 3166 4473 quam
3200 4405 3267 4458 sit
3293 4403 3577 4473 impudens
3612 4406 3833 4459 hereti-

550 4486 760 4539 runbus
823 4485 1062 4552 ejusdem
1115 4485 1387 4541 Theodori
1444 4489 1758 4546 cohibentes
1784 4535 1799 4559 ,
1868 4492 2127 4561 lgnatium
2158 4489 2210 4547 D
2235 4505 2421 4544 comm
2450 4491 2682 4558 falsitas,
2711 4510 2939 4563 quorum
2966 4495 3259 4550 fautoribus
3279 4495 3570 4551 catholicos
3595 4496 3820 4551 credere

549 4582 880 4642 martyrem,
932 4575 1019 4643 qui
1067 4577 1358 4630 secundum
1410 4589 1530 4647 post
1577 4580 1795 4635 Petrum
1824 4584 2129 4651 apostolum

549 4666 899 4721 Antiocheam
947 4666 1093 4721 sedis
1143 4668 1409 4724 ordinavit
1455 4669 1787 4738 Ecclesium,
1823 4685 1877 4729 et
1902 4684 2130 4733 carteros

547 4755 961 4825 gloriosissimos
1001 4756 1185 4811 Patres
1213 4773 1347 4828 quos
1389 4774 1969 4835 commemoraverunt,
1999 4783 2131 4825 con-

621 4961 646 4990 ⁸
689 4953 861 5010 Procli
898 4957 1140 5025 epistola:
1184 4957 1250 5010 ad
1283 4959 1544 5015 Joannem
1596 4980 1715 5017 rum
1767 4975 1912 5020 tomo
1939 4970 2119 5025 missa:

552 5025 905 5107 fragmentum
929 5027 1168 5107 fidimus
1213 5030 1305 5107 lib.
1341 5046 1396 5107 tr.
1445 5031 1570 5086 Haec
1604 5035 1825 5107 alterius
1854 5051 1978 5092 sunt
2008 5041 2123 5107 epi-

550 5099 704 5175 stola;
735 5111 890 5164 quam
919 5096 1108 5150 Joanni
1139 5101 1432 5168 rescripsit,
1466 5118 1585 5175 cum
1627 5103 1745 5172 ejus
1788 5106 1853 5159 ad
1882 5096 2124 5175 superio-

553 5181 641 5241 res
661 5166 875 5241 titteras
897 5182 1209 5241 responsum
1236 5166 1821 5241 exiiostulationemque
1848 5176 1915 5231 de
1946 5166 2123 5234 Theo-

554 5236 957 5317 duriheapitulis
980 5240 1294 5317 accepisset.
1330 5239 1408 5295 Ex
1441 5243 1696 5317 liis-“ergo
1728 5236 1911 5315 liquet,
1949 5250 2121 5306 Procli

550 5308 831 5361 consilium
889 5308 1050 5362 fuisse
1083 5348 1100 5375 ,
1141 5310 1281 5379 quod
1327 5320 1382 5365 et
1431 5308 1662 5382 Cyr-illus
1703 5308 2008 5387 satagebat,
2067 5333 2120 5376 ut

625 5479 643 5551 ξ
672 5478 802 5551 βοά.
836 5479 1057 5544 Veron.,
1085 5485 1225 5551 apud
1253 5500 1384 5540 eam.

621 5548 647 5619 ξ
680 5549 820 5619 idem
850 5552 995 5614 cod.,
1023 5548 1287 5619 decerptis.

626 5616 651 5687 ἔ
683 5618 821 5671 Idem
840 5621 982 5687 cod.,
1013 5616 1271 5677 dixerim.

626 5686 650 5717 ⁸
674 5687 818 5743 Idem
841 5686 994 5764 cod.,
1009 5707 1146 5746 nunc
1171 5694 1366 5751 dicunt.

2234 4595 2341 4634 non
2379 4586 2646 4651 Oportuit,
2701 4584 3021 4654 fingentibus
3062 4586 3203 4655 quod
3254 4586 3392 4640 idem
3440 4598 3652 4641 sanctus
3684 4584 3824 4640 Pro-

2232 4669 2369 4737 clus,
2416 4673 2671 4740 praedicto
2709 4674 2903 4729 Joanui
2931 4676 3265 4731 Antiocheno
3291 4685 3315 4713 ⁸
3339 4678 3604 4744 scribens,
3636 4677 3805 4735 Theo-

2232 4762 2422 4817 dorum
2455 4766 2591 4819 male
2615 4767 2994 4832 nominaverit,
3024 4777 3079 4821 et
3108 4769 3305 4823 dixerit
3333 4769 3640 4824 subdidisse
3664 4779 3813 4824 tumo

2228 4979 2497 5034 Theodori
2532 4982 2764 5060 nomini,
2799 4996 3018 5060 propter
3046 4988 3399 5044 Orientalium
3430 4990 3812 5060 offensionem,

2227 5060 2566 5118 parceretur,
2619 5054 2759 5108 unde
2788 5066 2843 5108 et
2895 5054 2946 5110 in
2993 5060 3251 5127 capitulis
3294 5061 3563 5116 Theodori
3613 5054 3809 5117 nomen

2226 5134 2647 5201 suppresserat,
2687 5131 3246 5201 pravautamen‘ejus
3286 5132 3535 5201 dogmata
3581 5134 3809 5186 damna-

2227 5201 2431 5329 ;iili‘t‘iiilr,
2463 5191 2570 5247 Sed
2608 5191 2969 5254 Orientalibus
3000 5214 3070 5257 ne
3100 5191 3201 5255 hoc
3233 5191 3447 5265 quidam
3492 5203 3806 5272 persuaderi

2306 5497 2489 5584 fidem
2518 5503 2664 5584 cod.,
2692 5503 2862 5584 Igitur
2894 5510 3010 5584 loco
3038 5513 3146 5584 qui.

2302 5569 2327 5648 ξ
2356 5568 2497 5648 idem
2519 5574 2664 5648 c0d_.,
2698 5568 2964 5648 decerptis.

2305 5639 2327 5715 ξ
2356 5638 2498 5715 ldcm
2528 5638 2671 5715 cod.,
2704 5638 2931 5715 ipsorum
2958 5650 3313 5709 Orientoh'mn.

2304 5710 2328 5742 ⁸
2357 5710 2412 5765 In
2442 5714 2630 5772 eodem
2660 5710 2780 5773 Cod.
2809 5720 2959 5776 deest
2981 5724 3037 5783 τὸ
3055 5735 3228 5786 phus.
