4114 6560
284 338 429 398 ’715

1179 335 1312 394 ΡΙὶο
1355 330 1783 393 DEFENSlONE
1825 326 2041 387 TRIUM
2084 320 2403 386 CAPITUL.
2447 329 2573 385 LIB.
2621 328 2753 385 Vill.

3509 321 3613 375 7H»

326 469 487 522 quem
513 452 661 506 misit
692 448 981 512 Armeniis,
1014 448 1245 503 Judaicze
1276 448 1564 519 impietatis
1588 448 1747 517 plena
1768 444 1913 515 cjus-
1942 448 1990 507 Λ
2023 444 2255 497 cerdotts
2296 444 2519 497 Joannis
2546 461 2558 496 :
2601 452 2725 513 post
2756 440 3201 511 subscriptionem
3230 448 3409 495 autem
3456 440 3614 502 tniui,

326 546 447 600 dem
486 543 761 598 Theodori
808 540 1060 609 capitula,
1106 549 1163 594 ut
1202 540 1303 594 sub
1332 539 1674 594 anathemate
1708 538 1921 592 damna-

326 648 532 693 rentur.
592 637 693 703 Qui
750 634 972 689 Proclus
1019 633 1373 701 conquerenti
1422 642 1477 687 ct
1524 630 1917 687 contradicenti

328 737 628 784 memorato
658 728 851 783 Joanni
886 727 1223 781 Antiocheno
1264 734 1318 779 et
1344 726 1459 794 ejus
1485 723 1694 796 synodo
1738 723 1807 778 ita
1839 738 1924 776 re-

330 823 546 893 spondit
576 840 587 874 :
637 840 655 873 ί
709 821 936 887 Quando
967 821 1109 875 enim
1146 835 1247 889 ego
1280 820 1472 890 scripsi
1517 830 1621 873 ture
1651 818 1921 873 sanctitati

330 928 578 986 oportere
604 924 696 970 aut
723 914 1097 982 Theodorum,
1128 922 1221 967 aut
1246 913 1380 968 alios
1410 913 1672 983 quosdam
1706 914 1793 982 qui
1826 912 1928 982 pri-

334 1009 451 1062 dem
483 1006 725 1063 defuncti
755 1020 882 1061 sunt
909 1050 923 1070 ,
972 1007 1303 1061 anathemati
1352 1006 1531 1069 subdi,
1564 1014 1653 1059 aut
1681 1005 1925 1060 nomina—

336 1104 425 1152 tim
459 1098 684 1167 alicujus
719 1096 836 1150 fieri
874 1097 889 1127 ί
930 1095 1299 1151 mentionem?
1350 1094 1456 1151 Sed
1498 1105 1660 1164 puto,
1708 1096 1846 1149 sicut
1872 1104 1927 1149 et

336 1190 461 1256 Ipsae
489 1188 679 1244 litterae
723 1189 788 1242 ad
834 1195 979 1241 tuam
1011 1188 1352 1242 sanctitatem
1404 1186 1623 1240 directce
1670 1182 1922 1243 clamant.

337 1280 467 1333 nihil
499 1279 723 1333 difﬁcile
758 1280 839 1332 vel
870 1293 1093 1348 pravum
1120 1278 1346 1347 epistola
1367 1279 1639 1344 continet;
1668 1279 1762 1333 sed
1804 1281 1926 1349 quia

338 1381 550 1439 oportet
589 1371 737 1425 omni
784 1371 1094 1439 suspicione
1146 1369 1398 1436 liberari,
1437 1378 1491 1425 et
1524 1369 1924 1424 detrahentium

340 1476 431 1516 ora
456 1475 737 1527 consuere,
771 1477 840 1516 ex
865 1462 967 1515 hoc
1010 1461 1153 1530 quod
1183 1462 1235 1515 in
1267 1470 1414 1516 tomo
1460 1462 1667 1516 directo
1695 1461 1928 1517 subscri-

341 1554 442 1623 psi,
468 1562 522 1607 et
548 1553 636 1608 illa
659 1551 889 1622 capitula
923 1568 1043 1622 qua:
1070 1553 1310 1623 snbjecta
1340 1563 1464 1609 sunt
1494 1555 1689 1623 repuli,
1716 1562 1776 1609 ut
1807 1563 1930 1624 pote

342 1646 698 1701 subtilitatem
741 1661 847 1700 non
874 1645 1128 1701 habentia
1162 1647 1398 1715 pietatis.
1433 1646 1620 1716 Neque
1654 1654 1833 1701 autem
1863 1646 1931 1703 de

343 1740 651 1805 Theodoro,
685 1754 861 1809 neque
891 1739 958 1795 de
985 1740 1091 1795 alio
1113 1755 1406 1809 quoquam,
1438 1742 1526 1811 qui
1551 1742 1661 1810 jam
1692 1740 1931 1796 defuncti

2025 546 2079 590 et
2132 549 2249 605 post
2285 537 2641 606 alujectionem
2686 537 3075 605 capitulorum,
3135 550 3255 604 quas
3306 534 3461 603 cujus
3511 534 3622 585 sint

2027 634 2358 702 ignoramus,
2391 634 2649 688 continuo
2682 647 2922 702 praipara
2955 632 3238 687 diaconum
3270 628 3616 685 Theodorum

2028 727 2212 782 venire
2238 729 2303 780 ad
2336 728 2537 797 regiam
2580 729 2877 791 civitatem,
2908 738 3171 795 quatenus
3214 732 3538 795 tempestate
3565 732 3624 777 et

2030 818 2256 872 tumultu
2284 834 2389 872 non
2423 819 2745 888 impleantur
2774 819 3019 874 ecclesiae
3056 820 3203 873 urbis
3237 814 3620 875 sanctissimae,

2029 923 2077 966 ct
2104 912 2313 965 donetis
2330 911 2529 981 aliquid
2546 912 2813 968 desiderio
2833 912 2981 977 impii
3000 910 3253 975 Nestorii,
3275 909 3363 977 qui
3391 923 3451 963 se
3474 916 3626 977 putat

2030 1002 2229 1057 multos
2245 1002 2443 1058 habere
2461 1003 2657 1057 similia
2688 1003 2979 1072 sapientes.
3005 1021 3022 1054 ι
3047 1002 3145 1056 llic
3163 998 3622 1070 quemadmodum

2034 1095 2310 1163 perSpicis,
2340 1096 2659 1164 imperator,
2695 1111 2799 1149 non
2821 1110 2885 1149 ex
2909 1095 3070 1150 ductu
3094 1093 3518 1148 ratiocinationis
3538 1105 3629 1147 no-
3704 1092 3711 1099 '

2032 1196 2158 1238 strae
2175 1186 2461 1255 colligitur,
2486 1184 2580 1240 sed
2597 1186 2725 1255 ipsis
2750 1186 2888 1241 beati
2907 1184 3080 1239 Procli
3096 1184 3272 1239 verbis
3295 1182 3630 1239 evidentissi-

2033 1292 2119 1333 me
2141 1278 2563 1345 demonstratur,
2582 1279 2836 1349 quoniam
2862 1280 2905 1334 si
2929 1277 3386 1334 Chalcedonensis
3410 1292 3624 1347 quoque

2034 1370 2292 1440 synodus,
2308 1382 2360 1423 nt
2376 1371 2588 1438 quidam
2606 1370 2871 1433 fecerunt,
2885 1371 3163 1439 epistolam
3183 1368 3505 1424 venerabilis
3522 1368 3631 1424 Iba:

2038 1476 2134 1528 pro
2161 1460 2320 1517 laude
2345 1461 2615 1517 Theodori
2642 1471 2895 1532 tanquam
2924 1461 3171 1517 Nestorio
3194 1460 3389 1515 similia
3418 1460 3632 1530 sapien-

2035 1555 2103 1609 tis
2139 1555 2432 1625 abjiceret;
2481 1556 2606 1612 hinc
2652 1557 2851 1624 potius,
2885 1555 3025 1610 sicut
3052 1552 3280 1608 diximus
3309 1563 3470 1623 atque
3502 1567 3632 1621 pro-

2037 1647 2300 1714 bavimus,
2330 1630 2615 1704 excusasse
2648 1646 2952 1702 Nestorium
2984 1647 3276 1711 videretur,
3315 1652 3370 1700 et
3400 1642 3633 1699 donasse

2039 1740 2236 1809 aliquid
2261 1740 2530 1795 desiderio
2553 1740 3010 1804 Nestorianorum,
3034 1738 3124 1808 qui
3148 1753 3207 1793 se
3229 1745 3419 1807 putant
3438 1735 3634 1790 multos

343 1841 486 1899 sunt,
515 1832 705 1901 scripsi
731 1831 847 1900 tibi,
880 1832 990 1886 Deo
1011 1831 1401 1896 amantissime,
1426 1842 1515 1885 aut
1543 1842 1601 1886 ut
1627 1832 1932 1887 anathetna-
1963 1834 2010 1894 B
2040 1832 2237 1888 habere
2254 1834 2446 1893 similia
2464 1833 2751 1902 sapientes.
2779 1831 3041 1887 lnteilexit
3060 1831 3237 1900 itaque
3257 1826 3637 1897 virsapientis-

345 1926 557 1991 tizctur,
586 1929 680 1977 aut
706 1924 1003 1979 abdicetur.
1029 1923 1136 1979 Sed
1169 1938 1345 1993 neque
1370 1924 1725 1979 charissimus
1756 1924 1936 1978 Theo-

345 2016 527 2080 dorus,
558 2017 647 2086 qui
677 2031 706 2069 a
737 2016 890 2070 nobis
932 2016 1174 2072 directus
1205 2025 1309 2081 est,
1339 2016 1595 2071 diaconus
1628 2018 1755 2071 talia
1787 2033 1938 2072 man-

345 2111 469 2166 data
498 2112 762 2181 percepit.
803 2129 822 2164 )
852 2110 918 2167 Ει
944 2125 1006 2165 ea
1037 2110 1447 2165 evidentissima
1478 2110 1765 2181 negatione
1794 2110 1938 2164 beati

349 2202 522 2256 Procli
568 2201 795 2258 necdum
841 2201 1251 2257 confunduntur
1293 2202 1535 2258 haeretici
1570 2201 1939 2265 vei,fautorcs

350 2309 573 2360 eorum;
621 2295 713 2349 sed
760 2292 962 2349 audent
990 2293 1169 2349 adhuc
1205 2292 1389 2349 dicere
1417 2293 1561 2363 quod
1591 2294 1936 2351 Theodorum

254 2460 263 2465 _
350 2388 787 2457 Mopsuestenutn
816 2397 935 2457 post
965 2396 1191 2443 mortem
1216 2387 1356 2443 male
1382 2388 1761 2454 nominaverit,
1791 2404 1941 2443 eum-

353 2494 456 2549 que
509 2478 657 2533 velut
684 2478 997 2534 haereticum
1053 2478 1344 2548 impietatis
1387 2480 1657 2550 arguerit,
1696 2495 1817 2535 cum
1854 2482 1943 2537 ille

358 2570 618 2626 reclamet
647 2570 929 2641 quodnon
969 2570 1144 2625 solum
1174 2569 1519 2626 Theodorum
1546 2612 1562 2637 ,
1615 2587 1802 2627 verum
1841 2588 1941 2627 nec

356 2664 518 2719 alium
569 2678 892 2733 quemquam
935 2678 1000 2718 ex
1044 2663 1128 2717 his
1158 2665 1247 2735 qui
1294 2662 1407 2733 jam
1438 2663 1676 2719 defuncti
1734 2665 1946 2719 fuerant

360 2755 799 2811 anathetnatizari
831 2765 923 2809 aut
964 2757 1203 2810 abdicari
1250 2755 1544 2826 quiesierit,
1575 2764 1669 2812 aut
1696 2756 1945 2813 nomina-

353 2846 446 2900 tim
485 2845 713 2916 alicujus
761 2846 952 2902 fecerit
999 2848 1354 2903 mentionem.
1400 2849 1557 2903 Absit
1604 2849 1708 2903 hoc
1749 2864 1777 2902 a
1809 2865 1943 2905 con-

351 2938 577 2993 scientia
607 2938 825 3007 Procli,
876 2948 934 2994 ut
957 2956 1022 2994 ex
1075 2941 1209 2995 ntala
1254 2940 1621 2996 diffamatione
1664 2943 1945 2997 venerabi-

353 3030 480 3081 lium
517 3030 792 3085 nominum
835 3043 887 3085 et
924 3031 1199 3103 divulgata
1233 3032 1627 3103 vituperatione
1667 3032 1946 3090 defuncto-

359 3136 476 3175 rum
509 3122 559 3175 in
590 3137 721 3192 pace
750 3122 1008 3180 Ecclesiae
1032 3124 1396 3193 sacerdotum,
1427 3128 1686 3197 puerilem
1715 3127 1939 3197 gloriam

2040 1924 2241 1978 simus"
2270 1924 2506 1990 Proclus,
2533 1925 2674 1994 quod
2701 1924 2900 1978 domini
2925 1924 3194 1992 sapientes
3216 1922 3514 1991 intelligere
3536 1933 3637 1975 tto-

2044 2015 2286 2081 luerunt,
2316 2017 2569 2085 quoniam
2597 2015 2977 2083 Mopsuesteno
3017 2014 3337 2080 Theodoro,
3365 2027 3486 2068 cum
3515 2012 3634 2067 aliis

2043 2108 2363 2177 quibusdam
2412 2123 2639 2178 quorum
2690 2108 2910 2162 nomina
2949 2105 3198 2178 capitulis
3228 2106 3410 2161 nescio
3439 2105 3634 2175 quibus

2042 2198 2547 2255 anathematizanda
2604 2198 2889 2269 praeposita
2947 2196 3196 2260 fuerant,
3254 2196 3636 2263 condemnato,

2044 2295 2387 2363 expostulare
2407 2293 2688 2349 Nestorius
2712 2302 2912 2364 posset,
2932 2302 2985 2347 et
3002 2292 3201 2359 dicere,
3225 2291 3504 2360 Quomodo
3526 2293 3640 2345 vel-

2048 2394 2105 2439 ut
2154 2386 2401 2440 inventor
2432 2401 2585 2440 novre
2615 2385 2877 2440 doctrinae
2918 2384 2989 2439 ab
3018 2383 3256 2438 Ecclesia
3301 2397 3418 2439 sum
3454 2383 3640 2443 depul—

2048 2494 2161 2546 sus,
2186 2495 2306 2533 cum
2331 2479 2648 2535 Theodorus
2674 2477 2754 2531 vir
2778 2476 3142 2538 doctissimus,
3174 2484 3229 2530 ct
3257 2490 3285 2529 a
3310 2473 3639 2531 doctissimis

2046 2571 2295 2627 Patribus
2339 2571 2659 2641 pricdicatus
2685 2615 2700 2639 ,
2743 2578 2903 2640 atque
2951 2570 3038 2623 alii
3070 2568 3159 2637 qui
3201 2568 3341 2621 sicut
3387 2567 3475 2622 ille
3520 2566 3638 2619 sine

2048 2666 2267 2737 querela
2298 2668 2350 2722 in
2382 2666 2637 2721 Ecclesia:
2670 2679 2799 2734 pace
2845 2662 3081 2718 delttnCti
3124 2670 3248 2717 sunt
3272 2704 3287 2728 ,
3328 2660 3517 2716 eadem
3551 2674 3639 2712 sa-

2050 2751 2229 2829 puisse
2259 2759 2546 2817 dicantur?
2594 2759 2696 2814 Vos
2737 2772 2866 2827 ergo
2899 2756 3073 2826 potius
3103 2754 3318 2810 dicendi
3347 2753 3477 2808 estis
3513 2753 3641 2806 novi

2047 2852 2314 2923 dogmatis
2352 2852 2689 2930 inventores,
2720 2850 2810 2920 qui
2841 2849 2909 2905 ab
2946 2863 3132 2904 eorum
3174 2846 3420 2902 doctrina
3466 2845 3641 2901 desci-

2046 2943 2218 3009 scitis,
2249 2958 2381 3012 quos
2415 2944 2654 2999 Ecclesia
2685 2957 2901 3012 semper
2932 2942 3118 2997 habuit
3156 2940 3466 2995 honoratos.
3502 2939 3638 2993 Nam

2048 3049 2147 3106 ego
2186 3037 2347 3090 etiam
2391 3042 2573 3090 v'cstro
2612 3035 2921 3089 testimonio
2966 3032 3258 3088 catholicus
3307 3031 3503 3101 probor
3536 3046 3550 3085 :
3591 3030 3640 3085 si

2047 3128 2193 3183 enim
2223 3143 2285 3183 ea
2314 3128 2507 3192 doceo,
2536 3141 2657 3195 quas
2685 3125 3091 3194 Monsuestenns
3119 3124 3435 3178 Theodorus
3464 3132 3520 3177 ct
3551 3122 3642 3177 alii

355 3224 615 3283 captaret,
646 3224 807 3286 atque
844 3217 969 3272 inde
1002 3218 1171 3274 videri
1203 3219 1395 3274 doctus
1416 3229 1510 3275 aut
1538 3220 1824 3291 religiosus
1857 3236 1953 3293 ap-
1974 3209 2023 3275 C
2052 3221 2107 3277 in
2136 3223 2375 3277 Ecclesia
2408 3221 2743 3288 docuerunt,
2792 3220 3027 3287 ipsorum
3068 3233 3196 3272 vero
3223 3217 3462 3271 doctrina
3494 3221 3578 3270 vel
3611 3232 3641 3269 a

356 3317 581 3375 peteret.
626 3308 796 3381 Negat
835 3326 965 3381 ergo
1007 3327 1067 3366 se
1118 3312 1433 3368 nominatim
1474 3315 1704 3386 alicujus
1748 3317 1946 3375 fecisse

354 3398 720 3467 mentionem;
771 3411 827 3457 et
855 3418 963 3457 non
993 3403 1170 3459 solum
1202 3409 1409 3470 testari,
1440 3421 1627 3461 verum
1656 3419 1712 3465 et
1756 3420 1946 3468 contra

354 3493 670 3546 surditatem
736 3496 1205 3550 contentiosorum
1262 3498 1498 3552 clamare
1547 3500 1680 3555 dicit
1738 3502 1948 3558 litteras

353 3599 499 3649 suas,
530 3586 671 3654 quod
706 3585 833 3639 nihil
872 3601 1092 3655 pravum
1122 3587 1439 3643 contineant
1466 3606 1478 3641 :
1512 3604 1734 3659 pravum
1766 3594 1950 3663 utique

356 3692 477 3732 esse
511 3677 800 3743 definiens,
853 3679 997 3747 quod
1040 3681 1320 3749 quaesiisse
1371 3680 1506 3737 falso
1555 3683 1861 3750 putabatur,
1892 3694 1949 3739 ttt

353 3776 541 3822 contra
587 3767 841 3822 Ecclesia:
873 3782 1083 3824 morem
1129 3780 1249 3838 post
1296 3778 1524 3825 mortem
1564 3771 1950 3830 damnarentur

355 3862 600 3932 episcopi
630 3878 900 3926 nunquam
947 3864 999 3918 in
1031 3864 1135 3918 vita
1166 3878 1262 3920 sua
1292 3866 1514 3934 culpati.
1545 3866 1744 3921 Scribit
1770 3878 1952 3923 autetu

353 3956 517 4011 etiam
548 3956 780 4010 Maximo
812 3957 856 4021 ³,
888 3956 978 4009 uni
1011 3971 1075 4010 ex
1097 3956 1308 4012 duobus
1350 3972 1444 4026 per
1472 3974 1631 4028 quos,
1667 3968 1725 4013 ut
1748 3961 1947 4016 dictum

356 4061 457 4113 est,
486 4049 800 4121 synodicam
828 4050 1112 4117 epistolam
1146 4051 1734 4109 miseratorientalibus
1751 4054 1950 4122 episco-

357 4147 460 4212 pis,
484 4146 668 4200 dicens
704 4161 718 4198 :
757 4162 776 4196 ι
815 4145 1020 4200 Memor
1040 4154 1125 4201 est
1159 4154 1247 4200 tua
1277 4148 1601 4213 reverentia,
1635 4147 1850 4215 quando
1879 4148 1946 4203 ad

358 4237 757 4293 sanctissimum
783 4237 1183 4294 Antiochenam
1213 4240 1529 4310 episcopum
1563 4241 1585 4271 ³
1617 4242 1711 4295 tibi
1742 4241 1949 4295 litteras

354 4332 735 4401 injungebam,
781 4331 907 4401 quia
948 4332 1129 4386 omnia
1168 4346 1292 4387 cum
1325 4333 1441 4401 ejus
1473 4333 1731 4387 admonui
1762 4332 1951 4387 volun-

355 4434 475 4478 tate
498 4423 611 4478 tieri
642 4431 923 4492 Oportere;
965 4432 1020 4479 et
1067 4423 1200 4478 nihil
1231 4424 1298 4477 ad
1332 4422 1705 4479 confusionem
1752 4425 1833 4479 vel
1868 4435 1950 4479 tu-

352 4515 581 4571 multum
598 4508 957 4571 Ecclesiarum
974 4529 1156 4585 pacem
1178 4515 1484 4571 habentium
1507 4517 1613 4586 agi,
1629 4517 1722 4571 sed
1744 4525 1946 4571 tomum

2051 3316 2251 3373 sanctis
2276 3314 2524 3368 Patribns
2549 3312 2761 3367 laudata
2784 3320 2888 3377 est,
2916 3311 2999 3365 vel
3026 3309 3163 3378 quod
3196 3308 3407 3364 interim
3433 3316 3639 3362 certum

2050 3418 2157 3473 est,
2193 3423 2284 3477 per
2315 3422 2477 3461 omne
2505 3419 2612 3475 quo
2638 3405 2889 3459 vixerunt
2916 3410 3127 3471 tempus
3156 3420 3180 3454 a
3210 3403 3353 3454 nullo
3380 3403 3644 3455 invenitur

2049 3516 2173 3555 esse
2203 3500 2415 3568 culpata
2445 3540 2458 3564 ,
2500 3499 2845 3569 inculpabilis
2875 3507 2959 3552 est
3005 3497 3165 3551 ctiam
3216 3510 3333 3550 mea
3380 3495 3642 3548 doctrina.

2050 3593 2200 3660 Quod
2228 3594 2271 3646 si
2305 3595 2417 3648 hrcc
2448 3593 2583 3647 ratio
2610 3608 2714 3646 non
2749 3607 2868 3647 mea
2892 3633 2906 3659 ,
2954 3593 3046 3646 sed
3092 3593 3191 3647 viri
3238 3591 3639 3662 prudentissimi

2050 3695 2211 3754 atque
2240 3685 2564 3740 sanctissimi
2604 3686 2818 3751 Procli,
2864 3685 3025 3740 modo
3070 3686 3451 3752 contemnitur,
3487 3700 3645 3756 quam

2053 3780 2311 3833 hactenus
2346 3776 2588 3832 Ecclesia
2618 3778 2930 3831 custodiens
2973 3778 3025 3831 in
3058 3792 3188 3846 pace
3237 3778 3500 3844 degebat;
3550 3791 3648 3829 cur

2048 3883 2235 3939 quaeso
2262 3868 2329 3924 de
2359 3868 2586 3923 aliorum
2630 3867 2939 3922 nominibus
2974 3875 3203 3932 tacetur,
3237 3884 3355 3936 qua:
3391 3867 3481 3920 illo
3511 3877 3647 3921 teni-

2052 3977 2183 4032 pore
2211 3962 2369 4017 simul
2398 3960 2683 4032 praeposita
2713 3958 2930 4014 fuerant
2958 3959 3205 4029 capitulis
3236 3959 3302 4012 ad
3327 3958 3648 4013 anathema-

2054 4052 2362 4108 tizandnm?
2402 4069 2521 4120 cur,
2554 4060 2826 4123 putamus,
2855 4051 2959 4106 illis
2987 4052 3185 4120 pariter
3213 4052 3475 4106 accusatis
3505 4066 3647 4104 nunc

2053 4146 2315 4215 parcitur,
2349 4156 2403 4201 et
2433 4145 2580 4200 Solus
2611 4146 2664 4200 in
2705 4146 2804 4200 hac
2838 4145 3289 4201 condeninatione
3316 4145 3645 4214 Mopsuestev

2054 4254 2153 4293 nus
2186 4239 2506 4295 Theodorus
2550 4238 2894 4294 nominatur?
2952 4239 3117 4294 Estne
3166 4238 3312 4293 aliud
3362 4238 3503 4307 quod
3560 4238 3646 4292 hic

2054 4332 2355 4402 intelligere
2398 4333 2481 4388 vel
2508 4330 2773 4400 suspicari
2806 4332 3095 4400 possimus,
3129 4331 3231 4385 nisi
3262 4331 3383 4401 quia
3412 4331 3557 4384 solus
3591 4332 3649 4385 in

2053 4425 2281 4494 epistola
2310 4424 2633 4482 venerabilis
2665 4424 2770 4480 lba’s
2806 4426 3049 4479 laudatus
3078 4434 3191 4491 est,
3222 4440 3380 4495 quam
3408 4426 3652 4495 synodus

2054 4516 2514 4572 Chalcedonensis
2568 4516 2923 4572 orthodoxam
2983 4516 3286 4586 judicavit?
3346 4517 3513 4573 Porro
3571 4519 3648 4571 vir

352 4610 571 4680 quidem
595 4609 885 4677 subscribi,
914 4610 1340 4679 capitulaautem
1354 4609 1945 4675 subditasinenomine,
1980 4596 2027 4655 Ῐ)
2055 4610 2271 4678 sapiens
2302 4609 2522 4664 Proclus
2549 4609 2691 4663 hunc
2726 4607 3069 4667 Theodorum
3109 4623 3214 4664 non
3253 4617 3339 4665 est
3377 4623 3541 4665 ausus
3568 4609 3651 4664 in-

356 4704 474 4757 luec
532 4715 784 4772 tanquam
843 4718 950 4758 non
1004 4702 1258 4758 habentia
1323 4702 1676 4758 subtilitatem
1734 4703 1947 4773 pietatis

354 4795 523 4851 averti
553 4800 608 4851 et
631 4794 895 4851 abdicari.
926 4794 1207 4864 Quomodo
1238 4795 1401 4865 igitur
1430 4808 1526 4864 per
1552 4795 1760 4851 litteras
1788 4795 1947 4850 didici

354 4902 496 4943 ntmc
522 4888 649 4958 quia
671 4888 939 4945 Theodori
969 4888 1331 4959 Mopsueswni
1360 4896 1418 4943 et
1439 4888 1664 4943 aliorum
1692 4904 1948 4957 quorum-

350 4982 476 5031 dam
520 4979 737 5034 numina
768 4981 1056 5049 praeposita
1088 4988 1214 5035 sunt
1237 4980 1485 5050 capitulis
1515 4981 1581 5035 ad
1627 4981 1945 5036 anathema-

353 5073 650 5139 tizandum,
680 5087 801 5128 cum
830 5072 909 5128 illi
939 5071 1006 5127 ad
1042 5072 1207 5127 Deum
1236 5074 1343 5142 jam
1375 5073 1752 5143 migraverint,
1782 5082 1836 5129 et
1856 5088 1949 5127 eos

353 5167 441 5234 qui
468 5165 582 5235 jam
612 5167 776 5221 vitam
820 5164 1155 5235 reliquerunt
1178 5180 1567 5234 supervacuum
1597 5175 1681 5221 est
1705 5165 1947 5234 injuriari

353 5267 476 5330 post
505 5271 757 5325 mortem,
785 5275 922 5331 quos
953 5272 1052 5314 nec
1081 5258 1241 5313 vivos
1271 5257 1561 5326 aliquando
1586 5258 1949 5326 culpavimns?

354 5350 501 5422 Rogo
541 5366 671 5422 ergo
688 5392 702 5417 ,
728 5353 916 5408 festina
937 5351 1076 5406 sicut
1104 5349 1246 5404 filius
1268 5349 1555 5418 exquirere
1580 5346 1625 5419 ⁸,
1653 5349 1747 5404 sed
1768 5352 1945 5403 omnia

351 5447 667 5518 permittere
692 5447 992 5502 auctoritati
1021 5443 1265 5516 ejusdem
1290 5441 1716 5498 reverentiSsittti
1747 5456 1946 5495 consa—

422 5629 438 5661 ¹
467 5628 603 5682 Cod.
635 5626 861 5689 Veram,
891 5628 1007 5696 feci.
1524 5632 1527 5635 ’
1827 5655 1832 5662 ι

416 5700 439 5733 ε
471 5700 616 5753 Idem
645 5699 792 5764 cod..,
831 5698 1060 5751 Maximo
1092 5697 1325 5753 diacono.
1364 5696 1649 5749 Maximum
1694 5696 1943 5749 eumdem

350 5782 504 5828 vocat
531 5770 811 5823 diaconum
845 5768 1127 5823 Facundus
1157 5770 1315 5822 etiam
1352 5767 1480 5821 inira
1510 5771 1613 5822 Col.
1649 5768 1771 5819 7‘28.

430 5843 451 5874 ³
472 5843 619 5899 ltlent
646 5844 793 5903 cod.,
826 5839 1289 5907 archiepismpum.

594 5938 863 5997 Pnaon.
914 5936 1020 5995 LX
1035 5935 1165 5996 Vll.

2050 4702 2244 4772 jnriari
2289 4712 2411 4773 post
2449 4711 2678 4758 mortem
2705 4744 2721 4769 ,
2765 4702 3019 4770 quoniam
3060 4700 3165 4758 hoc
3207 4718 3308 4758 nec
3346 4702 3652 4758 Christiana

2054 4797 2226 4868 pietas
2255 4795 2614 4863 admittebat;
2647 4810 2749 4851 nec
2779 4795 2964 4851 habuit
2995 4795 3135 4865 quod
3168 4796 3495 4865 respondere
3527 4811 3651 4863 pos-

2055 4897 2159 4952 set,
2189 4888 2232 4943 si
2264 4888 2312 4943 ei
2336 4888 2606 4944 diceretur
2635 4907 2645 4940 :
2680 4887 2787 4942 Cur
2816 4886 3054 4943 Iudaica:
3085 4887 3374 4957 impietatis
3401 4900 3651 4947 accusas,

2054 4991 2108 5037 et
2130 4980 2495 5036 condemnare
2526 4984 2723 5050 quieris
2766 4990 3060 5045 mortuum,
3089 4995 3246 5047 quem
3283 4993 3407 5033 cum
3444 4977 3649 5032 viveret

2056 5075 2228 5143 palam
2256 5072 2308 5127 in
2347 5073 2586 5127 Ecclesia
2616 5072 2902 5127 docentem
2941 5085 3213 5141 nunquam
3244 5084 3473 5140 arguere
3502 5085 3646 5149 prte—

2054 5167 2367 5236 sumpsisti?
2413 5165 2545 5220 Nam
2596 5167 2643 5220 si
2695 5164 3137 5221 condemnandus
3186 5165 3459 5220 videretur
3504 5164 3652 5225 velut

2054 5261 2344 5316 haereticus
2370 5303 2385 5327 ,
2427 5261 2697 5315 viventem
2740 5259 3021 5315 admoneri
3050 5274 3077 5313 a
3112 5268 3165 5315 te
3208 5260 3356 5329 prius
3384 5260 3649 5330 oportuit,

2052 5364 2173 5406 cum
2222 5360 2314 5406 aut
2360 5350 2699 5421 interpretari
2749 5353 3099 5420 semetipsum
3152 5362 3332 5421 posset
3375 5351 3427 5406 in
3469 5353 3551 5406 his
3592 5351 3646 5406 in

2053 5445 2245 5515 quibus
2270 5444 2584 5511 offenderis,
2615 5454 2669 5500 et
2696 5445 2975 5499 meliorem
3019 5445 3267 5515 accipere
3301 5446 3383 5499 vel
3415 5445 3646 5500 reddere

2124 5626 2144 5656 ³
2179 5626 2318 5679 idem
2342 5626 2488 5688 cod.,
2518 5628 2647 5679 sicut
2671 5626 2810 5693 ﬁlius
2840 5626 2974 5693 patri
3004 5626 3238 5680 obcdiens
3260 5625 3391 5679 nihil
3418 5624 3645 5694 amplius

2053 5713 2334 5767 exquirere.

2127 5773 2145 5800 δ
2190 5770 2330 5822 Idem
2357 5767 2505 5836 cod.,
2541 5770 2965 5837 prttde‘it'ssimus
3002 5768 3237 5825 Proclns.

3133 5926 3209 5985 23
