4114 6472
547 257 654 314 ⁸115

1645 258 1940 315 FACUNBI
1983 257 2192 314 EPlSC.
2239 259 2746 318 liEliMlANENSlS

3743 265 3850 320 ’713

552 381 836 448 rationem,
874 388 966 434 aut
1000 378 1188 432 merito
1217 391 1314 432 suo
1339 390 1432 446 pro
1472 390 1564 429 sua
1594 376 1954 431 obstinatione
1992 374 2145 429 dam-
2176 375 2220 434 Α
2254 384 2429 430 ctores
2473 378 2730 433 Ecclesia:
2772 375 3085 432 nominatim
3132 386 3657 444 commemorarent,
3705 383 3853 436 sicut

555 471 695 526 nari.
747 470 898 525 Nunc
925 479 1100 523 autem
1133 467 1263 522 nihil
1309 465 1451 520 aliud
1482 467 1624 536 agis,
1681 467 1781 521 nisi
1815 476 1872 520 ut
1903 467 2142 522 intermi-

554 564 729 618 nahile
759 561 1067 616 scandalum
1100 558 1329 628 posteris
1359 559 1736 627 derelinquas,
1778 569 1867 612 aut
1899 559 2019 613 aliis
2050 573 2138 614 se-

553 655 838 724 quentibus
867 653 1208 721 antiquorum
1248 651 1463 706 Patrum
1515 653 1837 707 sententiam
1884 653 1974 722 qui
2019 667 2140 707 emn

557 745 930 807 laudaverunt,
962 743 1082 796 aliis
1109 757 1242 796 vero
1272 752 1440 806 tuam,
1473 743 1560 809 qui
1592 757 1714 796 eum
1748 743 2027 810 praetimis
2055 757 2145 798 ac-

552 853 615 890 ei
651 851 742 890 are
773 844 893 905 post
927 844 1177 898 mortem,
1209 833 1416 903 magnis
1450 831 1630 887 litibus
1657 847 1872 901 semper
1905 833 2144 888 Ecclesia

551 930 838 998 quatiatur.
883 929 992 984 llac
1020 929 1091 982 ita
1121 928 1406 999 perSpicua
1437 927 1644 981 cunctis
1674 929 1882 980 ratione
1912 925 2144 981 duceba-

553 1035 640 1076 tur
669 1022 750 1075 vir
783 1023 951 1076 bonus
983 1030 1037 1075 et
1065 1019 1282 1088 sapiens
1311 1017 1554 1083 Proclus,
1589 1025 1643 1071 ut
1673 1031 1846 1086 neque
1871 1018 1938 1071 de
1966 1016 2142 1071 Theo-

553 1119 712 1182 doro,
741 1117 880 1170 sicut
917 1113 1152 1168 hmretici
1185 1113 1411 1180 lingunt,
1442 1126 1616 1180 neque
1645 1110 1711 1165 de
1741 1109 1845 1165 alio
1872 1123 2141 1179 quoquam

553 1211 606 1262 in
647 1207 903 1262 Ecclesiae
943 1219 1073 1273 pace
1117 1203 1402 1265 defuncto,
1439 1202 1567 1255 mali
1607 1200 1806 1270 aliquid
1856 1200 2136 1254 scriberet.

552 1301 780 1369 Propter
812 1297 950 1366 quod
983 1299 1268 1364 increpans
1304 1309 1461 1348 suum
1504 1293 1811 1357 diaconum,
1841 1290 1967 1346 dicit
1999 1291 2140 1361 quod

553 1392 685 1446 nihii
720 1391 785 1445 ad
818 1389 1188 1445 conl‘usionen‘i
1229 1397 1283 1442 et
1317 1385 1599 1441 tumultum
1646 1384 2008 1438 Ecelesiarum
2051 1397 2142 1452 pa-

552 1500 668 1538 rem
693 1482 1003 1537 habentium
1029 1481 1076 1539 ei
1105 1477 1369 1549 agendum
1399 1475 1717 1544 injunxerit.
1749 1473 1896 1528 Unde
1925 1488 2028 1528 non
2055 1488 2141 1528 so-

555 1575 664 1627 lum
705 1570 976 1626 Theodori
1017 1567 1375 1637 Mopsuesteni
1431 1576 1485 1621 et
1535 1567 1758 1620 aliorum
1787 1563 2138 1635 quorumdam

558 1665 772 1721 nomina
802 1660 1049 1731 capitulis
1081 1659 1263 1715 nescio
1295 1657 1488 1727 quibus
1520 1657 1803 1726 pra-posita
1836 1655 2002 1710 fuisse
2029 1655 2140 1708 rul-

2249 468 2409 521 etiam
2455 468 2643 525 Proclo
2692 470 2990 525 scribentes
3035 469 3292 539 episcopo
3342 468 3620 532 fec-erant,
3664 473 3853 542 perhi-

2249 568 2438 623 bentes
2480 585 2573 625 cos
2616 569 2812 624 similia
2854 570 3102 624 docuisse
3138 569 3446 636 Theodoro,
3488 572 3552 624 ad
3595 571 3847 627 ultimum

2248 661 2432 716 dicunt
2464 679 2476 714 :
2517 682 2534 713 ι
2568 663 2905 718 Arbitramur
2937 671 3115 719 autem
3161 663 3321 718 etiam
3367 664 3468 734 ipsi
3499 665 3586 734 pio
3618 666 3852 736 imperio

2250 768 2372 809 esse
2407 755 2595 809 inutile
2623 795 2638 820 ,
2682 755 2810 809 dum
2855 755 3100 810 homines
3140 754 3245 810 huc
3284 764 3448 826 atque
3488 756 3614 811 illuc
3650 758 3848 825 jactari

2250 857 2536 917 coguntur,
2565 863 2666 903 nec
2697 849 2981 918 quiescere
3007 848 3073 902 ab
3101 848 3201 903 hac
3234 849 3533 918 importuna
3565 849 3848 905 hominum

2251 941 2641 1010 inquietudine.
2691 940 2851 995 Stent
2881 955 3009 1011 ergo
3053 956 3229 996 causa:
3268 941 3608 1011 deposcimus
3642 953 3850 1012 tempe-

2249 1033 2436 1100 statis,
2479 1041 2533 1088 ct
2568 1033 3013 1104 tranquillitatem
3055 1035 3151 1091 Dei
3183 1035 3439 1090 Ecclesiis
3469 1035 3681 1107 disponi
3707 1055 3849 1109 pra:-

2249 1125 2432 1195 cipite.
2471 1144 2489 1178 ›
2525 1125 2693 1188 Nihil,
2727 1134 2984 1196 quantum
3017 1127 3248 1197 aestimo,
3276 1127 3534 1198 religiose
3564 1129 3842 1198 princeps,

2249 1217 2514 1287 agendum
2564 1217 2719 1272 nobis
2762 1218 2902 1287 apud
2945 1228 3181 1273 vestram
3213 1221 3677 1276 mansuetudinem
3720 1222 3844 1276 reli-

2248 1319 2439 1380 querat
2468 1318 2654 1366 sancta
2685 1311 2801 1366 hzec
2838 1311 3176 1367 orientalium
3210 1313 3446 1383 synodus
3477 1314 3842 1369 sacerdotum.

2247 1406 2399 1474 Quod
2430 1408 2574 1462 enim
2617 1424 2722 1462 non
2767 1409 2939 1464 solum
2968 1407 3330 1464 Ecclesiarum
3374 1409 3529 1477 paci,
3572 1425 3762 1463 verum
3795 1422 3846 1464 et

2250 1500 2350 1570 ipsi
2380 1500 2604 1570 imperio
2631 1512 2810 1556 vestro
2842 1501 3031 1556 inutile
3066 1501 3166 1566 sit,
3211 1510 3267 1554 ut
3310 1500 3556 1569 videlicet
3598 1501 3845 1555 homines

2253 1592 2356 1646 huc
2387 1604 2546 1663 atque
2577 1593 2703 1648 illuc
2726 1593 2917 1662 jactari
2959 1603 3236 1664 cogantur,
3273 1607 3370 1649 nec
3411 1593 3690 1663 quiescere
3724 1611 3844 1663 per-

2251 1689 2522 1752 mittatur,
2566 1687 2640 1741 illi
2691 1695 2848 1752 caute
2882 1688 2897 1718 ί
2933 1689 3181 1742 dixerunt
3213 1705 3226 1741 :
3254 1688 3346 1742 sed
3393 1698 3565 1743 actum
3619 1697 3700 1742 est
3728 1731 3742 1752 ,
3794 1697 3844 1741 rt

556 1759 719 1828 υίινίίν
751 1769 933 1810 "erum
961 1753 1123 1809 etiam
1154 1751 1440 1806 “mmet”
1471 1749 1717 1850 ignorare
1747 1749 2135 1850 c“_j05_essfm'
2172 1771 2220 1831 Β
2248 1777 2364 1832 1]ωο
2395 1778 2549 1833 vobis
2586 1777 2764 1834 serius
2810 1779 3236 1844 inualescerent,
3268 1780 3394 1834 dum
3427 1781 3516 1849 qui
3551 1792 3843 1850 potuerunt

553 1849 833 1920 Quomodo
881 1855 1058 1902 autem
1102 1852 1285 1899 sancta
1334 1842 1570 1914 synodus
1616 1857 1682 1896 ex
1736 1842 1960 1910 epistol:
2013 1841 2139 1910 lbte,

555 1944 826 1999 Theodori
863 1941 1074 1995 laudem
1107 1939 1418 2003 advertens,
1457 1935 1703 1990 eumdem
1732 1936 1877 1989 lbam
1908 1936 2144 2004 compel-

557 2040 693 2089 ιρι-γι
733 2035 905 2104 ipsum
946 2029 1405 2085 anathematizare
1434 2027 1798 2092 Theodorum,
1831 2043 1953 2081 cum
1983 2029 2146 2083 sciret

557 2144 662 2180 non
691 2126 865 2181 solum
907 2140 1004 2192 pro
1039 2123 1153 2190 illo,
1185 2122 1280 2177 sed
1326 2137 1420 2190 pro
1447 2120 1695 2175 omnibus
1725 2121 1814 2190 qui
1839 2120 1948 2188 jam
1980 2121 2141 2175 vitam

555 2218 806 2286 inculpati
857 2216 1214 2284 reliquerant,
1263 2212 1433 2268 sancti
1484 2212 1658 2268 Procli
1697 2213 1962 2268 sententia
1993 2213 2144 2283 cujus

554 2312 848 2368 doctrinam
877 2311 1071 2375 tenuit,
1101 2307 1378 2363 deﬁnitum
1403 2306 1543 2376 quod
1574 2320 1969 2374 supervacuum
1996 2317 2140 2362 esset

554 2420 644 2460 eos
672 2402 909 2474 injuriari
940 2410 1057 2471 post
1088 2399 1358 2456 mortem?
1732 2420 1735 2424 -

1173 2492 1397 2550 CAPUT
1431 2493 1516 2548 111.

557 2592 708 2663 Quod
730 2592 956 2663 synodus
989 2589 1222 2663 Orientis
1241 2589 1309 2642 ad
1331 2588 1678 2663 Theodosium
1695 2662 1700 2663 γ
1719 2590 2077 2663 imperatogrm
2098 2599 2144 2643 et

628 2659 944 2718 Theodosius
967 2662 1034 2714 ad
1059 2659 1333 2732 synodum,
1367 2661 1430 2714 de
1449 2676 1551 2714 non
1569 2661 1958 2735 condemnanda
1975 2659 2142 2714 Theo-

617 2739 746 2788 doro
775 2735 1089 2804 scripserint.

618 2829 724 2884 Sed
751 2843 891 2883 nunc
920 2827 986 2881 ad
1019 2826 1178 2880 aliam
1211 2836 1419 2895 partem
1455 2824 1596 2880 illius
1624 2826 1865 2894 epistolm
1902 2835 2141 2880 reverta-

551 2936 686 2983 mur,
721 2935 748 2973 a
781 2919 1039 2990 prmdicta
1070 2917 1277 2987 synodo
1309 2916 1549 2972 Orientis
1584 2919 1890 2987 imperatori
1930 2919 2144 2986 scriptae

551 3013 854 3068 Theodosio
887 3013 905 3032 ‘
927 3053 944 3077 ,
979 3025 1138 3081 quam
1178 3011 1230 3064 in
1263 3011 1503 3065 secundo
1547 3010 1686 3064 libro
1717 3025 2018 3067 memorare
2047 3026 2142 3082 op-

551 3115 838 3176 porlttttum
870 3105 1090 3158 minime
1112 3103 1438 3172 iudicantes,
1468 3102 1847 3158 distu'eramus
1873 3103 1924 3156 in
1953 3103 2141 3157 subser

550 3197 836 3264 quentibus
866 3194 1254 3264 explicandam.
1287 3193 1419 3248 Cum
1452 3195 1610 3264 igitur
1639 3194 1826 3249 eadem
1858 3196 2137 3251 orientalis

507 3319 515 3324 -
549 3287 788 3358 synodus
819 3285 1130 3355 imperatori
1163 3285 1466 3340 Theodosio
1493 3285 1747 3339 adversus
1777 3286 1898 3339 illos
1929 3289 2014 3356 qtti
2047 3302 2140 3340 vo-

553 3379 738 3434 lebant
763 3379 1006 3447 quaidam
1044 3376 1314 3430 Theodori
1353 3377 1585 3446 capitula
1615 3377 1985 3441 condemnari,
2017 3387 2140 3447 post

552 3472 715 3524 multa
753 3471 820 3525 de
849 3470 962 3538 ipso
993 3467 1277 3522 Theodoro
1314 3467 1550 3532 diceret,
1585 3468 1726 3538 quod
1761 3483 1867 3522 non
1895 3483 1922 3521 a
1951 3483 2134 3524 sacer-

547 3564 764 3620 dotibus
810 3561 1219 3627 tantumtnodo,
1258 3560 1354 3615 sed
1394 3575 1424 3613 a
1455 3561 1819 3614 sacratissimo
1857 3560 1974 3630 ejus
2012 3577 2134 3625 avo,

549 3668 629 3712 ter
663 3659 817 3711 beato
849 3664 903 3710 et
929 3670 957 3708 a
991 3654 1099 3709 Deo
1131 3653 1345 3723 imperii
1366 3663 1578 3722 sceptra
1608 3662 1855 3707 sumente
1888 3653 2137 3707 Theodo-

547 3752 656 3817 sio,
691 3749 978 3820 singularis
1003 3757 1086 3803 est
1116 3748 1359 3812 habitus,
1402 3756 1652 3819 tanquam
1685 3748 1923 3802 Flaxiani
1958 3749 2134 3818 magni

548 3844 993 3899 Antiochensium
1021 3853 1220 3897 saneta:
1249 3841 1345 3895 Dei
1372 3841 1627 3896 Ecclesiae
1659 3841 1924 3909 pontiﬁcis
1953 3856 2136 3897 aman-

549 3938 792 3991 tissimus
818 3934 1116 4002 discipulus
1135 3975 1150 3997 ,
1180 3944 1234 3988 et
1259 3934 1400 3988 beati
1431 3932 1654 3988 Joannis
1683 3931 2137 4004 Constantinopo-

544 4027 696 4081 litani
742 4025 1143 4094 condiscipulus
1166 4065 1181 4088 ,
1233 4023 1336 4078 hoc
1375 4026 1536 4077 etiam
1581 4023 1786 4078 addidit
1821 4035 1980 4094 atque
2013 4027 2131 4080 ait:

550 4137 571 4170 ι
608 4118 664 4174 Si
696 4117 873 4172 autem
918 4116 1241 4186 quidquam,
1276 4115 1570 4184 imperator
1598 4125 1812 4181 sancte,
1843 4116 2130 4172 obscurum

541 4210 739 4280 aliquis
771 4207 994 4265 inveniri
1027 4207 1169 4262 dicat
1197 4207 1250 4261 in
1280 4206 1398 4274 ejus
1424 4207 1507 4260 vel
1537 4206 1762 4260 aliorum
1794 4206 2004 4272 litteris,
2031 4207 2063 4261 h
2089 4223 2132 4262 c

543 4300 826 4356 retractari
856 4297 1220 4354 necessarium
1252 4313 1356 4350 non
1387 4306 1489 4352 est.
1515 4295 1752 4364 Quorum
1779 4298 1921 4352 enim
1947 4299 2052 4353 vita
2079 4302 2132 4354 in

457 4452 467 4459 δ
542 4391 846 4445 sacerdotio
873 4400 927 4444 et
959 4389 1257 4444 ministerio
1285 4389 1546 4458 optimum
1588 4388 1776 4444 habuit
1807 4391 1964 4445 tinem
1986 4432 2001 4458 ,
2047 4391 2130 4446 his

543 4481 852 4550 praeclaram
897 4479 1120 4548 gloriam
1160 4479 1468 4534 dedicatnus
1495 4521 1509 4545 ,
1555 4489 1610 4535 et
1648 4495 1752 4535 non
1793 4495 1864 4538 ex
1905 4481 2007 4536 illis
2037 4498 2128 4538 eos

2248 1870 2351 1925 hoc
2382 1872 2557 1926 facere
2599 1872 2887 1927 noluerunt
2907 1912 2923 1932 .
2950 1881 3005 1927 et
3032 1874 3124 1942 qui
3156 1873 3470 1938 voluerunt,
3504 1890 3570 1928 ne
3602 1875 3844 1931 facerent

2248 1970 2315 2026 ab
2347 1971 2427 2026 eis
2457 1972 2704 2040 oppressi
2754 1981 2900 2026 sunt.
2951 1971 3082 2026 Nam
3123 1973 3244 2042 quis
3283 1973 3616 2028 Christianus
3651 1975 3844 2029 horum

2249 2078 2455 2132 magna:
2501 2063 2849 2132 auctoritati,
2897 2063 3016 2134 quis
3064 2065 3299 2133 prudens
3343 2065 3535 2120 horum
3576 2068 3845 2122 consultae

2251 2154 2442 2209 rationi
2471 2171 2578 2210 non
2605 2155 2864 2222 cederet?
2907 2155 3152 2227 Denique
3182 2159 3394 2226 scriptis
3427 2176 3610 2214 corum
3644 2162 3844 2216 instrn-

2247 2259 2367 2304 ctus
2418 2232 2579 2305 etiam
2639 2251 2978 2308 Theodosius
3034 2254 3358 2322 imperator,
3405 2257 3574 2310 sancti
3622 2259 3708 2312 ari
3763 2262 3846 2312 sui

2249 2345 2541 2402 Theodosii
2575 2357 2790 2404 secutus
2820 2363 2904 2404 ρει
2933 2350 2985 2403 in
3017 2349 3304 2407 Theodoro
3343 2352 3723 2422 Mopsuesteno
3760 2359 3844 2425 ju-

2249 2437 2469 2504 dicium,
2515 2448 2569 2496 et
2618 2440 2855 2496 salubria
2887 2457 3073 2496 eorum
3120 2443 3332 2498 decreta
3380 2455 3434 2499 et
3479 2450 3685 2502 monita
3736 2464 3848 2502 non

2246 2531 2470 2599 sprevit,
2501 2540 2593 2585 aut
2620 2532 2825 2586 distulit
2847 2533 2899 2586 in
2927 2532 3178 2589 etfectum
3201 2533 3417 2601 ducere,
3452 2536 3588 2591 sicut
3617 2539 3846 2595 in'erius

2247 2625 2619 2681 ostendemus.
2665 2628 2728 2680 Et
2763 2643 2869 2681 non
2908 2628 3096 2683 eadem
3141 2638 3267 2685 tunc
3310 2629 3480 2684 fuerat
3522 2647 3681 2686 causa
3734 2634 3841 2687 Mo-

2163 2797 2172 2802 _
2249 2722 2521 2788 psuesteui
2550 2721 2822 2778 Theoderi
2858 2739 2871 2775 :
2905 2737 3006 2779 nec
3032 2723 3082 2778 in
3113 2723 3480 2792 prmjudiciutn
3515 2741 3724 2797 magna:
3755 2743 3842 2798 sy-

2250 2813 2404 2877 nodi,
2435 2814 2574 2867 sicut
2605 2829 2770 2880 nunc,
2801 2815 3044 2869 damnari
3085 2816 3426 2885 quaerebatur
3451 2834 3570 2898 cn‘m
3601 2820 3714 2873 suis
3745 2821 3839 2874 do-

2244 2903 2548 2972 gmatibus,
2592 2921 2690 2960 nec
2731 2906 3020 2979 cogebatur
3057 2909 3340 2978 quisquam
3383 2911 3842 2968 anatltematizare

2246 3018 2341 3060 eos
2387 3005 2478 3075 qui
2531 3006 2818 3062 anathema
2871 3008 2920 3063 ei
2972 3024 3076 3063 non
3131 3009 3392 3066 dicerent.
3445 3012 3580 3080 Quid
3630 3025 3837 3080 autem,

2247 3099 2398 3167 quasi
2424 3114 2621 3153 novum
2650 3099 2731 3154 vel
2761 3099 3092 3168 hazreticum,
3122 3101 3358 3172 synodus
3379 3102 3838 3162 Chalcedonens's

2244 3188 2297 3244 in
2325 3191 2558 3260 epistola
2590 3191 2915 3246 venerabilis
2947 3191 3052 3246 Iba:
3082 3193 3389 3260 damnaret,
3415 3196 3554 3264 quod
3586 3197 3616 3249 Ἰ
3636 3199 3835 3252 hendn-

2242 3297 2365 3350 rus,
2399 3297 2429 3336 a
2463 3283 2623 3338 tantis
2659 3283 2907 3339 Patribus
2940 3285 3296 3353 praedicatus,
3332 3296 3387 3342 et
3413 3288 3482 3341 ab
3511 3289 3741 3358 imperat
3783 3309 3839 3344 re

2242 3374 2551 3431 'l‘heodosio
2593 3377 2829 3447 majore,
2863 3377 3038 3433 a-Deo
3067 3377 3278 3448 imperii
3317 3391 3529 3450 sceptra
3564 3396 3836 3450 sument“,

2239 3468 2524 3539 singularis
2553 3469 2768 3526 habitus
2794 3513 2808 3538 ,
2851 3471 3014 3528 etiam
3042 3472 3111 3528 ab
3145 3475 3260 3543 ipso
3307 3475 3392 3530 Iba
3436 3476 3677 3532 laudatus
3710 3482 3836 3534 est?

2239 3563 2424 3634 Neque
2461 3565 2609 3620 enim
2657 3567 2805 3635 parii
2857 3567 3092 3636 pendere
3139 3580 3322 3625 sancta
3371 3573 3610 3641 synodus
3650 3575 3834 3630 debuit

2241 3655 2380 3711 beati
2411 3671 2624 3726 quoque
2655 3658 2992 3728 imperatoris
3027 3662 3167 3717 illius
3198 3663 3483 3733 judicium,
3513 3668 3600 3722 cui
3627 3678 3836 3725 tantum

2239 3751 2306 3805 ab
2334 3751 2570 3806 Ecclesia
2609 3751 2893 3808 tribuenda
2934 3753 3034 3808 fuit
3075 3757 3396 3816 auctoritas.
3441 3771 3697 3828 quantttm
3732 3765 3837 3816 sihi

2239 3840 2332 3895 ille
2358 3841 2488 3896 nihil
2521 3844 2861 3898 auctoritatis
2896 3859 3128 3915 unquam
3172 3857 3356 3902 contra
3391 3850 3686 3905 Ecclesiam
3719 3854 3834 3906 \‘i-~-

2238 3933 2456 3987 dicavit.
2489 3933 2724 3989 Proinde
2753 3951 2938 4005 qumso
2964 3945 3035 4003 te,
3065 3939 3487 3997 clementissime
3515 3943 3830 4010 imperator,

2237 4034 2290 4079 et
2312 4025 2540 4080 obsecro
2571 4042 2666 4095 pro
2706 4029 3003 4083 reverentia
3037 4045 3193 4100 quam
3225 4032 3437 4086 Christo
3477 4033 3585 4088 Deo
3627 4045 3679 4088 et
3713 4037 3836 4104 rju;

2237 4116 2612 4171 sacerdotibus
2662 4118 2866 4185 debes,
2919 4130 2975 4174 ut
3032 4121 3461 4179 exhortatiorem
3520 4137 3834 4184 sanctorum

2237 4204 2454 4264 Patrum
2483 4219 2692 4264 tuorum
2717 4210 3032 4268 obedienter
3058 4215 3313 4284 accipias.
3347 4217 3464 4271 Tibi
3492 4221 3636 4274 enim
3666 4225 3834 4277 modo

2237 4299 2546 4370 loquuntur,
2576 4302 2668 4357 tibi
2699 4304 2926 4359 suadent
2955 4306 3038 4362 isti
3068 4324 3256 4365 omnes
3282 4311 3484 4380 antiqui
3537 4315 3829 4372 orientales

2235 4393 2495 4460 CpisCOj‘i.
2511 4394 2627 4448 Tibi
2653 4411 2794 4450 nunc
2815 4395 3016 4460 dicunt,
3033 4399 3171 4468 quod
3187 4401 3490 4458 Theodosio
3515 4406 3708 4462 minori
3737 4411 3834 4463 :Ili-

2234 4486 2452 4554 quando
2485 4485 2740 4541 dixerunt
2773 4504 2787 4540 :
2835 4507 2852 4540 ι
2886 4489 2942 4544 Si
2975 4499 3155 4546 autem
3187 4495 3501 4564 qtrdquam,
3533 4497 3835 4567 imperatur

544 4547 559 4550 _
905 4547 915 4548 ,
2254 4547 2268 4554 _
3204 4547 3218 4562 ,
3288 4547 3301 4550 -
3324 4547 3501 4564 γη,
3533 4547 3822 4567 “Tum-..

541 4571 840 4641 iudicamus
878 4571 945 4624 de
975 4570 1168 4638 quibus
1203 4569 1364 4633 aliqui
1418 4571 1671 4626 atrociter
1713 4587 1806 4626 eos
1851 4584 2124 4628 accusant.
2160 4547 2209 4606 D
2237 4589 2444 4648 sancte,
2487 4579 2774 4636 obscurum
2807 4582 3004 4652 aliquis
3031 4585 3263 4642 inveniri
3293 4588 3439 4644 dicat
3469 4592 3523 4644 in
3555 4591 3833 4652 Theodori

541 4662 876 4732 ltnpoSsibile
905 4663 1047 4717 enim
1079 4672 1188 4726 est,
1223 4679 1344 4716 cum
1378 4665 1619 4720 homines
1645 4666 1754 4721 sint
1785 4667 1878 4738 qui
1918 4670 1967 4722 in
2022 4671 2124 4725 Ec-

537 4757 697 4811 clesia
731 4758 947 4823 docent,
978 4765 1035 4810 ut
1069 4756 1505 4811 calumniantium
1539 4762 1964 4829 vituperatioiies
1993 4763 2128 4818 cliu-

539 4852 704 4912 triant.
737 4849 801 4904 Et
831 4851 955 4919 quid
987 4851 1052 4904 de
1076 4851 1331 4905 Ecclesia
1359 4851 1666 4907 doctoribus
1697 4853 1963 4910 dicimus?
1993 4874 2125 4927 quo-

541 4944 681 4996 niam
714 4952 767 4996 ct
797 4943 829 5010 ij
852 4960 910 4996 sa
941 4952 1121 4998 sancta
1154 4942 1435 5013 Evangelia
1471 4945 1623 4997 multi
1652 4945 2023 5002 hameticorum
2056 4951 2122 5003 ad

536 5052 685 5091 suam
717 5035 983 5104 rccipiunt
1015 5035 1339 5089 voluntatem
1369 5079 1381 5102 ,
1427 5036 1603 5089 divina
1649 5037 1789 5091 dicta
1827 5049 2119 5108 vertenti-5,

535 5138 593 5182 et
639 5125 689 5181 in
740 5127 931 5180 inultas
968 5135 1144 5194 partes
1193 5142 1387 5193 corpus
1426 5127 1681 5182 Ecclesia:
1734 5128 2119 5187 discindentes.

538 5219 660 5272 ilice
696 5220 745 5271 in
779 5219 923 5271 breui
973 5219 1218 5286 pic-litem
1255 5230 1483 5272 Vestram
1518 5233 1616 5272 nos
1657 5234 1844 5275 omnes
1884 5223 2120 5293 episcopi

536 5314 622 5376 qui
659 5310 709 5362 in
751 5309 1092 5363 Antiochiam
1141 5309 1232 5362 Dei
1271 5323 1456 5363 sumus
1487 5311 1993 5384 gratia_congregati
2025 5317 2121 5366 do-

538 5401 763 5452 llllt‘liUS.
800 5418 817 5450 ι
866 5401 929 5453 Et
961 5410 1076 5468 pnst
1109 5399 1222 5454 lucc
1243 5440 1258 5464 ,
1293 5415 1413 5454 cum
1446 5401 1641 5455 multos
1668 5411 1722 5456 et
1750 5407 1998 5474 antiquos
2027 5407 2120 5459 do-

608 5518 633 5544 ι
679 5511 751 5584 lle
792 5511 888 5584 hac
924 5510 1148 5584 .loai-nis
1194 5511 1766 5584 synodiqueiOrirnzis
1799 5519 2021 5584 epistola
2057 5521 2121 5574 ad

546 5576 910 5657 T_l_it‘udi_-SlUIII
943 5583 1139 5657 dii-iuni
1170 5576 1249 5637 est
1279 5583 1370 5657 lib.
1406 5576 1474 5657 it._
1498 5583 1568 5636 Ea
1597 5588 1736 5638 cnim
1765 5576 1843 5641 est.
1874 5605 2030 5657 quam
2068 5593 2122 5646 in

546 5650 870 5706 allocutione
898 5651 964 5706 ad
991 5653 1312 5706 Marcianum
1357 5654 1531 5708 laudat
1562 5658 1795 5726 synodus
1822 5650 2120 5716 Chalcedo-

612 5745 628 5774 ⁸
671 5744 799 5800 Cod.
835 5742 1056 5806 Veron,
1087 5753 1222 5799 ante.

2235 4670 2472 4740 episc0pi
2503 4671 2588 4728 vel
2619 4673 2841 4728 aliorum
2877 4676 3095 4744 litteris,
3131 4678 3233 4742 hoc
3261 4685 3542 4739 retractari
3576 4702 3832 4743 necessu-

2235 4767 2369 4819 rium
2400 4778 2636 4824 nonest.
2688 4771 2927 4838 Quorum
2978 4774 3119 4827 enim
3171 4776 3274 4831 vita
3327 4778 3377 4832 in
3427 4782 3731 4837 sacerdotio
3777 4798 3832 4840 οι

2233 4859 2536 4912 ministerio
2564 4863 2824 4930 optimum
2859 4863 3040 4919 habuit
3071 4865 3254 4932 linem,
3291 4868 3371 4922 his
3405 4873 3678 4940 prmlatam
3711 4877 3832 4946 glo-

2233 4951 2366 5004 riam
2399 4951 2710 5008 dedicamus
2735 4998 2747 5015 .
2782 4966 2837 5010 et
2883 4974 2988 5012 non
3021 4974 3085 5014 ex
3119 4960 3222 5013 illis
3264 4976 3358 5016 eos
3384 4960 3687 5032 judicamus
3711 5010 3725 5033 ,
3757 4969 3829 5024 de

2232 5042 2426 5111 quibus
2449 5044 2610 5114 aliqui
2634 5050 2890 5103 atrociter
2906 5065 2997 5105 eos
3019 5063 3292 5107 accusant.
3322 5053 3657 5124 lnipossibile
3676 5062 3821 5114 enim

2227 5147 2329 5204 est,
2357 5153 2475 5193 cum
2510 5140 2756 5197 homines
2783 5143 2889 5197 sint
2917 5145 3004 5214 qui
3043 5145 3096 5199 in
3129 5144 3368 5200 Ecclesia
3395 5147 3610 5215 docent,
3645 5161 3703 5204 ut
3730 5167 3826 5206 ca-

2228 5230 2604 5288 lumniantium
2655 5239 3082 5304 vituperationes
3127 5237 3399 5308 effugiant.
3459 5240 3524 5294 Et
3571 5243 3699 5313 quid
3754 5246 3823 5300 de

2232 5321 2486 5377 l’cclesire
2517 5324 2827 5382 doctoribus
2855 5328 3083 5382 dicimus
3109 5369 3122 5393 ,
3161 5330 3378 5398 quando
3412 5340 3464 5385 et
3493 5331 3606 5401 ipsa
3637 5347 3826 5390 sancta

2229 5412 2515 5482 Evangelia
2555 5417 2706 5472 muhi
2741 5420 3113 5475 limreticorum
3145 5419 3209 5475 ad
3244 5436 3396 5475 suam
3431 5425 3699 5492 rccipiunt
3729 5443 3826 5480 vo-

2237 5526 2432 5607 tlensis.
2461 5527 2513 5581 Ὀ
2536 5533 2706 5600 σοᾳὸς,
2739 5533 2900 5595 inqttil
2926 5576 2938 5596 ,
2973 5543 3063 5594 τῆς
3085 5532 3384 5607 Ἀντιοχέων
3418 5536 3677 5598 Ἰωάννης,
3729 5551 3824 5603 τῆς

2230 5597 2281 5682 Eri
2300 5601 2424 5683 ais'z
2444 5608 2567 5686 ita};
2590 5604 2813 5686 γλςέιττης
2832 5614 2901 5686 τῷ
2924 5614 3012 5665 τῆς
3035 5609 3320 5678 οῗιτουμένης
3348 5609 3822 5686 σκῆπτραδιέπςντι

2226 5677 2315 5727 τήν
2348 5669 2610 5744 ivgales/icta
2642 5669 2908 5748 sam-uti.
