4114 6562
275 457 376 517 717

1117 459 1250 513 ΐοιὶο
1290 455 1712 516 DEEENSIONE
1751 452 1965 510 TR|UM
2004 453 2315 510 CAPITUL.
2360 455 2483 509 LIB.
2529 452 2654 509 \‘lll.

3434 449 3538 506 718

280 577 560 640 luntatcm,
592 574 768 629 divina
803 573 943 628 ιιίιιει
977 583 1267 636 vertentes,
1301 583 1352 626 et
1382 574 1431 627 in
1465 572 1656 626 multas
1684 578 1862 640 partes
1889 569 1938 626 A
1968 567 2280 635 religionem
2303 567 2692 622 sanctissimam
2719 562 3056 618 conturbare.
3093 561 3318 616 Intentio
3338 561 3536 643 etenim

282 682 474 736 corpus
508 666 761 721 Ecclesire
795 665 1202 720 discindentcs?
1239 686 1257 718 ι
1316 665 1515 719 Exaudi
1549 665 1747 729 itaque,
1777 674 1864 714 re-

282 758 466 828 ligiose
498 757 768 826 princeps,
799 755 1016 820 exaudi,
1047 770 1349 824 precamur,
1382 755 1657 808 hortantes
1696 761 1747 804 te
1778 765 1866 804 sa-

283 849 528 916 lubriter,
560 858 737 918 patres
768 856 918 908 tuos.
951 849 994 901 si
1025 849 1177 918 cupis
1220 857 1278 902 ut
1316 863 1409 902 eos
1439 862 1534 917 pro
1559 857 1610 900 te
1648 854 1865 901 orantes

283 944 524 999 (Ihristus
563 943 833 998 exaudiat.
887 940 1060 998 Grave
1099 951 1183 996 est
1221 936 1364 996 enim
1391 983 1406 1005 ,
1455 948 1512 993 ut
1557 953 1692 1008 quos
1736 937 1864 992 olim

286 1041 583 1104 praesentes
629 1034 680 1087 in
723 1047 953 1102 corpore
979 1073 993 1096 ,
1032 1041 1087 1087 et
1129 1033 1529 1100 peregrinantes
1557 1042 1588 1082 a
1618 1027 1863 1091 Domino,

287 1124 622 1180 Theodosius
663 1125 838 1179 minor
888 1125 1132 1192 recepit,
1179 1122 1338 1177 modo
1390 1117 1791 1190 peregrinantes
1837 1135 1866 1192 a

289 1231 536 1286 corpore,
567 1225 621 1271 et
652 1224 944 1285 prmscntcs
990 1216 1054 1269 ad
1087 1214 1253 1269 Deum
1292 1213 1620 1269 Justinianus
1659 1213 1871 1283 abjiciat

290 1311 340 1364 in
372 1310 486 1364 zelo
519 1309 638 1364 lidei
670 1308 1009 1376 praedicatus.
1046 1309 1110 1361 Et
1135 1307 1470 1362 Theodosius
1497 1307 1698 1362 nullius
1736 1307 1868 1361 obe-

291 1401 484 1457 dientis
532 1399 584 1454 in
633 1400 734 1453 hac
764 1413 920 1454 causa
967 1398 1302 1468 imperatoris
1331 1395 1651 1452 invitabatur
1689 1410 1872 1450 exem-

293 1495 420 1563 plo;
465 1504 520 1548 tu
563 1502 736 1547 autem
769 1492 910 1560 quod
949 1492 1189 1560 sequaris
1221 1491 1406 1545 habes.
1441 1485 1510 1544 Et
1537 1479 1873 1544 Theudosius

293 1587 571 1640 utilitatem
604 1584 770 1653 ipsius
801 1582 1125 1639 obedientize
1164 1582 1400 1637 nondum
1433 1591 1547 1636 erat
1575 1589 1869 1651 expertus;

293 1687 346 1732 tu
377 1687 552 1730 autem
582 1691 758 1729 rerum
786 1677 937 1730 exitu
961 1675 1255 1744 cognovisti
1277 1675 1546 1744 quomodo
1565 1671 1680 1744 ejus
1703 1676 1869 1729 inter-

294 1767 527 1823 dictione
559 1767 741 1822 sedata
771 1766 929 1821 fuerit
959 1767 1048 1820 illa
1083 1774 1397 1836 tempestas.
1437 1765 1874 1834 incomparabili-

294 1873 375 1914 ter
406 1862 580 1930 itaque
607 1859 791 1914 utilius
822 1871 874 1912 tu
909 1859 1225 1928 respondes,
1257 1858 1677 1913 clementissime
1706 1857 1875 1927 impe-

295 1960 461 2017 rator,
496 1951 883 2020 exspectationi
936 1952 1097 2005 totius
1147 1950 1433 2016 Eeclesim,
1476 1966 1634 2020 quam
1667 1947 1754 2004 ille
1786 1966 1871 2003 re-
1905 1930 1952 1990 Β

297 2043 510 2110 Spondit
540 2062 553 2098 :
587 2044 840 2113 quoniam
883 2042 1387 2112 incomparabiliter
1417 2047 1586 2112 major
1615 2052 1698 2107 est
1736 2057 1879 2097 nunc

297 2150 458 2190 causa
489 2151 594 2189 non
621 2135 1014 2190 condemnandi
1044 2135 1386 2190 Theodorum
1417 2151 1576 2206 quam
1605 2135 1714 2190 illis
1745 2144 1877 2189 tem-

281 2229 514 2292 poribus
543 2227 659 2281 fuit.
693 2227 748 2283 Si
774 2229 916 2281 enim
941 2226 1175 2282 Joannes
1198 2226 1584 2292 Antiochenus,
1612 2238 1666 2282 et
1690 2243 1877 2283 omnes

298 2321 581 2376 orientales
609 2320 847 2390 episcopi
872 2335 1008 2390 quos
1041 2322 1474 2387 memoravimus,
1499 2322 1612 2377 sive
1643 2321 1878 2375 Domnus

297 2430 444 2483 aque
477 2413 860 2477 Antiochenus,
892 2427 958 2466 ex
989 2411 1145 2482 cujus
1186 2412 1414 2482 epistola
1446 2411 1687 2481 quaedam
1718 2412 1734 2443 ¹
1766 2425 1880 2465 mc-

301 2506 556 2560 moraturi
598 2519 784 2560 sumus
806 2545 822 2571 ,
868 2513 1094 2575 possunt
1137 2505 1406 2575 aliquibus
1440 2504 1610 2560 videri
1641 2519 1737 2574 pro
1763 2508 1879 2558 solo

299 2598 582 2653 Theodoro
607 2609 880 2665 certasse;
908 2613 1008 2653 nos
1041 2608 1240 2668 autem,
1271 2599 1358 2668 qui
1384 2598 1632 2654 timemus
1658 2597 1878 2653 anathe-

299 2691 553 2745 matizare
590 2689 933 2744 Theodorum
982 2699 1037 2744 et
1086 2705 1276 2746 omnes
1325 2691 1414 2759 qui
1460 2691 1510 2746 ei
1552 2705 1659 2745 non
1698 2690 1879 2744 dicunt

300 2782 602 2847 anathema,
625 2797 735 2838 non
767 2796 861 2850 pro
889 2781 1003 2836 solo
1025 2781 1308 2836 Theodoro
1338 2797 1437 2836 nec
1466 2797 1562 2850 pro
1585 2782 1699 2837 solo
1724 2777 1881 2836 Chal-

299 2873 587 2928 cedonensi
617 2873 865 2939 concilio,
900 2873 989 2928 ubi
1019 2887 1140 2928 cum
1173 2881 1356 2943 postea
1387 2870 1573 2929 laudes
1599 2873 1716 2945 ejus
1745 2873 1882 2929 reci-

299 2971 542 3019 tarentur
562 2963 844 3020 damnatus
863 2979 966 3019 non
991 2973 1097 3030 est,
1122 2979 1306 3020 verum
1329 2965 1490 3020 etiam
1514 2979 1610 3035 pro
1644 2965 1879 3034 ipsorum

300 3056 522 3112 Joannis
547 3066 599 3111 et
629 3056 819 3110 Domni
853 3057 1332 3120 Antiochenorum,
1358 3070 1411 3112 et
1438 3058 1677 3114 omnium
1706 3059 1884 3113 orien-

301 3147 486 3201 talium
525 3148 864 3202 sacerdotum
885 3185 902 3213 ,
931 3158 986 3203 et
1013 3147 1157 3204 beati
1187 3149 1360 3204 Procli
1392 3148 1740 3206 damnatione
1767 3165 1884 3205 cer-

301 3249 498 3305 tamus,
531 3241 620 3309 qui
666 3254 772 3295 non
803 3229 1006 3295 tantum
1037 3241 1087 3296 ei
1130 3238 1415 3297 anathema
1463 3257 1568 3296 non
1613 3223 1880 3308 dixerunt,

300 3336 392 3386 sed
432 3347 527 3386 nos
568 3347 780 3403 quoque
821 3333 1000 3388 dicere
1029 3342 1316 3388 vetuerunt
1351 3350 1364 3386 :
1393 3333 1522 3404 quid
1552 3350 1679 3406 ergo
1709 3334 1882 3391 Theo-

300 3424 483 3480 dosius
513 3423 686 3478 minor
715 3423 949 3480 adeunte
984 3437 1043 3477 se
1081 3425 1247 3480 etiam
1279 3425 1536 3493 praedicto
1567 3425 1727 3482 beato
1753 3426 1882 3482 Pro-

299 3517 384 3571 clo
416 3517 780 3585 responderit,
813 3531 918 3586 quo
948 3517 1129 3574 utilius
1160 3533 1256 3572 vos
1282 3519 1609 3586 respondere
1630 3520 1878 3588 possitis,

301 3606 572 3662 insinuare
607 3608 889 3664 debemus.
926 3608 1321 3677 «Imperatores
1345 3607 1604 3674 Caesares,
1637 3607 1881 3664 Theodo-

301 3701 411 3755 sius
423 3699 1170 3766 etValentinianus,victores,
1188 3701 1619 3769 triumphatores,
1636 3701 1882 3771 piissimi,

302 3807 516 3861 semper
543 3794 734 3862 Augg.,
759 3791 871 3846 Deo
900 3793 1126 3846 amatori
1156 3791 1348 3846 Joanni
1394 3792 1799 3862 archiepiscopo
1829 3804 1884 3849 et

303 3886 507 3957 synodo
547 3900 670 3940 cum
709 3899 778 3939 eo
815 3885 868 3940 in
908 3884 1193 3940 Antiochia
1245 3893 1601 3957 congregatae.
1649 3884 1883 3940 Turbam

303 3992 462 4046 atque
505 3976 790 4030 tumultum
835 3977 922 4046 qui
971 3976 1150 4031 evenit
1192 3978 1244 4031 in
1283 3977 1506 4032 Oriente
1537 3987 1564 4014 ει
1589 4018 1602 4042 ,
1639 3986 1881 4033 nostrum

302 4071 551 4139 cognovit
579 4071 862 4137 imperium
910 4085 1003 4139 per
1035 4072 1497 4142 religiosissimum
1527 4080 1582 4126 et
1610 4073 1887 4128 sanctissi-

302 4177 448 4216 mum
480 4161 688 4215 Patrem
730 4171 970 4215 nostrum
1001 4172 1055 4216 et
1085 4163 1394 4233 episcopum
1426 4164 1695 4220 Proelum.
1735 4165 1882 4230 Quo-

302 4257 443 4310 niam
475 4268 602 4322 ergo
638 4269 735 4321 pro
763 4255 942 4322 quiete
971 4262 1027 4309 et
1065 4270 1197 4324 pace
1238 4257 1476 4310 omnium
1517 4257 1882 4326 providemus,

301 4347 570 4416 prmripue
609 4359 785 4400 autem
830 4361 928 4416 pro
979 4347 1080 4402 title
1124 4349 1386 4403 catholica
1413 4393 1429 4414 ,
1475 4365 1592 4417 quae
1643 4359 1883 4403 nostrum

302 4454 513 4508 quoque
543 4440 775 4493 custodit
807 4440 1086 4508 imperium
1105 4485 1118 4508 ,
1151 4451 1342 4496 vestrae
1371 4443 1660 4498 scribimus
1688 4444 1886 4498 sancti-

303 4533 415 4597 tati,
445 4540 704 4600 quatenus
735 4547 918 4602 pacem
950 4533 1235 4588 obtineatis
1258 4576 1272 4599 ,
1320 4543 1377 4590 et
1407 4535 1608 4590 nullum
1655 4537 1879 4591 verbum

303 4623 590 4677 intendatis
615 4638 800 4677 eorum
825 4626 913 4693 qui
938 4625 1119 4678 volunt
1147 4634 1333 4680 contra
1362 4625 1587 4681 salutem
1613 4627 1880 4698 propriam

379 4770 401 4796 ’ί
443 4760 753 4828 Tempestas
782 4763 1021 4830 proxime
1047 4763 1183 4816 dicta
1212 4772 1294 4816 est
1324 4765 1373 4817 in
1407 4764 1660 4832 synodica
1692 4765 1886 4818 Orien—

303 4833 517 4898 talium;
564 4832 660 4904 sed
695 4833 1025 4904 Theodosius
1050 4849 1079 4886 a
1111 4833 1298 4904 Proclo
1338 4836 1406 4888 de
1449 4837 1531 4887 illa
1565 4837 1664 4890 sibi
1693 4851 1884 4904 sugge-

303 4913 442 4956 stum
473 4904 563 4956 ait.
599 4903 866 4956 Turbabat
904 4915 1078 4958 autem
1108 4903 1443 4971 Orientales,
1479 4915 1536 4958 ιιι
1571 4916 1655 4960 est
1687 4907 1735 4958 in
1763 4906 1883 4972 epi-

301 4973 651 5045 stola7Cyrilli
682 4975 748 5027 ad
780 4974 1052 5045 Proclum,
1089 4977 1229 5043 quod
1266 4977 1346 5029 vir
1379 4976 1576 5030 nubilis
1605 4986 1659 5030 ct
1687 4975 1881 5030 defun-

299 5053 419 5118 ctus
445 5044 495 5098 in
518 5044 904 5118 communione
930 5044 1286 5118 Ecclesiarum
1314 5047 1878 5118 anathematizaretur.

304 5115 416 5168 Hoc
445 5118 620 5183 itaque
658 5125 739 5169 est
767 5116 906 5183 quod
934 5117 1199 5181 rescripto
1230 5131 1328 5170 suo
1361 5131 1500 5169 IIIIIIC
1531 5125 1674 5170 vetat
1706 5115 1883 5172 Theo-

300 5188 619 5257 dosius,7ne
663 5187 913 5257 quiseos
961 5188 1186 5257 lacessat
1223 5187 1313 5254 qui
1353 5188 1404 5238 in
1456 5187 1714 5242 Ecclesiae
1756 5205 1884 5257 pace

301 5255 538 5310 defuncti
586 5265 730 5310 sunt.
781 5255 896 5323 Quo
949 5256 1042 5320 lit,
1078 5265 1137 5308 ut
1167 5266 1474 5323 suspectum
1516 5259 1585 5311 sit
1614 5255 1880 5314 Theodori

302 5343 536 5392 nomen,
581 5326 719 5395 quod
767 5327 819 5379 in
869 5326 1157 5381 Theodosii
1203 5327 1381 5382 edicto
1425 5328 1492 5380 de
1539 5329 1789 5381 damnati
1817 5347 1883 5385 ne

304 5398 534 5451 Nestorii
588 5397 851 5466 adjectum
893 5399 1084 5466 legitur
1118 5408 1220 5451 act.
1270 5400 1302 5452 5
1342 5397 1531 5468 synodi
1569 5416 1621 5462 v,
1665 5414 1786 5452 cum
1831 5403 1880 5454 in

301 5469 575 5536 Ephesina
602 5481 654 5521 et
679 5469 731 5522 in
767 5469 1041 5524 codicibus
1073 5483 1176 5521 non
1206 5469 1436 5537 legatur.

375 5599 391 5629 ³
431 5597 565 5654 Cod.
614 5600 838 5664 Verum,
871 5602 1103 5670 quoniam
1132 5602 1483 5655 nihilominus.

373 5802 396 5827 ⁹
434 5805 558 5860 llzec
595 5807 814 5863 Joannis
858 5806 1173 5861 Antiocheni
1215 5806 1438 5869 cpistola
1490 5814 1666 5859 eXstat
1698 5805 1881 5858 Lat'ne

305 5883 509 5948 tantum
540 5879 676 5933 inter
701 5879 954 5946 epistolas
980 5879 1158 5948 Cyrilli
1191 5878 1551 5941 Alexandrini,
1577 5881 1712 5945 Opp.
1749 5887 1776 5927 ιι
1804 5894 1876 5931 ιιι.

310 5945 371 6007 V.
403 5959 540 6017 part.
575 5967 629 6017 tt,
663 5945 778 6019 pag.
815 5950 936 6002 192.

1911 4693 1962 4752 D

1968 669 2164 712 nostra:
2205 658 2498 714 divinitatis
2526 659 2618 710 illa
2654 666 2774 718 est,
2821 662 2880 708 ut
2924 669 3114 708 omnes
3147 653 3390 708 homines
3419 667 3538 707 cum

1965 751 2143 817 quiete
2165 750 2360 819 degant
2386 768 2397 802 :
2425 748 2690 818 prtecipue
2709 755 2884 801 autem
2917 753 3116 800 sancta:
3140 744 3230 798 Dei
3260 744 3541 810 Ecclesiae,

1968 855 2067 910 per
2096 856 2228 910 quas
2257 851 2311 895 et
2341 855 2439 895 nos
2469 840 2759 905 salvamur,
2797 846 2852 892 et
2895 846 3132 892 nostrum
3164 835 3329 906 pollet
3371 837 3540 904 impe-

1969 933 2126 986 rium.
2161 933 2267 986 llac
2311 933 2489 1001 itaque
2534 945 2668 985 voce
2711 930 2874 997 quieti
2908 928 3161 983 Ecclesia:
3201 926 3543 996 providentes

1971 1040 2070 1078 nos
2099 1023 2298 1093 aliquid
2327 1023 2394 1077 de
2433 1023 2581 1076 vobis
2610 1021 2788 1075 utilius
2832 1021 2851 1051 ¹
2881 1063 2896 1087 ,
2940 1020 3039 1072 nisi
3083 1029 3138 1072 ut
3166 1033 3379 1087 quoque
3423 1032 3544 1070 cum

1970 1117 2113 1170 omni
2146 1116 2390 1170 statuatis
2419 1113 2658 1168 Ecclesia
2683 1153 2697 1177 ,
2731 1127 2797 1166 ne
2822 1111 2941 1180 quis
2971 1111 3226 1164 adversus
3255 1124 3347 1164 eos
3374 1109 3460 1176 qui
3495 1109 3547 1162 in

1971 1209 2086 1273 ejus
2117 1221 2246 1275 pace
2284 1205 2517 1260 defuncti
2558 1213 2721 1271 sunt,
2760 1203 3049 1274 quidquam
3095 1203 3163 1258 de
3205 1211 3400 1256 caetero
3445 1200 3552 1254 tale

1975 1306 2280 1366 prmsumat.
2316 1317 2334 1349 ι

2579 1409 2808 1466 CAPUT
2848 1409 2933 1465 IV.

1977 1521 2130 1589 Quod
2159 1525 2385 1592 synodus
2429 1524 2600 1578 eadem
2650 1523 2868 1575 Orientis
2904 1521 2972 1574 ad
3015 1520 3264 1592 Lyrillum
3314 1520 3463 1573 etiam
3495 1519 3554 1571 de

2247 1612 2348 1648 nou
2374 1595 2666 1648 danmando
2695 1592 2965 1647 Theodoro
2991 1591 3269 1656 scripserit.

2051 1723 2308 1794 Adjiciam
2342 1739 2469 1780 vero
2500 1736 2552 1780 et
2581 1725 2738 1778 aliam
2784 1739 2927 1793 saepe
2965 1724 3091 1779 dicti
3134 1723 3302 1777 sancti
3340 1722 3556 1778 Joannis

1979 1817 2298 1872 Antiocheni
2329 1828 2382 1873 et
2413 1817 2602 1888 synodi
2627 1816 2740 1886 ejus
2766 1815 3042 1885 epistolam
3066 1814 3131 1869 ad
3162 1815 3374 1869 beatum
3399 1822 3558 1870 etiam

1979 1907 2233 1978 Cyrillum
2264 1908 2290 1946 δ
2325 1920 2420 1977 pro
2473 1923 2579 1962 non
2627 1905 3048 1963 condemnandis
3093 1905 3252 1961 dictis
3298 1904 3558 1960 Theodori

1980 1999 2253 2065 scriptam.
2289 2017 2308 2049 ι
2345 1997 2456 2052 Deo
2497 1997 2710 2050 amabili
2761 1996 2782 2016 '
2826 2004 2880 2049 et
2928 1996 3268 2049 sanctissimo
3311 1995 3560 2062 cpiscOpo

1979 2088 2177 2158 Cyrillo
2211 2087 2442 2142 Joannes
2479 2085 2796 2150 Antiochiae,
2824 2094 2878 2142 et
2910 2084 2998 2155 qui
3035 2099 3155 2139 cum
3185 2100 3249 2139 eo
3284 2085 3390 2139 Deo
3419 2101 3558 2139 ama-

1986 2181 2118 2234 biles
2165 2177 2402 2246 episcopi
2446 2177 2827 2232 convenientes
2854 2191 2918 2230 ex
2950 2190 3269 2245 unaquaque
3301 2178 3563 2245 provincia

1979 2283 2099 2339 qua»
2129 2269 2181 2323 in
2208 2269 2425 2323 Oriente
2451 2276 2533 2322 est
2559 2267 2652 2322 Dei
2683 2267 2874 2337 gratia,
2901 2267 2956 2320 in
2985 2267 3254 2322 civitatem
3279 2267 3564 2322 amabilem

1980 2362 2195 2414 Christo
2225 2359 2582 2422 Antiochiam,
2616 2367 2834 2427 prepter
2866 2357 3068 2412 litteras
3100 2357 3423 2412 sanctissimi
3453 2359 3563 2427 epi-

1981 2452 2128 2522 scopi
2183 2451 2363 2506 domni
2413 2450 2608 2505 Procli.
2650 2469 2668 2502 ι
2707 2451 2772 2503 Ει
2812 2448 2970 2512 infra,
3019 2448 3298 2519 loquentes
3328 2452 3396 2505 de
3439 2452 3564 2520 ipsis

1982 2542 2094 2609 qui,
2122 2550 2178 2594 ut
2217 2541 2416 2595 dictum
2456 2549 2557 2605 est,
2600 2539 2851 2594 volebant
2893 2539 3196 2609 importune
3233 2540 3474 2609 quaedam
3501 2541 3569 2595 de

1893 2673 1898 2678 .
1986 2631 2251 2685 Theodori
2303 2615 2454 2684 libris
2499 2640 2747 2698 excerpta
2799 2629 3029 2699 capitula
3077 2630 3444 2698 condemnari,
3493 2635 3564 2689 sic

1985 2724 2233 2794 inquiunt
2265 2740 2278 2775 :
2315 2741 2332 2773 ι
2372 2721 2522 2776 Nunc
2550 2728 2730 2776 autem
2761 2721 2924 2776 iidem
2955 2721 3078 2791 ipsi,
3110 2721 3257 2777 velut
3286 2738 3352 2778 ex
3381 2737 3568 2779 somno

1983 2823 2352 2886 exsurgentes,
2384 2821 2732 2881 perrexerunt
2757 2812 2821 2866 ad
2846 2813 3042 2882 regiam
3070 2814 3360 2879 civitatem,
3385 2825 3436 2870 et
3452 2832 3566 2870 eam

1985 2910 2380 2973 perturbantes,
2405 2908 2828 2964 ecclesiasticam
2853 2922 3057 2979 pacem,
3088 2919 3342 2980 quantum
3368 2911 3417 2962 in
3439 2911 3568 2979 ipsis

1984 3011 2087 3067 esr,
2121 3000 2487 3055 turbaverunt.
2529 2999 2877 3055 Sanetissimo
2906 3002 3046 3054 enim
3082 3001 3334 3070 episcopo
3375 3001 3567 3056 Proclo

1989 3101 2191 3146 tomum
2233 3100 2378 3147 recte
2409 3104 2595 3146 revera
2623 3099 2675 3144 et
2705 3091 2791 3160 pie
2821 3089 3126 3156 habentem,
3157 3106 3313 3159 quem
3357 3091 3422 3144 ad
3467 3097 3571 3147 Ar-

1989 3183 2197 3237 menios
2238 3182 2474 3252 scripsit,
2522 3181 2677 3237 nobis
2717 3179 3037 3248 destinante,
3064 3191 3116 3236 et
3150 3192 3387 3236 nostrum
3429 3197 3572 3251 qure-

1910 3309 1956 3368 Ο
1991 3281 2142 3328 rente
2189 3287 2532 3338 consensum,
2573 3271 2769 3350 omnia.
2795 3272 2932 3326 facta
2970 3282 3091 3327 sunt
3137 3287 3165 3325 a
3210 3274 3384 3339 nobis,
3429 3284 3482 3329 et
3521 3275 3573 3331 in

1991 3364 2135 3418 nullo
2163 3366 2342 3418 minus
2369 3365 2613 3419 fecimus.
2647 3363 2773 3416 Erat
2803 3374 2980 3418 autem
3010 3372 3064 3417 et
3095 3363 3194 3418 hoc
3231 3364 3283 3418 in
3329 3368 3574 3432 praesenti

1991 3464 2234 3524 tempore
2259 3442 2670 3524 supervacuum,
2693 3464 2976 3525 propterea
3000 3456 3138 3524 quod
3159 3455 3267 3524 jam
3292 3455 3383 3510 Dei
3407 3473 3511 3526 gra'
3528 3459 3573 3511 ia

1990 3560 2182 3601 omnes
2211 3547 2406 3612 ubique
2435 3561 2598 3600 unum
2629 3555 2684 3600 et
2711 3545 2957 3600 eumdem
2988 3545 3296 3600 custodiunt
3327 3548 3467 3616 pium
3501 3549 3574 3598 iu-

1991 3637 2284 3693 tellectum.
2330 3636 2518 3693 Solent
2551 3637 2694 3691 enim
2734 3637 3016 3706 aliquoties
3050 3652 3133 3690 res
3159 3651 3276 3705 quae
3303 3637 3451 3704 quasi
3480 3653 3575 3689 ne~

1987 3728 2237 3784 cessariae
2274 3727 2545 3792 videntur,
2575 3727 2676 3780 nisi
2713 3736 3012 3796 opportune
3055 3726 3200 3792 ﬁant,
3232 3737 3574 3795 augmentum

1989 3818 2408 3889 perturbationis
2452 3818 2715 3886 accipere.
2765 3815 2920 3870 Aliud
2969 3815 3128 3870 etiam
3176 3817 3369 3871 malum
3402 3824 3484 3870 est
3523 3818 3575 3870 in

1987 3915 2210 3969 istorum
2237 3911 2577 3966 festinatione
2599 3908 2843 3964 manibus
2867 3906 3163 3962 extensis“
3183 3917 3231 3971 ο,
3256 3916 3309 3961 et
3337 3906 3471 3961 alter
3500 3917 3576 3958 to.

1990 4021 2109 4060 mus
2135 4015 2385 4073 excerpta
2411 4004 2652 4074 quaedam
2683 4001 2885 4055 habens
2917 4001 3053 4055 beati
3080 3998 3344 4053 Theodori
3368 4000 3457 4066 qui
3481 4001 3576 4054 luit

1999 4095 2339 4164 Mopsuestia:
2385 4094 2690 4163 episcopus.
2739 4100 2794 4147 et
2837 4107 2900 4146 ea
2949 4106 3068 4160 qua:
3113 4091 3201 4144 ille
3252 4091 3302 4143 in
3350 4089 3576 4143 diversis

1991 4189 2143 4243 libris
2201 4188 2398 4241 dixisse
2458 4186 2695 4248 videtur,
2735 4184 2974 4238 volentes
3015 4183 3093 4238 eis
3163 4182 3443 4234 anathema
3489 4182 3573 4234 in-

1990 4285 2149 4338 ferre.
2187 4281 2406 4350 lfropter
2455 4279 2555 4334 hoc
2600 4279 2830 4347 petimus
2870 4284 2928 4329 ut
2970 4284 3202 4328 mentem
3240 4283 3382 4326 tuam
3423 4271 3575 4326 nobis

1989 4374 2224 4442 applices
2270 4370 2564 4426 studiosius
2593 4383 2748 4434 quam
2783 4368 2831 4420 in
2873 4366 2990 4419 aliis
3038 4366 3217 4428 rebus,
3261 4372 3316 4419 et
3344 4364 3568 4433 dignare

1991 4463 2338 4518 considerare
2370 4460 2568 4514 malum
2591 4472 2728 4527 opus
2758 4458 2858 4512 hoc
2885 4471 3026 4521 esse,
3060 4457 3162 4510 nisi
3193 4471 3261 4510 ex
3295 4457 3569 4510 communi

1992 4558 2258 4611 sententia
2289 4553 2418 4608 illud
2467 4553 2806 4619 exstinguere
2847 4549 3081 4604 labores.
3121 4547 3274 4602 Dedit
3304 4550 3449 4604 enim
3481 4549 3576 4604 tibi

1995 4649 2131 4703 Deus
2156 4661 2316 4716 super
2347 4645 2484 4700 velle
2505 4645 2664 4697 etiam
2698 4657 2874 4711 posse,
2906 4653 2961 4695 ut
2993 4641 3045 4694 in
3070 4656 3352 4696 commune
3386 4658 3576 4696 omnes

2063 4781 2088 4819 δ
2129 4781 2205 4834 De
2235 4782 2329 4831 hac.
2361 4777 2588 4848 Cyrillus
2619 4775 2732 4844 ips!
2777 4777 2827 4828 in
2858 4775 3046 4830 eadem
3087 4773 3151 4828 ad
3187 4776 3428 4830 Proclum
3463 4779 3576 4845 cpi-

1991 4853 2125 4905 stola
2163 4867 2280 4919 quze
2315 4849 2500 4903 Latine
2527 4857 2728 4901 tantum
2775 4857 2950 4900 eXstat
2993 4849 3043 4900 iu
3092 4848 3271 4919 quinta
3298 4851 3527 4919 synodo
3558 4866 3570 4899 :

1994 4923 2147 4975 Nunc
2176 4916 2310 4982 uero,
2344 4923 2532 4987 inquit,
2565 4919 2692 4970 sicut
2721 4919 2925 4984 scripsit
2953 4919 3020 4969 ad
3059 4933 3137 4969 me
3168 4916 3407 4987 dominus
3437 4934 3574 4969 meus

1989 4992 2337 5046 sanctissimus
2357 4986 2623 5057 cp’iscOpus
2645 4989 2926 5040 Antiochia:
2948 4987 3194 5057 Joannes,
3214 4986 3414 5039 initium
3435 4990 3573 5052 apud

1989 5066 2127 5125 ipsos
2147 5063 2354 5115 alterius
2374 5055 2687 5130 tempestatis
2699 5058 2950 5130 surreafit;
2970 5067 3018 5109 et
3041 5055 3287 5121 plurimus
3305 5064 3378 5108 est
3396 5058 3566 5130 (inter,

1992 5145 2042 5186 ut
2066 5134 2281 5196 forsitan
2303 5125 2509 5199 quidam
2530 5128 2792 5182 instabiles
2813 5128 2878 5179 ad
2902 5129 3072 5192 priora
3094 5135 3427 5199 revertantur:
3449 5125 3572 5180 [lare

1994 5221 2117 5258 vero
2147 5196 2411 5257 tertia'est
2454 5216 2637 5254 earum
2688 5213 2820 5268 quas
2867 5207 3085 5266 propter
3129 5198 3359 5268 capitula
3395 5196 3565 5251 Procli

1992 5287 2136 5328 tonio
2159 5273 2391 5336 subdita,
2411 5287 2509 5340 pro
2531 5265 2812 5324 Theodoro
2835 5265 3113 5340 scripsisse
3134 5265 3389 5321 Joannem
3416 5268 3506 5323 lib.
3535 5283 3570 5321 ιι

1991 5347 2303 5399 adnotatum
2336 5338 2516 5397 estex
2549 5340 2821 5394 Breviario
2851 5338 3106 5392 Liberali.

2064 5448 2088 5475 ο
2133 5437 2351 5489 Videtur
2384 5433 2469 5487 hic
2499 5431 2696 5499 aliquid
2730 5431 2936 5484 deesse.

2058 5617 2079 5648 ³
2115 5614 2258 5667 idem
2305 5613 2422 5666 cod.
2448 5652 2460 5674 ,

1989 5687 2161 5738 utilius
2193 5685 2309 5748 nisi,
2343 5695 2447 5737 etc.

2504 5612 2676 5666 utilius
2715 5619 3079 5679 exspectamus.
3129 5609 3222 5666 Est
3261 5621 3429 5665 autem
3469 5612 3567 5667 [mc

2058 5817 2102 5886 ξ’
2139 5813 2276 5868 Ηςιιι
2311 5813 2747 5867 hiatusoccurrit
2777 5813 2968 5870 ibidctu
2999 5813 3158 5885 (Opp.
3189 5811 3416 5884 Cyrilli),
3444 5827 3562 5886 pag.

1992 5885 2111 5941 193.
