4114 6494
517 379 645 439 ’719

1616 359 1917 417 FACbNitl
1958 359 2175 416 EPISC.
2219 357 2720 415 llERMlA‘NENSlS

3731 357 3838 410 72‘)

523 499 695 570 'juvcs
715 496 755 551 ‘.
781 496 913 552 Sunt
944 495 996 550 in
1028 492 1120 548 illo
1175 500 1320 545 tomo
1349 489 1590 559 quaedam
1621 480 1850 546 incerta,
1889 487 1944 534 οι
1974 479 2126 532 alim
2159 484 2202 542 A
2234 481 2330 533 bus
2373 478 2679 546 contingere
2709 480 2886 537 solet:
2915 475 3056 548 quod
3092 489 3196 530 non
3226 473 3420 530 scienti
3461 482 3668 528 tantum
3705 474 3834 527 haec

542 608 700 664 quam
749 591 889 645 dicta
921 596 1046 643 sunt
1097 586 1321 656 intelligi
1371 583 1628 650 valentia,
1671 584 1994 637 conﬁtemur
2027 580 2129 634 hoc

542 688 703 739 etiam
736 699 835 737 nos
865 699 878 734 :
911 681 1145 751 plurima
1177 691 1308 732 vero
1337 691 1526 732 eorum
1567 683 1750 745 aperta
1774 673 2045 737 videmus,
2078 679 2133 724 et

542 779 660 831 sine
683 777 860 844 aliqua
892 772 1242 842 ambiguitate
1273 779 1441 825 recta.
1493 767 1602 824 Sed
1646 766 1752 823 illis
1795 779 1914 834 quae
1941 769 2135 833 putan-

547 880 633 923 tur
659 869 912 932 obscura,
943 864 1134 920 similia
1166 864 1332 917 multa
1359 870 1414 916 et
1439 876 1468 915 a
1505 861 1748 931 plurimis
1777 856 2138 913 anterioribus

545 958 663 1032 ejus
694 969 746 1014 et
774 957 1023 1029 gloriosis
1071 955 1324 1027 Patribus
1347 952 1489 1008 dicta
1543 950 1884 1013 invenimus;
1917 957 1972 1002 et
2001 946 2134 1015 peri-

546 1054 723 1106 culum
759 1053 884 1105 binc
913 1048 1112 1122 pendet
1141 1062 1244 1102 non
1289 1047 1428 1110 leve,
1470 1059 1540 1098 ne
1583 1045 1636 1098 in
1667 1042 1785 1098 istis
1809 1043 1972 1097 etiam
2015 1039 2139 1092 illo-

547 1161 666 1200 rum
699 1144 741 1167 “
781 1144 1076 1206 solvamus,
1106 1140 1225 1211 ejus
1255 1140 1359 1193 viri
1410 1137 1763 1207 reprobantes
1795 1135 1936 1188 dicta
1967 1132 2055 1201 qui
2090 1132 2141 1184 in

549 1241 864 1308 episcopatu
905 1235 1121 1307 quidem
1167 1231 1473 1296 defunctus,
1526 1228 1786 1300 agonibus
1811 1234 1993 1281 autem
2041 1224 2142 1278 ad-

554 1345 748 1386 versus
784 1327 1015 1382 Arianos
1044 1327 1061 1356 ³
1085 1334 1141 1380 et
1169 1322 1305 1378 alios
1329 1321 1648 1384 haereticos,
1689 1319 1877 1374 decem
1911 1314 2148 1371 millibus

553 1437 650 1492 per
678 1435 896 1476 omnem
925 1432 1077 1473 suam
1110 1417 1274 1471 vitam
1307 1414 1506 1484 ubique
1534 1411 1822 1468 decoratus
1850 1417 1955 1464 est.
1990 1407 2146 1476 Quod

553 1514 597 1568 si
632 1514 743 1578 flat,
777 1511 946 1566 multa
973 1510 1136 1566 etiam
1169 1508 1238 1561 ab
1265 1506 1386 1560 aliis
1427 1504 1632 1559 sanctis
1664 1501 1930 1568 Patribus,
1963 1509 2149 1569 aperte
2171 1538 2183 1550 ι,

556 1606 628 1658 dii
649 1613 699 1657 ta
743 1601 1080 1658 retractaturi
1131 1612 1317 1654 smnus
1361 1604 1418 1652 et
1461 1593 1825 1664 reprobaturi.
1867 1591 2152 1660 Excerptis

555 1711 700 1751 enzm
736 1695 852 1750 istis
896 1693 1095 1749 similia
1118 1688 1363 1760 quaedam
1396 1687 1703 1743 invenimus
1730 1684 1870 1755 apud
1905 1693 1985 1740 ter
2023 1683 2152 1738 bea-

559 1801 668 1844 tum
712 1797 766 1842 ct
811 1785 1048 1841 nobilem
1095 1780 1470 1844 Athanasium,
1512 1777 1757 1849 quaedam
1803 1775 1967 1831 etiam
2009 1774 2151 1844 apud

2235 577 2487 641 dicimus,
2535 576 2629 634 sed
2662 575 2824 632 etiam
2869 571 2987 641 plus
3031 565 3689 625 omnibus'considerare
3737 579 3838 618 va-

2237 669 2366 724 lenti
2398 666 2815 739 magnitudinem
2861 662 3020 732 hujus
3069 660 3446 715 absurditatis.
3479 658 3621 726 Quid
3654 667 3847 713 autem

2241 779 2345 817 non
2377 762 2710 832 praebeamus
2737 772 2804 812 ex
2840 755 2944 810 hoc
2980 751 3342 809 desiderabile
3373 749 3605 806 Nestorii
3644 746 3847 804 defen-

2241 853 2486 908 soribus?
2514 851 2644 918 Quis
2675 851 2820 905 enim
2853 861 2976 902 eum
3008 861 3116 900 non
3146 842 3456 909 honorabit,
3497 843 3544 896 si
3578 856 3700 896 cum
3739 843 3849 896 iSto

2245 957 2298 1004 et
2329 947 2449 1002 aliis
2479 946 2571 1017 qui
2604 945 2655 998 in
2688 943 3003 1013 episcopatu
3048 938 3215 992 vitam
3259 938 3643 1006 deposuerunt,
3679 935 3848 989 simul

2246 1039 2732 1096 anathematizetur
2755 1037 2776 1067 ⁸
2806 1035 2829 1088 ?
2858 1041 2952 1088 aut
2980 1032 3070 1087 ubi
3115 1030 3233 1100 ejus
3261 1029 3441 1100 opinio
3472 1043 3566 1098 per
3594 1027 3696 1082 hoc
3739 1041 3852 1080 non

2247 1133 2478 1202 accipiat
2508 1127 2942 1186 incrementum?
2982 1125 3114 1192 Quis
3144 1133 3324 1179 autem
3356 1122 3706 1191 deceptorum
3754 1118 3850 1172 ho-

2249 1227 2474 1288 minum.
2508 1225 2576 1280 de
2606 1223 2723 1278 istis
2753 1219 3093 1276 occasionem
3125 1230 3428 1278 assumens,
3473 1228 3578 1268 non
3618 1207 3845 1267 confes-

2251 1333 2428 1373 SOme
2465 1313 2760 1381 vocaverit,
2802 1311 2966 1368 veluti
3000 1318 3219 1381 propter
3267 1307 3418 1360 illum
3460 1319 3677 1375 passum
3719 1318 3845 1371 qua:

2242 1426 2444 1481 'passus
2471 1419 2555 1465 est
2575 1411 2618 1473 τ’,
2645 1423 2765 1477 qua:
2805 1406 2970 1461 etiam
3003 1402 3078 1458 illi
3102 1401 3192 1471 qui
3221 1400 3276 1454 in
3307 1399 3546 1454 Ecclesia
3579 1396 3853 1452 fulserunt

2257 1504 2397 1573 passi
2442 1501 2602 1556 sunt?
2631 1499 2760 1569 Quis
2801 1506 2978 1553 autem
3030 1505 3264 1550 mentem
3316 1493 3628 1547 habentium
3675 1490 3853 1544 nescit

2256 1596 2380 1665 quia
2407 1610 2472 1650 ea
2498 1609 2618 1665 qnte
2662 1593 2795 1647 dure
2825 1607 2854 1646 a
2904 1591 3060 1647 beato
3091 1588 3377 1644 Theodoro
3408 1587 3542 1642 dicta
3573 1594 3722 1649 sunt,
3758 1599 3855 1640 ne-

2257 1689 2511 1744 cessitate
2542 1684 2854 1753 compulsus
2882 1683 3052 1738 dixit?
3076 1680 3416 1749 Proponebat
3443 1679 3584 1733 enim
3613 1693 3738 1732 eum
3774 1686 3856 1729 to-

2263 1792 2345 1836 tus
2375 1780 2428 1834 in
2459 1793 2745 1834 commune
2772 1777 2967 1831 Oriens
3008 1774 3149 1830 inter
3195 1787 3290 1827 eo;
3316 1771 3404 1841 qui
3451 1780 3572 1825 ante
3600 1785 3698 1824 nos
3734 1769 3858 1823 fue-

559 1884 771 1936 ὺεαιιιηι
804 1876 1082 1939 Βαείιίυων
1124 1872 1367 1945 quaedam
1402 1871 1542 1940 διιυά
1583 1868 1908 1940 Gregorium.
1945 1875 2152 1921 υιΐυῐῐι-
2184 1879 2229 1938 Β
2257 1881 2404 1941 runt,
2437 1871 2576 1927 sicut
2601 1871 2854 1924 virtutem
2889 1870 3110 1922 multam
3141 1865 3401 1921 doctrinae
3430 1863 3718 1918 habentem
3762 1863 3859 1917 ad-

560 1987 694 2043 que;
724 1969 888 2024 multa
911 1982 1040 2022 vero
1061 1975 1116 2021 et
1135 1967 1272 2035 apud
1298 1963 1734 2035 Amphilochium
1765 1963 1962 2032 sacpius
1986 1959 2154 2026 dicta,

564 2081 670 2118 non
699 2077 865 2134 parva
895 2075 1025 2116 vero
1054 2067 1110 2115 et
1135 2058 1279 2128 apud
1311 2071 1657 2114 communem
1690 2055 1905 2112 Patrem
1943 2055 2155 2111 beatum

564 2153 951 2224 'fthpbilum.
983 2151 1119 2208 Sunt
1150 2151 1295 2206 enim
1321 2147 1637 2221 quaedam
1677 2157 1765 2202 tua
1794 2147 2053 2203 sanctitas
2084 2146 2155 2200 ita

568 2244 879 2308 confitetur,
923 2251 979 2297 et
1018 2240 1268 2297 eumdem
1315 2240 1384 2296 de
1425 2239 1533 2296 illis
1583 2239 1750 2294 habes
1802 2237 2154 2294 intellectum.

566 2331 822 2404 Quaedam
857 2334 1018 2388 etiam
1046 2333 1114 2386 ab
1141 2332 1258 2401 ipso
1278 2331 1496 2385 amabili
1621 2329 1734 2385 Deo
1758 2329 1951 2385 Proclo
1990 2329 2044 2384 in
2079 2343 2162 2385 eo-

566 2431 688 2483 dem
721 2429 840 2496 ipso
869 2437 1015 2480 tonio
1043 2439 1202 2494 quem
1233 2423 1300 2478 ad
1326 2422 1615 2478 Armenios
1644 2421 1814 2489 misit,
1844 2437 1952 2495 quo
1981 2422 2161 2477 multis

565 2519 812 2573 sensibus
842 2515 959 2570 istis
1001 2514 1273 2584 decerptis
1302 2513 1596 2568 concurrit.
1645 2513 1714 2568 Et
1740 2513 1858 2568 dies
1899 2528 2000 2569 nos
2029 2513 2164 2568 deli-

551 2615 672 2669 -cict
699 2616 1077 2681 percurrentes
1108 2608 1325 2663 beatum
1355 2605 1709 2662 Eustachium
1738 2606 2040 2662 Antiochiae

569 2703 805 2760 civitatis
839 2703 1175 2772 episcopum,
1205 2699 1298 2770 qui
1351 2697 1451 2754 fuit
1500 2712 1597 2770 pro
1628 2708 1776 2754 recta
1824 2697 1930 2754 fide
1973 2699 2026 2752 in
2066 2696 2163 2752 Ni-

567 2811 720 2852 czeno
746 2794 1000 2862 concilio,
1029 2804 1084 2850 et
1108 2809 1314 2866 magnae
1335 2793 1496 2848 fama:
1525 2791 1869 2849 Alexandria
1889 2802 2088 2848 vestrae
2107 2793 2161 2857 ²;

572 2891 864 2949 sed-etiam
911 2899 1032 2963 post
1072 2889 1194 2947 illos
1242 2886 1617 2943 sanctissimos
1660 2887 1970 2956 episcOpos,
2004 2884 2169 2940 Mele-

572 2986 730 3051 tium,
754 2982 1093 3051 Flavianum,
1124 2996 1156 3035 a
1199 2979 1394 3052 quibus
1425 2979 1576 3049 plura
1615 2978 1736 3035 istis
1784 2977 2168 3034 concordantia

570 3075 712 3132 dicta
743 3073 1056 3144 sunt..Quid
1081 3073 1194 3146 jam
1223 3073 1399 3129 dicam
1425 3071 1517 3128 de-
1543 3073 1626 3128 his
1655 3073 1746 3142 qui
1791 3073 1845 3128 in
1879 3072 2172 3128 Occidente

573 3170 878 3228 secundum
907 3169 1208 3225 doctrinam
1230 3168 1250 3198 ³
1277 3175 1332 3223 et
1354 3169 1601 3224 eamdem
1630 3165 2030 3222 confessionem
2073 3165 2172 3221 de-

2261 1979 2449 2021 versus
2501 1962 2760 2026 haereses,
2809 1969 2996 2015 contra
3025 1971 3158 2028 quas
3197 1971 3438 2028 pugnans
3482 1963 3538 2010 et
3583 1954 3860 2008 dimicans

2263 2055 2429 2110 multa
2458 2051 2690 2124 quadam
2720 2049 2986 2106 divisione
3019 2064 3146 2103 usus
3169 2057 3272 2113 est,
3325 2061 3431 2100 non
3463 2061 3530 2100 ex
3571 2061 3741 2116 pravo
3774 2045 3862 2100 in-

2264 2148 2482 2202 tellectu
2529 2143 2771 2206 veniens,
2821 2140 2917 2196 sed
2965 2139 3236 2209 efficacius
3281 2141 3540 2192 adversus
3573 2137 3864 2192 hmreticos

2264 2238 2353 2292 illo
2408 2234 2570 2291 modo
2625 2235 2699 2289 uti
2731 2232 3224 2304 judicansmeque
3273 2230 3534 2285 unitatem
3587 2244 3861 2284 summam

2265 2333 2520 2403 ignorans
2550 2330 2632 2385 vel
2682 2341 2906 2398 negans,
2940 2325 3100 2392 absit,
3147 2325 3297 2396 pleni
3347 2325 3494 2379 enim
3545 2322 3861 2392 huiusmodi

2263 2435 2392 2480 sunt
2437 2437 2626 2479 omnes
2675 2421 2790 2492 ejus
2823 2421 2966 2484 libri,
3015 2420 3110 2476 sed
3143 2428 3460 2474 naturarum
3495 2417 3865 2486 proprietates

2266 2516 2497 2587 amplius
2528 2515 2794 2579 dividens,
2826 2514 2963 2569 sicut
2991 2514 3040 2568 ei
3073 2527 3248 2584 pugna
3271 2526 3431 2582 quam
3461 2510 3866 2581 adversushte-

2269 2613 2472 2666 reticos
2510 2609 2719 2678 habuit,
2753 2607 3059 2663 faciendum
3102 2606 3360 2665 dictabat.
3393 2606 3502 2660 lloc
3533 2615 3586 2662 et
3615 2615 3702 2659 tua
3734 2604 3868 2659 reli-

2268 2706 2492 2777 giositas
2512 2703 2845 2775 dispensavit
2873 2710 3058 2772 aperte
3085 2701 3139 2756 in
3161 2700 3520 2757 anterioribus
3546 2699 3749 2754 litteris
3776 2714 3869 2755 ve-

2270 2801 2400 2856 stris
2420 2797 2488 2853 ad
2510 2796 2928 2852 satisfactionem
2970 2793 3323 2866 quorumdam
3349 2792 3743 2850 venerabilium
3775 2807 3870 2846 co-

2271 2889 2648 2959 episcoporum
2675 2897 2982 2943 nostrorum
3015 2885 3194 2957 :quod
3225 2896 3280 2941 et
3307 2885 3481 2955 ipsum
3516 2893 3623 2938 tum
3648 2884 3868 2936 virtutis

2273 2994 2485 3055 tumque
2513 2982 2788 3053 sapientia:
2825 2979 3104 3054 proprium
3135 2989 3238 3036 est.
3273 3000 3293 3034 ι
3327 2980 3522 3036 Verum
3571 2973 3696 3050 ego,
3741 2979 3870 3034 reli-

2273 3079 2423 3150 giose
2453 3080 2724 3146 princeps,
2773 3089 3033 3146 quantum
3064 3090 3130 3131 ex
3176 3075 3261 3130 his
3300 3075 3462 3131 dictis
3490 3075 3720 3142 afficior,
3753 3073 3868 3144 qui-

2279 3173 2378 3226 bus
2407 3170 2744 3226 venerabiles
2777 3168 2961 3225 Patres
3011 3184 3105 3240 per
3149 3169 3403 3223 donatam
3431 3169 3532 3223 sibi
3576 3183 3605 3222 a
3641 3167 3756 3224 Deo
3784 3185 3871 3223 sa-

576 3263 746 3319 corati
777 3271 923 3328 sunt,
955 3273 1092 3331 quos
1123 3261 1288 3316 etiam
1335 3267 1422 3314 tua
1450 3267 1712 3314 sanctitas
1751 3256 1946 3314 melius
1976 3255 2168 3313 novit?
2194 3267 2240 3330 ρ
2275 3265 2530 3335 picum",
2563 3272 2942 3333 prmenemm
2983 3262 3240 3332 quidquid
3289 3261 3341 3316 in
3389 3276 3551 3316 musa
3597 3260 3876 3318 Theodori

577 3356 806 3414 Intende
833 3357 1037 3425 itaque,
1078 3368 1228 3424 rogo,
1276 3353 1341 3408 ad
1372 3352 1516 3423 quod
1550 3351 1905 3423 praecipitium
1938 3365 2038 3406 nos
2070 3352 2172 3404 im-

582 3451 805 3521 pellant,
835 3447 928 3519 qui
956 3446 1023 3502 ad
1053 3447 1252 3501 nullam
1282 3445 1571 3501 utilitatem
1603 3441 1788 3500 verbis
1815 3443 2170 3498 contendunt.

575 3543 714 3613 Quid
745 3557 848 3597 non
881 3539 1009 3596 hinc
1037 3539 1273 3595 lmsionis
1299 3539 1384 3594 vel
1413 3537 1776 3608 corruptionis
1803 3546 1859 3593 et
1897 3537 2173 3592 confusio-

579 3639 665 3693 nis
699 3637 910 3707 plcnum
940 3644 1249 3707 generetur,
1281 3634 1330 3688 si
1370 3631 1672 3703 aperiamus
1712 3631 1934 3702 januam
1969 3632 2050 3687 his
2083 3631 2173 3700 qui

580 3732 723 3786 dicta
745 3729 1180 3784 ‘transeuntium
1205 3725 1423 3781 Patrum
1457 3735 1702 3782 evertere
1723 3723 1796 3778 αἳ
1823 3724 1980 3794 quale
2009 3723 2165 3777 dam-

587 3841 712 3881 num
751 3839 859 3879 non
906 3830 1152 3892 apertum
1193 3821 1299 3874 erit
1339 3819 1482 3874 dicta
1541 3833 1647 3874 non
1689 3818 1860 3873 solum
1901 3815 2172 3883 refutare,

583 3920 680 3975 sed
707 3919 870 3974 etiam
902 3914 1396 3970 anathematizare?
1425 3911 1494 3968 Ut
1523 3913 1665 3967 enim
1694 3912 1838 3966 aliud
1871 3911 2030 3965 alicui
2062 3912 2176 3981 pla-

581 4025 724 4081 ccat,
751 4012 893 4068 aliud
922 4025 1049 4080 non,
1099 4013 1151 4063 in
1205 4009 1504 4076 aliquorum
1551 4006 1733 4070 dictis,
1771 4007 1887 4062 sive
1927 4007 2177 4077 antiquo-

585 4123 726 4169 rum,
780 4104 892 4158 sive
945 4099 1324 4172 pOSteriornm,
1365 4097 1482 4154 sive
1524 4113 1631 4153 non
1666 4107 1972 4154 nostrorum
1998 4098 2041 4165 ³,
2074 4098 2176 4153 alia

595 4197 732 4251 ratio
762 4203 864 4250 est.
899 4193 965 4250 Ut
995 4201 1172 4247 autem
1206 4201 1260 4246 et
1290 4194 1574 4245 anathema
1620 4191 1700 4244 eis
1730 4191 2055 4260 imponatur,
2086 4205 2175 4243 ar-

590 4292 852 4343 bitramur
873 4287 1046 4342 audax
1087 4294 1141 4341 et
1183 4298 1433 4348 asterum
1473 4299 1754 4355 apparere,
1785 4286 1886 4338 etsi
1933 4298 2178 4354 persona:

588 4397 709 4435 Cillti
734 4381 892 4435 dictis
914 4394 1020 4434 non
1041 4378 1586 4433 anatbematizentur.
1615 4376 1744 4444 Quis
1762 4377 1906 4432 enim
1933 4387 2175 4432 nostrum

587 4483 776 4544 speret
797 4471 939 4544 quod
969 4472 1135 4526 alium
1167 4471 1188 4502 ⁶
1215 4471 1382 4541 possit
1426 4484 1668 4539 movere,
1701 4478 1792 4524 aut
1820 4471 1946 4542 quid
1986 4470 2176 4526 borum

587 4583 695 4622 non
729 4563 972 4636 pra-beat
1020 4563 1362 4620 occasionem
1406 4578 1618 4634 semper
1660 4573 1718 4619 ut
1756 4562 1948 4636 populi
1964 4574 2178 4635 pertur-

2279 3373 2378 3428 pro
2421 3372 2612 3429 magna
2661 3355 2871 3429 synodo
2917 3355 3250 3426 respondere
3301 3369 3614 3424 possemus;
3661 3364 3875 3412 tantum

2278 3451 2461 3518 doleo,
2493 3460 2549 3506 et
2579 3450 2683 3505 illis
2705 3449 2849 3521 quod
2884 3449 3080 3505 factum
3111 3459 3192 3505 est
3233 3449 3459 3520 imputo,
3491 3449 3580 3518 qui
3623 3466 3731 3504 non
3758 3451 3877 3505 inec

2278 3553 2402 3599 ante
2443 3543 2598 3599 vobis
2653 3541 2940 3599 ostendere
2990 3551 3389 3598 consueverunt
3428 3541 3497 3595 ¹⁰.
3539 3542 3670 3609 Quis
3721 3544 3871 3597 enim

2275 3640 2470 3710 credit,
2519 3639 2661 3712 quod
2689 3640 2774 3695 vel
2828 3648 2989 3695 tantae
3033 3638 3336 3694 auctoritati
3379 3638 3567 3708 religio
3621 3648 3732 3703 tua,
3784 3639 3873 3693 vel

2280 3733 2561 3803 prudentia
2611 3733 2703 3788 tali
2755 3732 2950 3788 rationi
2997 3732 3314 3788 resisteret?
3344 3732 3467 3787 llaec
3515 3733 3658 3787 enim
3711 3733 3879 3788 verba

2278 3825 2468 3898 synodi
2515 3824 2772 3892 Orientis,
2829 3840 2936 3880 non
2991 3824 3166 3880 dicam
3221 3824 3461 3880 timorati
3506 3834 3562 3878 et
3610 3824 3880 3892 sapientis

2280 3917 2536 3989 principis
2562 3916 2822 3984 animum,
2853 3916 2948 3972 sed
2984 3916 3273 3986 cujuslibet
3317 3915 3548 3970 hominis
3573 3931 3736 3986 quem
3771 3931 3880 3972 non

2279 4011 2494 4082 penitus
2535 4008 2777 4066 deseruit
2817 4009 3146 4075 humanitas,
3189 4016 3616 4064 commoverent.
3659 4007 3795 4063 Nam
3830 4009 3880 4064 si

2281 4112 2409 4158 tunc
2467 4109 2756 4171 potuerunt
2809 4100 3088 4157 ardentem
3159 4098 3425 4155 ﬂammam
3487 4099 3876 4170 restinguere,

2279 4203 2480 4265 quanto
2508 4192 2676 4264 magis
2700 4207 2843 4248 nunc
2873 4207 2903 4246 a
2937 4191 3093 4247 vobis
3113 4191 3358 4247 obtinere
3387 4199 3609 4260 possent
3654 4206 3724 4247 ne
3749 4192 3877 4262 quis

2280 4287 2632 4344 resusci'aret
2667 4285 3027 4342 exstinctam?
3071 4285 3127 4341 Si
3158 4294 3338 4340 autem
3370 4283 3534 4338 veluti
3575 4299 3641 4339 ex
3678 4297 3881 4340 somno

2279 4389 2633 4452 exsurgentes
2661 4380 2795 4436 dicti
2825 4388 2949 4436 sunt
2970 4378 3072 4458 illi,
3099 4379 3336 4450 quicum
3369 4377 3501 4432 nihil
3531 4377 3884 4434 contraditus-

2281 4475 2617 4532 sentviventi
2648 4472 2954 4540 Theodoro,
2981 4481 3104 4543 post
3127 4471 3245 4542 ejus
3275 4470 3480 4527 obitum
3505 4469 3598 4526 illo
3629 4480 3884 4544 tempore

2283 4576 2641 4640 perrexeru:.t
2670 4567 2776 4622 huc
2803 4566 2871 4622 ad
2897 4567 3098 4637 regiam
3124 4565 3416 4634 civitatem,
3446 4563 3881 4621 ecclesiasticam

585 4656 819 4713 bentur?
851 4654 920 4709 Et
951 4655 1052 4710 hoc
1081 4654 1318 4725 quidem,
1353 4669 1404 4711 et
1441 4655 1740 4712 viventibus
1766 4669 1819 4712 et
1848 4659 2173 4713 transennti-
2207 4651 2254 4712 D
2281 4674 2492 4730 pacem,
2525 4667 2788 4730 quantum
2814 4658 2868 4713 in
2900 4659 3030 4728 ipsis
3057 4667 3165 4726 est,
3195 4656 3582 4714 ennturbantes
3605 4673 3620 4711 :
3646 4657 3782 4728 quid
3815 4657 3885 4713 de

661 4837 686 4865 ο
717 4826 899 4892 Forte,
936 4822 1110 4877 colunt
1139 4833 1376 4878 cret-tere.

659 4961 823 5016 ‘Cod.
859 4958 1080 5021 Verum,
1111 4956 1331 5011 Arianae
1363 4969 1407 5010 et
1442 4955 1812 5021 Eunomiams,
1840 4966 1884 5011 et
1913 4958 2061 5011 alios.

657 5036 677 5065 ²
704 5034 844 5088 ltlettt
876 5029 1023 5094 cod.,
1052 5028 1399 5082 Alexandrum
1425 5038 1664 5084 vestrum.

664 5106 685 5136 ³
711 5106 852 5160 Idem
883 5103 1033 5169 cod.,
1065 5099 1298 5169 eamdem
1332 5099 1639 5154 doctrinam.

661 5176 681 5207 δ
710 5177 850 5230 Idem
878 5173 1026 5240 eod.,
1056 5170 1228 5224 volunt
1261 5168 1418 5222 dicta.
1461 5169 1552 5225 Sic
1602 5170 1741 5239 apud
1769 5169 2029 5242 Cyrillum
2063 5171 2097 5224 Ι.
2127 5185 2176 5225 c.

660 5247 682 5282 ⁸
705 5249 844 5300 Idem
867 5243 1012 5304 cod..
1041 5256 1177 5294 nunc
1207 5248 1520 5294 nostrorum.

661 5319 682 5350 ⁸
702 5319 840 5372 Idem
866 5313 1011 5378 cod.,
1043 5322 1208 5384 speret
1238 5325 1346 5384 non,
1370 5311 1604 5384 defungi,
1634 5321 1721 5366 aut
1765 5329 1796 5365 a
1822 5330 1923 5383 quo
1962 5330 2062 5366 non
2096 5313 2180 5366 di-

591 5402 728 5444 cutm
758 5398 830 5441 est
857 5381 1080 5454 aliquid,
1111 5381 1247 5454 quod
1277 5381 1458 5454 alium.

594 5527 608 5584 Ι
661 5460 847 5554 ’li‘lem
888 5451 1035 5525 cod.,
1079 5451 1316 5507 omnibus
1363 5452 1526 5506 nobis.
1579 5452 1670 5508 Sic
1717 5465 1769 5508 ct
1820 5455 1958 5524 apud
1991 5454 2180 5526 Cyril-

616 5546 703 5583 um
739 5559 774 5584 ι.
810 5545 859 5583 C.

616 5546 703 5583 um
738 5531 774 5585 ἶ.
810 5545 859 5583 c.

663 5687 766 5740 'In
819 5683 1001 5756 Cyrilli
1036 5683 1275 5756 editione
1324 5679 1495 5756 modo
1531 5682 1716 5749 citata,
1772 5699 1894 5753 pag.
1946 5682 2068 5743 195,
2113 5684 2167 5734 in

593 5750 944 5814 communione
973 5755 1202 5823 omnium
1233 5755 1386 5804 vivas.
1430 5750 1602 5823 Minus
1639 5750 1804 5823 reete,
1845 5750 1909 5809 tut
1935 5756 2164 5807 videtur.

662 5826 707 5849 "
739 5827 956 5889 Ibidem,
988 5826 1125 5890 illos,
1158 5822 1343 5876 Patres
1374 5822 1597 5877 scilicet.
1634 5824 1739 5880 Sed
1784 5822 2059 5880 retinendi
2090 5827 2166 5876 vi-

2288 5029 2300 5082 ]
2357 4953 2376 4989 ⁸
2397 4957 2538 5083 Idem
2561 4957 2688 5013 cod.
2708 4999 2722 5022 ,
2758 4954 3294 5010 anathctnalizaretur.
3328 4953 3417 5010 Sic
3447 4962 3501 5010 et
3529 4951 3672 5022 apud
3702 4949 3884 5024 Cyril-

2310 5045 2394 5082 ttm
2451 5069 2464 5083 .
2494 5043 2545 5083 c.

2310 5045 2394 5082 ttm
2430 5043 2464 5083 Ι.
2494 5043 2545 5084 c.

2357 5103 2378 5133 θ
2399 5101 2542 5155 Idem
2573 5098 2720 5167 cod.,
2745 5099 2834 5170 qui
2858 5113 3058 5169 passus.
3087 5094 3277 5170 (Sic_et
3301 5094 3442 5164 apud
3471 5091 3731 5170 Cyrillum
3763 5094 3802 5170 l_.
3831 5112 3885 5150 τ’.

2288 5169 2379 5224 ubi
2431 5180 2608 5226 tamen
2641 5165 2867 5242 legfeu'
2900 5183 2998 5242 pro
3028 5165 3162 5242 eaL)_
3194 5167 3480 5242 Hactenus
3502 5165 3698 5221 menda
3730 5168 3885 5234 plura

2290 5243 2534 5310 epistolae
2576 5237 2801 5296 Joan'nis
2840 5237 3166 5310 Antiocheni
3205 5237 3272 5293 ad
3300 5237 3575 5310 ‘Cyrillum
3633 5247 3882 5310 correcta

2289 5308 2417 5366 sunt
2437 5328 2541 5380 Ope
2561 5313 2765 5368 codicis
2788 5311 2957 5366 nostri
2982 5327 2996 5363 :
3022 5308 3167 5364 unde
3198 5308 3380 5377 purior
3421 5309 3771 5379 imposterum
3791 5309 3880 5363 edi

2293 5383 2495 5446 pulerit
2524 5383 2714 5438 eadem
2749 5384 2800 5437 in
2835 5380 3242 5436 collectionibus
3272 5381 3647 5434 conciliorum.

2371 5455 2413 5484 ¹⁰
2440 5455 2580 5508 Idem
2612 5454 2760 5522 cod.,
2792 5469 2883 5507 nos
2905 5456 3015 5506 Iure
3035 5461 3154 5506 ante
3182 5452 3322 5506 vobis
3345 5452 3605 5507 ostendere
3631 5465 3736 5506 non
3754 5451 3889 5505 siu-

2296 5534 2436 5578 νιιηι.

2289 5683 2446 5736 detur
2483 5682 2642 5737 lectio
2671 5682 2902 5745 illorum,
2938 5681 3390 5752 subintelligendo
3411 5684 3567 5736 dicta.

2457 5754 2614 5820 tbid.,
2646 5755 2708 5806 de
2728 5753 2959 5806 amabili.

2353 5825 2441 5846 "“
2465 5825 2572 5879 ibid
2605 5866 2618 5890 ,
2657 5823 2979 5879 Eustathinm
3012 5824 3344 5880 Antiocheam
