4114 6564
288 450 390 510 7‘2!

1157 448 1289 504 PRO
1335 449 1763 507 DEFENSIONE
1802 448 2015 505 TRIUM
2056 450 2369 508 CAPITUL.
2412 451 2539 507 LIB.
2591 452 2717 507 Vili.

3471 457 3583 511 ras
3614 508 3615 511 χ

290 570 412 630 fetis
440 570 743 629 fautoribus
776 570 1156 627 haereticorum
1190 569 1475 625 dicendurm
1515 580 1617 635 est,
1650 569 1739 639 qui
1773 578 1890 639 post
1921 571 1971 626 A
2006 584 2120 623 sam
2142 569 2433 627 Theodori.
2465 572 2743 627 Nestorius
2764 571 2903 626 enim
2927 571 3205 641 perﬁdiam
3229 588 3377 627 suam
3402 578 3579 630 noxias

288 676 506 724 centum
550 680 722 721 annos
757 679 1006 720 somnum
1040 663 1251 718 illorum
1279 663 1372 733 qui
1402 678 1514 718 rent
1551 667 1565 695 ¹
1616 662 1757 717 malo
1784 678 1881 717 suo

286 770 660 824 surrexerant,
704 758 858 828 pejus
883 758 1136 828 evigilare
1162 757 1483 826 coeperunt?
1524 757 1755 812 Proinde
1787 771 1880 825 sy—

289 852 463 907 nodus
493 847 953 905 Chalcedonensis
992 848 1263 918 quomodo
1289 849 1434 917 justa
1464 852 1672 903 ratione
1699 850 1880 915 culpe-

291 953 402 1009 tur,
433 939 557 1011 quia
601 939 833 996 credidit
876 939 1229 995 orientalibus
1262 940 1511 995 Patribus
1553 940 1605 993 in
1650 939 1881 994 concilio

290 1034 656 1105 congregatis,
712 1047 849 1102 quos
900 1044 1148 1099 noverat,
1205 1042 1260 1089 et
1304 1048 1411 1087 non
1463 1048 1689 1103 negasse
1737 1034 1878 1103 quod

287 1128 535 1199 qumdam
566 1129 619 1182 in
645 1127 916 1183 Theodori
947 1126 1165 1197 scriptis
1204 1127 1364 1182 aliter
1387 1142 1549 1197 quam
1578 1127 1722 1182 dicta
1756 1136 1881 1190 sunt

290 1231 512 1293 possent
543 1218 793 1292 intelligi,
817 1228 874 1276 et
892 1217 1200 1276 afﬁrmasse
1223 1219 1364 1289 quod
1395 1229 1547 1275 recto
1569 1234 1731 1275 sensu
1758 1234 1879 1288 pro-

290 1316 398 1371 lata
429 1322 578 1379 sunt,
610 1313 746 1368 sicut
779 1328 844 1369 ex
872 1312 993 1367 aliis
1015 1311 1264 1382 plurimis
1292 1311 1408 1381 ejus
1437 1311 1597 1367 dictis
1625 1311 1883 1381 intellige-

291 1407 441 1472 bant,
472 1419 594 1472 qua:
621 1415 806 1469 aperta
839 1413 892 1459 et
912 1404 1031 1460 sine
1058 1404 1237 1474 aliqua
1268 1404 1617 1475 ambiguitate
1644 1416 1790 1460 recta
1820 1419 1879 1460 se

291 1501 480 1556 videre
518 1498 803 1555 dixerunt?
851 1499 1042 1555 Sciens
1099 1499 1262 1554 etiam
1314 1498 1533 1553 eosdem
1578 1495 1879 1553 Orientales

292 1593 655 1663 perhibuisse,
679 1591 819 1661 quod
849 1591 953 1646 illis
979 1590 1144 1647 dictis
1170 1589 1443 1646 Theodori
1473 1604 1592 1660 qua:
1625 1598 1878 1659 putantur

287 1685 540 1753 obscura,
584 1683 748 1739 multa
797 1681 994 1738 similia
1034 1691 1089 1738 et
1143 1697 1172 1737 a
1225 1681 1468 1755 plurimis
1515 1680 1877 1736 anterioribns

286 1774 407 1848 ejus
457 1786 512 1832 et
542 1776 794 1842 gloriosis
835 1773 1082 1830 Patribus
1131 1773 1272 1829 dicta
1312 1783 1457 1828 sunt.
1508 1772 1613 1845 Sed
1658 1771 1829 1827 noluit
1857 1774 1877 1804 '

288 1867 409 1937 ejus
451 1868 551 1921 viri
582 1868 726 1922 dicta
752 1866 1064 1936 reprobare,
1095 1867 1183 1936 qui
1215 1866 1268 1920 in
1307 1865 1621 1935 episcopatu
1658 1863 1874 1933 quidem

1988 667 2282 735 diligentiae
2332 668 2540 721 celabat
2587 668 2829 731 obtentu,
2875 680 3074 735 negans
3126 677 3365 721 sanctam
3411 666 3579 735 Virgi-

1986 774 2105 810 nem
2148 758 2240 811 Dei
2284 768 2541 823 matrem;
2594 767 2648 811 et
2700 758 3004 811 admonitus
3052 768 3212 827 atque
3263 759 3573 829 increpitus.

1984 849 2335 904 oil'ensionem
2372 850 2534 903 totius
2565 851 2879 919 concepisse
2902 851 2922 882 ⁸
2951 852 3225 906 Ecclesiae.
3261 854 3579 910 Theodorus

1984 952 2185 1008 autem,
2231 958 2335 996 non
2389 942 2642 998 Ecclesiae
2678 943 3076 1008 contradicens,
3110 943 3203 999 scd
3246 943 3511 1000 hmretieis
3534 947 3576 1009 δ,

1983 1036 2228 1100 quaedam
2282 1035 2361 1089 sic
2413 1034 2624 1090 locutus
2654 1046 2756 1100 est,
2791 1044 2848 1089 ut
2891 1036 2993 1089 nisi
3023 1036 3086 1089 ad
3118 1037 3468 1093 intentionem
3498 1039 3580 1092 di-

1984 1132 2155 1185 centis
2177 1131 2345 1185 lector
2372 1131 2619 1197 aspiciat,
2649 1130 2954 1185 oﬂcndatur
2977 1131 3028 1183 in
3057 1130 3258 1185 verbis.
3283 1131 3391 1186 Nec
3413 1148 3576 1185 utnnu

1984 1240 2108 1280 esse
2143 1224 2416 1281 Christum
2474 1226 2527 1279 in
2571 1225 2779 1280 duabus
2824 1225 3033 1280 naturis
3076 1225 3398 1294 abnegabat,
3442 1226 3581 1280 sicut

1983 1315 2338 1384 ostendimus,
2373 1317 2469 1372 sed
2499 1317 2821 1372 necessitate
2855 1314 3233 1371 haereticorum
3260 1330 3576 1386 oppugnan-

1987 1408 2116 1462 tium
2143 1409 2436 1478 cogebatur
2486 1408 2714 1463 multum
2754 1408 3113 1478 proprietates
3142 1406 3453 1463 discernere
3483 1422 3579 1461 na-

1985 1507 2247 1556 turarum.
2280 1498 2435 1555 Unde
2473 1498 2676 1553 dictum
2705 1507 2824 1555 est:
2858 1515 2877 1549 ι
2912 1498 3255 1568 Proponebat
3281 1496 3422 1553 enim
3453 1512 3578 1553 eum

1984 1600 2128 1647 totus
2151 1592 2205 1646 in
2229 1606 2516 1646 commune
2544 1589 2760 1657 Oriens,
2792 1591 2934 1645 sicut
2957 1590 3206 1645 virtutem
3231 1588 3455 1643 multam
3482 1589 3579 1643 do-

1983 1684 2177 1739 ctrina:
2207 1684 2494 1739 habentem
2518 1684 2775 1738 adversus
2807 1682 3063 1748 haereses,
3102 1690 3290 1738 contra
3322 1697 3456 1753 quas
3482 1696 3578 1750 pu-

1983 1792 2154 1846 gnans
2182 1787 2237 1833 et
2267 1777 2552 1841 dimicans,
2578 1777 2745 1831 multa
2768 1776 2997 1847 quadam
3023 1774 3291 1830 divisione
3320 1789 3448 1829 usus
3469 1783 3587 1840 est,

1984 1884 2089 1925 non
2118 1885 2185 1924 ex
2230 1884 2394 1939 pravo
2424 1869 2695 1924 intellectu
2728 1869 2972 1931 veniens.
3020 1868 3116 1923 sed
3161 1866 3437 1923 efﬁcacius
3472 1866 3566 1920 ad—

290 1959 575 2013 dei‘unctus
617 1967 722 2023 est,
753 1957 1014 2027 agonibus
1041 1966 1222 2014 autem
1251 1957 1512 2013 adversus
1553 1958 1783 2013 Arianos
1820 1965 1878 2031 et
1911 1945 1958 2004 Β
1986 1974 2174 2017 versus
2214 1964 2501 2041 haereticos
2545 1976 2605 2015 se
2657 1960 2749 2016 illo
2798 1960 2959 2015 modo
2988 1958 3063 2015 uti
3084 1960 3371 2029 judicans:
3406 1975 3578 2029 neque

291 2052 755 2115 Eunomianos,et
783 2050 917 2105 alios
943 2051 1248 2115 hzereticos,
1282 2050 1470 2106 decem
1511 2050 1750 2105 millibus
1782 2066 1877 2119 per

292 2160 508 2200 omnem
535 2159 687 2199 suam
716 2146 882 2199 vitam
927 2144 1127 2211 ubique
1153 2144 1442 2199 decoratus
1482 2152 1584 2197 est.
1629 2143 1874 2211 Nunquid

289 2238 451 2293 debet
487 2252 584 2307 pro
606 2239 705 2291 hac
736 2236 998 2291 modestia
1042 2246 1095 2291 et
1144 2236 1355 2291 ratione
1382 2235 1627 2304 culpari?
1654 2252 1879 2305 praeser-

290 2329 384 2384 tim
415 2328 535 2399 quia
572 2343 679 2383 non
720 2328 839 2383 leve
884 2329 1178 2397 p--riculum
1204 2328 1571 2397 impendebat,
1624 2344 1692 2383 ne
1720 2329 1878 2383 dictis

286 2420 405 2491 ejus
435 2421 828 2486 condemnatis,
859 2422 1022 2475 etiam
1057 2420 1269 2475 illorum
1302 2419 1519 2473 Patrum
1552 2419 1729 2472 omnia
1760 2418 1877 2473 sol-

286 2518 561 2565 verentur.
630 2509 1041 2565 Consultissima
1094 2509 1254 2577 igitur
1304 2518 1359 2562 et
1414 2508 1635 2577 provida
1703 2507 1880 2576 potius

289 2617 448 2672 quam
476 2602 813 2669 Nestoriana,
840 2601 1062 2657 dicenda
1088 2613 1168 2654 est
1192 2601 1279 2655 illa
1303 2600 1563 2671 synodus,
1598 2614 1719 2668 quae
1747 2614 1877 2669 pru-

287 2696 477 2750 denter
505 2702 559 2749 et
594 2696 910 2749 occasiones
950 2693 1174 2747 abstulit
1203 2692 1396 2761 quibus
1437 2699 1667 2761 possunt
1698 2691 1877 2760 pepuli

296 2786 621 2855 perturbari,
652 2794 704 2841 et
734 2785 1136 2840 excusationem
1174 2783 1256 2838 vel
1296 2784 1460 2838 etiam
1502 2783 1877 2837 auctoritatem

291 2879 611 2935 Nestoriano
640 2879 810 2933 errori
835 2892 940 2932 non
977 2877 1242 2947 praebuit;
1277 2876 1419 2946 quod
1467 2876 1709 2945 profecto
1740 2877 1881 2930 face-

287 2980 392 3038 ret,
425 2972 469 3026 si
501 2969 803 3026 Nestoriani
834 2969 1103 3039 dogmatis
1142 2978 1416 3023 auctorem
1462 2967 1729 3035 judicaret
1759 2980 1881 3021 esse

287 3065 630 3121 Theodorum
656 3081 685 3120 a
717 3066 880 3120 tantis
907 3065 1155 3121 Patribus
1187 3066 1556 3134 przedicatum.
1605 3083 1625 3116 ί
1656 3062 1883 3133 Pr0pter

286 3155 428 3226 quod
456 3162 511 3211 et
534 3156 635 3225 ipsi
660 3154 913 3211 dicebant
950 3174 964 3211 :
991 3155 1098 3211 Aut
1122 3155 1251 3225 quid
1282 3154 1471 3211 horum
1504 3170 1610 3210 non
1642 3155 1882 3225 praebeat

291 3247 625 3313 occasiones,
664 3255 721 3303 ut
776 3262 993 3317 semper
1043 3249 1226 3318 populi
1274 3247 1694 3318 perturbentur?
1753 3245 1877 3317 quid

1984 2054 2242 2108 unitatem
2273 2068 2541 2107 summam
2574 2053 2829 2120 ignorans
2861 2053 2942 2107 vel
2971 2067 3193 2122 negans,
3225 2053 3386 2121 absit,
3432 2054 3576 2120 pleni

1982 2146 2126 2199 enim
2176 2153 2301 2200 sunt
2342 2143 2650 2213 hujusmodi
2677 2158 2891 2206 omnes
2931 2143 3077 2207 libri,
3119 2144 3217 2198 sed
3269 2154 3580 2199 naturarum

1987 2235 2338 2305 proprietates
2367 2236 2601 2304 amplius
2629 2235 2896 2300 dividens,
2942 2234 3082 2291 sicut
3119 2236 3169 2291 ei
3209 2250 3384 2308 pugna
3413 2252 3576 2306 quam

1983 2330 2247 2383 adversus
2278 2328 2562 2383 hazreticos
2602 2327 2789 2381 habuit
2815 2326 3120 2383 faciendum
3179 2327 3439 2384 dictabat.
3472 2348 3490 2381 ι
3523 2329 3581 2383 Si

1984 2435 2111 2473 vero
2137 2418 2318 2474 licebit
2349 2419 2583 2488 posteris
2607 2418 2952 2485 antiquorum
2979 2418 3394 2488 prtedicatorutu
3437 2420 3580 2476 dicta

1984 2512 2272 2580 simplicia,
2303 2512 2451 2567 velut
2496 2511 2877 2567 hmreticorum
2923 2511 3258 2567 fraudulenta
3290 2514 3577 2579 discutere,

1987 2619 2089 2657 nec
2117 2602 2465 2659 considerare
2493 2602 2636 2672 quod
2677 2601 2731 2656 in
2764 2612 3080 2671 praesentes,
3114 2619 3218 2657 non
3269 2606 3321 2659 in
3352 2604 3579 2669 futuras,

1986 2710 2117 2762 quas
2140 2695 2473 2761 nesciebant,
2500 2695 2736 2750 haereses
2764 2696 3155 2762 intendebant,
3182 2698 3439 2767 plurimos
3459 2714 3580 2755 cum

1990 2786 2276 2841 Theodoro
2305 2785 2424 2840 sine
2451 2785 2784 2839 dubitatione
2825 2786 3220 2841 damnabimus.
3266 2786 3399 2843 Nam
3444 2789 3583 2844 sicut

1985 2876 2038 2931 hi
2071 2879 2257 2933 Patres
2307 2878 2603 2933 orientales
2634 2877 2944 2946 perhibent,
2998 2880 3170 2934 multa
3205 2881 3258 2934 in
3307 2882 3387 2936 eis
3429 2881 3578 2937 inve-

1986 2972 2207 3026 ttinntur
2248 2986 2369 3041 qum
2416 2986 2524 3026 non
2555 2986 2805 3026 severum
2830 2971 3090 3041 jndicem.
3120 2973 3217 3028 sed
3250 2973 3394 3043 pium
3424 2990 3575 3043 quaa-

1986 3072 2107 3117 rant
2152 3063 2526 3132 interpretem.
2574 3061 2815 3129 Quorum
2863 3061 3218 3117 Orientalium
3274 3064 3585 3120 testimonio

1986 3158 2105 3226 quia
2136 3172 2240 3211 non
2269 3156 2527 3222 creditur,
2558 3156 2762 3211 idcirco
2791 3170 2890 3210 nos
2916 3170 2982 3211 ex
3024 3156 3181 3212 dictis
3221 3157 3568 3227 antiquorum

1989 3249 2272 3304 doctorum
2303 3246 2563 3304 Ecclesia:
2596 3262 2760 3316 pauca
2815 3246 2885 3302 de
2926 3247 3112 3302 multis
3142 3247 3484 3316 proferimus,
3516 3258 3577 3302 ut

287 3348 467 3393 autem
505 3355 611 3394 non
643 3339 977 3408 praebeamus
1019 3356 1084 3395 ex
1115 3340 1218 3396 hoe
1251 3340 1608 3396 desiderabile
1653 3339 1885 3395 Nestorii
1914 3326 1959 3388 C
1996 3340 2316 3413 Eutychiani
2344 3339 2428 3395 vel
2460 3337 2699 3394 fautores
2727 3350 2917 3394 eorum
2949 3337 3290 3393 dissimulare
3321 3352 3425 3392 non
3457 3351 3583 3406 pos-

288 3430 696 3486 defensoribus?
723 3431 841 3502 quis
869 3430 1011 3488 enim
1042 3446 1164 3488 eum
1192 3446 1299 3487 non
1335 3430 1643 3497 honorabit,
1683 3430 1729 3485 si
1757 3445 1881 3486 cum

287 3520 395 3578 isto
422 3531 475 3577 et
504 3522 625 3577 aliis
656 3524 741 3592 qui
771 3523 825 3578 in
857 3524 1169 3592 episcopatu
1199 3523 1361 3576 vitam
1395 3522 1781 3591 deposuerunt,
1812 3521 1885 3575 si-

288 3615 399 3670 mul
425 3613 944 3669 anathematizetur?
983 3632 1001 3665 ι
1033 3622 1090 3667 et
1136 3624 1331 3668 caetera
1368 3626 1488 3681 qua:
1528 3612 1595 3665 ab
1621 3611 1701 3665 eis
1731 3625 1882 3664 com-

291 3716 611 3773 memorata,
641 3722 741 3761 nos
772 3721 988 3776 quoque
1026 3706 1270 3760 videmus
1303 3704 1535 3760 Nestorii
1583 3703 1759 3772 potius
1786 3718 1883 3757 ex-

292 3802 556 3862 cusationi
582 3801 869 3871 proiicere.
912 3800 1019 3857 Sed
1051 3810 1105 3855 et
1131 3800 1346 3854 beatum
1377 3797 1637 3868 Cyrillum
1669 3806 1723 3852 et
1749 3795 1885 3850 alios

291 3895 380 3958 qui
424 3908 545 3947 cum
587 3891 683 3946 illo
723 3890 992 3960 Ephesum
1045 3898 1418 3945 convenerant
1466 3887 1649 3941 Patres
1699 3894 1883 3940 sancta

292 3985 383 4040 illa
424 3983 664 4054 synodus
712 3981 875 4036 tacite
926 3979 1341 4048 reprehendisse
1388 3977 1685 4037 videretur,
1742 3974 1885 4045 quod

294 4075 580 4146 praedictos
608 4073 927 4140 Orientales,
956 4070 1204 4127 eumdem
1232 4070 1572 4126 Theodorum
1590 4068 1885 4125 defenden-

293 4176 399 4227 tes,
432 4175 485 4220 et
517 4165 686 4219 multo
710 4163 941 4233 amplius
981 4162 1280 4227 laudantes,
1327 4162 1588 4232 injustum
1619 4160 1887 4215 duxerunt

298 4260 582 4315 haereticos
610 4258 874 4327 judicare.
903 4256 1089 4324 Neque
1131 4256 1273 4310 enim
1323 4256 1470 4307 soius
1497 4253 1686 4308 beatus
1716 4250 1886 4322 Cyril-

294 4355 410 4418 lns,
459 4368 541 4406 an»
585 4368 692 4406 non
736 4352 898 4407 etiam
947 4350 1227 4405 memorati
1282 4347 1591 4404 sacerdotes
1628 4349 1745 4417 ejus
1793 4349 1880 4414 qui

293 4459 413 4499 cum
439 4444 528 4497 illo
551 4444 761 4497 fuerunt
791 4442 1008 4510 Ephesi,
1042 4439 1275 4496 maxime
1298 4454 1425 4494 vero
1450 4440 1711 4509 Egyptii,
1746 4441 1885 4495 hanc

292 4534 645 4591 Orientalium
704 4534 772 4588 de
826 4532 1117 4587 Theodoro
1184 4531 1507 4586 sententiam
1565 4531 1885 4602 cognovisse

293 4625 548 4683 credendi
599 4634 745 4692 sunt,
788 4624 878 4696 qui
930 4633 1111 4679 tamen
1153 4636 1341 4677 omnes
1391 4622 1707 4691 inipsornm
1740 4635 1886 4676 com-

1990 3433 2118 3495 sint,
2161 3430 2305 3499 quod
2353 3429 2408 3483 in
2454 3429 2909 3486 condemnatione
2955 3429 3268 3498 dogmatum
3313 3427 3585 3484 Theodori

1989 3536 2151 3590 quam
2199 3522 2252 3576 in
2285 3520 2657 3576 destructione
2700 3519 3159 3585 Chalcedonensis
3198 3521 3409 3576 concilii
3442 3537 3587 3593 qua.-

1990 3613 2223 3678 sierunt,
2251 3611 2467 3666 illorum
2488 3624 2705 3681 quoque
2734 3612 2951 3667 Patrum
2980 3626 3116 3682 quos
3146 3613 3393 3668 venerari
3424 3628 3483 3668 se
3509 3613 3599 3667 dim

1990 3712 2137 3770 cunt,
2172 3704 2420 3759 doctrina
2451 3704 2760 3761 damnetur.
2797 3704 2994 3760 Verum
3035 3713 3091 3760 et
3134 3705 3217 3759 his
3252 3706 3478 3760 omissis
3500 3708 3580 3760 vel

1994 3798 2269 3865 paululum
2317 3797 2666 3865 intermissis,
2706 3797 3031 3866 reprehendi
3062 3813 3164 3850 non
3195 3806 3375 3865 potest
3400 3809 3585 3853 sant-ta

1989 3889 2253 3961 synodus,
2286 3889 2426 3956 quod
2474 3887 2801 3943 venerabilis
2852 3889 2955 3942 lbie
2995 3889 3278 3957 epismlam
3312 3902 3410 3956 pro
3462 3890 3583 3957 ejus

1992 3979 2148 4034 laude
2170 3979 2547 4049 nonjudicavit
2572 3978 2898 4033 hmreticam.
2927 3979 3162 4033 Primum
3187 3980 3425 4046 quidem,
3452 3995 3586 4048 quo-

1991 4074 2132 4127 niam
2165 4080 2438 4127 tantornm
2474 4071 2686 4125 Patrum
2732 4072 3055 4126 sententiam
3084 4080 3267 4126 secuta
3303 4081 3405 4138 est,
3441 4073 3582 4139 qttod

1991 4164 2165 4217 solum
2189 4162 2315 4233 ejus
2346 4160 2644 4217 defensioni
2676 4161 2903 4227 suilicit;
2937 4161 3134 4215 deinde
3173 4162 3292 4230 quia
3327 4174 3427 4214 nec
3458 4160 3586 4214 iilud

1988 4255 2403 4324 improbandum
2428 4263 2530 4320 est,
2561 4255 2604 4321 si
2637 4263 2729 4308 aut
2759 4269 2854 4310 eos
2883 4256 2972 4324 qui
3008 4256 3073 4308 de
3101 4255 3420 4324 quibusdam
3454 4257 3585 4309 scri-

1950 4408 1956 4415 _
1990 4348 2094 4416 ptis
2121 4347 2386 4403 Theodori
2433 4356 2809 4414 causarentur,
2850 4348 3083 4403 credidit
3127 4350 3463 4403 occasionem
3500 4349 3583 4403 fa-

1990 4440 2113 4493 eer'e
2154 4440 2435 4493 contrario
2480 4439 2714 4508 dogmati
2747 4451 2855 4510 quo
2884 4440 3226 4505 tenebantur,
3259 4443 3341 4496 vel
3384 4457 3445 4496 ea
3477 4443 3582 4496 mi-

1992 4548 2093 4586 nus
2124 4530 2475 4601 intelligendo
2495 4532 2734 4601 culpare,
2766 4543 2856 4587 aut
2885 4532 3059 4600 ipsum
3092 4534 3441 4590 Theodorum
3475 4539 3581 4590 mi-

1993 4638 2094 4677 nus
2120 4623 2420 4678 commodis
2444 4623 2743 4693 explicasse
2765 4626 2948 4679 verbis
2977 4642 3096 4693 qua:
3128 4628 3413 4695 sentiebat,
3446 4631 3605 4697 quod

294 4725 552 4780 munione
602 4721 951 4777 manserunt?
1008 4718 1162 4776 Unde
1216 4710 1520 4787 cognoscis,
1564 4717 1880 4785 imperator,
1919 4710 1965 4767 D
1998 4717 2179 4769 multis
2239 4726 2416 4786 potest
2459 4717 2740 4772 catholicis
2798 4718 3112 4775 doctoribus
3163 4723 3403 4776 evenire.
3458 4723 3587 4776 Nam

295 4817 387 4872 illa
440 4818 541 4871 tria
571 4830 689 4885 qua:
736 4812 895 4883 hujus
943 4812 1120 4881 operis
1169 4809 1439 4881 partitioni
1485 4807 1884 4877 subjunximus,

298 4908 389 4963 hic
416 4907 609 4962 iterum
641 4916 801 4975 atque
832 4905 1024 4959 iterum
1057 4902 1216 4958 simul
1260 4901 1495 4956 ostendi.
1539 4898 1803 4967 Quoniam
1841 4899 1885 4952 si

296 4997 755 5054 Chalcedonensis
785 4996 1024 5066 synodus
1052 4995 1136 5049 vel
1169 5009 1263 5062 pro
1296 4993 1452 5047 laude
1476 4991 1745 5046 Theodori
1775 4991 1881 5059 epi-

295 5091 490 5146 stolam
522 5090 847 5146 venerabilis
871 5089 976 5141 lha:
1002 5089 1330 5153 damnasset,
1359 5099 1644 5141 excusasse
1661 5084 1682 5115 ³
1700 5084 1886 5139 Nesto-

296 5182 437 5236 rium
470 5192 521 5237 et
542 5183 787 5251 culpasse
818 5180 1030 5235 beatum
1056 5178 1310 5246 Cyrillum
1360 5185 1519 5246 atque
1561 5176 1886 5243 Ephesinutn

295 5274 584 5328 concilium
616 5273 952 5343 probaretur.
990 5270 1136 5336 Quas
1167 5268 1236 5322 ob
1261 5282 1347 5323 res
1374 5267 1596 5322 omnino
1624 5268 1708 5335 pie
1732 5277 1890 5334 atque

296 5367 591 5436 prudenter
619 5367 748 5435 egit,
782 5375 839 5419 ut
868 5364 1203 5418 discerneret
1245 5377 1274 5413 a
1314 5358 1549 5414 Nestorii
1576 5374 1734 5415 causa
1765 5375 1890 5413 cau-

370 5498 753 5568 "Synnsiastm
798 5493 1343 5568 Συνουσιασῖαὶγάξοιί
1393 5501 1518 5568 sunt
1585 5491 1889 5562 Apolinari-

296 5579 415 5634 stre,
446 5564 584 5637 quod
622 5571 713 5622 Dei
746 5578 800 5622 et
828 5568 1056 5621 hominis
1076 5566 1275 5619 ChriSti
1301 5578 1456 5637 unam
1487 5564 1743 5617 docerent
1770 5578 1889 5617 esse

298 5636 544 5694 naturam
578 5641 887 5715 σύγκρατον,
936 5637 986 5691 id
1018 5646 1100 5693 est
1129 5636 1474 5691 commixtam
1524 5644 1577 5689 et
1616 5638 1886 5703 composi-

371 5753 385 5783 ¹
410 5752 975 5817 Ct)d.\'eron.,somnii
996 5750 1326 5818 illorum,in
1350 5759 1468 5801 tunc
1492 5750 1628 5803 malo
1645 5767 1758 5815 suo,
1780 5760 1879 5805 etc.

366 5823 387 5854 ³
413 5823 557 5876 Idem
583 5822 729 5886 cod.,
759 5831 906 5883 sunt;
935 5822 977 5891 si
1009 5822 1167 5873 noluit
1198 5823 1311 5891 ejus
1330 5822 1445 5891 viri,
1473 5830 1576 5875 ctc.

366 5892 387 5923 ³
412 5894 552 5947 Ident
585 5895 725 5947 coda
765 5890 1029 5961 epistolam
1061 5889 1357 5944 venerabilis
1384 5890 1491 5944 ltro:
1518 5898 1649 5949 velut
1686 5893 1884 5948 Ιιιιίἰσιί-

299 5978 407 6017 tum
436 5966 710 6035 refutaret,-
743 5963 858 6016 hinc
892 5964 1061 6033 potius
1093 5976 1381 6029 exarmasse,
1410 5971 1513 6019 etc.

1996 4822 2139 4875 stepe
2168 4807 2328 4862 etiam
2385 4807 2685 4863 intentione
2724 4808 3048 4864 adversariis
3092 4812 3379 4867 resistendi
3430 4815 3480 4867 in
3513 4814 3590 4868 dis

1996 4899 2166 4955 cendo
2195 4900 2388 4954 modus
2415 4902 2725 4966 exceditur;
2770 4918 2869 4957 nec
2897 4902 3051 4957 facile
3084 4915 3167 4958 est
3204 4905 3404 4958 homini
3446 4908 3587 4959 futu-

1998 5007 2083 5046 ras
2111 4994 2316 5047 evitare
2338 4992 2686 5062 qumStiones,
2716 5008 2836 5046 cum
2869 4997 3127 5047 adversus
3160 5004 3453 5061 praesentes
3480 5006 3589 5049 toto

2000 5086 2119 5139 nisu
2154 5087 2350 5140 mentis
2401 5087 2648 5157 insurgit.
2693 5089 2901 5157 Agebat
2930 5088 3073 5141 enim
3124 5088 3441 5145 Theodorus
3483 5092 3589 5145 t're-

2002 5192 2228 5249 quenter
2277 5190 2383 5236 tam
2435 5183 2585 5237 libris
2636 5199 2794 5251 quant
2841 5184 3184 5237 sermonibus
3236 5185 3284 5237 in
3340 5186 3589 5252 pupulum

2001 5285 2187 5327 contra
2220 5275 2564 5345 Synusiastas
2592 5285 2637 5339 ι’,
2663 5276 2793 5340 sive,
2832 5284 2885 5328 ut
2907 5275 2975 5328 ab
2998 5277 3234 5330 auctoris
3260 5276 3339 5328 sui
3378 5279 3590 5329 nomine

1999 5374 2124 5421 sunt
2153 5368 2344 5433 vocati,
2378 5367 2786 5436 Apolinaristas,
2827 5367 3198 5436 progenitores
3246 5369 3590 5437 lintychianae

2002 5508 2128 5563 tam,
2154 5501 2439 5555 humanam
2472 5511 2523 5554 et
2554 5496 2790 5555 divinant
2819 5518 2829 5552 :
2861 5500 2998 5566 quod
3035 5502 3207 5566 ipSum
3236 5500 3355 5569 quia
3387 5499 3587 5552 docue-

2002 5584 2123 5624 runt
2157 5580 2337 5637 poStea
2372 5572 2721 5642 Eutychiant,
2757 5573 2877 5625 inde
2908 5573 3024 5624 illos
3055 5573 3243 5623 horum
3286 5572 3591 5638 progenito-

2003 5657 2087 5695 t‘cs
2118 5654 2286 5696 vocat.
2334 5644 2435 5708 Qui
2486 5643 2746 5697 adversus
2776 5644 3168 5713 Apulinaristas
3207 5643 3330 5697 υἳὶιιι
3382 5644 3591 5698 scribe—

2070 5756 2091 5831 ξ
2116 5757 2259 5831 idem
2289 5758 2430 5831 cod.,
2462 5762 2843 5831 contempsisse.

2073 5828 2252 5904 “Ideni
2284 5830 2429 5896 eod.,
2486 5828 2853 5903 magisvautem
2898 5850 2987 5903 pro
3026 5833 3254 5889 Ecclesia
3286 5836 3599 5904 responderi.

1999 5900 2272 5968 lurrvtt'cis,
2304 5910 2404 5955 etc.
