4114 6538
335 445 442 501 7‘25

1193 448 1325 504 PRO
1367 450 1789 506 DEFENSIONE
1829 449 2040 504 TRlUil
2080 452 2396 510 CAPITUL.
2439 456 2566 511 LIB.
2605 457 2733 513 \"lll.

3491 460 3595 516 726

336 560 427 628 qui
449 558 778 614 divinitatem
811 558 1077 628 Unigeniti
1108 551 1162 614 et
1186 561 1594 627 humanitatem,
1631 579 1788 617 unam
1821 577 1914 614 ua-
1949 565 1986 617 Α
2023 563 2479 622 eliminationibus
2519 568 2865 638 impetebanl.
2897 571 3082 626 Nonne
3113 572 3209 628 hoc
3239 584 3346 629 eral
3379 577 3591 644 sapien-

336 660 506 704 turam
538 648 792 713 vocabat,
823 649 1256 703 ronnnixlionem
1280 661 1332 704 et
1363 652 1736 707 (rOnl‘usionem
1767 665 1909 706 assc-

333 753 457 793 rens
487 737 707 801 factam,
741 747 794 791 et
817 739 1105 792 salutarem
1140 740 1442 807 passionem
1475 741 1573 806 ipsi
1599 744 1912 795 incontami-

330 828 491 882 nabili
543 827 726 882 dcitati
765 827 1074 882 adnectens.
1125 829 1236 882 Non
1287 846 1416 900 ergo
1461 833 1650 884 mirum
1681 832 1726 886 si
1779 832 1910 885 rami

330 917 566 972 infelices
596 918 944 972 amarisslmte
973 920 1137 974 radici
1177 937 1285 975 sua:
1325 923 1665 976 conveniant.
1718 924 1784 977 At
1814 939 1912 990 ego

331 1009 416 1062 hic
442 1008 698 1078 j'.dlCil)ltl
729 1018 918 1062 vestrm
948 1011 1158 1078 pietatis
1188 1023 1480 1080 exspecto,
1525 1015 1606 1067 cui
1637 1015 1912 1070 sententiae

329 1118 427 1157 nos
455 1105 505 1156 in
529 1118 687 1157 causa
720 1102 1074 1171 Mopsuesteni
1109 1105 1374 1159 Theodori
1417 1107 1634 1174 adjungi
1663 1116 1911 1176 Opnrlere

326 1196 603 1249 censetis:
666 1204 972 1248 utrumnam
1035 1198 1264 1251 vesania:
1311 1199 1562 1269 Eutychis
1613 1191 1914 1252 hmreduin-

327 1302 430 1355 que
459 1286 592 1355 ejus,
624 1286 711 1354 qui
746 1300 840 1353 pro
889 1301 980 1340 sua
1018 1288 1221 1353 pecuali
1251 1289 1470 1342 stultitia
1501 1306 1597 1358 qua
1633 1299 1908 1355 tenentur,

327 1385 377 1435 in
408 1381 522 1449 ejus
550 1379 1054 1434 condemnationem
1087 1378 1286 1433 frustra
1318 1393 1529 1450 semper
1554 1380 1744 1433 armati
1765 1390 1910 1442 sunt,

325 1490 391 1526 an
420 1472 638 1526 Joannis
677 1469 1254 1538 Constantinopolitaui
1287 1471 1404 1541 ejus
1435 1473 1782 1540 condiscipuli
1809 1518 1824 1541 ,
1857 1487 1911 1530 et

324 1563 561 1632 Gregorii
587 1562 927 1627 Nazianzeui,
947 1561 1170 1617 Joannis
1191 1562 1386 1617 deinde
1405 1564 1718 1619 Antiocheni
1751 1574 1912 1634 atque

322 1656 596 1709 orientalis
627 1655 840 1708 concilii
890 1655 1165 1722 universi,
1217 1656 1400 1726 Cyrilli
1427 1671 1488 1710 ac
1520 1655 1693 1710 Procli
1737 1657 1910 1712 cidem

324 1747 732 1802 rescribentium
758 1787 773 1812 ,
816 1755 871 1801 et
917 1747 1072 1816 hujus
1113 1746 1302 1800 Domni
1349 1748 1702 1803 Antiocheni?
1753 1749 1905 1819 Puto,

323 1841 742 1897 clementissime
792 1842 1114 1910 imperator,
1160 1842 1300 1910 qttod
1346 1842 1521 1909 magni
1553 1843 1770 1898 sceleris
1803 1859 1911 1896 ma-

2019 659 2182 711 tiorcs
2221 669 2275 714 et
2325 661 2695 728 diligentiores
2737 664 3156 730 Apolinaristas,
3200 678 3252 719 et
3302 668 3595 738 Eutycheut

2014 759 2314 813 ostentare,
2376 761 2428 804 et
2467 752 2827 807 condemnare
2880 764 2957 809 tot
3010 758 3345 812 venerabiles
3381 759 3594 826 Patres,

2015 841 2101 907 qui
2133 841 2516 897 convenientes
2547 843 2774 896 Diodoro
2795 855 2951 914 atque
2979 847 3282 908 Theodoro,
3315 849 3442 901 nihil
3475 850 3598 904 inde

2016 933 2146 987 istos
2169 932 2184 963 ¹
2220 949 2448 1002 unquam
2492 937 2903 1002 reprehendisse
2956 940 3364 994 monstrantur?
3395 941 3593 994 llnruni

2016 1024 2196 1092 itaque
2244 1025 2456 1079 Patrum
2498 1027 2812 1080 auctoritate
2865 1028 3120 1083 ealcanda
3170 1039 3224 1084 ct
3270 1033 3593 1087 conterenda

2019 1114 2187 1168 fuerat
2232 1116 2680 1186 Eutychianorum
2729 1119 2890 1172 stulta
2947 1123 3326 1191 prtesumptio,
3383 1135 3438 1177 ct
3489 1141 3592 1176 non

2017 1206 2342 1260 mendaciter
2368 1209 2668 1262 excusanda
2696 1209 2954 1278 synodus,
2980 1227 3097 1277 qua:
3120 1215 3300 1268 sanius
3325 1224 3377 1269 et
3405 1213 3596 1268 fortius

2015 1305 2192 1367 potest
2231 1297 2573 1366 acceptabili,
2625 1299 2764 1362 quod
2795 1299 3029 1354 diximus
3059 1304 3102 1366 ’,
3134 1305 3340 1358 ratione
3383 1314 3436 1358 et
3482 1309 3591 1358 evi-

2015 1388 2162 1442 denti
2193 1389 2421 1442 veritate
2467 1387 2703 1445 defendi.
2736 1390 2921 1446 Tantis
2953 1402 3130 1446 autem
3161 1408 3222 1446 ac
3269 1395 3457 1448 talibus
3489 1396 3590 1448 Ec—

2015 1477 2193 1532 clesitc
2217 1476 2415 1532 Christi
2456 1479 2724 1548 magistris
2750 1477 3160 1548 divulgatissimi
3211 1481 3476 1537 Theodori
3519 1486 3594 1537 vi-

2018 1581 2121 1624 tam
2165 1570 2568 1639 doctrinamque
2596 1570 2936 1628 laudantibus
2956 1613 2970 1637 ,
3022 1583 3078 1628 et
3107 1575 3421 1630 testantibus
3453 1578 3592 1645 quod

2014 1664 2158 1718 clare
2187 1672 2241 1717 et
2263 1663 2471 1718 fortiter
2495 1663 2744 1718 laborans
2773 1666 3144 1721 hatreticorum
3167 1680 3406 1726 catervas
3436 1687 3593 1726 ever-

2017 1766 2181 1821 teret,
2231 1773 2490 1827 nusquam
2521 1767 2799 1814 accusatus
2825 1774 2856 1813 a
2888 1761 3168 1829 quopiam,
3215 1777 3332 1815 cum
3378 1766 3594 1834 quidam

2017 1863 2139 1901 eum
2181 1857 2236 1903 et
2278 1849 2395 1918 ejus
2424 1850 2670 1919 dogmata
2699 1851 3146 1918 condemnarent;
3181 1854 3305 1922 quid
3335 1870 3592 1925 arrogan-

321 1950 540 2004 gnreque
572 1933 958 2002 profanatiOnis
987 1948 1106 1988 esse
1133 1933 1340 2001 judices
1363 1975 1378 1998 ,
1410 1935 1632 1988 istorum
1676 1936 1903 1989 lumina-
1936 1926 1980 1984 Β
2011 1948 2086 1994 ter
2117 1941 2200 2008 egi
2228 1981 2242 2002 ,
2275 1941 2526 2010 religiose
2556 1942 2874 2010 imperator,
2907 1945 3156 2012 quoniam
3191 1946 3290 1998 hoc
3315 1946 3382 2000 de
3411 1962 3495 2000 me
3517 1950 3592 1999 vi-

321 2028 453 2081 rium
485 2027 664 2080 mundi
698 2041 793 2096 pro
823 2026 1107 2080 Theodoro
1150 2026 1485 2092 Mopsuestia:
1525 2028 1733 2080 calcare
1781 2041 1906 2080 scu-

321 2119 568 2181 tentiam,
597 2129 648 2171 et
688 2118 752 2170 ad
779 2118 1024 2171 tenebras
1053 2117 1306 2171 eiecitatis
1341 2118 1683 2184 Eutychiaue
1727 2128 1903 2174 trans-

319 2212 430 2276 ire,
480 2219 536 2264 ut
594 2209 644 2262 in
679 2209 914 2264 Ecclesia
948 2209 1213 2263 catholica
1259 2209 1628 2264 haereticorum
1655 2225 1902 2266 exercea-

320 2319 436 2358 mus
463 2303 770 2357 inimicitias
798 2344 810 2367 ,
841 2311 898 2357 et
927 2303 1101 2356 alieno
1123 2313 1305 2357 contra
1333 2315 1542 2358 nostros
1567 2304 1687 2360 odio
1716 2304 1903 2358 milite-

320 2411 457 2451 mus.
490 2395 544 2450 Si
577 2403 753 2448 autem
809 2395 1087 2463 profanum
1122 2396 1272 2449 nobis
1307 2403 1418 2459 est,
1470 2395 1521 2447 in
1575 2395 1744 2448 solius
1773 2409 1901 2448 con-

318 2487 656 2542 demnatione
711 2486 979 2541 Theodori
1035 2487 1250 2539 Patrum
1304 2485 1510 2540 calcare
1541 2487 1899 2550 sententiam,

319 2588 374 2631 ut
407 2577 861 2648 Eutycliianorum
909 2577 1178 2632 desiderio
1217 2577 1442 2632 satisfiat
1466 2617 1479 2642 ,
1534 2577 1726 2631 nedum
1761 2578 1902 2645 ipsos

318 2671 672 2724 condemnare
695 2671 1028 2725 venerabiles
1066 2671 1249 2724 Patres
1275 2713 1287 2734 ,
1338 2671 1674 2726 decernendo
1705 2673 1786 2725 vel
1811 2673 1904 2726 de-

317 2762 656 2817 cernemibus
678 2762 1019 2817 assentiendo
1042 2804 1057 2829 ,
1091 2771 1149 2816 ut
1190 2762 1473 2818 anathema
1504 2763 1573 2818 sit
1594 2763 1683 2832 qui
1726 2762 1903 2817 Theo-

316 2854 446 2908 doro
474 2853 810 2923 Mopsuestia:
842 2871 943 2907 non
974 2855 1101 2908 dicit
1125 2854 1432 2909 anathema.
1473 2855 1624 2922 Quod
1651 2870 1777 2925 ergo
1808 2871 1900 2909 vos

316 2945 502 3014 religio
559 2953 731 2998 vestra
808 2945 1086 3013 profanum
1139 2945 1378 3014 judicare
1433 2947 1737 3016 compellit,
1800 2948 1901 3003 hoc

315 3037 474 3092 etiam
507 3039 821 3093 venerabilis
854 3040 1092 3110 synodus
1132 3039 1896 3117 Cbalcedonensis_profanum

316 3128 602 3200 iudieavit,
638 3129 776 3183 sicut
831 3131 1071 3201 judICare
1119 3132 1407 3197 debuerat,
1463 3132 1716 3204 Eulycliis
1757 3133 1900 3203 judi-

312 3220 452 3272 cium
479 3218 529 3271 in
557 3235 711 3273 causa
744 3219 1010 3275 Theodori
1057 3224 1247 3291 sequi,
1297 3231 1482 3277 centra
1527 3238 1683 3292 quem
1725 3222 1900 3278 fuerat

2007 2045 2123 2084 sum
2155 2031 2363 2085 cuidam
2394 2041 2476 2085 est
2523 2033 2610 2086 vel
2656 2033 2857 2086 sentire
2892 2034 2974 2087 vel
3026 2033 3236 2101 dicere,
3268 2037 3407 2104 quod
3455 2037 3592 2092 inter

2009 2131 2261 2192 utrosque
2308 2121 2511 2176 medius
2560 2138 2657 2177 nec
2711 2124 3001 2190 praedicare
3058 2126 3207 2179 illu;u
3281 2127 3420 2181 volui
3496 2144 3592 2181 nec

2006 2217 2258 2268 damnare
2290 2233 2300 2266 :
2354 2214 2662 2282 praesertim.
2694 2215 2814 2282 quia
2843 2257 2856 2278 ,
2891 2218 3024 2270 sicut
3062 2217 3310 2284 superius
3341 2218 3590 2279 diximus,

2008 2321 2112 2358 non
2164 2305 2353 2358 saltem
2403 2305 2576 2358 solum
2626 2305 3008 2370 Theodorum,
3060 2305 3152 2360 sed
3203 2322 3391 2362 omnes
3422 2308 3510 2376 qui
3542 2327 3589 2360 ('I

2006 2395 2288 2448 anathema
2315 2410 2420 2448 non
2452 2395 2674 2460 dicunt,
2707 2395 3422 2451 anathematisubdiderunt.
3451 2398 3589 2463 Quo-

2007 2487 2164 2541 modo
2191 2496 2368 2542 autem
2399 2487 2653 2542 facillime
2685 2487 2997 2556 probaretur
3026 2505 3130 2542 non
3159 2504 3276 2547 esse
3305 2491 3588 2546 dicendum

2006 2580 2293 2634 anathema
2321 2578 2640 2644 Theodoro,
2674 2580 2772 2635 nisi
2796 2587 2850 2633 et
2871 2595 3054 2634 omnes
3085 2581 3366 2636 anathema
3389 2582 3460 2636 illi
3483 2599 3587 2636 non

2005 2671 2245 2726 dicentes
2272 2670 2390 2740 ejus
2434 2672 2760 2725 damnationi
2791 2673 3176 2742 conjungercnt
3199 2674 3222 2727 'l
3249 2676 3400 2740 Quod
3432 2693 3588 2741 quant

2005 2765 2226 2820 crudele
2260 2773 2406 2821 esset
2447 2775 2498 2819 et
2539 2765 2698 2820 nimis
2731 2766 2999 2835 iniquum,
3031 2768 3130 2820 etsi
3190 2767 3290 2822 hoc
3319 2769 3469 2823 nulla
3492 2770 3587 2824 Pa-

2007 2868 2145 2912 trum
2176 2857 2437 2912 sententia
2494 2855 2609 2911 ﬁeri
2652 2867 2920 2912 vetaretur
2941 2898 2956 2923 ,
2992 2859 3172 2913 videre
3202 2859 3452 2929 perfacile
3483 2871 3582 2915 est.

2005 2946 2251 3016 Nunquid
2283 2946 2425 3001 enim
2457 2946 2740 3001 anathema
2770 2964 2885 3002 essc
2904 2949 3160 3004 deberent
3186 2951 3274 3019 qui
3303 2950 3586 3006 Theodoro

2004 3036 2362 3104 Mopsuestia,
2393 3037 2474 3090 vel
2497 3039 2621 3105 quia
2649 3037 2946 3107 inctwgnitos
2973 3047 3026 3093 et
3048 3039 3278 3094 incertos
3307 3041 3587 3105 lialterent,

2003 3129 2046 3182 si
2083 3126 2310 3181 fuissent
2356 3125 2514 3194 aliqui
2549 3127 2663 3196 ejus
2694 3129 2926 3193 erroris,
2962 3130 3043 3183 vel
3083 3131 3203 3198 quia
3235 3130 3286 3184 in
3333 3119 3586 3186 Ecclesia:

2007 3237 2136 3290 pare
2186 3219 2470 3276 defunctus
2520 3230 2641 3286 est,
2700 3230 2997 3275 metuerent
3042 3222 3322 3276 anathema
3377 3223 3593 3278 dieeo?
3672 3215 3676 3218 ’

313 3320 630 3381 congregata
657 3353 670 3375 ,
705 3312 876 3381 potius
907 3329 1067 3382 quam
1116 3316 1339 3367 istorum
1386 3314 1600 3368 Patrum
1623 3357 1637 3381 ,
1672 3329 1896 3383 quorum
1929 3299 1975 3361 (Σ
2007 3312 2137 3366 Nam
2168 3312 2212 3367 si
2243 3312 2478 3368 cavillari
2509 3313 2787 3380 quisquam
2821 3313 3004 3366 volens
3035 3311 3266 3381 objeetet
3293 3314 3388 3377 eis,
3419 3330 3480 3368 ac
3510 3316 3589 3366 di~

312 3423 433 3460 eum
462 3405 778 3462 lcslirt’toniis
811 3403 1116 3468 refellebat;
1162 3413 1215 3458 et
1263 3405 1381 3457 ideo
1409 3445 1424 3468 ,
1461 3403 1666 3457 Domno
1712 3405 1901 3457 Antio-

312 3502 488 3554 clienn
520 3515 639 3554 cum
693 3502 874 3554 multis
932 3501 1174 3555 Patribus
1203 3507 1516 3554 allcswmes
1547 3497 1685 3560 quod
1735 3495 1902 3550 divul-

311 3593 614 3662 gatissitttus
643 3593 980 3658 Theodorus,
1007 3608 1124 3648 cum
1160 3607 1352 3660 magno
1379 3593 1584 3647 Joanne
1611 3608 1697 3662 qut
1722 3589 1901 3646 Scdetn

317 3684 472 3753 regiae
503 3684 735 3738 civitatis
763 3683 1013 3750 ornavit,
1065 3699 1093 3736 a
1147 3683 1377 3738 Diodoro
1425 3685 1523 3749 piis
1569 3683 1902 3750 dogmatibus

313 3779 469 3832 fuerit
522 3778 830 3843 enutritus,
903 3776 1184 3844 epistolam
1261 3775 1581 3830 venerabilis
1631 3775 1735 3830 lbrc
1790 3777 1901 3829 sive

313 3871 654 3925 Theodorum
677 3870 1036 3924 condemnare
1060 3884 1162 3922 non
1196 3868 1404 3932 debuit,
1437 3883 1554 3921 cum
1580 3884 1643 3921 ex
1669 3883 1728 3922 ea
1766 3869 1901 3922 ret-i-

314 3967 410 4020 tari
447 3965 626 4020 laudes
657 3965 773 4034 ejus
817 3965 1141 4018 adverteret.
1178 3963 1384 4031 Quippe
1430 3977 1552 4016 cum
1576 3971 1631 4016 et
1660 3962 1760 4016 hoc
1790 3963 1898 4017 sci-

313 4068 432 4122 ret,
483 4060 600 4125 quia
648 4071 985 4111 communem
1035 4055 1100 4110 ab
1146 4055 1529 4125 Apoliuaristis
1575 4065 1628 4109 et
1660 4055 1900 4125 Eutyche

313 4152 701 4205 accusationem
734 4164 855 4204 cum
886 4164 982 4203 suo
1020 4149 1275 4219 magistro
1309 4149 1544 4202 Diodoro
1573 4148 1893 4214 snsunebat,

315 4243 602 4296 Diodorum
628 4223 756 4296 vero
785 4241 1030 4294 similiter
1056 4242 1219 4294 sciret
1251 4249 1438 4294 testem
1491 4240 1700 4308 pii-tatis
1722 4239 1895 4294 claro-

313 4350 540 4405 rumque
581 4336 930 4390 certaminum
985 4334 1232 4388 habuisse
1282 4347 1530 4402 magnum
1569 4332 1816 4386 Basilium
1846 4341 1898 4386 et

313 4441 553 4484 sant-tum
583 4430 852 4484 Mcletium
876 4469 890 4494 ,
921 4443 949 4481 a
982 4437 1133 4496 cujus
1161 4428 1378 4482 nomine
1406 4427 1704 4482 Arianinos
1735 4429 1900 4482 Mele-

314 4525 485 4578 tiauos
521 4523 834 4592 appellant;
877 4531 932 4576 ct
981 4521 1294 4590 Gregorium
1337 4530 1390 4576 et
1419 4522 1644 4576 alterum
1695 4521 1896 4593 Grego-

310 4619 483 4686 rinm,
538 4632 657 4672 cum
704 4616 894 4685 quibus
954 4617 1164 4670 beatum
1226 4614 1529 4669 Net-larium
1585 4615 1636 4668 in
1694 4617 1893 4685 regiam

2007 3411 2093 3456 cat
2123 3419 2138 3457 :
2168 3402 2304 3469 Quid
2349 3402 2666 3457 commeruit
2712 3403 3014 3457 innocentia
3045 3405 3322 3458 infantium
3375 3407 3460 3459 vel
3493 3425 3590 3457 ne—

2007 3495 2227 3549 cessitas
2262 3505 2561 3555 mutorum,
2607 3501 2663 3546 ut
2702 3509 2731 3546 a
2781 3494 2931 3547 vobis
2957 3497 3236 3554 anathema
3287 3498 3472 3555 fierent
3503 3502 3588 3568 qui

2008 3609 2104 3646 nec
2130 3586 2417 3646 Theotimo
2445 3585 2780 3658 Mopsuestia:
2812 3605 2910 3643 nec
2955 3591 3204 3659 cuiquam
3232 3593 3430 3654 dicere
3461 3609 3588 3660 pos-

2005 3691 2128 3736 sunt
2159 3682 2480 3736 anathema?
2503 3683 2723 3734 Multum
2773 3697 2868 3751 pro
2895 3696 2990 3735 sua
3023 3698 3115 3748 per
3139 3684 3208 3736 tia
3231 3724 3245 3748 ,
3290 3687 3425 3738 sicut
3452 3688 3592 3739 arhi-

2008 3789 2150 3842 tror,
2189 3776 2507 3830 :cstuabuul.
2535 3775 2801 3839 Quantum
2841 3788 3000 3842 porro
3031 3785 3084 3828 et
3115 3775 3347 3842 ipsorum
3383 3779 3589 3848 i_l.l'l‘(‘ll-

2005 3883 2188 3922 corum
2233 3875 2471 3930 mentes,
2518 3881 2636 3919 cum
2683 3864 2733 3918 in
2774 3865 3060 3928 omnibus,
3113 3876 3220 3919 tmn
3265 3868 3494 3921 maxime
3534 3870 3588 3922 in

2007 3957 2105 4012 hoc
2149 3957 2323 4024 facto,
2357 3956 2552 4011 furoris
2581 3956 2659 4009 sui
2702 3957 2816 4010 zelo
2849 3955 3044 4009 fuerint
3072 3957 3369 4010 obscurata!
3394 3999 3408 4022 ,
3459 3961 3587 4010 satis

2004 4050 2206 4105 clarum
2237 4058 2322 4104 est
2354 4065 2367 4101 :
2400 4049 2484 4117 qui
2515 4047 2639 4101 dum
2668 4047 2839 4118 longis
2876 4063 2985 4102 sua:
3007 4047 3250 4103 factionis
3275 4050 3587 4118 ambagibus

2005 4143 2070 4198 ad
2114 4143 2515 4198 evacuationem
2570 4140 3023 4196 Chalcedonensis
3066 4144 3258 4212 synodi
3304 4143 3587 4212 pervenire

2005 4239 2364 4302 contendunt,
2420 4238 2537 4292 illos
2584 4237 2742 4291 etiam
2773 4237 2958 4291 Patres
2988 4252 3120 4305 quos
3149 4239 3391 4291 venerari
3414 4252 3471 4290 se
3509 4237 3587 4289 di.

2003 4340 2159 4397 cunt,
2216 4331 2377 4384 simul
2427 4331 2586 4384 etiam
2620 4329 2964 4383 condemnari
3013 4344 3132 4385 cum
3165 4327 3448 4383 Theodoro
3487 4346 3586 4381 ue-

2002 4425 2257 4479 scieruut.
2284 4422 2414 4475 Nam
2447 4421 2670 4474 doceant
2703 4435 2800 4474 nos
2849 4422 2930 4474 vel
2975 4420 3073 4488 ipsi
3123 4419 3201 4474 vel
3235 4421 3466 4474 fautores
3495 4438 3585 4475 eo-

2004 4531 2158 4581 rum,
2217 4516 2261 4568 si
2298 4527 2422 4568 vere
2452 4512 2652 4581 aliquid
2701 4521 2960 4580 possunt,
3009 4511 3276 4580 quomodo
3324 4511 3482 4566 simul
3536 4506 3588 4565 ct

2004 4607 2323 4662 Theodorus
2369 4605 2486 4658 talis
2531 4602 2900 4672 pronuntietur
2932 4601 3241 4666 btereticus,
3276 4611 3334 4656 ut
3379 4603 3445 4655 ab
3475 4602 3592 4670 ejus

310 4708 578 4762 civitatem
609 4707 917 4775 episcopum
941 4707 1208 4760 ordinavit
1232 4751 1244 4773 ,
1280 4720 1510 4775 cumque
1528 4705 1897 4761 Alexandrinis
1926 4697 1978 4758 D
2005 4701 2219 4754 nomine
2257 4699 2365 4766 jam
2395 4694 2753 4749 Theodoriani
2807 4704 3066 4748 vocentur
3092 4734 3106 4757 ,
3157 4695 3245 4763 qui
3291 4693 3588 4749 lNestoriani

309 4799 600 4864 episcopis,
629 4797 677 4850 id
709 4807 792 4851 est
838 4797 1132 4850 Athanasio
1177 4812 1399 4866 magno,
1433 4806 1485 4851 et
1542 4797 1700 4850 Petro
1729 4806 1783 4851 et
1808 4799 1896 4852 Ti-

311 4890 525 4942 motheo
546 4887 899 4943 conlluruisse
925 4931 938 4954 ,
972 4887 1112 4957 quod
1146 4889 1306 4942 etiam
1339 4903 1402 4942 ex
1436 4903 1620 4941 eorunt
1649 4888 1894 4958 epistulis

307 4990 499 5049 quarto
529 4981 664 5034 libro
695 4979 1008 5044 docuimus;
1041 4980 1177 5033 sicut
1209 4979 1380 5043 ipsum
1409 4994 1620 5048 quoque
1649 4979 1895 5033 Theodo-

308 5087 424 5123 rom
458 5085 576 5124 cum
620 5068 955 5137 Theophilo,
1007 5069 1133 5123 vir'is
1181 5070 1294 5124 vice
1340 5069 1680 5124 luminariqu
1707 5071 1890 5124 orbem

307 5162 717 5216 illustrantibus.
744 5161 806 5215 Et
825 5161 1009 5230 utique
1040 5176 1142 5214 non
1179 5168 1358 5227 posset
1381 5175 1569 5229 magna
1595 5157 1879 5214 Chalcedo-

307 5254 491 5308 nensis
521 5256 758 5323 synodus
802 5255 1004 5308 crimen
1056 5252 1406 5306 intolerabilis
1457 5255 1889 5322 praesumptionis

304 5347 568 5411 evadere,
598 5348 642 5400 si
673 5347 863 5415 Apolin
886 5349 1060 5401 :rislas
1104 5354 1159 5399 ct
1208 5346 1500 5417 Eutychen]
1531 5353 1848 5415 sequeretur
1872 5387 1887 5410 ,

302 5437 392 5506 qui
435 5436 728 5491 Diodorum
759 5447 813 5490 et
843 5435 1181 5492 Theodorum
1206 5450 1324 5490 cum
1358 5434 1550 5488 Basilio
1576 5442 1631 5490 et
1658 5435 1886 5499 Mclctio,

303 5536 360 5583 ct
380 5536 602 5598 utroque
635 5527 922 5597 Gregorio,
949 5536 1003 5581 et
1031 5527 1254 5590 Joanne,
1289 5535 1343 5580 et
1365 5525 1632 5591 NeCIario,
1652 5533 1703 5579 et
1729 5524 1890 5579 Atha-

304 5618 474 5678 nain,
516 5627 570 5672 et
617 5619 775 5674 Petro
799 5661 811 5676 .
861 5630 912 5673 et
956 5619 1243 5672 Timotheo
1268 5625 1428 5684 atque
1466 5616 1766 5684 Theophila
1793 5661 1806 5682 ,
1839 5618 1887 5669 in

305 5709 684 5777 praedicatione
717 5710 862 5764 verbi
892 5718 1236 5765 conversatus
1287 5708 1405 5765 sine
1448 5708 1698 5778 querela,
1747 5709 1891 5763 falsis

377 5863 388 5890 '
427 5860 557 5913 (Iud.
598 5861 815 5920 Verum.
847 5862 978 5914 nillil
1001 5859 1049 5913 iu
1085 5863 1155 5913 eis
1198 5879 1441 5930 unquam.
1473 5888 1480 5894 -

375 5933 392 5961 ‘
429 5933 568 5986 idem
601 5931 695 5986 cod
731 5973 744 5998 ,
778 5949 929 6002 quam
969 5932 1209 5984 dixsmus.

2006 4793 2261 4844 hactenus
2292 4787 2650 4851 vocabantur;
2684 4794 2738 4840 et
2765 4785 3070 4840 laudatores
3097 4785 3219 4840 fidei
3248 4795 3300 4839 et
3329 4786 3587 4838 dizcll‘illzt:

2003 4881 2120 4952 ejus
2151 4896 2255 4934 non
2289 4879 2571 4933 videantur
2597 4877 2864 4943 haeretici,
2897 4885 2955 4931 ut
2985 4877 3052 4931 de
3079 4877 3224 4931 onmi
3252 4878 3484 4932 Ecclesia
3511 4888 3586 4930 ta-

2002 4989 2182 5035 ceam,
2216 4987 2333 5040 qua:
2359 4969 2529 5036 illum,
2558 4968 2728 5023 donec
2758 4969 2968 5022 advixit
2993 5009 3006 5035 ,
3032 4969 3215 5023 habuit
3246 4969 3584 5025 honoratum.

2005 5065 2098 5118 llic
2153 5065 2329 5132 itaque
2361 5065 2588 5130 probent
2632 5060 2978 5114 subtilitatem
3025 5075 3136 5115 Sua:
3167 5061 3444 5117 doctrinm.
3493 5065 3587 5120 llic

2001 5167 2286 5212 exerceant
2306 5155 2434 5210 illud
2463 5153 2728 5223 ingenium
2754 5155 2994 5223 petulans
3008 5168 3394 5225 procacemque
3413 5160 3582 5213 scien-

2001 5252 2154 5310 tiam,
2188 5249 2274 5320 qui
2332 5248 2502 5316 perite
2532 5246 2891 5316 philosophari
2920 5262 2978 5301 se
3008 5255 3228 5315 putant,
3261 5251 3348 5318 qui
3381 5253 3582 5304 calum-

2000 5344 2132 5397 niari
2190 5342 2306 5396 aliis
2349 5341 2573 5396 mortuis
2639 5350 2902 5408 possunt,
2965 5356 3086 5395 cum
3143 5341 3433 5397 defendere
3489 5357 3582 5399 siin

2001 5433 2139 5486 dicta
2175 5449 2278 5487 non
2311 5443 2552 5500 possunt.
2585 5434 2812 5503 Ideoque
2839 5434 2916 5486 vel
2939 5449 3079 5488 nunc
3106 5435 3362 5489 admoniti
3388 5435 3586 5493 debent

2003 5524 2155 5578 nobis
2182 5524 2201 5555 ³
2231 5525 2534 5592 improbare
2557 5525 2696 5593 quod
2723 5525 2915 5579 fartum
2940 5535 3039 5579 est.
3063 5526 3211 5592 Quod
3231 5526 3274 5581 si
3295 5525 3578 5588 noluerint,

1997 5614 2246 5670 catholici
2278 5614 2466 5668 saltem
2514 5615 2763 5670 desinant
2813 5617 2894 5669 vel
2944 5615 3138 5686 injuste
3171 5618 3252 5672 vel
3294 5617 3452 5672 nimis
3497 5632 3583 5670 se.

1998 5725 2123 5764 vero
2149 5709 2213 5764 de
2243 5709 2462 5763 mortuis
2502 5709 2770 5778 judicare,
2817 5719 2869 5763 et
2899 5711 3086 5780 synodi
3133 5711 3584 5768 Chalcedonensis

2072 5869 2088 5897 ³
2119 5868 2259 5922 Hem
2295 5868 2440 5933 cod.,
2476 5869 2753 5922 uobiscum.
