4114 6494
515 365 614 381 συβα-

519 365 614 414 7Ξῖ
1609 363 1905 419 FACUNDI
1953 364 2166 419 EPISC.
2208 360 2724 420 ilEl‘iMlANENSIS

3720 363 3836 419 793

514 483 879 535 auctoritatem
931 481 1018 535 tali
1071 479 1446 534 haereticorum
1498 489 1939 549 argumentorum
1971 465 2106 533 ‘de-
2138 487 2180 541 Α
2215 495 2312 535 nos
2361 477 2382 508 ‘
2430 484 2708 532 accusant.
2750 496 2768 527 ι
2826 476 3050 532 Proetus
3104 478 3264 532 etiam
3315 478 3393 532 sic
3437 478 3737 548 dt-ploranti
3766 488 3833 536 et

515 586 741 630 struere.
775 574 904 628 Nam
936 573 1018 628 cui
1051 574 1126 628 rei
1159 574 1461 628 necessaria
1491 583 1572 629 est
1603 574 1704 627 ista
1758 573 1925 627 multa
1952 573 2110 640 justi-

515 671 583 720 tia
606 709 621 731 ,
653 683 769 737 quae
795 683 914 723 cum
949 668 1086 721 male
1109 667 1608 734 argumentantibus
1643 666 1910 720 hzcreticis
1945 665 2109 728 lavet,

515 761 646 812 dure
673 770 834 829 atque
878 760 1170 814 crudeliter
1201 760 1252 813 in
1299 769 1615 815 sanctorum
1669 757 1884 812 Patrum
1917 766 2110 813 contu-

515 850 726 904 meliam
759 850 1118 906 redundavit?
1146 850 1333 905 Nonne
1361 850 1581 919 preprie
1604 848 1813 904 videtur
1841 849 1896 902 in
1929 848 2113 904 Eccle-

515 941 680 996 siaste
711 943 909 1000 talibus
954 942 1333 1009 interdictum,
1379 942 1473 997 ulii
1512 942 1773 1010 scriptum
1805 951 1889 997 est
1920 960 1933 993 ε
1989 941 2117 996 Noli

515 1034 644 1102 efﬁci
666 1036 842 1104 justus
871 1033 1094 1087 multum
1113 1076 1128 1098 ,
1170 1043 1218 1087 et
1248 1035 1358 1087 uoti
1387 1035 1740 1104 argumentari
1769 1032 2120 1094 abundanter,

517 1139 579 1176 ne
625 1124 758 1194 forte
788 1125 1114 1196 obstupescas
1139 1169 1153 1193 ,
1199 1141 1263 1180 ne
1293 1126 1448 1194 impie
1477 1141 1600 1194 agas
1646 1125 1902 1191 multum;
1931 1135 1978 1180 et
2011 1126 2120 1179 noli

516 1233 626 1270 esse
658 1219 858 1283 durus,
889 1234 952 1271 ne
996 1218 1235 1272 moriaris
1278 1217 1334 1271 in
1364 1227 1591 1288 tempore
1634 1233 1736 1272 non
1779 1227 1867 1274 tuo
1917 1215 2118 1289 (Eccfe.

518 1324 620 1374 vtt,
654 1311 764 1383 Π).
796 1309 862 1366 Ει
889 1310 1020 1382 quia
1044 1310 1114 1365 ibi
1139 1311 1381 1382 sequitur
1405 1310 1594 1366 dicens
1625 1328 1639 1364 :
1665 1309 1873 1365 Bonum
1903 1321 1974 1366 est
2000 1327 2123 1382 par-

519 1420 631 1458 cere
659 1413 706 1458 te
734 1405 786 1457 in
826 1403 919 1456 hoc
947 1404 1214 1473 equidem;
1245 1402 1308 1457 ab
1349 1404 1448 1458 hoc
1477 1406 1585 1458 noli
1629 1405 1982 1459 contaminare
2011 1421 2124 1457 ma-

521 1514 643 1550 num
667 1505 839 1566 tuam,
873 1498 993 1567 quia
1023 1498 1068 1551 is
1094 1498 1182 1568 qui
1207 1498 1348 1552 timet
1379 1495 1545 1557 Deum
1588 1499 1757 1552 evadit
1797 1501 1988 1553 omnia.
2015 1497 2124 1553 Ma-

522 1588 720 1643 luitnus
751 1603 849 1642 nos
876 1629 889 1651 ,
936 1603 1032 1658 pro
1075 1589 1168 1645 Dei
1216 1590 1438 1655 timore,
1481 1599 1536 1646 ut
1588 1591 1942 1648 evaderemus
1989 1590 2127 1645 hanc

521 1683 766 1751 culpam,
791 1697 1015 1754 parcere
1047 1680 1369 1738 venerandis
1410 1679 1660 1738 Patrilius
1691 1699 1850 1753 quam
1887 1681 1993 1738 illis
2024 1683 2124 1736 ad-

524 1776 739 1831 misceri
788 1777 877 1845 qui
929 1792 1118 1831 manus
1169 1790 1296 1831 suas
1348 1777 1888 1844 contaminaveruot,
1944 1778 2127 1832 incen-

2216 572 2567 642 ronquerenti
2623 571 2878 641 pracdicto
2929 571 3160 637 Joanni,
3211 581 3266 625 et
3314 573 3522 642 synodo
3570 573 3828 627 orientali

2219 665 2495 733 respondit
2533 683 2542 716 :
2583 683 2600 715 ι
2625 664 2855 730 Quando
2886 664 3032 716 enim
3065 677 3166 734 ego
3198 663 3389 733 scripsi
3425 674 3530 718 tua:
3553 667 3828 720 sanctitati

2218 765 2470 825 oportere
2518 766 2610 809 aut
2659 753 3043 818 Theodorum,
3093 763 3183 807 aut
3234 754 3369 808 alios
3415 755 3676 824 quosdam
3733 759 3830 824 qui

2220 849 2371 918 prius
2400 848 2637 904 defuncti
2697 858 2820 901 sunt
2855 893 2868 914 ,
2903 848 3232 902 anathemati
3272 847 3463 902 subdi?
3494 868 3513 901 ι
3547 849 3614 904 Et
3643 850 3782 904 infra
3813 868 3828 903 :

2229 962 2246 994 ε
2281 943 2464 1013 Neque
2490 952 2666 997 autem
2699 941 2767 996 de
2793 939 3082 997 Theodoro
3115 957 3292 1012 neque
3323 942 3390 997 de
3419 944 3525 998 alio
3550 960 3831 1014 quoquam

2222 1035 2309 1104 qui
2334 1033 2446 1104 jam
2476 1034 2712 1088 defuncti
2741 1043 2899 1100 sunt,
2923 1033 3114 1104 scripsi
3148 1035 3264 1099 tibi,
3293 1034 3403 1089 Deo
3429 1038 3831 1104 amantissime,

2224 1135 2282 1180 ut
2310 1135 2402 1180 aut
2429 1126 2941 1193 anathematizetur,
2977 1138 3067 1180 aut
3113 1127 3414 1182 abdicetur.
3455 1147 3474 1180 ι
3509 1127 3639 1184 Item
3686 1134 3833 1185 scri-

2227 1215 2362 1270 bens
2405 1215 2640 1272 Maximo
2689 1214 2919 1272 diacono
2944 1217 3078 1271 dicit
3127 1232 3144 1271 :
3206 1235 3226 1269 ‹
3261 1219 3538 1285 Quomodo
3568 1235 3701 1290 ergo
3735 1236 3833 1290 per

2226 1310 2434 1365 litteras
2481 1309 2642 1365 didici
2673 1323 2816 1365 nunc
2841 1353 2856 1378 ,
2905 1308 3031 1380 quia
3062 1308 3337 1365 Theodori
3370 1310 3732 1380 Mepsuesteui
3775 1324 3832 1368 et

2226 1403 2455 1458 aliorum
2487 1404 2844 1472 quorumdam
2877 1402 3090 1458 nomina
3123 1404 3405 1473 prazposita
3431 1415 3555 1460 sunt
3578 1406 3834 1476 capitulis

2228 1497 2292 1550 ad
2326 1495 2884 1551 anathematizandum
2905 1537 2921 1563 ,
2954 1512 3076 1550 cum
3103 1495 3216 1566 jam
3243 1496 3319 1551 illi
3351 1495 3414 1551 ad
3442 1497 3607 1551 Deum
3633 1502 3840 1571 migra-

2230 1586 2704 1658 veriot,eteosqui
2727 1587 2839 1658 jam
2872 1587 3033 1641 vitam
3068 1588 3831 1658 reliquerunt,supervacuum

2230 1690 2312 1735 cst
2340 1681 2584 1754 injuriari
2618 1691 2737 1750 post
2765 1689 3014 1745 mortem,
3045 1695 3180 1751 quos
3226 1696 3326 1749 nec
3356 1681 3504 1734 vivos
3533 1681 3832 1750 aliquando

2231 1776 2584 1846 culpavimus.
2614 1794 2632 1826 ι
2660 1773 2860 1845 Cyrillo
2881 1773 3044 1828 etiam
3067 1772 3310 1828 scribens
3335 1773 3837 1828 memoratosJoano

525 1867 662 1920 sulta
695 1881 790 1921 eos
811 1867 1209 1935 subscriptione
1238 1866 1576 1922 damnantes.
1615 1867 1849 1922 Pertinet
1879 1867 2039 1936 igitur
2060 1867 2124 1922 ad
2158 1869 2206 1929 B
2233 1881 2327 1923 nes
2357 1868 2722 1923 Antiochenus
2751 1881 2872 1922 cum
2895 1865 3146 1921 orientali
3173 1865 3402 1919 concilio
3430 1864 3562 1919 dicit.
3595 1883 3609 1920 :
3641 1884 3656 1917 ι
3689 1865 3836 1932 Quid

530 1959 746 2026 pietatis
792 1968 986 2014 vestra:
1027 1959 1332 2031 justitiam,
1388 1959 1563 2030 utqui
1595 1975 1700 2015 non
1728 1961 1980 2032 judicatis
2027 1978 2124 2030 pa-

531 2064 699 2106 terna:
743 2054 1022 2108 sententiae
1052 2064 1452 2124 contemptores
1487 2057 1528 2124 ²,
1554 2055 1642 2124 qui
1671 2071 1730 2111 se
1767 2057 1931 2112 tantis
1957 2056 2128 2113 Patri-

533 2147 633 2199 ltus
688 2147 1003 2214 prudentius
1035 2146 1395 2211 intellexisse,
1445 2157 1497 2202 et
1531 2147 1715 2202 utilius
1763 2146 1886 2203 ﬁdei
1929 2162 2128 2203 consu-

530 2241 698 2295 luisse
742 2241 1072 2312 gloriantur;
1109 2241 1276 2295 multo
1309 2241 1484 2294 minus
1513 2258 1598 2298 me
1626 2241 1708 2296 vel
1737 2240 1805 2295 de
1831 2243 2130 2311 caeteroju-

530 2334 752 2399 dici'tis,
785 2334 874 2404 qui
906 2349 1009 2388 non
1041 2347 1240 2400 meum,
1275 2333 1370 2388 sed
1404 2343 1673 2388 tantorum
1701 2333 1917 2389 Patrum
1950 2333 2132 2388 videor

535 2432 589 2483 in
622 2429 906 2484 Theodoro
925 2429 1077 2499 sequi
1101 2428 1364 2499 judicium
1399 2447 1410 2480 :
1449 2427 1592 2498 quod
1626 2429 1786 2483 etiam
1818 2438 2000 2482 sancta
2037 2443 2130 2498 sy-

533 2521 706 2576 nodos
737 2520 1192 2577 Chalcedonensis
1221 2532 1403 2576 secuta
1447 2532 1568 2586 est,
1605 2521 1780 2576 sciens
1833 2535 1954 2575 eum
2004 2528 2059 2574 et
2103 2535 2131 2573 a

533 2613 740 2668 Joanne
782 2611 1378 2682 Constantinopolitano
1425 2622 1584 2682 atque
1615 2611 1876 2682 Gregorio
1904 2609 2130 2664 Nazian-

534 2723 690 2775 zeno,
725 2708 1068 2778 superstitem
1122 2706 1504 2774 prmdicatum,
1539 2717 1593 2762 et
1641 2716 1764 2776 post
1813 2705 2018 2760 obitum
2067 2703 2136 2757 ab

533 2801 742 2857 Joanne
767 2810 819 2857 et
845 2801 1053 2855 Domno
1083 2801 1464 2866 Autioclteuis,
1499 2816 1561 2856 ac
1591 2810 1698 2854 tota
1723 2799 1932 2870 synodo
1954 2800 2138 2853 Orien-

535 2894 628 2959 tis,
660 2903 820 2966 atque
864 2891 1068 2963 Cyrillo
1099 2892 1469 2946 Alexandrino
1497 2901 1552 2947 et
1596 2891 1786 2945 l’roclo
1833 2891 2138 2944 Constanti-

539 2985 876 3054 nopolitano,
910 2992 1098 3037 contra
1125 2981 1499 3038 hmreticorum
1529 2983 1830 3038 calumnias
1855 2981 2138 3051 multiplici

539 3076 746 3131 ratione
772 3074 1077 3131 defensum.
1119 3075 1270 3130 Unde
1301 3077 1471 3145 magis
1504 3076 1761 3145 probatur
1793 3075 1935 3145 quod
1978 3077 2142 3128 stulte

541 3175 760 3234 pl'OptCl‘
793 3166 895 3220 hoc
928 3175 1146 3234 putetur
1173 3166 1423 3220 lia-retice
1448 3208 1462 3231 ,
1515 3167 1657 3235 quod
1688 3166 1740 3220 in
1772 3181 1933 3221 causa
1965 3165 2140 3221 Theo-

2231 1977 2337 2016 non
2370 1962 2457 2017 hic
2486 1961 2720 2016 ltesionis
2743 1959 2825 2014 vel
2855 1957 3220 2027 corruptionis
3251 1968 3304 2012 et
3329 1955 3660 2013 confusionis
3709 1959 3833 2027 ple-

2232 2072 2358 2113 num
2373 2064 2680 2126 generetur,
2697 2052 2742 2108 si
2767 2049 3297 2122 aperiamusjanuam
3319 2050 3399 2106 his
3421 2051 3509 2121 qui
3528 2052 3718 2106 volunt
3733 2051 3838 2106 dic-

2233 2161 2317 2206 cta
2344 2147 2734 2204 transeuntium
2758 2145 2971 2200 Patrum
2985 2141 3699 2213 evertereiqualedamnum
3723 2158 3832 2197 non

2231 2248 2476 2310 apertum
2493 2239 2597 2295 erit
2617 2237 2762 2292 dicta
2791 2251 2898 2291 non
2921 2235 3096 2292 solum
3125 2233 3378 2301 refutare,
3399 2235 3491 2290 sed
3515 2236 3676 2290 etiam
3697 2251 3835 2289 aua-

2234 2332 2620 2390 thematizare?
2674 2351 2693 2384 ›
2749 2329 2983 2401 Cyrillus
3040 2344 3256 2400 quoque
3298 2327 3604 2382 rescribens
3645 2328 3829 2382 eidem

2235 2427 2428 2484 Joanni
2453 2433 2508 2481 et
2563 2425 2684 2494 ejus
2710 2421 2942 2494 synodo,
2975 2421 3053 2476 sic
3084 2420 3158 2476 ait
3188 2437 3202 2474 :
3241 2440 3258 2473 ι
3291 2421 3400 2474 Nisi
3430 2419 3571 2474 forte
3601 2420 3650 2474 io
3684 2437 3838 2474 meo-

2238 2529 2343 2576 tem
2376 2517 2758 2574 assumendum
2809 2522 2896 2570 est
2932 2512 3076 2583 quod
3109 2514 3425 2568 continuare
3455 2512 3683 2581 volunt,
3711 2527 3837 2567 cum

2238 2612 2478 2668 maxime
2514 2623 2686 2681 neque
2721 2610 2772 2664 in
2803 2616 3051 2678 promptu
3082 2615 3165 2660 est
3206 2619 3436 2675 persona
3469 2621 3627 2675 quam
3660 2606 3840 2673 culpa:

2238 2715 2570 2774 supponunt,
2600 2711 2656 2757 et
2684 2700 3044 2770 capitulorum
3071 2697 3380 2768 redargutio
3403 2698 3636 2762 incerta,
3668 2706 3725 2751 et
3746 2698 3841 2766 qui

2242 2797 2355 2851 hmc
2373 2802 2539 2867 agunt
2570 2795 2622 2848 iu
2652 2797 2915 2847 incertum
2944 2799 3228 2846 currentes
3264 2798 3317 2844 et
3344 2803 3523 2844 aerctu
3548 2789 3840 2844 verberan-

2242 2888 2700 2945 tesioveniuutur.
2725 2904 2743 2936 ι
2769 2885 2836 2939 Et
2860 2882 3026 2939 infra:
3052 2903 3070 2936 t
3095 2883 3198 2938 Sed
3217 2883 3361 2953 joste
3375 2883 3610 2946 audient,
3630 2890 3842 2935 tanien-

2243 2981 2341 3033 ctsi
2389 2979 2598 3041 nolunt,
2648 2975 2739 3046 qui
2780 2973 3088 3044 hujusmodi
3131 2989 3326 3029 causas
3379 2974 3639 3043 praebent,
3691 2973 3844 3027 Obli-

2246 3071 2511 3127 viscimini
2542 3084 2638 3124 vos
2696 3070 2866 3140 ipsos,
2898 3069 3149 3138 quoniam
3184 3071 3443 3123 adversus
3482 3068 3728 3135 pulveres
3754 3083 3846 3120 ar-

2247 3183 2341 3221 cus
2371 3163 2666 3221 extenditis
2700 3181 2713 3216 :
2743 3178 2848 3217 non
2888 3165 3035 3217 enim
3064 3168 3313 3230 superest
3337 3159 3428 3229 qui
3456 3160 3599 3228 apud
3631 3174 3727 3213 vos
3754 3158 3844 3213 in-

541 3261 656 3312 dori
706 3259 920 3313 illorum
966 3259 1179 3326 Patrum
1215 3259 1521 3314 testimonio
1553 3261 1712 3314 fidem
1773 3260 1974 3325 habuit,
2009 3277 2141 3331 quo-
2168 3253 2214 3312 C
2249 3264 2482 3332 scriptus
2502 3269 2603 3314 est.
2657 3258 2721 3313 Et
2748 3272 2835 3313 me
2864 3256 3042 3311 nullus
3093 3255 3280 3323 culpet
3304 3254 3356 3308 in
3390 3256 3502 3307 haec
3529 3253 3686 3307 verba
3722 3269 3846 3321 pru-

543 3366 660 3402 rum
694 3348 850 3403 fidem
905 3350 954 3402 in
1006 3350 1118 3404 suis
1147 3349 1556 3406 definitionibus
1613 3365 1798 3407 tenens
1853 3353 2138 3409 haereticos

544 3441 885 3510 ttII|:t‘t)ltzl\'ll.
921 3442 1469 3497 Animatlvermndum
1501 3459 1632 3498 sane
1670 3445 1879 3500 videtur
1918 3455 1971 3500 et
2004 3445 2137 3500 lide—

541 3535 674 3587 lium
725 3533 981 3588 cordibus
1044 3535 1459 3604 inculcaodum,
1515 3552 1621 3592 non
1676 3547 1780 3591 tam
1833 3555 1928 3608 pro
1978 3553 2137 3593 causa

544 3628 908 3697 lllopsuesteni
950 3627 1253 3694 Theodori,
1284 3644 1443 3696 quam
1475 3646 1569 3699 pro
1599 3641 1916 3685 cunctorum
1949 3633 2036 3700 qui
2064 3632 2142 3684 vi-

547 3731 654 3773 tam
688 3719 739 3773 in
773 3734 906 3788 pace
927 3719 1184 3774 Ecclesia:
1217 3721 1471 3775 finierunt
1493 3733 1652 3792 atque
1696 3721 1970 3786 finierint;
2001 3721 2141 3790 quod

543 3828 734 3867 omnes
784 3814 836 3866 hi
871 3813 1055 3868 Patres
1085 3829 1314 3882 quorum
1342 3815 1640 3869 sententias
1681 3814 2102 3869 memoravimus
2126 3860 2139 3882 ,

545 3906 777 3960 diversis
798 3905 1013 3976 quidem
1049 3905 1224 3959 verbis
1250 3948 1263 3970 ,
1300 3905 1393 3960 sed
1424 3906 1616 3960 eodem
1667 3922 1830 3961 sensu
1861 3947 1874 3968 ,
1908 3923 2148 3972 pronun-

550 4001 684 4052 tient
714 3999 966 4067 quoniam
1009 3999 1380 4066 unusquisque
1427 3999 1477 4050 in
1511 3999 1616 4052 vita
1668 4012 1763 4051 sua
1812 3999 2144 4068 corruptioni

552 4089 814 4144 Ecclesia:
864 4089 1214 4158 pertinaciter
1260 4103 1366 4142 non
1407 4088 1696 4150 resistens,
1747 4099 1866 4156 post
1915 4100 2143 4145 mortem

549 4200 671 4238 rum
705 4185 819 4237 suis
846 4184 1006 4239 dictis
1035 4198 1138 4237 ηοω
1172 4183 1366 4238 debeat
1389 4183 1643 4237 abdicari.
1677 4182 1908 4237 Sanctus
1936 4198 2151 4253 quoque

547 4275 783 4330 Joannes
816 4275 1186 4330 Antiochenus
1211 4285 1264 4330 et
1295 4285 1402 4334 tota
1431 4274 1670 4347 synodus
1692 4274 1925 4330 Orientis
1945 4316 1960 4341 ,
1992 4275 2150 4331 beato

557 4369 746 4423 l‘roclo
787 4369 1120 4437 scribentes,
1175 4371 1314 4424 inter
1341 4371 1444 4423 alia
1487 4370 1566 4424 sic
1622 4378 1968 4438 queruntur:
2030 4387 2048 4421 ι
2085 4369 2154 4423 Et

551 4463 680 4526 quid
714 4462 781 4515 dc
811 4471 1006 4515 cmtcro
1038 4462 1271 4516 nominis
1303 4462 1442 4517 adsit
1472 4462 1766 4529 doctrinis,
1813 4463 1889 4518 sic
1920 4463 2153 4518 admira-

553 4552 749 4604 bilihus
778 4561 833 4605 et.
864 4553 1239 4606 ramosissimis
1270 4553 1398 4608 viris
1434 4564 1552 4620 post
1581 4567 1809 4610 tnortem
1843 4554 2154 4609 damnatis?

2241 3355 2500 3423 gressori.
2538 3351 2714 3406 Gratte
2761 3360 2844 3405 est
2882 3351 3024 3404 enim
3057 3348 3318 3402 insultare
3358 3346 3648 3412 defunctis,
3684 3347 3767 3400 vel
3800 3347 3847 3399 si

2244 3447 2363 3502 laici
2395 3443 2620 3512 fuerint,
2649 3448 2844 3500 nedum
2895 3444 3003 3497 illis
3031 3442 3118 3512 qui
3171 3442 3223 3495 in
3253 3442 3567 3510 episeopatu
3600 3441 3739 3492 hanc
3769 3443 3847 3494 vi-

2245 3553 2349 3596 tam
2380 3540 2769 3608 deposuerunt.
2800 3536 3166 3591 Justissimum
3191 3534 3332 3588 enim
3364 3544 3584 3603 apparet
3617 3532 3848 3601 pruden-

2247 3635 2388 3688 tibus
2418 3634 2567 3697 viris,
2593 3632 2787 3686 cedere
2812 3629 3118 3699 praiscienti
3149 3627 3572 3698 uniuscujusque
3603 3629 3849 3682 volunta-

2249 3734 2379 3789 tem,
2414 3735 2469 3779 ct
2505 3725 2854 3793 cognoscenti
2887 3722 3062 3792 qualis
3085 3721 3457 3790 unusquisque
3481 3731 3727 3776 nostrum
3757 3719 3843 3775 fu-

2251 3830 2398 3872 turos
2431 3818 2517 3871 sit.
2563 3837 2580 3868 ι
2635 3817 2761 3871 llaec
2818 3816 2998 3870 animo
3057 3814 3212 3868 nobis
3269 3813 3523 3879 tenenda,
3575 3816 3690 3868 haec
3743 3830 3851 3868 non

2251 3913 2423 3966 Stilum
2459 3907 2834 3978 praesentibus,
2883 3906 2977 3962 sed
3030 3907 3192 3961 etiam
3249 3907 3460 3972 futuris,
3512 3905 3559 3959 si
3591 3906 3680 3975 qui
3708 3904 3853 3960 forte

2254 4017 2440 4055 rursus
2475 4000 2820 4063 emerserint,
2872 3999 3355 4067 pmsumptoribus
3389 3997 3710 4067 opponenda
3734 4038 3750 4063 ,
3784 4015 3853 4053 ne

2254 4092 2374 4162 quis
2404 4093 2768 4145 cotnleinnare
2818 4091 3031 4153 audeat,
3067 4090 3170 4144 nisi
3199 4090 3528 4158 correptioni
3562 4091 3855 4158 pertinaci-

2255 4191 2337 4236 ter
2366 4181 2731 4236 resistentem.
2767 4180 2918 4245 Quod
2949 4181 2991 4233 si
3044 4180 3206 4233 etiam
3239 4179 3603 4249 quisquamex
3635 4179 3723 4235 his
3753 4181 3856 4234 Pa-

2257 4277 2447 4340 trihos,
2475 4276 2564 4345 qui
2595 4289 2834 4328 consona
2879 4285 2932 4328 et
2978 4289 3080 4327 una
3112 4288 3244 4328 voce
3273 4273 3294 4306 ⁵
3327 4289 3421 4342 pro
3449 4273 3740 4330 Theodoro
3771 4292 3856 4330 re-

2257 4369 2612 4438 Spouderunt,
2646 4367 2788 4438 quod
2819 4368 2961 4423 ahsit
2985 4383 3014 4421 a
3040 4368 3372 4423 conscientia
3396 4377 3450 4422 et
3479 4371 3706 4423 veritate
3729 4383 3858 4422 san-

2257 4473 2492 4525 ctorum,
2528 4461 2911 4531 prtevaricatus
2955 4463 3022 4514 ab
3049 4461 3290 4516 omnium
3321 4461 3597 4515 communi
3624 4472 3824 4516 senten
3851 4495 3866 4502 -

2261 4557 2354 4622 tia,
2411 4557 2740 4610 contrarium
2801 4555 2902 4610 sibi
2959 4556 3224 4624 tantisque
3293 4555 3539 4610 Patrihus
3595 4555 3858 4611 habuisse

551 4646 666 4699 Non
698 4660 871 4697 meum
902 4651 926 4679 ⁸
961 4660 1088 4711 ergo
1119 4653 1202 4697 est
1233 4643 1481 4713 gloriosis
1515 4662 1700 4700 eorum
1731 4649 1821 4716 qui
1856 4662 2148 4716 praecessc-
2181 4636 2232 4694 D
2259 4662 2438 4720 postea
2463 4647 2724 4718 judicium
2754 4648 3100 4717 probaretur;
3129 4647 3296 4716 ipsius
3319 4649 3498 4715 potius
3529 4649 3619 4716 qui
3647 4647 3859 4701 discor-

551 4735 1045 4806 ruoti-pinionihus
1079 4736 1357 4801 insultare,
1413 4755 1587 4806 neque
1631 4740 1875 4805 judicare
1915 4757 2008 4795 eos
2053 4743 2144 4810 (pii

552 4833 816 4884 hroorate
867 4832 1098 4884 ili-iuncti
1131 4843 1253 4884 sunt
1283 4877 1296 4898 ,
1347 4832 1440 4886 sed
1473 4833 1642 4887 solius
1669 4835 1863 4903 judicis
1897 4835 2143 4890 vivorum

551 4935 604 4976 et
633 4935 1020 4976 ttiOt'tiioruttt.i
1059 4924 1368 4978 Scribonius
1397 4926 1557 4979 etiam
1583 4925 1888 4981 Theodosio
1917 4928 2148 4998 impeta-

554 5016 653 5068 toii
678 5016 899 5069 dicunt:
934 5035 951 5066 t
984 5018 1036 5072 Si
1071 5027 1246 5071 autem
1277 5019 1590 5087 quidquam,
1616 5031 1800 5073 sancte
1831 5022 2145 5089 imperator,

553 5111 838 5163 obscurum
887 5112 1078 5179 aliquis
1112 5112 1339 5165 int-coiri
1370 5113 1512 5165 dicat
1546 5114 1594 5166 in
1645 5114 1762 5182 i-jus
1796 5116 1879 5168 vel
1919 5116 2144 5170 aliorum

555 5203 768 5269 litteris,
822 5204 1102 5258 retractari
1133 5203 1152 5234 ³
1186 5207 1549 5259 necessirium
1603 5223 1707 5258 non
1763 5218 1865 5259 est.
1909 5208 2144 5275 Quorum

556 5295 694 5347 enim
743 5294 848 5347 vita
900 5299 950 5347 in
980 5297 1281 5350 sacerdotio
1313 5308 1365 5349 et
1415 5297 1714 5350 ministerio
1744 5300 2002 5366 optimum
2051 5299 2146 5352 ha-

556 5389 665 5442 buit
693 5389 874 5454 finem,
913 5391 996 5443 his
1029 5393 1299 5456 pl‘u'ltllallt
1327 5389 1557 5460 gloriam
1590 5390 1901 5445 detlicamus
1931 5410 1944 5457 ;
1973 5403 2146 5447 etnon

493 5529 496 5531 _
555 5495 621 5532 ex
675 5482 784 5535 illis
828 5498 922 5536 eos
958 5480 1302 5549 judicauius,
1349 5482 1416 5536 de
1447 5482 1641 5552 quibus
1681 5483 1843 5553 aliqui
1891 5488 2149 5540 atrociter

629 5604 654 5630 "
690 5595 873 5660 Forte,
905 5606 1158 5652 nostrum.

633 5759 647 5788 '
682 5757 814 5810 Cvd.
835 5753 1072 5818 Verum,
1105 5769 1428 5826 argumento.

633 5831 651 5857 "
677 5830 819 5880 lilein
847 5830 996 5891 Ctnl.,
1026 5842 1324 5896 arroganti-8
1349 5843 1571 5894 paterna:
1606 5837 1884 5888 scntcnfiir.

635 5897 655 5927 ⁸
681 5900 823 5954 Idem
849 5902 989 5963 cod.,
1033 5900 1112 5949 Itut
1150 5903 1440 5960 retractari.

2253 4742 2406 4796 daret
2425 4741 2492 4793 ab
2518 4741 2790 4802 omnibus,
2819 4756 2925 4793 non
2948 4741 3190 4794 omnium
3212 4741 3516 4795 communis
3549 4756 3643 4808 pro
3670 4739 3856 4795 Titi-c-

2250 4836 2382 4890 dore
2426 4833 2538 4887 .l‘oit
2591 4835 2906 4889 evacuauda
2965 4834 3252 4889 sententia.
3318 4834 3608 4903 Propterea
3655 4841 3702 4888 si
3759 4840 3852 4904 qui

2254 4939 2399 4993 sunt,
2430 4930 2520 5000 qui
2552 4931 2917 4999 vituperantes
2942 4931 3156 4986 beatum
3185 4931 3468 5003 Cyrillum,
3498 4934 3686 4986 dicunt
3715 4936 3856 5002 quot

2259 5025 2412 5079 aliter
2449 5034 2633 5093 postea
2667 5025 2733 5076 de
2776 5025 3062 5080 Theodoro
3091 5025 3470 5096 Mopsuesteno
3505 5026 3720 5080 locutus
3750 5038 3858 5090 est,

2257 5135 2414 5187 quam
2447 5119 2498 5171 io
2526 5119 2625 5174 hoc
2648 5117 2874 5188 judicio,
2903 5118 3044 5188 quod
3070 5134 3354 5174 commune
3379 5135 3500 5173 cum
3527 5120 3732 5174 Joanne
3756 5121 3861 5172 Au~

2262 5212 2508 5266 tiochcno
2539 5221 2697 5281 atque
2726 5213 2979 5266 orientali
3003 5214 3211 5285 synodo
3238 5225 3290 5268 et
3325 5215 3515 5268 l’roclo
3538 5214 3857 5268 Constanti-

2261 5304 2575 5370 nopolitano
2629 5304 2893 5369 habuerit,
2948 5307 2998 5358 in
3060 5321 3167 5375 quo
3219 5306 3477 5375 probatur
3524 5307 3686 5362 etiam
3741 5307 3861 5374 ejus

2259 5395 2628 5464 condiscipulo
2685 5396 2877 5452 Joanni
2942 5399 3564 5467 Constantiuopolitano,
3595 5398 3861 5469 Gregorio

2261 5487 2599 5547 Nazianzeoo
2631 5501 2684 5543 et
2717 5491 2923 5544 Uooioo
2974 5491 3307 5547 Aotiocheno
3351 5507 3678 5562 congruere;
3715 5491 3859 5546 reei-

2339 5767 2357 5793 ⁸
2393 5765 2532 5817 idem
2568 5767 2712 5828 cinl.,
2747 5785 2829 5817 ros
2853 5778 3120 5820 accusant.

2332 5837 2350 5864 ⁵
2375 5838 2516 5896 idem
2545 5838 2691 5905 cod.,
2731 5850 2775 5893 et
2807 5839 2940 5893 velut
2969 5856 3067 5893 una
3092 5855 3226 5895 voce.
