4114 6518
179 825 222 920 :3"

122 969 126 984 '.

133 996 216 1025 ..".:'.--

133 1024 218 1086 ιὲἰὲ

129 1113 213 1144 Ῑη]

122 1145 182 1192 gs.

121 1325 176 1344 *ε
188 1326 223 1351 1;;

122 1345 217 1384 *τ

125 1496 205 1532 ἐξὲξ

128 1586 217 1611 sam:

121 4588 304 5389 l

407 364 512 420 729

1265 373 1398 429 PRO
1441 374 1869 432 DEFENSIONE
1904 377 2118 432 ἰἰιωι
2157 379 2471 435 ΟᾹΡΚῘυίι.
2517 379 2644 435 LIB.
2681 381 2812 436 VIII.

3592 387 3695 443 730

403 482 591 556 piendi
617 498 724 539 non
771 493 897 540 sunt
943 487 1203 543 adversus
1233 489 1484 542 eumdem
1519 487 1886 551 Theodorum,
1920 489 1997 541 vel
2035 495 2075 548 Λ
2106 491 2140 542 9.
2167 498 2177 536 ι
2205 499 2258 546 et
2284 493 2512 562 amplius
2533 492 2698 549 libros
2731 494 3279 563 irrepreltcnsibiliter
3302 499 3539 555 scribere
3568 516 3695 556 cou-

403 577 583 648 potius
608 578 872 634 adversus
904 581 1077 650 ipsutn
1107 582 1321 634 beatum
1360 581 1648 651 Cyrillum,
1679 597 1836 649 quem
1870 581 1999 634 talia

403 669 655 736 dicendo,
679 682 938 741 quantum
965 673 1019 728 in
1047 673 1150 728 illis
1173 682 1276 741 est,
1302 674 1698 728 inconstantem
1723 675 1890 727 videri
1920 673 2002 725 fa-

403 761 552 816 ciunt
577 771 738 832 atque
766 764 1098 819 mutabilem.
1135 763 1266 820 Nam
1299 762 1603 820 defensioni
1624 765 1812 836 synodi
1839 764 2002 819 Chal-

402 855 745 923 cedonensis,
807 871 927 927 quae
1000 857 1347 913 Theodorum
1409 874 1514 914 non
1562 858 1827 928 judicavit
1881 873 2002 914 es-e

404 946 792 1012 damnandum,
825 950 1040 1004 tametsi
1073 950 1276 1005 nullam
1310 967 1406 1020 pro
1432 966 1498 1006 eo
1528 951 1722 1023 Cyrilli
1755 952 1998 1020 episcopi

405 1039 730 1092 sententiam
787 1044 1120 1105 teneremus,
1155 1038 1470 1097 sufﬁcerent
1515 1043 1703 1110 procul
1732 1041 1896 1098 dubio
1921 1052 2002 1097 tot

392 1124 636 1180 aliorum
687 1124 908 1183 Palmm
941 1129 1280 1197 testimonia;
1309 1129 1584 1186 sufﬁceret
1621 1140 1922 1200 postremo,
1953 1131 2002 1186 si

409 1213 521 1271 haec
549 1217 711 1272 etiam
734 1215 1056 1286 defuissent,
1092 1218 1353 1276 Ecclesia:
1383 1221 1662 1277 catholicae
1692 1223 2002 1278 communi-

403 1310 562 1375 catio,
596 1309 649 1365 in
681 1311 838 1380 cujus
865 1326 1000 1384 pace
1030 1329 1136 1368 non
1159 1314 1334 1370 solum
1361 1315 1478 1371 sine
1502 1315 1610 1370 ulla
1642 1316 1882 1387 querela,
1907 1317 1999 1372 sed

403 1403 564 1459 etiam
593 1417 713 1460 cum
745 1405 914 1476 gloria
944 1420 1134 1476 magna
1161 1404 1444 1464 defunctus
1469 1417 1572 1463 est.

1023 1562 1250 1619 CAPUT
1294 1562 1378 1616 Vl.

407 1673 559 1740 Quod
587 1674 778 1743 ofﬁcere
811 1673 1076 1728 Theodoro
1104 1693 1204 1729 non
1237 1676 1434 1738 debeat,
1467 1678 1511 1728 si
1533 1687 1708 1730 contra
1739 1679 1884 1731 illum
1913 1695 2001 1735 pn—

474 1756 582 1797 stea
613 1747 872 1817 scripserit
899 1745 1148 1816 Cyrillus,
1177 1757 1224 1800 et
1251 1749 1388 1817 quod
1420 1749 1658 1802 damnari
1703 1749 2000 1803 Theodorus

481 1817 592 1870 siue
625 1816 854 1871 Diodoro
884 1833 988 1871 non
1017 1820 1200 1888 possit.

476 1971 790 2040 Repellendi
823 1987 954 2042 ergo
981 1980 1105 2026 sunt
1129 1987 1190 2026 ac
1239 1974 1435 2027 merito
1464 1974 1752 2028 coercendi
1782 1975 1869 2043 qui
1896 1990 1993 2028 vo-

407 2065 579 2121 lentes
636 2066 690 2118 in
741 2064 1120 2135 praeiudicium
1173 2076 1373 2120 sancta:
1421 2068 1610 2138 synodi
1645 2067 1992 2123 condemnari

407 2156 770 2221 Theodorum,
799 2157 960 2212 tantis
991 2157 1313 2213 venerandis
1340 2157 1602 2224 Patribus,
1637 2169 1688 2213 et
1712 2158 1992 2222 Ecclesite,

409 2247 618 2317 sibique
661 2249 760 2317 ipsi
809 2247 1024 2302 beatum
1055 2247 1314 2315 Cyrillum
1349 2250 1573 2316 pOslltac
1623 2248 1996 2304 dicuntexsti-

409 2339 536 2392 tisse
567 2325 918 2394 contrarium.
944 2336 1013 2393 Ut
1042 2351 1221 2392 autem
1253 2354 1359 2393 non
1392 2351 1703 2403 sus;tcctum
1735 2341 1993 2395 lectori-nt

408 2429 486 2482 vel
517 2427 738 2493 dubium
786 2428 1176 2498 relinquamus,
1208 2429 1320 2483 sire
1361 2431 1640 2499 scripserit
1671 2431 1872 2500 aliquid
1904 2433 1997 2484 ad.

408 2539 595 2580 versus
615 2524 958 2580 Theodorum
991 2522 1247 2594 Cyrillus,
1285 2523 1401 2579 sive
1431 2542 1536 2579 non
1569 2526 1870 2595 scripserit,
1903 2526 1997 2580 de-

407 2616 583 2672 fensio
611 2615 804 2688 synodi
830 2618 844 2647 ¹
880 2618 1040 2672 debet
1064 2618 1218 2672 nobis
1249 2634 1310 2673 ex
1342 2619 1487 2672 omni
1544 2627 1696 2688 parte
1724 2628 1993 2673 constare.

433 2711 477 2780 it
504 2709 624 2765 ideo
651 2720 859 2766 certum
913 2709 1107 2780 aliquid
1136 2711 1203 2766 de
1231 2715 1332 2766 hoc
1365 2713 1573 2767 incerto
1597 2712 1991 2766 conﬁciendum

504 2843 518 2868 ,
549 2803 689 2871 quod
733 2810 881 2857 recte
910 2813 1094 2857 secuta
1149 2804 1414 2868 videatur,
1447 2813 1504 2858 ut
1533 2803 1880 2859 Theodorum
1912 2807 1997 2860 vel

553 2895 800 2964 dogmata
848 2912 952 2949 nun
1012 2895 1311 2960 damnaret,
1360 2911 1479 2952 cum
1509 2897 1651 2966 apud
1675 2912 1734 2950 se
1778 2899 1998 2953 recitari

500 2989 596 3044 des
626 2991 744 3060 ejus
791 2989 1270 3045 animadverteret.
1317 2992 1667 3045 Inveniuntur
1718 2991 1898 3060 itaque
1931 3009 1996 3048 ex

483 3081 626 3136 mine
673 3083 813 3136 beati
871 3081 1054 3152 Cyrilli
1109 3084 1354 3151 quaedam
1398 3091 1586 3136 contra
1629 3081 1996 3146 Theodorum,

448 3177 652 3232 ua-dain
679 3193 776 3244 pro
803 3177 1090 3232 Theodoro
1121 3177 1340 3245 scripta.
1378 3177 1525 3232 Unde
1552 3191 1773 3230 necesse
1801 3185 1883 3230 est
1909 3186 2002 3231 aut

326 2710 530 2954 Ἢ

253 3095 476 3279 Ιιῗ

410 3368 633 3413 terutra.
665 3357 718 3415 Si
748 3361 907 3430 igitur
936 3369 1165 3427 utraque
1203 3359 1346 3413 beati
1373 3357 1554 3430 Cyrilli
1588 3360 1853 3421 dicentur,
1879 3374 1999 3412 cum

407 3467 530 3506 eum
565 3454 615 3508 in
639 3454 885 3524 utrisque
914 3453 1014 3507 sibi
1039 3453 1397 3518 contrarium,
1425 3452 1509 3506 vel
1531 3452 1576 3505 si
1609 3453 1789 3513 vellet,
1818 3463 2000 3507 sancta

410 3543 649 3614 synodus
672 3544 822 3614 sequi
861 3561 968 3598 non
1001 3551 1187 3611 posset
1217 3559 1229 3595 :
1257 3545 1309 3596 in
1344 3543 1426 3597 his
1455 3557 1578 3597 eum
1612 3542 1764 3612 sequi
1796 3543 2000 3608 debuit,

412 3636 680 3706 inquibus
715 3652 823 3692 non
872 3637 1151 3706 impugnat
1197 3636 1425 3691 aliorum
1456 3637 1752 3690 sententias
1786 3637 2002 3690 Patrum

417 3727 785 3796 Ecclesiaeth
827 3727 1114 3797 judicium.
1145 3725 1200 3781 Si
1248 3741 1376 3781 vero
1422 3738 1609 3780 neutra
1641 3725 1784 3780 beati
1817 3724 2003 3796 Cyrilli

411 3834 534 3874 esse
562 3819 836 3884 dicentur,
883 3819 1016 3874 nihil
1045 3828 1131 3874 est
1171 3833 1268 3874 cur
1307 3827 1493 3878 sancta
1527 3817 1766 3886 synodus
1791 3826 2006 3886 putetur

413 3911 728 3982 impugnare
775 3910 1035 3966 debuisse
1106 3918 1376 3965 tantorum
1429 3907 1730 3963 sententias
1788 3909 2004 3962 Patrum

415 3999 1064 4070 Eeclesimquejudicium.
1080 3998 1174 4055 Siti
1193 4008 1370 4052 autem
1390 3998 1648 4052 alterutra
1663 4013 1849 4053 eorum
1867 3999 2005 4053 beati

413 4092 598 4161 Cyrilli
647 4107 770 4147 esse
810 4092 1082 4159 dicentur,
1118 4090 1380 4146 laudanda
1423 4103 1506 4145 est
1548 4098 1734 4145 sancta
1768 4092 2006 4162 synodus

413 4184 554 4252 quod
574 4183 660 4237 illa
684 4182 816 4253 ejus'
831 4198 954 4238 esse
975 4199 1052 4236 crt
1069 4181 1224 4246 didit,
1250 4197 1371 4251 qua:
1394 4198 1498 4234 nun
1525 4181 1840 4250 impugnant
1867 4181 2005 4236 alio—

415 4291 533 4330 rum
576 4275 873 4330 sententias
894 4274 1114 4330 Patrum
1150 4273 1515 4342 Ecclesiznque
1539 4271 1821 4342 jud'ciunt.
1855 4271 2004 4339 Quod

414 4367 460 4422 si
487 4366 647 4423 etiam
673 4367 853 4437 aliquo
883 4375 1033 4421 certo
1063 4375 1119 4420 et
1149 4365 1432 4420 manifesto
1465 4364 1663 4420 indicio
1687 4365 2009 4434 probaretur

413 4460 554 4527 quod
587 4459 674 4513 illa
701 4469 888 4514 contra
920 4458 1262 4512 Theodorum
1295 4457 1472 4526 potius
1498 4471 1658 4525 quam
1691 4471 1786 4524 pro
1821 4455 1920 4510 Tha
1941 4474 2003 4511 o-

411 4554 541 4608 dero
599 4555 794 4622 scripta
847 4552 988 4606 beati
1029 4549 1218 4620 Cyrilli
1247 4549 1376 4615 sint,
1421 4549 1582 4618 idque
1627 4548 2008 4603 ostenderetur

2109 593 2187 638 tra
2214 585 2499 640 haereticos
2535 597 2738 656 posset,
2777 603 2948 657 neque
2972 591 3282 660 evangelica
3327 601 3382 647 et
3407 594 3695 663 apostolica

2107 673 2306 742 scripta
2336 687 2484 731 recte
2524 678 2886 748 interpretari,
2913 682 2957 734 si
2989 683 3127 738 male
3148 683 3435 753 quidquam
3457 685 3522 739 de
3543 685 3698 741 Chri«

2105 768 2279 821 stiana
2311 768 2412 824 ﬁde
2441 769 2704 825 sentiret?
2751 771 3028 841 Siquidem
3057 788 3245 829 omnes
3279 776 3559 831 haereticos
3584 793 3689 832 non

2108 860 2325 914 aliunde
2374 861 2544 930 magis
2570 877 2729 931 quam
2757 863 2826 918 de
2849 863 3146 934 Scripturis
3173 867 3499 936 evangelieis
3528 876 3685 940 atque

2104 950 2416 1019 apostolicis
2444 948 2758 1007 refutamus.
2787 953 2948 1009 Etest
2968 956 3189 1010 omnino
3218 957 3317 1012 sibi
3340 959 3690 1024 contrarium,

2107 1051 2161 1096 ut
2190 1041 2353 1096 simul
2396 1043 2605 1098 dicatur
2634 1045 2918 1116 quisquam
2950 1055 3005 1102 et
3053 1049 3362 1119 evangelica
3389 1059 3445 1106 et
3470 1061 3690 1121 aposto-

2105 1133 2210 1187 lica
2239 1134 2440 1204 scripta
2463 1145 2609 1190 recte
2634 1134 3016 1208 interpretatus
3036 1138 3221 1208 fuisse,
3257 1151 3314 1197 et
3335 1156 3440 1196 non
3462 1151 3608 1198 recte
3629 1145 3699 1201 de

2104 1225 2408 1282 tliristiana
2429 1227 2532 1283 ﬁde
2555 1227 2810 1284 sensisse.
2842 1229 2994 1298 Quod
3022 1231 3069 1286 si
3089 1241 3144 1287 et
3170 1230 3285 1288 haec
3313 1242 3500 1290 contra
3521 1235 3698 1291 Theo-

2103 1323 2295 1378 dorum
2349 1323 2570 1394 scripta,
2600 1339 2722 1395 qua:
2763 1324 2878 1380 sola
2911 1333 3229 1389 putarentur
3253 1341 3375 1384 esse
3418 1330 3556 1385 beati
3586 1328 3698 1403 Cy-

2105 1418 2232 1483 rilli,
2257 1434 2364 1475 non
2415 1420 2704 1489 semetipsa
2736 1420 3101 1489 destruerent,
3155 1437 3317 1479 nemo
3347 1423 3450 1480 nisi
3501 1424 3697 1481 absur-

2103 1509 2360 1566 dissimus
2375 1511 2644 1581 judicaret
2670 1512 2812 1583 quod
2849 1530 2954 1570 non
2983 1529 3171 1570 eorum
3192 1515 3407 1571 Patrum
3436 1519 3487 1570 in
3517 1517 3696 1575 Theo-

2102 1603 2236 1656 doro
2262 1603 2512 1676 debuerit
2554 1606 2703 1674 sequi
2751 1607 3103 1671 sententiam,
3135 1607 3224 1676 qui
3255 1622 3376 1661 cum
3403 1607 3496 1664 illo
3524 1609 3575 1663 in
3599 1624 3692 1663 ea-

2103 1695 2223 1748 dem
2265 1695 2540 1764 provincia
2592 1696 2875 1766 degentes,
2907 1707 2960 1751 et
3012 1697 3280 1767 frequenti
3329 1713 3392 1752 ac
3444 1696 3694 1753 familiari

2106 1786 2475 1840 moderatione
2524 1786 2644 1840 ﬁdei
2701 1785 3042 1842 conferentes
3084 1789 3128 1855 ’,
3184 1788 3386 1857 Optime
3437 1799 3696 1844 noverant

2031 1871 2076 1930 Β
2108 1894 2207 1945 qua
2228 1878 2525 1932 intentione
2547 1879 2882 1948 diceretque:
2907 1880 3114 1949 aliquos
3138 1881 3594 1950 hancignorantes
3618 1881 3698 1934 vi-

2101 1971 2296 2026 dentur
2320 1970 2618 2027 offendere.
2649 1971 2824 2026 Nimis
2851 1973 2996 2026 enim
3025 1989 3190 2040 grave
3213 1973 3390 2029 fuerat
3413 1989 3575 2030 sonos
3601 1992 3693 2031 se-

2100 2062 2186 2130 qui
2217 2061 2527 2128 verborum,
2558 2061 2663 2116 imo
2685 2063 2833 2132 signa
2857 2077 3113 2118 sonorum
3142 2072 3443 2118 atramento
3465 2065 3517 2119 in
3538 2066 3696 2119 char-

2103 2151 2227 2205 tulis
2242 2153 2486 2223 ﬁgurata,
2500 2163 2554 2209 et
2568 2164 2913 2208 contemnere
2927 2166 3228 2209 sanctarum
3243 2155 3692 2212 conscientiarum

2105 2244 2434 2310 testimonia,
2451 2245 2648 2311 scripta
2672 2262 2777 2300 non
2792 2254 2863 2298 att
2880 2246 3224 2312 amento,sed
3248 2246 3437 2316 spiritu
3453 2247 3546 2302 Dei
3567 2249 3693 2309 vivi,

2103 2350 2206 2408 non
2235 2334 2285 2388 in
2313 2335 2572 2388 chartulis
2593 2335 2686 2390 sed
2719 2337 2768 2389 in
2789 2335 2989 2390 tabulis
3013 2337 3320 2392 carnalibus
3342 2337 3385 2405 ³,
3409 2354 3530 2408 qua:
3559 2337 3691 2393 doc-

2103 2425 2258 2479 trinas
2287 2423 2562 2480 TheodOri
2589 2427 2956 2482 testiinonium
2992 2431 3367 2498 praeferebant.
3405 2429 3537 2485 Illud
3571 2448 3696 2487 vero

2099 2516 2221 2586 quis
2252 2517 2355 2572 nisi
2385 2517 2819 2574 illCOﬂaIdCl‘alUS
2849 2520 3054 2586 credat,
3093 2522 3196 2575 nisi
3225 2522 3506 2591 impudens
3528 2523 3690 2586 dicat,

2103 2609 2204 2664 nisi
2233 2609 2534 2670 obstinatus
2564 2608 2819 2677 afﬁrmet,
2867 2613 3009 2681 quod
3040 2626 3070 2666 a
3104 2623 3289 2668 sancta
3330 2614 3538 2685 synodo
3592 2615 3695 2687 Cy-

2104 2702 2256 2755 rillns
2281 2703 2363 2756 vel
2388 2703 2491 2757 soli
2521 2703 2711 2757 .loanni
2743 2703 3358 2776 Constantinopolitano,
3391 2721 3497 2762 non
3519 2707 3694 2762 dicam

2106 2789 2368 2858 praeferri,
2398 2794 2491 2847 sed
2527 2792 2760 2847 conferri
2788 2793 3058 2861 debuerit,
3087 2811 3192 2849 non
3217 2806 3418 2852 tantum
3448 2814 3546 2868 pro
3577 2814 3696 2854 tua-

2097 2882 2221 2952 jore
2251 2885 2563 2940 meritorum
2621 2885 2846 2940 Joinnis
2896 2888 3240 2955 auctoritate,
3287 2904 3474 2944 verum
3531 2891 3692 2944 etiam

2103 2975 2245 3042 quod
2282 2974 2350 3031 de
2399 2976 2688 3032 Theodoro
2717 2978 2820 3047 ipsi
2853 2981 3044 3050 magis,
3077 2982 3215 3034 sicut
3269 2982 3492 3052 antiquo
3520 2984 3696 3037 amico

2104 3074 2157 3118 et
2188 3081 2217 3119 a
2265 3067 2529 3136 principio
2561 3069 2955 3140 condiscipulo,
3005 3070 3232 3128 credere
3272 3073 3490 3142 debuit,
3532 3089 3693 3142 quam

2105 3155 2326 3228 Cyrillo,
2376 3175 2533 3227 quem
2569 3170 2791 3216 noverat
2829 3162 2994 3216 etiam
3028 3163 3093 3217 de
3117 3165 3232 3233 ipso
3261 3163 3465 3219 Joanne
3491 3165 3686 3219 simili-

411 3239 635 3338 ,;,mq,,e
662 3239 782 3324 ésse
813 3268 956 3324 beati
979 3268 1190 3339 Gym“,
1222 3239 1315 3322 έυι
1346 3276 1556 3330 "eum,
1586 3276 1681 3321 aut
1707 3283 1892 3322 eorum
1916 3269 1996 3320 al-
2028 3247 2074 3307 C
2108 3260 2187 3303 Ι.‹·Ι’
2211 3250 2319 3315 jam
2370 3249 2626 3306 defuncto
2666 3263 2856 3307 contra
2903 3239 3190 3323 judicium'
3216 3257 3360 3310 sedis
3390 3256 3696 3326 aposmlicae

2106 3344 2408 3410 scripsisse,
2463 3353 2522 3397 ut
2548 3359 2613 3397 ex
2676 3346 2920 3416 catalogo
2949 3348 3325 3418 episcoporum
3360 3364 3554 3403 nomen
3577 3350 3693 3416 ejus

2107 3438 2313 3490 Atticus
2341 3439 2628 3515 episcopus
2650 3438 2867 3506 jnberet
2893 3424 3116 3506 auferri,
3141 3442 3292 3512 quasi
3325 3440 3528 3510 profani
3552 3453 3606 3498 et
3626 3447 3694 3496 ah

2107 3527 2494 3580 ecclesiasticis
2544 3531 2710 3584 muris
2747 3530 2970 3596 exclusi,
3003 3545 3068 3586 eo
3110 3532 3252 3600 quod
3287 3548 3390 3587 non
3421 3545 3697 3604 oporteret

2110 3620 2420 3675 traditorem
2468 3621 2660 3676 Judam
2715 3624 2915 3679 ascribi
2939 3640 3060 3679 cum
3099 3627 3379 3697 apostolis,
3408 3645 3581 3699 neque
3609 3630 3699 3685 Je-

2107 3712 2358 3767 choniarn
2415 3713 2696 3782 expulsum
2747 3718 3125 3771 connumerari
3172 3733 3290 3772 cum
3327 3720 3494 3776 David
3519 3729 3575 3776 et
3603 3723 3698 3777 Sa-

2111 3809 2289 3863 muele
2317 3815 2375 3862 et
2424 3807 2749 3878 prophetis?
2778 3823 2938 3878 quem
2989 3819 3214 3865 noverat
3243 3812 3403 3866 etiam
3445 3815 3708 3882 praedicto

2109 3898 2399 3955 Theodoro
2419 3900 2864 3966 communicasse,
2890 3900 3064 3956 donec
3088 3911 3433 3972 superesset,
3476 3920 3576 3961 nec
3603 3923 3699 3960 nn-

2109 4006 2268 4062 quam
2321 3992 2652 4062 corripuisse
2698 3994 2992 4058 viventem,
3039 3994 3255 4063 quando
3281 4006 3337 4050 et
3391 3997 3507 4065 ipse
3534 3998 3699 4054 inter-

2114 4085 2312 4150 pretari
2345 4084 2694 4152 semetipsum
2740 4093 2946 4155 posset,
2976 4094 3030 4140 et
3064 4093 3270 4141 certum
3299 4085 3478 4144 facere
3506 4089 3551 4143 si
3572 4091 3715 4160 quid

2113 4180 2164 4231 in
2198 4179 2292 4232 illo
2321 4179 2544 4233 dubium
2594 4179 2910 4235 videretur?
2939 4180 3208 4252 Religiose
3238 4183 3418 4254 itaque
3461 4186 3708 4256 synodus.

2113 4279 2314 4342 ageret,
2343 4273 2410 4336 si,
2437 4272 2595 4327 fidem
2624 4272 2807 4344 Cyrilli
2833 4274 3135 4343 approbans
3157 4276 3211 4334 in
3232 4291 3336 4347 qua
3369 4293 3473 4333 non
3495 4279 3699 4335 dissen-

2113 4366 2182 4418 sit
2213 4378 2242 4416 a
2271 4363 2538 4428 Patribus,
2591 4362 2962 4432 suspicionem"
2985 4365 3102 4435 ejus
3129 4384 3288 4437 quam
3318 4369 3387 4425 de
3413 4371 3709 4429 Theodoro.

2111 4462 2298 4507 eontra
2331 4461 2600 4506 tantarum
2637 4453 2855 4508 Patrum
2895 4458 3190 4512 sententias
3219 4458 3424 4528 habuit,
3454 4477 3556 4517 non
3583 4477 3702 4532 pro-

2119 4549 2299 4610 baret;
2333 4547 2475 4600 sicut
2523 4549 2683 4600 etiam
2719 4547 2876 4602 ﬁdem
2907 4548 3129 4604 Joannis
3162 4553 3483 4609 Antiocheni
3520 4563 3574 4610 et
3599 4570 3702 4610 ca-

407 4643 549 4714 quod
587 4645 828 4698 eamdem
858 4643 1124 4714 synodum
1155 4642 1375 4696 minime
1401 4642 1569 4695 latere
1593 4639 1818 4708 potuerit
1849 4642 2003 4709 :quis
2033 4627 2084 4685 D
2113 4650 2346 4692 terorum
2397 4636 2759 4704 orientalium,
2833 4651 2994 4709 atque
3047 4641 3281 4697 aliorum
3322 4645 3409 4714 qui
3451 4661 3570 4700 cum
3621 4649 3700 4700 eis

407 4752 527 4791 eam
586 4737 664 4790 sic
705 4750 918 4804 quoque
957 4735 1220 4804 culparet,
1261 4734 1402 4803 quod
1435 4731 1780 4786 Theodorum
1813 4748 1917 4784 non
1950 4740 2004 4786 et

407 4831 517 4898 ipsa
569 4829 847 4897 culpavit?
894 4828 1024 4881 Nam
1067 4829 1245 4884 credis
1288 4826 1477 4898 Cyrilli
1523 4841 1644 4882 esse
1675 4826 1764 4880 illa
1816 4836 2001 4880 contra

407 4919 756 4975 'lbeodorum
813 4918 1034 4987 scripta,
1093 4920 1145 4973 in
1178 4919 1372 4987 quibus
1421 4927 1598 4972 tamen
1648 4919 1850 4973 dictum
1876 4927 2001 4970 est:

412 5030 429 5061 ε
470 5010 670 5080 Scripti
701 5017 827 5064 sunt
854 5024 880 5062 a
912 5024 1105 5078 magno
1135 5008 1421 5062 Theodoro
1449 5008 1710 5062 adversus
1770 5007 2002 5061 Ariano-

412 5118 528 5156 rum
561 5113 615 5156 et
671 5099 1128 5154 Ευηοιιίἰειιιοωιι)
1176 5103 1410 5155 haereses
1458 5100 1528 5155 ΞΟ
1562 5101 1696 5154 forte
1745 5109 1801 5155 et
1830 5101 2002 5154 adhuc

409 5193 640 5255 amplius
677 5191 828 5257 libri;
871 5203 924 5246 et
951 5191 1057 5244 alia
1095 5201 1288 5260 prmter
1320 5191 1434 5244 hinc
1466 5191 1771 5260 evangelica
1798 5202 1846 5246 et
1873 5207 2005 5257 apo-

409 5287 598 5341 stnlica
628 5286 826 5355 scripta
883 5287 1267 5352 interpretatus
1298 5292 1402 5337 est.
1438 5283 1506 5336 Et
1555 5283 1654 5337 hos
1683 5283 1896 5350 quidem
1928 5287 2004 5335 la-

412 5384 570 5435 bures
601 5378 780 5434 nullus
803 5394 967 5432 ausus
1001 5387 1084 5431 est
1110 5378 1412 5445 increpare,
1445 5375 1537 5432 sed
1568 5377 1760 5429 dextro
1790 5376 2011 5429 decreto

412 5473 689 5526 honorare
715 5470 952 5526 studium
996 5477 1269 5523 rectorum
1311 5468 1620 5535 dogmatum
1673 5467 1810 5536 ψιού
1848 5467 1900 5519 in
1930 5469 2009 5520 eis

407 5573 509 5618 est.
559 5581 581 5614 ι
613 5562 893 5629 Quomodo
924 5561 1268 5616 Theodorum
1302 5547 1568 5628 culparet,
1625 5561 1770 5612 velut
1821 5558 2013 5612 Neam-

406 5669 583 5708 riana:
617 5654 700 5709 vel
730 5653 1019 5722 cujuslibet
1052 5652 1274 5707 Ιιιυῑοδίε
1295 5653 1656 5715 inventorem,
1691 5667 1812 5706 cum
1840 5668 2015 5719 neque

493 5835 505 5864 ¹
533 5833 665 5884 Coll.
697 5831 923 5897 Verum,
950 5846 1143 5898 magum
1166 5828 1368 5898 synodi.

495 5903 516 5938 ⁸
545 5906 684 5967 Idem
714 5903 857 5962 cod..
912 5919 970 5956 uc
1024 5902 1270 5973 [ttilllllttt‘l
1308 5914 1535 5955 sermone
1568 5900 1627 5953 de
1665 5900 1861 5952 ratione
1887 5898 2012 5958 ﬁdei

2113 4731 2379 4796 Ephesum
2404 4745 2468 4784 ex
2495 4729 2726 4806 diversis
2755 4732 3040 4798 provinciis
3063 4743 3428 4789 convenerant
3450 4737 3701 4791 sacerdo-

2112 4834 2223 4878 tum
2249 4821 2578 4893 approbans,
2611 4821 2664 4877 in
2696 4838 2798 4892 qua
2833 4838 2940 4878 non
2969 4823 3340 4881 dissenserunt
3366 4843 3394 4880 a
3429 4826 3698 4896 Patribus,

2112 4917 2474 4986 suspicionem
2513 4931 2700 4971 eorum
2749 4931 2909 4986 quam
2950 4917 3019 4972 de
3049 4919 3164 4984 ipso
3190 4919 3347 4974 beato
3372 4919 3573 4989 Cyrillo
3606 4922 3701 4976 ha-

2115 5012 2344 5065 buerant
2393 5009 2720 5080 improbavit
2760 5027 2771 5062 :
2815 5009 3111 5076 prmsertim
3161 5011 3283 5080 quia
3311 5013 3353 5064 si
3406 5013 3701 5075 credidisse

2111 5103 2323 5157 dicatur
2367 5102 2456 5157 illa
2502 5101 2741 5172 synodus
2810 5102 3243 5170 Mopsuesteuum
3276 5103 3619 5158 Theodorum
3673 5120 3701 5154 a

2113 5197 2269 5249 beato
2290 5194 2492 5265 Cyrillo
2516 5196 2809 5264 culpatum,
2843 5195 3022 5263 negari
3048 5208 3154 5247 non
3189 5195 3356 5261 pOSsit
3378 5195 3517 5264 quod
3536 5196 3706 5252 etiam

2112 5299 2357 5340 sanctum
2410 5286 2697 5341 Diodorum
2747 5286 2904 5339 simul
2936 5285 3004 5339 ab
3046 5300 3112 5339 eo
3163 5289 3550 5352 reprehensum
3588 5303 3708 5341 ess-"ct

2113 5357 2420 5431 crediderit.
2475 5377 2630 5442 Nam,
2688 5376 2828 5430 sicut
2878 5386 3068 5444 quarto
3101 5376 3703 5441 libromemoravinm~,

2120 5485 2255 5522 unus
2285 5482 2368 5523 est
2393 5469 2697 5538 quicunque
2723 5470 2974 5523 credatur
3005 5467 3366 5536 reprehensor
3395 5470 3704 5535 amborum,

2121 5562 2172 5610 in
2199 5559 2387 5612 eodem
2420 5575 2588 5627 opere
2630 5569 2686 5613 et
2716 5558 2768 5612 in
2823 5558 3008 5612 eadem
3075 5559 3195 5613 fidei
3226 5574 3386 5613 causa
3422 5561 3707 5628 utriusque

2122 5653 2318 5718 pariter
2371 5651 2642 5718 culpatis:
2677 5661 2731 5706 et
2773 5651 2972 5704 ideirco
3025 5651 3070 5705 si
3120 5651 3280 5708 nullte
3339 5651 3568 5710 fuissent
3611 5670 3705 5721 pro

2117 5827 2278 5887 (ληίδ’
2294 5837 2446 5878 t‘lllr’s.

2190 5905 2209 5929 "
2243 5902 2384 5952 Ideni
2416 5898 2560 5954 Lod.
2586 5898 2752 5950 tanta
2785 5898 3089 5954 carnalibus.
