4094 6496
391 292 489 353 731

1461 294 1757 373 FACUNDI
1800 289 1969 346 ωε(

2075 288 2555 350 ΙΕΒΜιᾹΝΕΝΒιΒ
3553 298 3679 356 πεη

390 414 677 473 ‘l‘heodoro
707 417 921 471 Patrum
972 414 1271 478 sementim,
1304 429 1432 482 quas
1474 412 1657 482 procul
1687 410 1852 466 dubio
1880 422 1968 477 sy-
1999 404 2052 466 Δ
2078 406 2392 464 Ne~toriano
2413 413 2659 481 dogmate
2682 415 2992 469 criminari?
3019 415 3131 471 Non
3150 417 3535 488 arbitrorquod
3554 419 3655 477 hoc

394 508 568 563 nodus
593 508 945 577 impugnaret,
971 506 1016 559 si
1048 521 1168 560 eum
1207 503 1573 559 condemnare
1595 508 1970 571 prmsumeret;

393 600 736 667 perspicuum
781 607 863 651 est
905 598 1045 666 quod
1093 598 1234 664 juste
1285 612 1391 651 non
1428 605 1608 664 posset
1636 593 1837 661 absque
1862 606 1974 644 ma-

393 690 562 758 gistro
612 704 708 743 suo
736 688 970 743 Diodoro
1015 688 1330 743 Theodorus
1372 685 1665 754 discipulus
1694 699 1756 738 ex
1788 680 1972 751 Cyrilli

393 781 708 835 auctoritate
760 778 1025 835 damnari.
1078 778 1368 834 Diodorum
1397 791 1532 833 vero
1574 777 1827 829 damnare
1866 786 1971 824 non

393 882 573 939 posset
599 887 630 923 a
659 870 865 937 magnis
898 869 1151 923 Ecclesia:
1203 869 1510 932 luminibus,
1564 865 1705 918 sicut
1733 861 1974 917 ostendi-

391 977 532 1025 mus,
562 961 931 1029 pradicatum,
964 961 1016 1014 id
1047 967 1131 1015 est
1158 961 1225 1015 ab
1259 959 1573 1022 Athanasio,
1605 955 1765 1009 Petro
1793 965 1848 1008 et
1886 951 1977 1005 'l'i-

394 1058 611 1110 mutheo
661 1054 1038 1111 Alexandrinis
1094 1055 1381 1123 episcopis,
1434 1067 1460 1103 a
1491 1050 1688 1104 Basilio
1710 1048 1973 1102 Caesarea:

389 1147 765 1217 Cappadocia,
794 1161 826 1200 a
859 1146 1067 1201 Joanne
1108 1141 1722 1207 ConstantinOpolitauo,
1754 1140 1820 1192 ab
1851 1136 1978 1203 Epi-

392 1238 591 1307 phanio
621 1237 837 1307 Cyprio,
874 1235 943 1290 ab
982 1235 1250 1304 episcopis
1291 1232 1529 1304 Egyptiis
1564 1227 1974 1284 'confessorihns

389 1326 493 1380 sub
524 1326 746 1380 Valente
796 1325 1119 1391 imperatore
1152 1324 1203 1377 in
1232 1321 1478 1377 exsilium
1529 1318 1740 1383 missis;
1774 1315 1975 1369 haben-

389 1424 493 1469 tem
522 1412 683 1469 etiam
720 1428 969 1483 magnum
1000 1412 1364 1468 testimonium
1392 1404 1971 1475 Constantinopolitani

390 1509 650 1564 adversus
696 1509 1062 1564 Macedonium
1116 1506 1421 1577 congregati
1450 1503 1697 1570 concilii,
1730 1503 1815 1558 cui
1848 1516 1969 1556 eum

390 1599 702 1654 interfuisse
744 1600 1080 1654 manifestum
1127 1608 1243 1661 est;
1282 1607 1335 1650 et
1364 1596 1736 1663 religiosorum
1768 1592 1969 1662 princi-

390 1707 514 1760 pmn
561 1691 823 1759 Gratiani,
880 1689 1237 1745 Valentiniani
1279 1701 1332 1744 et
1375 1686 1594 1757 majoris
1647 1683 1970 1749 Theodosii;

2079 511 2262 567 aperte
2294 504 2575 572 palamque
2625 516 2970 573 prtesumant.
3000 508 3147 562 Sicut
3181 524 3308 578 ergo
3337 511 3418 566 lex
3443 520 3651 567 natura-

2078 593 2144 645 lis
2173 610 2274 646 una
2298 603 2353 649 et
2408 607 2515 650 tota
2557 597 2607 650 in
2660 597 2892 652 hominis
2923 607 3102 653 mente
3131 601 3326 664 defixa,
3355 602 3510 672 cujus
3540 620 3651 657 mc-

2079 682 2234 736 mittit
2263 684 2517 738 Dominus
2546 687 2600 741 in
2630 685 2918 755 Evangelia
2940 687 3125 743 dicens
3158 707 3170 742 :
3200 690 3385 745 Omnia
3409 709 3652 762 quwcun-

2075 789 2173 839 que
2200 773 2353 828 vultis
2387 785 2438 827 ut
2482 778 2675 843 {ac'ant
2715 777 2849 829 vobis
2877 777 3126 836 homines.
3162 788 3208 831 et
3230 796 3314 833 vos
3363 782 3517 849 facile
3541 786 3610 835 eis
3631 797 3650 834 :

2077 862 2184 916 Iurc
2212 875 2284 918 est
2316 866 2448 919 enim
2490 868 2571 920 (ex
2595 876 2643 921 et
2681 866 2941 937 propheta:
2964 868 3175 937 (Jlauh.
3208 886 3301 934 vu,
3329 869 3449 942 1‘2);
3485 873 3650 928 multo

2078 956 2270 1010 fortior
2294 958 2564 1012 invenitur
2583 975 2740 1026 quant
2789 974 2854 1015 ea
2883 975 3001 1029 qua:
3031 957 3164 1015 foris
3218 962 3444 1018 habetur
3475 963 3527 1018 in
3560 966 3648 1019 lit-

2081 1049 2208 1103 teris
2242 1068 2253 1102 :
2289 1049 2354 1103 ab
2380 1049 2468 1103 illa
2497 1051 2694 1119 quippe
2735 1051 2994 1106 interiore
3024 1054 3206 1121 regula
3233 1053 3643 1120 descenderunt,

2076 1149 2130 1194 ct
2157 1141 2299 1194 illius
2331 1151 2510 1208 partes
2533 1151 2658 1195 sunt
2681 1141 2891 1210 singula
2914 1157 3141 1212 qumque
3165 1145 3317 1212 nobis
3347 1142 3646 1200 forinsecus

2077 1229 2353 1300 inscripto
2401 1231 2522 1283 data
2577 1246 2672 1298 pro
2703 1233 2845 1300 lege;
2878 1247 2977 1290 nec
3010 1234 3190 1288 omnia
3213 1236 3432 1290 colleCta
3462 1239 3641 1304 simul,

2078 1324 2159 1378 vel
2184 1324 2343 1376 etiam
2377 1323 2748 1391 multiplicata,
2778 1335 3002 1391 possunt
3049 1342 3355 1382 mensuram
3396 1329 3536 1384 illius
3565 1332 3644 1385 in-

2078 1415 2295 1471 terioris
2323 1416 2601 1471 excedere.
2633 1417 2704 1470 Ita
2735 1417 2921 1472 fortius
2944 1426 3028 1472 est
3050 1436 3209 1473 unum
3234 1421 3363 1476 illud
3390 1425 3643 1492 generale

2076 1507 2441 1561 testimonium
2472 1506 2750 1573 Ecclesiae,
2776 1522 2898 1577 qua:
2928 1508 3194 1564 nemiuem
3219 1526 3447 1581 unquam
3479 1527 3643 1581 expu-

2079 1599 2138 1652 lit
2166 1608 2256 1651 ant
2270 1596 2533 1667 judicavit
2562 1598 2898 1663 haareticnm,
2925 1598 3026 1652 nisi
3056 1600 3383 1669 correptioni
3410 1604 3647 1671 pertina-

2077 1692 2213 1747 citer
2244 1693 2616 1757 resistentem;
2649 1708 2807 1761 quam
2842 1694 3006 1747 multa
3056 1708 3175 1762 qua:
3204 1705 3408 1750 semote
3432 1712 3496 1750 ac
3538 1698 3645 1765 pri-

389 1787 585 1843 Juliani
616 1787 848 1857 denique
877 1786 1220 1855 imperatoris
1257 1793 1537 1854 apostatae,
1569 1779 1969 1849 reprchcndcu-
2000 1760 2046 1820 Β
2077 1784 2238 1837 vatim
2268 1792 2537 1838 certarum
2570 1760 2919 1854 personarum
2947 1799 3042 1855 pro
3076 1760 3306 1841 biodoro
3332 1760 3638 1841 Theodoro

388 1880 456 1933 lis
478 1878 618 1949 quod
654 1879 819 1932 Deum
870 1889 1053 1931 natum
1097 1875 1165 1930 de
1196 1874 1399 1943 virgine
1446 1870 1729 1936 fateretur,
1753 1869 1972 1940 etquod

388 1971 570 2025 Jesum
603 1971 882 2024 Galilaanm
934 1982 987 2023 et
1028 1969 1191 2023 Deum
1246 1975 1506 2022 attentum
1565 1964 1878 2033 praedicaret
1916 1971 1971 2016 et

389 2072 679 2116 mortuum.
710 2062 938 2116 Proinde
963 2076 1085 2115 eum
1108 2070 1290 2113 sancta
1320 2059 1557 2131 synodus
1577 2065 1759 2112 contra
1782 2057 1971 2112 horum

390 2153 694 2209 testimonia
728 2153 1012 2206 DiOdanln
1047 2153 1409 2206 tondemnare
1437 2150 1741 2204 nullatenus
1766 2154 1969 2217 posset,

389 2244 659 2312 quomodo
683 2243 1024 2298 Theodorum
1051 2243 1167 2311 ejus
1195 2241 1535 2310 discipulum,
1568 2240 1652 2294 vel
1683 2240 1752 2308 si,
1783 2250 1839 2294 ut
1859 2239 1973 2294 dic-

395 2349 505 2391 ttuu
528 2346 634 2403 est,
664 2338 826 2392 nullis
874 2335 1155 2391 fulciretur
1195 2327 1417 2389 Patrum
1463 2333 1807 2398 testimoniis,
1836 2347 1968 2388 con~

390 2431 687 2493 tletunaret,
723 2444 880 2498 quem
912 2428 1028 2482 sine
1059 2428 1314 2496 magistro
1347 2427 1463 2480 hzrc
1491 2427 1679 2480 eadem
1701 2424 1972 2480 sentiente

386 2522 529 2591 ju~te
558 2521 919 2575 condemnare
951 2536 1054 2573 non
1108 2517 1328 2587 posset?
1373 2517 1556 2586 Itaque
1604 2516 1737 2570 nihil
1769 2524 1853 2570 est
1876 2529 1973 2570 cur

388 2629 453 2667 ex
487 2612 569 2667 his
611 2627 731 2682 qua:
767 2611 961 2665 dicitur
981 2611 1170 2665 beatus
1197 2608 1430 2679 Cyrillus
1472 2607 1754 2687 scripsisse
1785 2615 1971 2662 contra

388 2703 729 2759 Theodorum
771 2702 1005 2775 synodus
1050 2701 1493 2772 reprehendatur,
1551 2699 1691 2769 quod
1725 2699 1826 2754 lhtc
1858 2700 1974 2768 epi-

388 2796 585 2850 stolam
630 2794 815 2849 laudes
861 2794 979 2862 ejus
1007 2794 1376 2847 continentem
1404 2788 1764 2859 pronuntiavit
1788 2790 1975 2843 ortho-

386 2885 577 2941 doxam
612 2904 623 2938 :
653 2886 866 2956 quando
892 2885 935 2939 si
964 2885 1125 2939 etiam
1147 2893 1333 2938 contra
1364 2880 1705 2935 Theodorum
1728 2879 1972 2935 scribens

385 2977 620 3048 Cyrillus
650 2976 779 3029 nihil
813 2989 908 3043 pro
932 2972 1216 3028 Theodoro
1238 2970 1521 3035 scriberet,
1544 2968 1805 3023 laudanda
1827 2980 1971 3024 esset

391 3084 519 3123 sana
550 3068 687 3123 ratio
721 3067 1046 3132 libertasque
1074 3061 1287 3120 concilii
1317 3060 1793 3128 Chalcedonensis,
1823 3063 1965 3130 quod

2073 1888 2176 1943 que
2226 1875 2543 1942 protulimus
2585 1892 2597 1928 :
2640 1884 2822 1944 partes
2873 1877 3013 1930 enim
3048 1886 3172 1930 sunt
3221 1884 3276 1930 et
3321 1877 3434 1943 ipsa
3490 1876 3647 1932 unius

2078 1967 2367 2023 testimonii
2390 1967 2657 2033 generalis
2690 1967 2965 2031 Ecclesim,
2997 1975 3052 2022 et
3092 1969 3485 2038 quantumlibet
3512 1972 3647 2022 mul-

2074 2057 2404 2128 tiplicemur,
2454 2056 2571 2127 ejus
2601 2058 2971 2113 auctoritatem
3001 2073 3062 2113 ac
3088 2059 3371 2114 terminum
3422 2076 3524 2114 non
3557 2077 3650 2115 cx~

2075 2150 2286 2206 cedent.
2317 2150 2424 2205 Sed
2464 2151 2935 2220 quemadmodum,
2966 2166 3087 2206 cum
3118 2150 3260 2206 illam
3289 2162 3526 2206 naturam
3556 2155 3569 2183 ³
3598 2162 3649 2207 ι-ι

2078 2241 2391 2297 interiorem
2439 2242 2636 2313 legem,
2667 2258 2784 2313 quae
2813 2251 2923 2297 tota
2953 2243 3116 2299 simul
3165 2255 3264 2311 ρει,
3299 2245 3458 2300 homo
3485 2245 3641 2300 dese-

2074 2342 2221 2389 reret
2272 2334 2326 2387 in
2356 2334 2622 2389 exteriora
2675 2333 2964 2404 delapsus;
3018 2350 3153 2405 opus
3190 2346 3308 2390 erat
3336 2336 3644 2392 intimorum

2074 2435 2502 2495 eontemptorem
2547 2427 2905 2496 particulatim
2936 2429 2956 2460 ¹
2986 2429 3190 2498 privata
3218 2430 3539 2497 scriptorum
3569 2439 3643 2483 tc-

2068 2516 2398 2586 stilicatione
2452 2519 2774 2575 convincere
2811 2536 2826 2573 :
2860 2534 2964 2576 non
3016 2520 3159 2590 quod
3204 2535 3384 2590 partes
3411 2530 3542 2585 toto,
3595 2533 3649 2576 et

2075 2611 2319 2665 membra
2349 2609 2600 2667 universo
2631 2626 2730 2667 suo
2756 2612 2968 2680 corpori
2992 2612 3371 2679 praeferamus;
3404 2613 3496 2667 sed
3525 2614 3648 2683 quia

2074 2701 2482 2756 conveniendus
2524 2701 2627 2757 hoc
2677 2702 2836 2758 modo
2891 2702 3299 2759 calumniitores
3329 2719 3532 2773 magum
3561 2720 3650 2776 ε]-

2075 2793 2199 2849 nodi
2214 2794 2572 2865 judicavimus
2588 2793 2913 2851 refellendos
2934 2811 2948 2849 :
2974 2796 3050 2850 sic
3069 2810 3167 2849 nec
3187 2795 3208 2826 ³
3237 2796 3475 2866 generali
3502 2812 3649 2868 sym-

2076 2887 2202 2941 bolo
2236 2886 2360 2941 fidei
2391 2886 2716 2942 CltriStiana:
2746 2902 2851 2957 qua
2878 2885 2901 2918 ⁸
2928 2887 3225 2954 initiamur,
3253 2888 3540 2958 quidquam
3571 2899 3652 2946 est

2079 2980 2290 3045 fortius,
2316 2979 2565 3051 quamvis
2592 2980 2796 3050 scripto
2817 2995 2921 3035 non
2955 2980 3194 3034 tradatur
3220 2997 3236 3047 ;
3277 2989 3644 3035 verumtamen

2077 3074 2334 3131 adversus
2408 3084 2754 3143 corruptores
2826 3074 3188 3143 intelligentiae
3247 3084 3301 3129 et
3366 3075 3580 3128 virtutis
3634 3080 3649 3102 '

388 3177 492 3217 ιιοη
516 3162 566 3214 in
594 3168 704 3215 ῑυιυ
728 3154 1353 3231 Cyrillymapprobarm;
1383 3170 1503 3208 cum
1536 3154 1783 3208 κυάθων
1803 3155 1963 3210 (“iam
1993 3131 2040 3195 C
2074 3169 2212 3237 ejus,
2245 3168 2444 3221 utimur
2480 3167 2644 3221 etiam
2677 3166 2896 3236 privatis
2935 3166 3257 3222 testimoniis
3286 3166 3499 3221 Patrum
3526 3182 3644 3236 qua:

393 3251 540 3305 Pauli
574 3248 783 3304 minimi
814 3248 1181 3317 apostolorum
1206 3260 1336 3299 sana
1366 3245 1498 3299 ratio
1528 3253 1686 3312 atque
1721 3244 1961 3311 libertas,

391 3344 533 3413 quod
569 3342 786 3397 Petrum
819 3338 1182 3408 apostolorum
1217 3337 1443 3406 prinmm
1475 3335 1762 3390 adductum
1788 3336 1841 3389 in
1873 3337 1969 3406 hy-

389 3434 639 3503 pocrisim
664 3441 717 3486 et
749 3447 851 3484 non
896 3439 1042 3486 recta
1070 3429 1150 3483 via
1204 3428 1543 3483 incedente-tn
1594 3428 1659 3480 ad
1687 3427 1965 3482 veritatem

396 3522 671 3592 Evangelii
702 3522 926 3576 fidenter
955 3521 1285 3589 improbans,
1313 3519 1364 3573 iu
1412 3516 1603 3574 faciem
1636 3518 1712 3572 illi
1738 3519 1963 3587 restitit,

389 3628 623 3682 rumque
651 3627 829 3667 coram
863 3611 1109 3666 omnibus
1137 3625 1315 3665 coram
1346 3608 1665 3678 objurgavit.
1696 3610 1810 3665 Non
1842 3625 1970 3679 ergo

391 3722 584 3761 novum
632 3705 919 3771 videretur,
971 3718 1070 3758 rec
1115 3703 1355 3772 religioni
1403 3702 1723 3758 Christiana:
1749 3713 1965 3758 contra-

390 3800 547 3862 rium,
582 3805 637 3850 ut
666 3807 851 3853 contra
899 3807 1162 3849 tantorum
1209 3795 1422 3849 l‘atrum
1470 3797 1764 3851 sententias
1792 3795 1970 3868 Cyril-

390 3890 498 3943 lum
531 3898 712 3942 sancta
745 3898 799 3941 et
850 3902 1040 3955 magna
1074 3886 1162 3940 illa
1190 3886 1428 3955 synodus
1468 3902 1576 3940 non
1628 3887 1895 3954 acciperet
1919 3888 1969 3942 in

389 4000 551 4041 causa
583 3981 878 4049 Theodori,
912 3982 1052 4037 sient
1097 3996 1269 4051 neque
1294 3980 1349 4036 in
1395 3994 1555 4036 causa
1587 3978 1971 4039 Constantino-

389 4079 611 4149 politani
638 4077 858 4134 Joannis
889 4075 1256 4144 accipiendum
1280 4088 1401 4129 esse
1431 4074 1549 4142 quis
1579 4072 1728 4128 dicit.

989 4186 1216 4241 CAPUT
1261 4184 1368 4239 Vll.

387 4282 539 4349 Quod
567 4283 609 4335 si
634 4291 894 4346 suspectus
935 4281 995 4332 de
1035 4278 1218 4331 ltwresi
1274 4278 1451 4349 fuisset
1496 4274 1816 4349 Theodorus,
1864 4280 1976 4349 ejus

455 4355 693 4419 temporis
727 4351 909 4405 Patres
937 4351 988 4402 id
1018 4350 1225 4402 minime
1304 4347 1733 4419 dissimulassent,
1766 4347 1973 4419 etquod

458 4417 663 4475 illorum
690 4424 859 4490 potius
887 4436 1043 4487 quant
1071 4419 1253 4489 Cyritti
1282 4420 1435 4471 unius
1469 4418 1534 4471 de
1558 4417 1975 4474 Theodoro‘sen-

456 4496 626 4547 tentia:
649 4492 955 4544 credendum
985 4491 1070 4543 sit.

457 4602 606 4670 Quod
637 4601 682 4656 si
714 4600 869 4655 nobis
891 4599 943 4652 in
967 4598 1331 4654 defensionem
1356 4598 1523 4669 ipsius
1549 4614 1752 4670 magnae
1776 4600 1965 4672 synodi

384 4696 544 4752 etiam
578 4695 791 4749 illorum
815 4691 1025 4746 Patrum
1056 4690 1107 4744 in
1139 4691 1339 4760 scriptu
1360 4692 1662 4746 tesrimoniu
1691 4692 1964 4758 deessent,

382 4785 575 4855 quibus
609 4783 1018 4840 commendatur
1049 4782 1180 4836 fides
1235 4792 1392 4851 atque
1423 4783 1666 4837 doctrina
1720 4782 1960 4847 Diodori,

381 4881 497 4934 sine
518 4891 624 4946 quo
662 4875 1002 4930 Theodorum
1031 4874 1310 4927 docuimus
1331 4872 1476 4942 juste
1502 4888 1606 4927 non
1632 4887 1790 4942 posse
1814 4872 1964 4929 dam-

383 4971 497 5025 nari
529 4988 540 5021 :
573 4968 806 5037 nunquid
837 4964 1693 5035 culpabilisjudicaridebetquod
1710 4966 1964 5021 Ecclesize

383 5061 741 5116 testimonium
758 5074 863 5113 non
878 5056 1219 5125 contempsit,
1235 5057 1284 5109 in
1298 5054 1445 5124 cujus
1461 5066 1709 5124 perpetua
1726 5069 1857 5124 pace
1873 5070 1965 5109 ex-

382 5152 594 5208 cellenzi
609 5153 808 5206 honore
822 5146 1502 5215 Diodorus'flteodornsque
1526 5146 1969 5201 manseruut‘taut

384 5244 524 5300 illius
547 5242 803 5312 temporis
819 5242 1132 5307 Ecclesium,
1162 5254 1283 5293 cum
1299 5252 1469 5307 neque
1486 5237 1660 5293 adhuc
1677 5237 1963 5308 Eutychos,

382 5351 557 5405 neque
570 5334 846 5390 Nestorius
858 5345 997 5390 esset
1011 5342 1248 5397 exortus,
1267 5332 1580 5404 Eutychiani
1611 5331 1877 5387 audebunt
1900 5332 1969 5385 de

458 5490 472 5519 ¹
505 5486 637 5542 Cod.
663 5488 885 5549 \’cron..
910 5490 1213 5542 naturalem.

456 5557 479 5588 ²
500 5558 639 5611 Idem
672 5561 816 5624 t'otl.,
846 5562 1191 5627 particulatim
1220 5560 1501 5625 forinsecus
1549 5561 1812 5613 admoueri
1843 5578 1861 5615 .‘
1887 5563 1955 5614 ita

381 5645 476 5683 nos
501 5642 695 5695 quoque
719 5632 1059 5683 necessarium
1084 5628 1321 5684 duximus
1350 5642 1714 5695 contemptores
1746 5647 1959 5699 generu-

383 5700 447 5753 fis
474 5701 759 5777 etpublirtv
807 5704 1118 5756 auctoritatis
1166 5700 1403 5754 Ιίτιθιιιδὶλν
1450 5704 1797 5769 particulatim
1848 5703 1954 5771 ,n't'~

384 5779 519 5832 sata,
547 5779 650 5823 ctc.

2003 4515 2052 4574 Ι)

2070 3259 2414 3316 continentur
2445 3259 2496 3313 in
2525 3259 2877 3328 script0,cum
2905 3268 2959 3314 et
2973 3261 3148 3313 omnia
3169 3258 3256 3313 illa
3289 3257 3376 3313 uni
3403 3260 3638 3329 generali

2071 3351 2318 3422 symbolo
2366 3351 2622 3418 serviant,
2654 3367 2753 3408 nec
2795 3351 3043 3422 prarfixos
3067 3352 3324 3408 terminos
3345 3351 3461 3423 ejus
3484 3368 3641 3408 cxce-

2071 3447 2219 3501 dant.
2250 3445 2323 3500 Et
2347 3445 2485 3510 ideo,
2519 3445 2657 3502 sicut
2679 3442 2880 3501 dictum
2911 3455 3014 3511 est,
3046 3447 3131 3502 vel
3149 3443 3205 3501 'si
3230 3445 3384 3501 nobis
3402 3446 3649 3501 deessent

2076 3539 2191 3595 hinc
2217 3539 2520 3594 testimonia
2572 3539 2787 3593 Patrum
2815 3537 3008 3594 litteris
3030 3537 3415 3603 commendata,
3446 3554 3565 3608 qua:
3596 3539 3647 3593 in

2076 3635 2552 3704 propugnationem
2577 3635 2597 3666 ³
2617 3632 2806 3705 synodi
2833 3632 3285 3688 Chalcedonensis
3304 3648 3398 3700 pro
3415 3631 3646 3686 Diodoro

2073 3728 2463 3799 Theodoroque
2492 3726 2829 3797 protulimus,
2854 3741 3011 3783 nemo
3030 3725 3243 3796 sapiens
3265 3725 3483 3791 diceret,
3504 3725 3643 3794 quod

2075 3829 2168 3874 aut
2191 3819 2583 3890 reiigiosiorem
2607 3833 2666 3874 se
2694 3827 2787 3873 aut
2815 3819 3199 3887 sapientiorem
3225 3816 3427 3872 eisdem
3451 3818 3650 3871 sanctis

2078 3913 2322 3972 Patribus
2352 3922 2405 3971 et
2449 3913 2632 3970 multis
2661 3911 2782 3967 aliis
2811 3911 3035 3967 credere
3075 3910 3369 3981 debuisset,
3397 3908 3485 3983 qui
3520 3919 3649 3963 tetu-

2077 4010 2293 4077 porihus
2337 4006 2553 4062 Diodori
2592 4018 2751 4077 atque
2777 3998 3048 4060 Thc'edori
3088 4004 3343 4060 Ecclesia:
3368 4003 3457 4059 Dei
3489 4004 3645 4058 lumi-

2079 4103 2287 4158 narium
2314 4101 2432 4155 vice
2473 4101 2761 4166 fulserunt;
2795 4106 2854 4153 ut
2882 4112 3017 4168 quos
3063 4096 3139 4153 illi
3165 4098 3401 4152 viventes
3430 4114 3532 4151 non
3560 4111 3652 4151 ex-

2075 4196 2370 4261 cluserunt,
2404 4190 2617 4261 quando
2646 4190 2813 4259 magis
2841 4198 3058 4258 possent
3086 4188 3219 4245 alios
3246 4173 3588 4256 corrumpere
3607 4188 3650 4243 si

2078 4288 2303 4341 fuissent
2332 4283 2594 4349 haeretici,
2630 4282 2712 4351 pia
2741 4282 2981 4353 synodus
3033 4296 3097 4336 ac
3137 4279 3383 4349 religiosa
3413 4289 3650 4334 mortuos

2078 4378 2322 4434 crederet
2351 4375 2719 4432 excludendos
2753 4390 2768 4430 :
2793 4389 2914 4428 cum
2944 4371 2991 4427 si
3021 4371 3218 4439 aliquid
3242 4371 3293 4425 in
3317 4386 3500 4426 eorum
3532 4385 3651 4425 ver-

2079 4472 2160 4526 bis
2199 4469 2458 4540 quosdam
2506 4468 2780 4523 videretur
2828 4465 3123 4531 oﬂ’endere,
3182 4464 3287 4517 alia
3344 4461 3517 4532 potius
3558 4475 3649 4516 es

2076 4562 2301 4619 credere
2324 4559 2572 4616 debuerit
2613 4558 2910 4612 intentione
2932 4556 3154 4621 dixisse,
3195 4567 3285 4608 aut
3314 4552 3651 4609 familiariter

2071 4652 2374 4707 admonitos
2406 4652 2458 4704 in
2481 4651 2600 4719 ipso
2628 4660 2868 4717 tempore
2902 4648 3236 4707 correxisse;
3269 4659 3427 4713 quam
3452 4654 3651 4698 senet-

2073 4750 2249 4814 ipsum
2275 4745 2298 4778 ‘
2325 4745 2583 4816 religione
2631 4743 2721 4796 vel
2745 4738 3004 4810 sapientia
3040 4750 3144 4792 tam
3177 4738 3358 4791 multis
3390 4752 3651 4791 veneram

2070 4836 2153 4892 dis
2186 4834 2431 4890 Patribus
2471 4830 2763 4888 anteferre.
2795 4830 3077 4898 Nunquam
3106 4829 3267 4893 enim,
3298 4831 3434 4881 sicut
3462 4826 3650 4882 didici-

2072 4944 2211 4997 mus,
2246 4935 2419 4982 tanlos
2445 4940 2509 4979 ac
2539 4925 2673 4979 tales
2702 4922 2862 4978 simul
2897 4921 3083 4976 habuit
3111 4921 3363 4975 doctores
3390 4919 3649 4982 Ecclesia,

2074 5036 2300 5098 quantos
2322 5032 2375 5080 et
2405 5025 2590 5093 quales
2623 5018 2840 5074 Diodori
2883 5015 3265 5084 Tltcodorique
3298 5014 3645 5083 temporibus.

2077 5119 2143 5176 Ut
2174 5118 2314 5173 enim
2358 5123 2575 5185 propter
2620 5112 2812 5178 lingua:
2866 5106 3229 5162 diversitatem
3265 5104 3651 5160 scientissimus

2074 5209 2219 5264 viros
2290 5204 2541 5260 Ecclesia!
2608 5197 2955 5255 occidentalis
3010 5197 3289 5259 uruiltam,
3349 5208 3650 5265 quanquam

2077 5300 2231 5357 multi
2260 5314 2323 5352 ex
2350 5296 2455 5351 illis
2483 5295 2644 5350 etiam
2676 5292 2730 5346 in
2761 5288 2949 5345 Grtcco
2974 5288 3169 5343 eruditi
3199 5298 3381 5343 essent
3409 5287 3643 5357 clnqnio,

2140 5483 2159 5514 ³
2189 5481 2333 5534 ldem
2366 5476 2510 5539 cod.,
2543 5473 2674 5527 sicut
2697 5489 2805 5525 nec.

2139 5554 2157 5582 ³
2189 5554 2328 5607 [tum
2358 5547 2503 5609 cutl.,
2532 5562 2629 5608 quo
2652 5543 2965 5612 (symbolo).

2139 5625 2160 5655 ⁸
2191 5623 2328 5675 Idem
2357 5617 2504 5673 cotl.,
2543 5616 2918 5684 purgatitment.

2143 5697 2163 5727 ⁸
2189 5694 2326 5745 ε(1ο·ιιι
2353 5689 2497 5743 υκαι..
2528 5688 2869 5752 setttclipsnm.

2140 5772 2154 5787 '
2190 5771 2267 5818 .th
2298 5761 2561 5814 veritatis?
