4094 6502
372 381 473 436 7.33

367 511 419 553 tu
513 494 730 551 Diodori
818 507 977 567 atque
1061 497 1332 552 Theodori
1424 500 1621 568 scripta

370 588 720 644 lntentionem
801 603 988 642 eorum
1083 603 1411 658 cognoscere
1477 589 1831 659 potuissent;
1908 595 1964 640 ιιι

370 693 690 753 praeteream
720 691 774 736 et
801 681 924 736 illos
958 681 1178 737 Cra-cia:
1217 681 1560 736 doctissimos
1589 682 1680 751 qui
1725 680 1960 749 episcopi

372 792 475 829 non
520 774 758 841 fuerunt,
814 789 938 828 cum
968 774 1048 829 eis
1093 775 1422 845 Athanasius
1469 776 1694 840 interea,
1738 773 1960 841 Petrus,

371 869 687 924 'l‘imotheus
747 883 808 922 ac
874 868 1204 937 Theophilus
1284 869 1745 934 Alexandriniin
1813 867 1960 920 verbi

372 959 753 1028 praedicatione
812 959 1110 1028 degerunt;
1179 959 1372 1014 deinde
1423 960 1673 1015 Melctius
1729 970 1785 1015 et
1841 960 1965 1014 Fla-

372 1051 562 1103 \ianus
608 1049 934 1105 Antiocheni
963 1066 978 1114 ;
1030 1049 1310 1104 Nectarins
1350 1067 1586 1120 quoque,
1619 1061 1670 1104 et
1698 1049 1958 1113 Joannes,

374 1152 424 1193 et
454 1141 662 1194 Atticus
693 1141 1314 1208 Constantinopolitani;
1355 1141 1762 1209 Amphilochius
1801 1127 1962 1195 etiam

374 1229 688 1294 Iconiensis,
733 1231 1067 1300 Epiphanius
1098 1232 1347 1302 Cyprius,
1403 1233 1630 1287 Basilius
1669 1234 1965 1287 Caesarien-

375 1326 448 1376 sis
478 1321 849 1392 Cappadociae,
896 1331 951 1376 et
982 1323 1096 1390 ejus
1125 1322 1288 1376 frater
1333 1323 1620 1390 Gregorius
1666 1322 1961 1392 Nysscnns,

378 1411 668 1480 Gregorius
701 1410 1071 1466 Nazianzenus
1103 1411 1365 1476 Gelasius,
1422 1414 1769 1468 Caesariensis
1801 1415 1967 1468 Palte-
2017 1403 2027 1419 ⁸

377 1502 560 1574 stitio,
612 1501 929 1556 'I‘lieutimus
979 1503 1314 1557 Tomitianus
1343 1506 1374 1540 “
1419 1504 1654 1575 Scythim
1692 1525 1704 1557 :
1737 1523 1964 1575 quorum

380 1609 540 1650 nemo
593 1595 881 1650 L‘iodorum
914 1605 936 1632 ο
967 1596 1255 1666 aliquando
1291 1598 1306 1627 ¹
1341 1599 1650 1652 Ιιωτθιὶριιιιι
1691 1599 1964 1668 judirasse

381 1695 712 1740 monstratur
747 1703 759 1739 :
791 1687 919 1756 quin
969 1688 1146 1756 potius
1178 1703 1278 1741 una
1323 1703 1448 1742 cum
1495 1693 1574 1743 eis
1603 1690 1671 1744 ab
1702 1691 1970 1744 htereticis

381 1778 759 1848 Apolinaristis
796 1778 1165 1833 sustinuerunt
1205 1779 1460 1834 invidiam
1487 1822 1502 1844 ,
1553 1791 1802 1851 tanquam
1833 1783 1966 1835 duos

1205 377 1818 455 PRODEFENSIONE
1858 379 2072 435 TRIUM
2115 376 2433 434 CAPITUL.
2479 377 2608 433 LIB.
2659 376 2794 432 VIII.

3554 376 3659 431 734

1717 497 1957 564 legentes
1986 499 2037 553 Α
2066 502 2220 561 taret,
2267 495 2406 560 quod
2458 494 2668 547 illorum
2716 494 2962 561 dogmata
3012 490 3312 561 intelligere
3362 506 3467 544 non
3509 493 3656 546 Vale-

2073 584 2233 637 liant?
2265 584 2380 638 Non
2402 586 2544 638 enim
2573 585 2639 638 de
2668 584 2910 652 personis
2943 583 3265 652 ignobilibus
3290 583 3648 652 disputamus,

2065 691 2289 744 quarum
2317 677 2420 731 dici
2467 679 2636 747 possit
2671 677 3192 742 latuissedoctrina,
3223 692 3344 730 cum
3380 677 3446 730 de
3477 676 3655 730 Theo-

2065 769 2199 820 (loro
2227 769 2483 837 scriptum
2525 769 2614 834 sit,
2663 769 2802 838 quod
2834 779 2888 823 et
2915 769 2984 824 40
3015 770 3172 822 annis
3195 768 3216 800 ⁸
3241 769 3390 824 clare
3439 770 3492 822 in
3525 769 3654 822 doc-

2069 862 2205 914 trina
2265 860 2606 928 prrefulscrit,
2653 869 2708 914 ct
2735 876 2951 914 omnem
3004 860 3266 915 limresem
3319 875 3659 930 expugnave-

2069 954 2158 1016 rit,
2211 962 2264 1006 et
2312 952 2499 1007 decem
2553 953 2716 1007 millia
2762 953 3150 1022 conscripserit
3195 952 3361 1007 libros
3403 952 3659 1006 adversus

2068 1057 2313 1108 errores,
2360 1052 2550 1096 eontra
2581 1059 2714 1112 quos
2739 1059 2861 1098 eum
2893 1053 3035 1098 totus
3067 1043 3118 1096 in
3150 1057 3436 1098 commune
3465 1043 3658 1096 Oriens

2071 1137 2420 1202 proponebat,
2449 1145 2698 1204 tanquam
2743 1135 2994 1188 virtutem
3022 1135 3243 1188 multant
3273 1133 3530 1188 doctrinae
3560 1133 3655 1186 ha-

2070 1228 2283 1281 bentem
2317 1239 2406 1282 :et
2437 1227 2577 1295 quod
2625 1231 2677 1282 in
2717 1228 3166 1297 expositionibus,
3199 1243 3332 1297 quas
3386 1228 3437 1282 iu
3485 1230 3658 1281 omni-

2069 1317 2167 1372 bus
2208 1317 2452 1372 ecclesiis
2501 1319 2853 1374 orientalibus
2895 1328 2949 1372 et
2997 1319 3050 1372 in
3108 1317 3208 1372 hac
3256 1320 3398 1388 regia
3445 1318 3660 1372 civitate

2071 1411 2317 1468 faciebat.
2371 1413 2626 1480 probatus
2671 1411 2828 1466 fuerit
2873 1412 2926 1466 in
2958 1421 3250 1480 conspectu
3294 1410 3656 1477 sat-crdotum,

2069 1510 2124 1553 et
2155 1502 2558 1569 imperatorum,
2595 1510 2649 1556 et
2695 1503 3037 1572 populorum.
3087 1503 3366 1570 Quomodo
3398 1503 3419 1532 ⁶
3451 1503 3490 1555 si
3525 1503 3658 1558 tales

2071 1606 2251 1650 sancta
2317 1596 2554 1667 synodus
2618 1596 2930 1661 abdicaret,
2999 1611 3144 1663 non,
3194 1596 3335 1650 sicut
3386 1595 3656 1657 diximus,

2071 1702 2261 1741 oinnes
2295 1688 2630 1743 venerabiles
2663 1688 2802 1742 illius
2837 1689 3096 1758 temporis
3129 1689 3315 1744 Patres
3356 1696 3448 1742 aut
3490 1687 3659 1741 haere-

2076 1781 2208 1832 ticos
2235 1779 2438 1834 diceret
2472 1789 2564 1834 aut
2602 1780 2852 1849 ignaros?
2884 1781 3021 1848 Quid
3053 1781 3232 1850 itaque
3255 1779 3450 1836 horum
3483 1781 3660 1836 dicere
3727 1785 3732 1792 ‘

386 1872 740 1940 praedicarent
786 1870 943 1936 ﬁlios,
977 1872 1108 1925 duas
1137 1870 1334 1925 Christi
1374 1871 1640 1940 perfectas
1675 1875 1965 1928 asserendo
1997 1865 2044 1922 B
2073 1873 2256 1926 mallet
2283 1872 2501 1941 ignoro;
2542 1872 2684 1940 quod
2716 1880 2895 1928 autem
2928 1887 3152 1928 necesse
3197 1882 3280 1928 est
3311 1874 3499 1926 horum
3529 1870 3661 1926 alte-

381 1971 618 2016 naturas.
653 1965 990 2030 Quapropter
1022 1961 1107 2015 vel
1130 1961 1176 2014 si
1210 1963 1387 2015 minus
1409 1973 1613 2017 attente
1638 1963 1814 2032 legere
1841 1979 1966 2032 pos-

377 2062 498 2107 sent
533 2054 732 2120 scripta
776 2053 992 2107 Diodori
1035 2062 1194 2122 atque
1223 2053 1817 2121 Theodori,-admoniti
1857 2057 1963 2107 sal-

380 2157 484 2198 tem
515 2143 894 2199 hiercticorum
924 2144 1210 2199 calumniis
1241 2145 1563 2200 attentiores
1589 2147 1774 2214 procul
1805 2147 1968 2202 dubio

378 2235 750 2290 redderentur.
810 2236 946 2302 Quid
999 2237 1159 2306 igitur
1206 2251 1343 2306 opus
1396 2247 1532 2303 erat,
1587 2239 1639 2292 in
1694 2247 1964 2295 tantormn

379 2330 594 2384 Patrum
631 2330 1034 2396 contumeliam,
1083 2329 1402 2399 sacrilegum
1446 2340 1499 2385 et
1528 2331 1750 2400 impium
1782 2347 1844 2386 ac
1875 2348 1968 2402 pe-

374 2422 547 2493 jorem
597 2419 936 2474 dzemonibus
968 2421 1314 2489 pronuntiare
1344 2421 1686 2477 Theodorum
1706 2462 1721 2488 ,
1767 2437 1888 2478 cum
1919 2426 1965 2478 si

377 2503 537 2564 etiam
567 2513 620 2564 in
653 2511 921 2581 aliquibus
963 2510 1220 2580 probetur
1249 2527 1462 2568 errasse
1482 2555 1497 2580 ,
1528 2513 1681 2584 pejor
1708 2513 1968 2570 daemoni-

377 2601 478 2656 bus
502 2601 732 2670 judicari
765 2617 870 2656 non
915 2603 1104 2658 debuit
1137 2603 1189 2656 in
1225 2603 1483 2658 Ecclesiae
1514 2619 1645 2672 pace
1674 2615 1835 2676 atque
1867 2607 1967 2660 ho-

379 2711 510 2751 nore
532 2695 854 2750 defunctus?
901 2695 975 2750 De
1020 2696 1173 2765 cujus
1218 2697 1373 2750 laude
1401 2711 1500 2752 nec
1541 2700 1966 2755 t'everentissimi

378 2787 602 2842 Photius
635 2797 692 2841 ut
739 2787 1058 2841 Eustachius
1108 2797 1272 2856 atque
1308 2787 1539 2842 Uranius
1581 2789 1789 2858 judices
1820 2790 1964 2844 Ibam

381 2878 689 2947 episc0pum
738 2879 1226 2947 reprehenderunt,
1278 2880 1416 2948 apud
1448 2895 1583 2949 quos
1628 2882 1677 2936 ei
1723 2897 1817 2936 sua
1851 2883 1968 2952 epi-

379 2972 517 3025 stola
549 2971 695 3040 prius
716 2971 926 3040 objecta
959 2980 1041 3026 est
1075 2981 1234 3041 atque
1263 2974 1530 3029 discussa.
1575 2974 1683 3032 Sed
1728 2991 1829 3030 nec
1865 2976 1966 3046 ipsi

378 3065 498 3132 ejus
538 3075 899 3130 accusatores,
950 3065 1037 3118 vel
1093 3079 1216 3118 cum
1269 3066 1650 3137 imperatorem
1705 3070 1966 3125 adversus

378 3171 498 3210 eum
544 3156 781 3220 adirent,
830 3157 914 3210 vel
959 3172 1081 3210 cum
1125 3157 1305 3212 elicita
1342 3160 1686 3216 accusatione
1714 3160 1966 3232 ’judices

2073 1979 2189 2016 rum
2231 1962 2410 2016 dicere
2459 1979 2564 2016 non
2607 1963 2812 2032 ignoro.
2867 1963 3035 2018 Multo
3063 1963 3223 2033 igitur
3269 1964 3439 2033 magis
3491 1979 3655 2021 nunc.

2071 2056 2192 2124 quia
2233 2068 2337 2108 non
2369 2053 2563 2108 desunt
2599 2067 2789 2108 eorum
2838 2055 3141 2109 testimonia
3181 2071 3275 2124 pro
3319 2053 3550 2108 Diodoro
3583 2063 3661 2106 at—

2073 2161 2176 2215 qne
2203 2146 2511 2210 Theodoro,
2557 2145 2748 2201 litteris
2776 2147 2936 2201 etiam
2981 2147 3378 2214 commendata,
3412 2147 3457 2202 si
3487 2148 3663 2202 Theu-

2071 2239 2260 2292 dorum
2293 2237 2343 2292 id
2378 2237 2519 2306 quod
2563 2237 2830 2293 Diodorus
2863 2240 3186 2294 sentientem
3230 2239 3488 2295 damnare
3525 2255 3662 2310 prae-

2073 2341 2334 2395 sumeret,
2354 2340 2446 2385 aut
2476 2329 2766 2384 hmrcricos
2791 2331 2954 2385 fuisse
2983 2346 3170 2384 omnes
3203 2331 3301 2386 hos
3339 2332 3546 2397 Patres,
3573 2342 3664 2386 aut

2072 2423 2287 2494 ignaros
2319 2433 2372 2477 et
2402 2423 2598 2478 inscios
2632 2423 2810 2477 dicere
2841 2434 3142 2495 cogeretur.
3183 2425 3288 2479 Sed
3321 2426 3555 2492 nunquid
3589 2425 3662 2479 ita

2073 2515 2274 2569 mundo
2311 2514 2559 2569 Christus
2598 2515 2868 2580 irascitur,
2923 2526 2981 2568 ut
3031 2530 3189 2570 aures
3231 2515 3662 2571 Christianorum

2073 2606 2266 2670 ferant,
2314 2606 2360 2660 si
2414 2607 2622 2661 dicatur
2669 2607 2810 2675 quod
2862 2606 2951 2661 illa
2993 2608 3231 2677 synodus
3288 2607 3659 2673 Athanasium,

2075 2698 2351 2762 Basilium,
2383 2707 2436 2752 et
2463 2709 2748 2764 utrumque
2781 2697 3120 2767 Gregorium,
3151 2711 3205 2755 et
3236 2700 3518 2766 Joannem,
3551 2700 3662 2753 Ine-

2075 2792 2276 2844 reticos
2312 2789 2556 2859 judicare
2583 2788 2851 2855 debuerit,
2885 2799 2942 2843 ut
2972 2791 3243 2846 temerarii
3272 2792 3661 2847 condemnato-

2072 2895 2160 2936 rcs
2189 2879 2464 2936 Theodori
2493 2881 2779 2936 orthodoxi
2801 2882 3145 2952 jndiccntur?
3172 2899 3261 2947 an,
3293 2885 3434 2952 quod
3463 2895 3545 2939 est
3571 2899 3659 2937 sa-

2073 2973 2197 3044 tius,
2232 2973 2476 3029 indoctos
2505 2989 2598 3029 eos
2625 2976 2865 3041 judicare
2891 2976 3142 3032 debuisse
3175 2979 3402 3045 dicetur,
3438 2988 3494 3033 ut
3525 2979 3661 3034 isto-

2071 3081 2188 3121 rum
2219 3066 2484 3122 mirabilis
2516 3069 2728 3137 peritia,
2761 3069 2902 3138 quod
2950 3071 3187 3126 maxime
3216 3081 3500 3141 appetunt,
3532 3072 3664 3126 cﬁ'c—

2071 3160 2255 3214 ratur‘l
2278 3159 2384 3215 Sed
2418 3169 2474 3214 ut
2501 3159 2603 3214 hoc
2643 3161 2835 3215 iterum
2861 3162 2942 3216 vel
2974 3163 3203 3232 amplius
3232 3164 3429 3232 aliquid
3462 3164 3658 3231 dicam,

379 3261 709 3304 memoratos
733 3249 1084 3314 adducerent,
1116 3260 1171 3305 et
1201 3249 1254 3304 in
1287 3266 1477 3306 eorum
1509 3255 1758 3310 examine
1784 3256 1967 3311 multis
1998 3246 2042 3308 C
2077 3251 2311 3322 nunquid
2345 3251 2416 3306 ita
2448 3253 2647 3306 mundo
2677 3253 2923 3308 Christus
2961 3255 3232 3318 irascitur,
3280 3267 3337 3310 ut
3365 3273 3519 3312 aures
3554 3274 3658 3310 non

380 3357 434 3396 ct
482 3345 688 3414 magnis
732 3355 786 3398 et
827 3345 1080 3399 inauditis
1124 3360 1245 3401 eum
1287 3347 1754 3403 criminationibus
1800 3347 1967 3418 impe-

382 3445 576 3499 tentes,
609 3451 751 3504 saepe
782 3451 844 3490 ac
873 3436 962 3489 diu
991 3437 1364 3506 conlligerent,
1410 3439 1609 3506 aliquid
1639 3439 1686 3493 ei
1716 3440 1782 3494 de
1811 3439 1967 3498 laude

386 3527 662 3581 Theodori
701 3523 976 3596 opponere
1008 3537 1346 3583 lentaverunt
1379 3531 1558 3600 :quod
1592 3533 1775 3600 procul
1804 3533 1970 3588 dubio

383 3621 639 3684 lacerent,
671 3619 716 3672 si
742 3620 807 3672 ab
841 3619 1075 3673 Ecclesia
1102 3621 1301 3674 Christi
1330 3621 1645 3676 Theodorus
1675 3622 1966 3692 aliquando

381 3712 711 3781 judicaretur
751 3713 1058 3767 haereticus.
1104 3714 1257 3768 Unde
1312 3714 1658 3784 Eutychiauis
1713 3716 1965 3784 dicimus,

382 3818 436 3857 ut
469 3806 591 3874 quia
623 3805 950 3859 dissentiunt
978 3821 1006 3859 a
1038 3807 1266 3877 synodo,
1313 3824 1435 3874 qua:
1475 3818 1827 3863 memoratam
1855 3813 1970 3878 epi-

380 3897 598 3962 stolam,
647 3897 780 3950 duas
810 3897 1010 3950 Christi
1059 3908 1278 3952 naturas
1325 3908 1378 3951 et
1421 3915 1578 3953 unam
1621 3900 1968 3955 conﬁtentem

382 4001 504 4040 esse
542 4001 845 4054 personam,
897 3990 1261 4055 pronuntiavit
1298 3990 1672 4055 orthodoxam,
1725 3991 1970 4046 refutatis

381 4078 448 4130 ab
476 4092 540 4132 ea
586 4077 778 4132 saltem
826 4079 1228 4134 accusatoribus
1257 4080 1578 4134 venerabi‘is
1609 4081 1714 4136 Iba:
1740 4097 1972 4138 eonsen-

384 4169 536 4232 tiant,
595 4183 693 4224 nec
745 4169 798 4222 in
837 4183 899 4223 ea
940 4168 1228 4238 quidquam
1283 4171 1512 4237 amplius
1557 4187 1715 4239 quam
1760 4171 1842 4225 illi
1882 4186 1970 4226 ca-

383 4259 809 4325 lumniosissimi,
856 4259 1308 4327 impudentissimi
1356 4269 1516 4325 atque
1553 4261 1968 4317 obstinatissimi

382 4350 752 4407 criminentur.
825 4351 1110 4418 Quomodo
1158 4366 1285 4405 vero
1337 4351 1679 4407 Theodorum
1731 4354 1970 4423 synodus

382 4443 632 4511 prtrdicta
681 4443 1073 4508 condemnatis,
1129 4443 1216 4498 vel
1259 4444 1326 4508 si,
1373 4454 1428 4497 ut
1469 4443 1671 4498 dictum
1716 4453 1818 4512 est,
1865 4458 1968 4500 tam

382 4535 671 4588 multorum
705 4536 920 4589 Patrum
953 4535 1273 4589 testimoniis
1304 4533 1358 4588 in
1397 4533 1598 4604 scripto
1630 4538 1970 4592 manentibus

2074 3343 2249 3397 dicam
2279 3343 2730 3408 Christianorum,
2759 3345 2852 3399 sed
2881 3360 3214 3417 quorumque
3249 3347 3555 3418 hominum,
3589 3349 3664 3403 fe-

2076 3443 2196 3489 rant
2224 3435 2493 3490 docriores
2523 3435 2658 3490 istos
2691 3448 2909 3492 nostros
2954 3437 3056 3492 dici
3091 3439 3286 3494 talibus
3314 3439 3660 3495 doctoribus?

2075 3526 2155 3580 An
2198 3527 2336 3580 forte
2363 3526 2633 3595 putabitur
2662 3529 2802 3596 quod
2835 3542 2935 3583 nec
2959 3531 3199 3585 hmrctlci
3244 3531 3453 3586 dicendi
3485 3537 3665 3585 essent

2073 3635 2102 3672 a
2147 3619 2353 3688 synodo
2402 3619 2476 3672 illi
2532 3619 2742 3686 Patres,
2795 3621 3046 3689 quoniam
3098 3638 3204 3676 non
3257 3623 3666 3678 consentiebant

2073 3708 2415 3779 dogmatibus
2466 3709 2689 3763 Diodori
2734 3718 2896 3780 atque
2934 3712 3240 3775 Theodori;
3292 3730 3392 3770 nec
3441 3715 3666 3781 indocti,

2073 3801 2326 3870 quoniam
2374 3801 2620 3854 sciebant
2656 3817 2718 3855 ea
2751 3813 2896 3856 recta
2940 3819 3046 3856 non
3088 3819 3249 3868 esse;
3293 3807 3390 3860 scd
3435 3815 3666 3860 tantum-

2075 3893 2236 3948 modo
2265 3894 2618 3962 negligentes,
2678 3894 2819 3961 quod
2848 3909 2944 3948 eos
2972 3896 3245 3964 corrigere
3277 3905 3370 3949 aut
3399 3898 3466 3952 ab
3494 3900 3666 3952 eccle-

2074 3986 2148 4039 sia
2193 3987 2390 4055 pellere
2435 3987 2610 4040 niinus
2649 3988 2997 4042 curaverint?
3046 3991 3115 4043 At
3155 3989 3258 4044 hoc
3305 3989 3476 4058 ipsum
3523 3993 3664 4060 quod

2077 4087 2359 4134 tacuerunt
2391 4083 2442 4134 in
2474 4090 2748 4148 tempore,
2783 4097 2904 4136 cum
2935 4083 3014 4138 eis
3056 4091 3109 4137 et
3153 4083 3218 4137 ad
3263 4083 3665 4152 intelligendum

2076 4189 2266 4243 magna
2295 4175 2543 4240 scientia,
2571 4185 2627 4229 et
2651 4175 2716 4228 ad
2760 4175 3194 4245 respondendum
3227 4192 3403 4232 sermo
3439 4191 3543 4230 non
3573 4177 3666 4230 de-

2076 4266 2266 4318 fuiSset
2292 4265 2540 4331 idoneus,
2588 4281 2683 4334 pro
2713 4281 2983 4320 consensu
3031 4267 3199 4319 teneri
3243 4267 3434 4320 merito
3467 4275 3665 4336 poti-st.

2076 4357 2240 4426 Igitur
2289 4359 2451 4412 etiam
2497 4357 2575 4410 sic
2625 4371 2730 4410 non
2774 4356 2923 4410 aliud
2969 4356 3298 4425 efficeretur,
3349 4355 3449 4411 nisi
3494 4367 3551 4412 ut
3589 4358 3666 4411 ili

2075 4448 2247 4503 sancti
2303 4447 2490 4502 Patres
2545 4447 2784 4503 hmretici
2843 4447 3242 4503 aflirmarentur
3300 4466 3328 4503 a
3383 4451 3663 4522 synodo’.

2076 4539 2331 4607 Quamvis
2368 4540 2547 4608 itaque
2588 4539 2639 4592 in
2680 4540 2768 4593 tali
2810 4555 2970 4594 causa
3021 4541 3294 4611 negligens
3339 4543 3669 4598 tolerabilior

381 4630 601 4681 minime
648 4637 1009 4698 repugnaret,
1058 4643 1120 4682 ac
1161 4644 1266 4682 non
1317 4630 1566 4697 superius
1588 4629 1608 4659 ³
1641 4644 1968 4687 memoratos
1997 4624 2051 4684 D
2078 4632 2299 4686 forsitan
2333 4631 2596 4686 indicetur
2628 4631 2914 4699 heretico,
2966 4634 3155 4702 procul
3188 4634 3351 4688 dubio
3383 4643 3558 4688 tamen
3590 4635 3670 4688 in-

381 4729 472 4772 aut
521 4720 798 4775 haarcticos
845 4719 1100 4776 diccret‘
1130 4721 1274 4790 quod
1327 4721 1682 4790 intelligentes
1733 4739 1964 4778 consen-

381 4810 585 4862 chant
627 4811 824 4878 pravis,
861 4820 918 4864 nt
942 4812 1111 4878 aiunt,
1145 4811 1487 4882 dogmatibus
1522 4812 1738 4867 Diodori
1782 4815 1969 4869 Theo-

381 4900 604 4969 doriquc
627 4901 1022 4968 communibus,
1057 4913 1147 4956 aut
1175 4903 1332 4956 nimis
1362 4902 1628 4971 indoctos,
1666 4906 1710 4958 si
1742 4907 1842 4962 hoc
1871 4925 1964 4976 pu-

457 5051 482 5076 ⁴¹
508 5040 822 5094 Λύκιε-ιιιιιιιιι
855 5039 1063 5093 videtur
1091 5057 1235 5094 nemo
1268 5041 1616 5098 Theodorum.

465 5155 620 5205 'Cod.
658 5153 853 5209 Veron.
877 5195 890 5219 ,
927 5154 1210 5208 Diodorum
1251 5157 1328 5210 uel
1359 5156 1680 5212 Theodorum
1737 5163 1968 5230 tliquan-

381 5229 466 5286 do,
502 5239 606 5277 etc.

450 5299 467 5325 ³
504 5295 641 5348 Idem
672 5296 791 5350 cod.
818 5339 831 5362 ,
865 5297 1210 5349 excusatione.

445 5366 466 5395 ³
503 5367 642 5419 Idem
673 5367 819 5436 eod.,
850 5384 1018 5420 omnes
1037 5369 1292 5436 superius.

451 5437 468 5509 ξ
499 5436 638 5509 Idem
669 5435 818 5509 cod,
848 5440 1053 5502 diceret,
1086 5439 1130 5491 si
1157 5448 1376 5509 putaret.
1409 5441 1568 5509 quod.

450 5508 470 5536 ⁵
500 5505 640 5578 Idem
672 5505 1460 5578 cod.,quinqneetquadraginta
1473 5510 1758 5566 annis.Tot
1779 5531 1961 5567 nume-

381 5588 460 5632 rat
489 5576 711 5644 epistola
742 5572 929 5647 synodi
955 5572 1301 5633 Antiocheam:
1320 5572 1428 5632 'sub
1455 5581 1659 5635 Joanne
1681 5599 1823 5636 anno
1851 5584 1958 5640 455

381 5651 683 5712 Celebratar,
702 5653 765 5700 ad
784 5649 1023 5703 Proclum
1044 5650 1716 5718 Constantinopolitannm,
1734 5665 1787 5706 ut
1808 5668 1954 5723 patet

455 5743 472 5759 ‘
503 5741 619 5822 Non
648 5745 808 5822 liene.
834 5743 1092 5822 Rescribe
1110 5748 1436 5804 Tomitanus.
1467 5751 1790 5822 Scytharum
1823 5757 1965 5809 enim

393 5813 726 5892 μητρρπολις
757 5818 873 5892 teat.
898 5818 1091 5892 Teius,
1126 5822 1279 5880 πόλις
1312 5823 1522 5889 μεγάλη
1542 5813 1663 5875 ’καὶ
1689 5827 1962 5892 εὐδαίμων)

387 5885 673 5951 trag/aiax,
727 5898 782 5940 ut
833 5885 994 5942 hahcl
1031 5885 1365 5946 Sczvtntnus
1404 5885 1540 5947 ll'st.
1581 5896 1714 5957 ccci.
1757 5885 1856 5952 1b..
1891 5914 1962 5964 γι,

2079 4725 2237 4778 docto
2263 4723 2515 4778 deterior.
2552 4723 2898 4777 Venerabiles
2940 4735 3119 4778 autem
3166 4725 3373 4790 Patres,
3425 4742 3560 4794 quos
3587 4726 3668 4779 iu-

2080 4821 2266 4872 doetos
2290 4816 2380 4871 illa
2407 4817 2642 4888 synodus
2671 4816 2855 4870 dicere
2880 4831 2984 4868 non
3017 4816 3265 4880 audebat,
3294 4818 3462 4869 rmilto
3494 4817 3669 4870 minus

2082 4911 2432 4980 negligentes,
2466 4908 2608 4976 quod
2637 4918 2718 4960 est
2740 4906 3000 4971 deterius,
3025 4906 3271 4974 judicare
3295 4916 3669 4976 ιιιιωειιιιιριοι.

2080 5180 2143 5221 cx
2173 5166 2470 5236 fragmento
2499 5165 2748 5230 superius
2769 5179 2887 5234 cap.
2923 5165 2946 5218 1
2980 5166 3127 5221 citat.

2151 5238 2172 5268 ⁸
2201 5238 2339 5292 Idem
2362 5237 2508 5306 cool.,
2537 5237 2804 5302 Quomodo
2832 5252 2951 5307 ergo
2981 5238 3054 5291 si.

2147 5307 2170 5340 ⁷
2195 5307 2340 5362 Idem
2371 5309 2515 5373 cod.,
2559 5324 2590 5359 a
2628 5309 2848 5378 synodo,
2895 5309 2982 5374 qui
3011 5324 3169 5376 neque
3199 5325 3360 5376 ipsos,
3397 5326 3555 5379 neque
3599 5309 3673 5362 ει.

2076 5379 2244 5433 lorum
2270 5379 2513 5448 dogmata
2542 5394 2655 5446 qua:
2701 5379 2860 5446 impia
2885 5389 3146 5442 noverant,
3201 5396 3314 5432 cum
3343 5391 3546 5448 possent
3579 5396 3672 5433 υο-

2073 5451 2281 5503 luerunt
2318 5449 2578 5520 abdicare.
2625 5448 2819 5502 Verum
2860 5460 2967 5503 esto
3009 5462 3186 5504 contra
3233 5451 3497 5504 veritatem
3541 5467 3673 5520 pra:-

2072 5520 2415 5585 sumptoribus
2443 5519 2539 5572 hoc
2568 5520 2719 5571 etiam
2765 5524 2894 5573 sicut
2931 5523 3090 5575 multa
3118 5522 3379 5587 cedamus,
3414 5538 3516 5575 non
3543 5519 3670 5575 ilia:-

2073 5591 2214 5644 retici
2241 5591 2559 5659 aﬂirmantur
2581 5607 2612 5642 (ι
2634 5592 2849 5660 synodo.
2892 5591 3173 5659 Qutntvis,
3214 5603 3317 5648 etc.
3401 5593 3406 5598 ’

2069 5783 2184 5843 cap.
2218 5766 2648 5821 2|.‘leﬁSSEIJNC.
2681 5767 2742 5819 ad
2785 5766 2894 5821 Vel.
2927 5767 3151 5821 Ilotitan.
3177 5769 3359 5826 Itiner.
3393 5784 3513 5843 pag.
3546 5770 3669 5828 “si/.7,

2070 5841 2170 5891 col.
2216 5843 2260 5892 J.
