4094 6478
433 264 534 281 .-υ

441 281 537 319 ιο.)

1540 262 1837 345 FACUNDI
1878 261 2091 318 spzsc.
2135 261 2644 322 nemmssasrs

3624 265 3730 321 736

433 381 735 453 Diligentes
769 382 930 454 igitur
961 382 1242 451 judicavit,
1285 395 1418 451 quos
1449 389 1503 437 et
1545 383 1749 437 sciebat
1780 379 2036 449 tempori-
2068 384 2108 436 Α
2151 377 2252 432 ties
2281 378 2440 433 etiam
2469 393 2562 447 per
2599 375 2902 433 nescientes
2939 375 3174 434 scienter
3211 382 3465 447 operatur
3492 374 3608 447 ipse
3636 379 3727 444 qui

427 473 536 526 ‘bus
577 489 764 528 eorum
826 481 1048 529 cxortos
1094 473 1378 529 haereticos
1421 471 1712 542 expulisse.
1758 471 1829 528 Ut
1883 471 2025 526 enim

431 567 744 620 ottiittamus
767 580 860 621 eos
892 581 1121 634 quorum
1149 565 1366 622 nomina
1387 565 1585 620 abolita
1613 575 1738 620 sunt
1765 580 1886 619 cum
1919 563 2031 618 hrc-

436 654 647 710 resibus
674 657 806 721 suis,
855 657 905 711 id
939 669 1020 712 est
1051 657 1330 724 Basianos,
1364 673 1498 729 quos
1529 667 1585 713 et
1616 656 2030 725 anthropomor-

439 745 616 813 phitas
649 748 879 805 dicimus
905 758 963 817 ις
996 750 1390 818 Semiariauos,
1436 752 1720 817 Aetianos,
1751 751 2030 808 Antidico-

437 840 656 895 ntaritas
680 838 730 905 δ,
780 841 1151 909 Massalianos,
1183 860 1315 914 quos
1351 855 1407 899 et
1442 843 1774 910 Euchitasc;
1810 843 2028 912 Euphe-

347 925 349 930 “
440 930 637 999 mitas,
667 933 1047 1004 Martyrianos,
1085 935 1381 992 Sacianos‘
1417 954 1431 1003 ;
1475 937 1808 1007 temporibus
1843 952 2028 992 eorum

435 1032 496 1078 et
538 1024 715 1078 exorti
762 1033 817 1080 et
862 1026 1076 1094 expulsi
1126 1037 1252 1083 sunt
1303 1029 1464 1084 etiam
1499 1028 1844 1093 Marriani“,
1893 1028 2034 1082 Pho-

435 1113 642 1182 tiani‘,
683 1112 1088 1183 Macedoniam,
1138 1117 1227 1188 qui
1271 1126 1327 1174 et
1369 1117 1880 1184 Pneumatomacbi;
1925 1118 2032 1173 Ae-

437 1205 606 1273 tiani,
658 1209 748 1275 qui
795 1217 851 1264 et
897 1210 1252 1279 Eunomiani;
1284 1211 1378 1268 sed
1423 1221 1478 1269 et
1521 1213 1916 1282 Apolinaristae.
1966 1212 2036 1267 Et

437 1299 714 1368 quomodo
739 1299 796 1355 in
823 1299 907 1356 his
939 1303 1106 1358 tantis
1134 1302 1480 1361 aemulatores
1510 1303 1634 1360 fidei
1673 1303 2033 1375 comprobati,

436 1388 489 1447 in
513 1390 648 1447 solis
681 1391 914 1449 Diodoro
934 1406 1095 1464 atque
1115 1392 1410 1450 Theodoro
1434 1395 1770 1467 negligentes
1793 1411 1820 1448 a
1845 1405 2030 1450 sancta

436 1483 648 1553 synodo
687 1483 1078 1542 crederentur?
1120 1485 1290 1558 igitur
1331 1501 1388 1542 ut
1434 1487 1724 1543 Diodorum
1757 1502 1822 1542 ac
1850 1479 2032 1542 Theo-
2063 1559 2070 1565 θ

438 1573 630 1629 dorum
663 1590 772 1632 non
813 1577 1179 1648 expellerent,
1225 1587 1318 1633 aut
1345 1577 1536 1633 melius
1565 1593 1749 1634 eorum
1777 1578 1920 1634 dicta
1953 1579 2034 1634 in-

440 1668 788 1738 tellexerunt,
818 1671 954 1727 sicut
976 1672 1045 1727 ab
1071 1672 1192 1726 aliis
1214 1688 1308 1726 sua
1335 1672 1584 1728 volebant
1615 1671 1862 1742 intelligi,
1888 1672 2032 1743 quod

2134 479 2308 540 pmest
2335 471 2512 525 omnia
2555 470 2726 524 facere
2753 484 2914 538 supra
2947 484 3105 538 quam
3140 467 3372 536 petimus
3404 474 3495 521 aut
3527 465 3732 524 intelli-

2133 565 2342 634 gimus;
2383 573 2474 617 aut
2503 563 2594 632 qui
2623 565 2643 594 ²
2675 563 2919 632 promisit
2957 561 3100 632 quod
3141 561 3420 616 nobiseum
3458 561 3528 617 sit
3552 565 3732 618 omni-

2135 656 2232 709 bus
2269 654 2456 709 diebus
2499 669 2667 724 usque
2697 653 2761 708 ad
2795 654 3316 708 consummationem
3356 652 3581 709 smculi?
3613 653 3733 709 Uti-

2134 761 2254 800 nam
2288 746 2389 800 sibi
2423 761 2691 813 nunquam
2736 745 3010 800 surcularis
3055 754 3312 814 potestas,
3355 745 3497 815 quod
3527 745 3576 801 ei
3605 761 3730 801 cre-

2129 836 2302 895 ditum
2331 856 2439 895 non
2473 849 2555 894 est
2595 841 2648 895 in
2686 839 2769 894 his
2810 839 3041 909 negotiis
3073 847 3392 909 usurparet,
3435 853 3553 909 qua:
3592 857 3730 894 nun-

2135 948 2293 1004 quam
2345 931 2570 989 feliciter
2617 932 2916 1002 usurpavit.
2967 930 3236 986 Caetetum
3287 933 3624 1002 congregatis
3675 933 3728 986 in

2136 1041 2234 1081 suo
2280 1027 2500 1081 nomine
2542 1019 2915 1081 sacerdotibus
2958 1025 3072 1080 suis
3111 1024 3361 1080 Christus
3401 1025 3590 1082 deesse
3620 1043 3733 1082 non

2137 1124 2360 1186 potest:
2395 1116 2516 1187 quia
2555 1131 2678 1172 cum
2723 1116 2796 1172 sit
2840 1117 3182 1188 omnipotens
3229 1116 3461 1179 veritas,
3509 1117 3732 1173 mentiri

2138 1207 2443 1263 nullatenus
2475 1215 2670 1276 potest,
2712 1207 2852 1262 sicut
2886 1220 2986 1261 nec
3025 1207 3103 1260 illi
3143 1207 3349 1276 synodo
3379 1205 3569 1273 deruit,
3600 1223 3726 1278 qua:

2139 1299 2192 1354 in
2225 1314 2387 1356 causa
2413 1299 2628 1370 quidem
2674 1298 2799 1354 fidei
2831 1297 3070 1354 omnium
3115 1297 3474 1353 communiter
3505 1298 3726 1354 Patrum

2139 1393 2442 1450 doctrinam
2475 1403 2656 1449 scenta
2687 1403 2770 1449 est
2802 1410 2816 1450 z
2848 1394 2901 1450 in
2933 1393 3199 1449 Theodori
3234 1409 3384 1458 vero,
3417 1410 3522 1448 non
3570 1395 3733 1450 unius

2135 1486 2342 1559 Cyrilli,
2374 1485 2457 1542 vel
2489 1487 2532 1543 si
2561 1485 2846 1542 credamus
2875 1485 2896 1517 ³
2917 1485 3057 1553 quod
3085 1483 3302 1552 dicitur,
3330 1484 3452 1554 quia
3479 1501 3578 1540 nec
3601 1501 3730 1556 pos-

2137 1591 2243 1648 set,
2294 1579 2446 1648 cujus
2475 1578 2746 1634 contraria
2795 1577 2897 1632 sibi
2941 1592 3062 1633 esse
3091 1576 3376 1632 videbatur
3400 1577 3488 1631 vel
3528 1578 3732 1632 incerta

2138 1675 2437 1738 sententia;
2483 1672 2578 1730 sed
2623 1669 2852 1728 aliorum
2890 1672 3106 1726 Patrum
3146 1679 3327 1725 secuta
3358 1683 3475 1735 ρει,
3507 1687 3642 1741 quos
3671 1682 3731 1726 et

440 1776 540 1816 nos
573 1761 754 1818 facere
793 1763 1065 1831 nolumus,
1109 1765 1222 1819 sive
1252 1781 1357 1819 non
1394 1779 1708 1834 possumus;
1741 1775 1834 1818 aut
1869 1765 2034 1819 ratio-
2068 1758 2107 1814 Β
2139 1767 2462 1822 auctoritate
2492 1773 2548 1820 et
2577 1779 2801 1820 numero
2831 1771 2882 1817 et
2916 1763 3126 1818 ratione
3159 1761 3414 1833 praeferre
3444 1761 3726 1817 debuerat.

440 1866 563 1906 nem
592 1867 622 1906 a
645 1853 1001 1922 praesentibus
1029 1869 1124 1908 cur
1144 1853 1219 1908 ita
1248 1855 1418 1909 locuti
1451 1853 1560 1908 sint
1588 1863 1916 1923 exegerunt;
1945 1862 2037 1909 aut

441 1945 777 2000 invenerunt
804 1960 899 2002 eos
938 1945 1049 2016 jam
1091 1956 1329 2001 mutasse
1368 1948 1726 2012 sententiam;
1773 1956 1864 2000 aut
1894 1945 2036 2014 quod

441 2043 747 2092 extremum
799 2047 914 2102 est,
969 2037 1276 2093 admonitos
1329 2044 1539 2093 mutare
1583 2036 1848 2093 fecerunt.
1902 2037 2036 2092 Nam

441 2127 601 2183 aliter
650 2143 745 2184 eos
795 2129 847 2182 in
895 2129 1135 2185 Ecclesia
1191 2131 1457 2186 catholica
1512 2145 1733 2186 manere
1798 2131 2040 2202 potuisse

443 2217 566 2287 quis
596 2219 810 2288 sapiens
838 2221 1135 2275 catholicus
1159 2222 1378 2276 credat?
1419 2221 1554 2276 Cum
1581 2237 1708 2276 vero
1746 2229 1890 2277 tanta
1918 2237 2038 2292 qua:

365 2337 368 2340 ~
443 2307 587 2364 dicta
618 2320 762 2372 sunt,
806 2326 906 2381 ego
937 2311 1188 2366 indoctus
1217 2322 1272 2367 et
1293 2312 1501 2368 Latinae
1533 2314 1752 2383 linguae,
1783 2313 1851 2368 de
1875 2329 2037 2370 causa

442 2400 582 2468 apud
635 2399 852 2456 Grmcos
887 2401 1090 2469 habita,
1126 2413 1246 2472 post
1289 2415 1505 2459 centum
1553 2421 1725 2459 annos
1766 2420 1864 2474 pro
1915 2420 2039 2461 meo

442 2501 601 2561 captu
624 2500 678 2547 et
704 2490 978 2558 facultate,
1013 2493 1094 2548 vel
1122 2493 1422 2565 intelligere
1441 2495 1528 2551 vel
1552 2496 1824 2564 explicare
1847 2504 2039 2565 potue-

441 2583 576 2650 rim;
604 2586 1159 2658 quantacredendum
1187 2599 1271 2643 est
1301 2589 1449 2644 illam
1478 2600 1788 2644 sanctorum
1820 2589 2036 2645 Patrum

441 2679 914 2747 congregationem
966 2679 1019 2733 in
1065 2695 1224 2734 causa
1257 2696 1424 2750 penes
1471 2697 1530 2736 se
1577 2691 1630 2735 et
1674 2683 1879 2736 recenti
1928 2698 2040 2737 me-

442 2771 612 2825 moria
653 2786 976 2841 cognoscere
1011 2775 1273 2844 potuisse,
1309 2775 1401 2829 illo
1449 2775 1612 2829 etiam
1645 2775 1919 2830 revelante
1946 2776 2043 2844 qui

441 2862 574 2917 dixit
618 2880 632 2917 :
676 2862 774 2918 Ubi
820 2875 942 2919 sunt
987 2867 1090 2919 duo
1128 2866 1207 2919 vel
1250 2874 1353 2920 tres
1399 2866 1690 2936 congregati
1734 2868 1787 2918 in
1837 2866 2042 2923 nomine

445 2970 579 3020 meo,
603 2955 674 3010 ibi
695 2957 745 3010 in
773 2957 940 3010 medio
972 2974 1146 3010 eorum
1177 2973 1289 3010 sum
1316 2954 1529 3027 (Matth.
1564 2971 1716 3022 xvttt,
1750 2955 1878 3026 20)?
1905 2957 2037 3012 Nam

445 3047 678 3103 fideliter
706 3049 984 3103 invocatus
1011 3065 1117 3101 non
1150 3048 1326 3102 solum
1361 3063 1388 3100 a
1417 3046 1810 3114 sacerdotibus,
1853 3047 1945 3102 sed
1972 3048 2040 3102 ab

2141 1859 2271 1926 Quis
2306 1859 2448 1912 enim
2487 1857 2748 1912 Joannem
2800 1853 3449 1922 ConstantinOpolitanum
3498 1852 3729 1926 Cyrillo,

2141 1949 2262 2020 quis
2285 1949 2477 2019 plures
2505 1946 2917 2018 probatissimos
2956 1945 3100 2000 viros
3133 1946 3246 2010 uni,
3278 1946 3397 2014 quis
3429 1947 3732 2000 excusatio-

2142 2057 2263 2096 nem
2291 2041 2652 2096 certissimam
2695 2050 2748 2093 et
2787 2037 3275 2093 constantissimam
3317 2036 3536 2091 inceer
3564 2046 3619 2092 et
3648 2037 3731 2091 in-

2141 2131 2410 2188 constanti
2466 2129 2793 2186 accusationi
2847 2145 2953 2184 non
3009 2127 3331 2198 prteferat‘?
3379 2127 3518 2182 Nihil
3568 2128 3731 2198 igitur

2142 2222 2226 2277 vel
2256 2222 2377 2276 hinc
2401 2221 2795 2277 calumnientur
2834 2219 3099 2285 hazretici,
3134 2219 3217 2275 vel
3269 2218 3516 2272 catholici
3557 2218 3728 2274 offen-

2142 2312 2354 2368 dantur.
2397 2313 2526 2377 Quae
2559 2310 2732 2365 fuerat
2758 2309 2980 2366 Joannis
3025 2325 3088 2364 ac
3129 2309 3303 2365 Procli
3343 2309 3730 2364 Constantino-

2143 2403 2525 2474 polttauorum,
2550 2402 2793 2470 Gregorii
2817 2400 3160 2468 Nazianzeni,
3189 2401 3414 2456 Joannis
3444 2416 3508 2455 ac
3541 2401 3730 2454 Domni

2144 2497 2601 2552 Antiochenorum
2649 2505 2703 2550 et
2742 2493 3019 2551 orientalis
3059 2493 3273 2550 concilii
3307 2493 3462 2557 fides,
3496 2509 3593 2547 nec
3620 2510 3731 2546 lit-ll

2143 2588 2401 2644 Ecclesiae
2429 2603 2456 2640 a
2489 2601 2590 2656 qua
2621 2602 2726 2640 non
2769 2594 2852 2641 est
2881 2585 3142 2656 expulsos
3170 2583 3509 2651 Theodorus,
3543 2587 3734 2640 cailt-m

2145 2682 2320 2736 fuerat
2349 2691 2404 2736 et
2441 2679 2647 2751 (Zyrilli.
2682 2677 2758 2733 De
2798 2678 3084 2732 Theodoro
3128 2687 3356 2740 tantum,
3408 2677 3542 2732 sicut
3575 2688 3626 2731 ct
3667 2679 3735 2731 tiu

2145 2772 2400 2838 Diodoro,
2443 2771 2527 2826 cui
2556 2769 2714 2824 simul
2753 2770 3079 2824 Athanasius
3110 2780 3269 2840 atque
3300 2769 3320 2801 ⁵
3347 2767 3729 2824 Consmntinu.

2143 2865 2382 2935 politaua
2421 2863 2659 2932 synodus
2704 2870 3012 2926 attestatur,
3067 2861 3120 2916 in
3163 2864 3280 2916 solo
3307 2861 3510 2932 Cyrillo
3539 2862 3734 2915 dicitur

2143 2955 2371 3011 inveniri
2404 2954 2616 3008 diversa
2647 2953 2941 3019 sententia;
2984 2961 3039 3009 et
3060 2953 3199 3023 quod
3231 2964 3310 3008 est
3342 2952 3596 3008 indicium
3621 2970 3744 3008 cer-

2145 3050 2365 3104 tissima:
2425 3047 2703 3114 veritatis,
2774 3046 2824 3100 in
2877 3046 2989 3116 ipsa
3043 3045 3379 3102 dissensione
3441 3061 3739 3102 consensus

443 3141 588 3195 omni
623 3157 835 3211 quoque
874 3140 1073 3211 popqu
1109 3155 1207 3194 suo
1246 3138 1399 3209 cujus
1446 3139 1578 3194 fides
1605 3149 1659 3194 et
1701 3140 2035 3209 exSpectatio
2065 3137 2108 3197 C
2143 3143 2302 3196 unius
2329 3139 2679 3209 ejusdemque
2722 3135 2842 3192 fidei
2885 3137 3286 3215 comprobatur.
3334 3137 3409 3191 De
3441 3153 3545 3206 quo
3586 3139 3732 3191 enim

444 3247 508 3286 ex
544 3233 758 3286 illorum
786 3233 1104 3287 auctoritate
1139 3230 1424 3299 dependet,
1465 3230 1696 3299 primum
1730 3229 1819 3285 dat
1852 3232 2032 3285 omni-

444 3325 546 3378 bus
571 3325 909 3394 congregatis
932 3338 1094 3377 unum
1128 3337 1222 3376 cor
1253 3332 1305 3376 et
1337 3321 1568 3375 animam
1599 3337 1756 3376 unam
1777 3363 1792 3388 ,
1835 3333 1889 3376 ut
1919 3323 2036 3376 nul-

447 3415 529 3468 lus
557 3429 744 3468 eorum
767 3428 918 3468 suam
952 3414 1080 3468 velit
1102 3427 1222 3468 esse
1253 3413 1597 3476 sententiam,
1631 3412 1731 3468 nisi
1762 3428 1886 3483 qua:
1917 3412 2034 3468 fue-

447 3509 515 3562 rit
537 3508 802 3563 veritatis.
856 3509 1076 3574 Quoties
1115 3508 1185 3562 ibi
1220 3507 1491 3578 doctiores
1523 3506 1934 3577 indoctioribus,
1982 3516 2036 3564 et

451 3603 634 3672 plures
666 3600 1027 3671 paucioribus,
1074 3599 1164 3656 illo
1194 3614 1378 3656 eorum
1421 3599 1601 3659 medio
1631 3600 1869 3656 cedunt?
1899 3614 2036 3671 quo-

518 3769 545 3799 ι
581 3760 1252 3828 Anthropomnrphitarum
1291 3759 1624 3831 stultissima:
1641 3799 1655 3822 ,
1673 3770 1748 3831 _ut
1775 3759 2039 3831 Hierony-

446 3848 564 3886 mus
601 3833 826 3898 epistola
859 3831 919 3885 6|
960 3841 1133 3898 vocat,
1171 3829 1394 3888 hatresis
1429 3841 1623 3886 auctor
1664 3829 1764 3883 fuit
1807 3829 2034 3897 Auditis,

446 3905 578 3969 sive,
605 3913 662 3956 ut
689 3911 774 3958 est
795 3902 936 3973 apud
957 3901 1384 3973 'l‘heodoretum3
1403 3901 1657 3973 Andreus,
1682 3899 1916 3964 Λύδαῖος,
1945 3903 2036 3968 qui

445 3970 870 4050 ἀνθρῳπρμορφρν
889 3971 1046 4047 (pnas
1066 3975 1149 4050 es?
1178 3973 1318 4050 Θεὸν,
1354 3971 1465 4050 Deo
1491 3970 1782 4050 humanam
1815 3973 2036 4050 figurant

446 4041 706 4099 attribuit.
731 4041 771 4099 Ᾱ
788 4041 1045 4113 dogmate
1076 4043 1236 4111 igitur
1257 4041 1826 4112 Anthropomorphitte
1851 4043 2036 4111 appel-

446 4114 540 4169 lati
564 4124 709 4178 sunt,
738 4130 769 4169 a
789 4119 1047 4184 magistro
1076 4113 1305 4184 Audiani
1331 4130 1346 4168 :
1371 4128 1468 4181 pro
1495 4127 1609 4184 quo
1629 4113 1767 4181 apud
1792 4124 2037 4169 sanctum

448 4187 806 4257 _A_ugustinum
854 4182 1048 4240 hicresi
1085 4187 1108 4239 1
1160 4182 1534 4257 scriptumest
1571 4183 1795 4238 Vadiani
1841 4194 1899 4240 et
1941 4200 2039 4257 pro

453 4254 724 4327 Vadianis,
751 4266 809 4311 ut
833 4267 1077 4327 apparet.
1110 4258 1212 4311 hoc
1244 4255 1362 4310 loco
1395 4253 1626 4327 Basiani.

521 4324 881 4401 b_EpipItani0'
910 4326 1475 4401 'Avrtdtxopctpravi‘rat.
1533 4325 1598 4380 Hi
1647 4324 1864 4401 alariam
1888 4396 1900 4401 _
1919 4334 2041 4394 post

449 4395 718 4452 Christum
774 4408 955 4451 natum
982 4400 1096 4453 viro
1127 4395 1236 4452 suo
1275 4397 1623 4451 commixtam
1671 4395 2034 4451 affirmabant.

448 4468 645 4523 Contra
675 4483 808 4536 quos
850 4468 1179 4538 Epiphanius
1206 4468 1344 4538 idem
1375 4469 1633 4538 prolixam
1668 4465 1950 4535 epistolam
1971 4468 2036 4522 ad

449 4540 655 4594 Arabas
707 4536 1065 4605 scripsit,_ubi
1115 4550 1230 4592 orta
1273 4537 1516 4592 haeresis.
1569 4536 1765 4592 Contra
1818 4537 2036 4594 eosdem

451 4610 622 4664 fertur
648 4611 810 4664 etiam
841 4610 1017 4679 egisse
1045 4609 1364 4664 Theodorus
1396 4609 1679 4678 episcopus
1708 4608 1960 4679 Cyprius.

522 4787 534 4816 ¹
563 4784 693 4839 Cod.
736 4784 950 4851 Vcron.,
983 4784 1279 4838 Photiniani
1307 4783 1354 4855 (ει
1391 4783 1662 4852 Photitto).

521 4857 540 4887 ²
567 4857 708 4910 Idem
739 4857 884 4923 cod.,
909 4867 953 4911 et
983 4857 1090 4925 qui.

523 4927 544 4957 ³
573 4926 714 4981 Idem
744 4930 888 4988 cod.,
914 4929 1272 4981 concedamus.

521 4996 545 5070 ξ
568 4997 711 5070 Idem
734 4997 879 5070 cod.,
903 4999 1047 5070 justa
1074 5000 1274 5050 ratione
1297 4998 1677 5070 non‘prmfcrnt.

523 5067 546 5098 ⁵
567 5068 709 5122 Idem
734 5069 832 5123 cod
863 5109 880 5134 ,
904 5066 1141 5122 similiter
1171 5066 1482 5121 Athanasius
1505 5076 1550 5118 et
1575 5067 1767 5128 cwteri,
1796 5076 1964 5134 atque.

525 5139 549 5170 ‘
573 5139 713 5194 Idem
757 5140 902 5207 cod.,
937 5141 1350 5205 manifestissime
1373 5152 1586 5208 pravum
1613 5147 1685 5189 est
1729 5147 1776 5190 et
1806 5137 2039 5207 refigioni

524 5305 544 5324 ‘
576 5298 764 5354 Editor
789 5293 1289 5352 Sirmondianorum
1318 5289 1528 5360 praefat.
1579 5289 1644 5343 ad
1673 5298 1803 5342 tom.
1834 5287 1960 5360 11.υέ
1983 5287 2036 5360 4,

454 5371 732 5437 sequentia
776 5369 942 5423 refert
983 5366 1037 5419 in
1086 5366 1225 5418 hunc
1256 5358 1432 5437 locum
1483 5377 1560 5437 ert
1595 5359 1845 5437 (Iolelct'ii
1889 5358 2034 5437 ch‘l;

453 5430 551 5495 Gr:
584 5441 820 5504 Monum,
869 5448 998 5490 tom.
1039 5437 1081 5501 I,
1125 5451 1244 5505 pag.
1275 5433 1374 5487 717
1413 5451 1426 5486 :
1467 5451 1494 5505 t
1522 5431 1897 5505 Conjeeturam
1933 5430 2032 5505 viri

455 5513 600 5563 omni
631 5500 946 5578 exceptione
976 5500 1406 5578 tnajo'ris‘Jacobi
1441 5501 1710 5578 Sirmomli
1742 5500 1904 5578 nolim
1933 5503 2034 5578 _im-

458 5583 718 5648 probare;
765 5571 856 5634 sed
881 5571 1327 5648 quidni—legauit”
1359 5575 1678 5648 Sucriunos’,
1728 5571 1868 5648 quod
1894 5572 2033 5648 idem

455 5643 724 5719 significat
765 5643 1223 5719 cutu'Saccitis'CL
1262 5645 1654 5719 Saccophoris?
1704 5643 1839 5719 Quin
1871 5644 2033 5696 etiam

455 5714 768 5776 efaraverat
837 5721 1012 5772 forsan
1073 5717 1354 5771 Facundos
1421 5717 1700 5779 Satinnos,
1774 5714 2033 5773 deceptus

453 5791 752 5861 exctnplari
792 5789 953 5845 simili
990 5787 1314 5845 c-Jitionibus
1355 5789 1552 5844 nostris
1579 5786 1781 5842 Graecis
1823 5787 2032 5842 Anacc-

2140 3233 2369 3304 Cyrillus
2398 3231 2737 3286 Theodorum
2765 3231 3012 3300 culpasse
3041 3229 3260 3296 dicitur,
3295 3230 3738 3289 manifestissime

2141 3343 2362 3398 pravum
2413 3325 2728 3381 defensores
2764 3323 3032 3380 Theodori
3064 3340 3169 3379 non
3198 3323 3602 3394 denegabant“;
3634 3327 3734 3380 sed

2142 3424 2245 3476 hoc
2270 3421 2588 3475 Theodorus
2617 3435 2724 3474 non
2755 3419 2992 3474 sensisse
3019 3417 3318 3473 dicebatur.
3351 3417 3479 3473 Inde
3503 3419 3662 3490 igitur
3683 3431 3738 3476 et

2141 3512 2233 3568 ille
2274 3511 2496 3582 putabat
2531 3510 2932 3581 exsequendum
2964 3511 2984 3542 ⁷
3015 3527 3136 3568 esse
3183 3511 3555 3581 Theodorum,
3589 3514 3736 3583 quod

2143 3602 2289 3658 velut
2333 3603 2522 3659 eadem
2554 3599 2788 3657 senserit
2835 3617 2955 3673 quae
3001 3604 3140 3657 male
3172 3601 3452 3658 Nestorius
3481 3603 3650 3659 sensit
3681 3605 3738 3668 ες

2145 3783 2148 3785 λ
2219 3777 2242 3806 ε
2269 3765 2428 3820 Vocis
2469 3765 2752 3836 utriusque
2795 3763 2984 3821 eadem
3029 3773 3115 3836 est
3151 3765 3318 3818 notio.
3361 3763 3493 3836 Nam
3540 3764 3740 3819 Massa-

2142 3837 2271 3892 liani
2299 3837 2563 3915 Syrorum
2604 3835 2783 3915 lingua
2823 3845 2950 3915 sunt
2976 3835 3267 3915 Εὐχὸμενοι
3293 3853 3308 3888 :
3331 3835 3555 3890 orabant
3591 3836 3740 3915 enim

2143 3924 2280 3978 pene
2320 3907 2560 3962 assidue.
2607 3907 2746 3974 Quin
2787 3915 2845 3963 et
2874 3907 3318 3962 Massatianorum
3356 3920 3527 3976 genus
3565 3908 3736 3978 aliud,

2143 3977 2239 4034 sed
2276 3995 2343 4034 ex
2390 3979 2678 4049 gentilibus
2723 3992 2900 4032 orsum
2947 3988 3337 4049 commemorat
3383 3977 3740 4049 Epiphanius,

2143 4050 2236 4120 qui
2264 4045 2789 4118 sese'Euphemitas,
2825 4058 2881 4104 et
2911 4046 3290 4120 Martyrianos,
3333 4057 3390 4103 et
3417 4045 3740 4104 Satanianos

2143 4118 2510 4190 appellarent;
2541 4132 2596 4176 et
2623 4121 2813 4174 borum
2846 4118 3122 4190 nominum
3141 4133 3334 4173 causas
3355 4121 3593 4186 explicat
3625 4123 3742 4174 ha:-

2145 4189 2250 4246 resi
2284 4192 2373 4246 80.
2420 4191 2634 4248 Saciani
2663 4207 2791 4261 ergo
2821 4192 3014 4246 vitiose
3053 4189 3156 4243 hoc
3185 4189 3302 4244 loco
3345 4191 3500 4261 positi
3543 4191 3740 4246 viden-

2145 4272 2233 4333 tur
2257 4279 2353 4333 pro
2384 4259 2745 4328 Sataniauis;'
2775 4277 2838 4316 ac
2881 4261 3195 4333 tnoxetiam
3229 4277 3324 4333 pro
3371 4259 3653 4316 Marriunis
3681 4273 3737 4317 et

2145 4329 2416 4388 Ριιοίἱαηὶδ
2447 4333 2762 4388 restituendi
2795 4329 3124 4387 Marcelliani
3153 4340 3207 4385 et
3239 4331 3565 4399 Photiniani,
3595 4348 3735 4400 quos

2143 4404 2301 4458 simul
2345 4405 2506 4459 etiam
2555 4403 2830 4471 coniungit
2873 4401 3204 4471 Epiphanius
3247 4402 3435 4457 Incresi
3473 4404 3534 4458 71
3567 4414 3619 4458 et
3643 4403 3739 4466 72,

2143 4485 2199 4545 et
2227 4475 2600 4530 Marcellianos
2640 4474 2824 4545 itidem
2854 4488 2976 4528 cum
3019 4471 3355 4528 Photinianis
3396 4473 3608 4545 copulat
3648 4475 3738 4529 lex

2070 4523 2121 4582 D
2145 4523 2214 4600 es
2227 4523 2598 4602 canities;
2630 4523 3005 4600 ῦῖιῐῶὶεὶἷέέὲ.

2145 4766 2483 4830 contrarium,
2526 4778 2683 4831 neque
2729 4762 2782 4814 id
2827 4777 2936 4816 esse
2975 4779 3187 4831 pravum
3230 4764 3524 4832 defensores
3569 4762 3736 4818 Theo-

2150 4838 2262 4891 dori
2286 4836 2539 4905 negabant
2564 4851 2580 4898 ;
2613 4834 2722 4887 sed.

2219 4907 2238 4938 τ
2273 4908 2416 4961 Idem
2445 4905 2589 4966 cod.,
2622 4905 2960 4975 urguendum.

2221 4981 2244 5010 ⁸
2276 4979 2418 5033 Idem
2449 4976 2594 5040 cod.,
2636 4974 2792 5028 sensit
2822 4990 2842 5029 .'
2868 4975 2986 5027 inde
3026 4974 3173 5027 illum
3223 4975 3512 5031 Orientales
3573 4980 3737 5032 sancti

2151 5049 2506 5118 defendebant.
2537 5054 2814 5099 asserentes
2852 5049 2990 5115 quod
3026 5046 3202 5098 eadim
3229 5050 3442 5101 senserit
3465 5066 3578 5118 qua:
3607 5051 3736 5102 male

2152 5120 2202 5173 Ν
2211 5119 2424 5174 estorius
2453 5118 2605 5172 sensit
2633 5132 2650 5170 :
2679 5133 2739 5169 ac
2769 5131 2857 5185 per
2883 5118 3000 5181 hoc,
3031 5127 3134 5172 etc.

2150 5279 2436 5350 phalaaosis
2491 5276 2877 5350 Epipltanianze
2901 5284 2997 5350 _etg
3019 5276 3294 5350 Ancorati,
3349 5277 3438 5332 ubi
3464 5278 3735 5350 habetur,

2153 5347 2430 5407 ltreviante
2461 5351 2746 5416 scriptura,
2794 5347 3016 5401 Satiani.
3066 5348 3185 5401 Sitit
3233 5348 3411 5416 itaque
3459 5349 3558 5404 ista
3591 5351 3739 5404 arbi-

2148 5423 2328 5478 traria.
2357 5441 2374 5472 ι
2407 5422 2471 5474 ΕΙ.
2495 5420 2650 5486 paulo
2677 5427 2815 5486 post,
2841 5433 2956 5487 pag.
2981 5418 3085 5472 785
3115 5436 3126 5469 :
3163 5437 3182 5470 t
3211 5420 3287 5473 Ad
3319 5435 3383 5473 ea
3407 5437 3524 5488 qua:
3557 5423 3735 5474 notavi

2143 5507 2371 5562 supra...
2403 5505 2544 5545 nunc
2575 5491 2713 5562 adito
2744 5489 3157 5562 pronatnliorem
3185 5489 3236 5544 in
3267 5489 3518 5546 Facundo
3550 5491 3734 5546 lcetio-

2145 5559 2265 5620 nem
2297 5577 2416 5616 esse
2448 5561 2761 5616 Sutzminnos
2792 5560 2872 5612 vel
2915 5559 3174 5612 Satanios.
3210 5580 3228 5611 ι

2218 5634 2607 5695 "Cotelcrius,
2661 5633 2695 5683 Ι.
2728 5646 2813 5694 c.,
2863 5645 2980 5698 pag.
3031 5631 3155 5696 780,
3203 5633 3480 5700 legendum
3523 5644 3731 5702 censet,

2145 5710 2294 5763 etiam
2346 5705 2524 5757 Ariani
2551 5717 2568 5756 :
2601 5704 2725 5755 vitio
2757 5717 2952 5766 llt‘ttlpc
2982 5702 3258 5771 scriptoris
3301 5705 3436 5758 male
3465 5706 3735 5772 geminata

2146 5785 2320 5837 littera
2350 5793 2394 5829 m
2429 5777 2478 5830 in
2511 5775 2810 5843 simplicem
2842 5774 3076 5827 redacta.
