4094 6504
360 401 463 456 ’157

1260 390 1391 447 PRO
1439 387 1872 444 DEFENSIONE
1914 384 2124 439 TRIUM
2168 386 2481 442 C.\f’lTUL.
2527 388 2654 443 LIB.
2698 389 2787 443 IX.

3550 387 3653 440 7δῖ

359 528 419 568 ac
475 525 569 582 per
615 518 714 564 hoc
761 509 969 578 utrique
1008 507 1218 562 diversa
1261 507 1327 562 de
1376 506 1659 562 Theodoro
1719 504 1956 559 senticn-
1990 503 2036 562 A
2064 509 2110 553 et
2140 500 2310 569 ipsum
2342 502 2553 556 beatum
2584 501 2843 573 Cyrillum
2878 500 3215 555 affirmabant
3243 516 3346 557 non
3375 502 3533 556 aliter
3555 502 3651 557 ilo-

360 616 472 671 tes,
519 602 749 658 Nestorii
806 600 1308 655 condemnationem
1377 600 1494 654 sine
1552 599 1657 653 ulla
1721 597 1948 652 diversi-

360 705 469 750 tate
498 695 802 749 firmabant.
845 694 981 760 Quid
1022 706 1150 761 ergo
1192 691 1537 747 Nestorianos
1577 692 1814 759 adjuvet,
1862 691 1949 758 qui

360 787 631 842 Theodori
671 785 850 846 dictis,
902 785 1039 839 sicut
1088 799 1143 839 et
1188 785 1416 839 aliorum
1472 785 1560 854 qui
1614 785 1667 838 in
1716 783 1953 838 Ecclesia

361 878 694 943 claruerunt,
747 876 886 930 male
938 876 1015 930 uti
1060 875 1332 940 dicuntur,
1382 877 1425 929 si
1476 890 1575 944 qua
1619 875 1685 930 de
1724 875 1817 929 illo
1859 874 1956 926 fuit

361 967 577 1022 diversa
612 967 827 1020 Patrum
860 966 1124 1020 sententia
1154 983 1165 1017 :
1198 980 1318 1020 cum
1348 976 1404 1021 et
1444 966 1566 1021 ideo
1598 966 1754 1020 fuerit
1800 979 1956 1019 accu-

366 1066 539 1121 satus,
585 1057 709 1126 quia
749 1055 943 1110 similia
977 1057 1265 1125 putabatur
1310 1057 1554 1126 sapuisse
1598 1056 1867 1123 Nestorio,
1902 1065 1956 1111 et

366 1148 521 1201 aliter
551 1162 657 1201 non
699 1147 934 1215 potuerit
959 1146 1226 1208 excusari,
1273 1148 1371 1201 nisi
1406 1147 1723 1215 probaretur
1748 1149 1956 1201 alienus

366 1239 437 1295 ab
478 1254 663 1295 errore
713 1238 989 1294 Nestorii?
1036 1239 1148 1293 lloc
1178 1254 1394 1310 quoque
1444 1240 1755 1294 meminisse
1795 1240 1954 1293 iidem

367 1329 669 1385 Nestoriaui
713 1329 945 1397 debent,
992 1330 1247 1399 quoniam
1280 1332 1334 1384 in
1373 1332 1453 1385 eis
1484 1330 1681 1386 litteris
1719 1333 1957 1385 orienta-

370 1422 499 1476 lium
533 1422 747 1477 Patrum
780 1424 937 1478 beato
971 1424 1161 1477 Proclo
1190 1422 1603 1478 rescribentimn
1636 1421 1679 1475 Τ
1687 1421 1957 1476 beodorus

369 1524 675 1579 excusatur,
726 1515 781 1568 in
836 1516 1029 1585 quibus
1086 1515 1359 1579 ﬁrmatur,
1409 1514 1547 1569 sicut
1600 1514 1957 1577 ostendimus,

372 1622 532 1660 unum
576 1606 643 1660 de
673 1606 937 1662 Trinitate
964 1623 1061 1675 pro
1091 1608 1245 1663 nobis
1287 1606 1632 1673 crucifixum;
1686 1608 1738 1661 in
1766 1607 1959 1677 quibus

370 1696 609 1751 dicitur:
658 1715 677 1749 ι
714 1697 867 1764 Quod
924 1708 1100 1754 autem
1140 1714 1302 1753 omne
1350 1698 1616 1753 orientale
1663 1699 1954 1753 concilium

370 1786 601 1841 Nestorii
651 1789 918 1843 novitates
944 1789 1237 1856 abdicavit,
1282 1789 1433 1845 novit
1458 1798 1513 1845 et
1542 1797 1629 1845 tua
1662 1791 1952 1853 sanctitas,

2059 594 2255 659 cuisse,
2298 594 2539 649 dicentes
2562 596 2633 660 ei,
2666 595 2804 647 sicut
2832 609 2987 662 supra
3022 596 3441 649 memoravimus
3477 612 3489 645 :
3521 593 3655 648 Sunt

2059 684 2199 738 enim
2217 686 2376 739 etiam
2398 702 2515 755 qua:
2532 695 2584 740 et
2608 695 2696 739 tua
2719 688 2973 740 sanctitas
3001 687 3068 739 ita
3088 686 3391 755 confitetur,
3414 696 3468 741 et
3504 701 3651 739 enm-

2060 776 2180 830 dem
2216 776 2285 829 de
2324 777 2428 831 illis
2465 777 2625 831 habet
2671 778 3021 832 intellectum.
3074 780 3188 841 Qua
3231 778 3297 831 de
3342 793 3407 833 ire
3449 778 3491 831 si
3546 778 3657 830 ha»

2059 868 2165 921 rcsi
2223 868 2555 924 Nestoriauze
2600 870 2759 925 debet
2816 870 3008 924 ascribi
3067 870 3200 926 duas
3255 870 3454 936 Christi
3514 887 3653 940 ιιι-ιρ-

2060 960 2242 1016 dicare
2286 973 2531 1028 naturas,
2585 964 2769 1018 beatus
2817 964 3083 1035 Cyrillus,
3147 965 3235 1032 qni
3295 966 3427 1019 nihil
3468 978 3656 1020 contra

2061 1055 2267 1123 retulit,
2314 1071 2565 1121 magnum
2607 1058 2659 1112 in
2695 1072 2754 1113 se
2780 1064 2983 1111 crimen
3017 1074 3111 1113 sua
3148 1058 3515 1114 taciturnitate
3568 1060 3657 1111 fir-

2064 1146 2227 1201 mavit
2257 1166 2271 1210 ;
2303 1163 2334 1202 a
2365 1164 2469 1217 quo
2499 1150 2711 1217 purgari
2756 1165 2861 1203 non
2914 1152 3138 1221 poterit,
3184 1150 3285 1204 nisi
3331 1153 3655 1207 catholicum

2058 1237 2327 1305 judicetur
2377 1240 2508 1294 duas
2554 1240 2753 1296 Christi
2806 1251 3025 1296 naturas
3078 1256 3342 1297 asserere.
3398 1243 3659 1309 lnteiligis

2062 1332 2245 1399 igitur,
2278 1333 2587 1401 imperator,
2619 1333 2758 1403 quod
2790 1334 2832 1386 si
2864 1348 2965 1402 qua
2992 1332 3208 1387 Patrum
3237 1335 3559 1403 disceptatio
3588 1335 3659 1388 de

2063 1423 2352 1478 Theodoro
2380 1424 2544 1479 fuisse
2574 1425 2807 1489 dicatur,
2850 1424 3196 1479 Nestorianos
3227 1427 3429 1495 pariter
3458 1436 3511 1480 et
3545 1426 3659 1480 Eu-

2064 1516 2343 1587 tychianos
2375 1516 2687 1572 confundat.
2740 1518 2936 1573 Sancta
2964 1533 3094 1572 vero
3133 1519 3370 1589 synodus
3406 1533 3564 1573 unam
3605 1528 3659 1573 et

2033 1620 2039 1625 ·
2064 1622 2406 1663 communem
2440 1610 2766 1675 accusantis,
2798 1611 2841 1663 si
2871 1616 3049 1664 tamen
3078 1625 3205 1665 vere
3234 1610 3450 1676 dicitur,
3476 1627 3539 1665 ac
3565 1613 3657 1665 de-

2066 1697 2396 1755 fendentium
2444 1701 2735 1755 Diodorum
2767 1703 2787 1732 ’
2824 1701 2983 1757 fidem
3016 1711 3229 1770 tenens,
3260 1703 3383 1758 illos
3418 1718 3656 1773 sequen-

2066 1791 2164 1846 dos
2196 1792 2250 1845 in
2283 1807 2513 1861 persona
2546 1791 2818 1847 Theodori
2844 1792 3124 1861 judicavit,
3157 1808 3383 1863 quorum
3409 1805 3459 1848 et
3489 1797 3659 1862 major

372 1897 491 1951 qua:
530 1893 744 1936 nostras
775 1897 938 1953 super
978 1884 1080 1939 hoc
1109 1886 1317 1941 litteras
1354 1886 1592 1942 secundo
1630 1885 1740 1955 jam
1775 1887 1959 1941 tertio-
1991 1886 2038 1946 B
2067 1884 2165 1939 fuit
2192 1886 2502 1950 auctoritas,
2525 1895 2580 1941 et
2602 1886 2691 1956 qui
2732 1902 2851 1940 cum
2877 1886 2971 1941 illo
2989 1886 3266 1955 degentes,
3286 1886 3537 1942 diuturna
3579 1886 3660 1941 fa-

373 1987 474 2039 que
515 1974 823 2044 suscepit.»
872 1974 977 2030 Sed
1023 1990 1123 2031 nec
1171 1975 1491 2049 Eutychiani
1532 1977 1617 2033 vel
1661 1977 1965 2049 Semieuty-

373 2065 553 2121 chiani
622 2067 965 2124 dissimulent
1027 2070 1171 2140 quod
1228 2070 1444 2125 interim
1511 2069 1645 2124 nihil
1705 2070 1966 2125 adversus

375 2154 719 2211 Theodorum
758 2173 827 2212 ex
866 2160 1085 2213 nomine
1114 2158 1256 2216 beati
1284 2159 1508 2231 Cyrilli,
1545 2173 1707 2230 quem
1734 2160 1884 2230 sequi
1908 2174 1968 2215 se

374 2248 577 2316 dicunt,
609 2250 857 2318 proferre
886 2253 1125 2322 potuerit
1155 2253 1207 2307 in
1235 2267 1341 2324 quo
1380 2253 1631 2324 culpetur
1661 2253 1714 2307 in
1752 2253 1963 2307 duabus

373 2343 648 2399 Christum
692 2345 1011 2413 praedicasse
1055 2346 1280 2401 naturis.
1323 2346 1453 2403 Sive
1492 2347 1637 2402 enim
1662 2360 1816 2411 vere,
1854 2345 1969 2401 sive

378 2435 514 2493 false
561 2437 907 2506 perhibeatur
958 2438 1277 2496 Theodorus
1319 2440 1387 2497 ab
1426 2455 1492 2498 eo
1531 2440 1777 2511 culpatus
1826 2441 1967 2510 quod

367 2525 511 2582 duos
549 2529 845 2585 crediderit
875 2530 1037 2598 ﬁlios,
1075 2531 1333 2587 hactenus
1365 2532 1547 2587 fictum
1597 2548 1703 2587 non
1748 2542 1831 2587 est
1868 2531 1969 2587 hoe

375 2633 498 2673 cum
552 2622 969 2691 reprehendisse
1026 2623 1080 2679 in
1134 2624 1292 2680 dictis
1346 2623 1659 2687 Theodori,
1709 2625 1963 2694 quoniam

376 2712 511 2767 duas
559 2715 868 2781 praedicavit
921 2714 1122 2772 Christi
1172 2733 1292 2773 esse
1346 2726 1600 2784 naturas;
1650 2718 1791 2787 quod
1843 2732 1966 2773 eum

382 2806 702 2877 Eutychiani
760 2809 1082 2878 praedicasse
1140 2827 1245 2867 non
1306 2819 1541 2881 negant,
1587 2825 1748 2880 quem
1802 2811 1962 2865 etiam

377 2896 511 2951 duas
532 2899 861 2956 mentiuntur
901 2911 1118 2971 putasse
1157 2918 1439 2972 personas.
1481 2903 1592 2956 Cur
1642 2902 1801 2972 igitur
1848 2918 1969 2957 eum

381 2993 569 3046 beatus
596 2991 828 3063 Cyrillus
850 3009 953 3048 non
987 2994 1146 3049 simul
1173 2995 1240 3049 de
1262 2994 1486 3049 duarum
1511 3009 1725 3064 quoque
1756 3003 1972 3048 natura-

380 3097 496 3135 rum
548 3084 927 3151 praedicatione
977 3086 1231 3154 culpavit,
1285 3087 1329 3141 si
1382 3086 1577 3141 hazresi
1630 3086 1964 3141 Nestoriana:

380 3174 742 3243 deputandum
776 3185 860 3231 est
887 3176 1020 3231 duas
1045 3177 1243 3232 Christi
1284 3177 1509 3233 credere
1544 3192 1605 3231 ac
1641 3176 1840 3232 docere
1872 3193 1967 3231 na-

2072 1975 2382 2030 miliaritatc
2413 1976 2548 2030 bene
2577 1987 2938 2045 cognoverant
2966 1992 3071 2046 qua
3101 1977 3398 2033 intentione
3424 1979 3660 2047 scripse-

2070 2067 2142 2121 rit
2171 2066 2224 2121 in
2271 2067 2468 2137 quibus
2516 2067 2804 2136 putabatur
2833 2066 2902 2121 ab
2932 2068 3303 2137 ignorantibus
3333 2070 3660 2140 arguendos.

2073 2158 2184 2213 lloc
2200 2159 2420 2229 justiti-.1:
2444 2158 2800 2229 congruebat,
2820 2159 2923 2214 hoc
2944 2160 3107 2215 etiam
3131 2160 3339 2229 pietati,
3361 2177 3480 2232 qua:
3497 2178 3658 2231 quan-

2032 2302 2037 2305 .
2073 2262 2183 2305 tum
2211 2251 2347 2305 ratio
2379 2252 2577 2316 patitur
2606 2251 2768 2306 debet
2795 2252 3132 2306 excusationi
3178 2252 3348 2323 magis
3375 2269 3535 2323 quam
3567 2268 3663 2309 ac-

2071 2341 2334 2397 cusationi
2367 2341 2549 2397 favere
2580 2357 2843 2411 persona.
2876 2343 2989 2397 Ho’c
3018 2346 3180 2399 etiam
3211 2349 3540 2402 conveniens
3569 2348 3665 2404 fuit

2072 2433 2359 2503 assertioui
2390 2448 2532 2487 vera:
2561 2433 2705 2499 fidei,
2731 2448 2891 2503 quam
2916 2444 3103 2505 contra
3129 2434 3435 2490 Nestorium
3464 2446 3521 2492 et
3561 2438 3665 2492 Eu-

2076 2523 2288 2593 tychetn
2338 2526 2579 2596 synodus
2627 2525 2718 2579 illa
2750 2536 3085 2594 susceperat,
3136 2543 3205 2582 ne
3256 2536 3349 2582 aut
3395 2528 3666 2584 diceretur

2075 2614 2349 2670 Nestorius
2374 2616 2567 2671 similia
2597 2618 2842 2685 sapuisse
2863 2618 3148 2674 Theodoro
3173 2634 3201 2672 a
3233 2622 3395 2674 tantis
3420 2620 3667 2674 Patribus

2080 2710 2391 2779 prtedicato,
2422 2720 2511 2764 aut
2540 2725 2635 2779 per
2662 2710 2765 2765 hoc
2789 2709 2904 2780 ejus
2922 2712 3092 2766 errori
3114 2711 3331 2766 daretur
3350 2712 3667 2778 auctoritas,

2076 2810 2171 2854 aut
2219 2801 2699 2871 Apolinaristarum
2743 2803 3143 2873 progenitorum
3185 2804 3530 2874 Eutychiana:
3573 2804 3667 2858 de-

2078 2892 2313 2956 mentia),
2345 2893 2429 2947 vel
2482 2893 2647 2961 ipsius
2691 2895 2953 2964 Eutychis
2995 2896 3047 2948 in
3079 2895 3364 2949 Theodoro
3396 2898 3668 2950 videretur

2079 2994 2261 3039 secuta
2287 2985 2572 3055 judicium,
2612 2995 2669 3039 nt
2699 2986 2765 3041 de
2806 2987 2917 3055 ipsa
2964 3002 3175 3056 quoque
3205 2988 3500 3043 secundum
3544 3004 3668 3043 scn~

2082 3079 2298 3135 tentiam
2328 3079 2468 3133 beati
2499 3078 2682 3152 Cyrilli
2716 3080 2910 3133 merito
2932 3080 3222 3149 diceretur,
3256 3083 3397 3150 quod
3429 3091 3668 3150 propter-

2082 3186 2143 3225 ea
2174 3187 2231 3226 se
2261 3171 2406 3225 circa
2424 3170 2793 3231 Theodorum,
2816 3172 2991 3224 virum
3021 3171 3391 3227 admirabilem
3424 3180 3479 3226 et
3501 3171 3669 3225 maxi«

380 3268 563 3322 suras?
612 3268 751 3335 Quin
798 3269 976 3338 potius
1018 3269 1143 3324 hinc
1188 3268 1622 3338 sapientissimus
1652 3269 1887 3324 Joannes
1917 3280 1971 3325 et
2002 3263 2044 3325 C
2084 3276 2223 3317 mam
2256 3262 2478 3331 gloriam
2511 3270 2825 3326 merentem,
2848 3261 3053 3316 infense
3078 3262 3319 3328 haberet,
3345 3272 3404 3317 ut
3433 3265 3669 3317 occasio-

381 3359 646 3415 orientale
678 3360 991 3427 cont-ilium,
1018 3362 1320 3417 scribentes
1347 3362 1522 3418 eidem
1561 3362 1717 3416 beato
1745 3362 1971 3432 Cyrillo,

382 3449 723 3505 Theodorum
755 3461 1003 3523 purgant,
1042 3452 1183 3522 quod
1210 3452 1468 3508 adversus
1504 3452 1789 3505 hmreticos
1819 3461 1971 3504 natu-

384 3554 565 3593 rarum
612 3541 967 3610 proprietates
1034 3543 1265 3611 amplius
1334 3542 1622 3603 dividens.
1692 3550 1972 3608 putaretur

385 3633 544 3685 etiam
590 3631 722 3687 duas
757 3630 957 3689 Christi
1004 3635 1305 3690 asseruisse
1354 3649 1634 3704 personas.
1690 3636 1971 3701 Quomodo

385 3722 543 3790 igitur
584 3724 669 3778 vel
714 3725 1003 3781 orientales
1044 3725 1233 3782 Patres
1277 3741 1344 3781 ex
1386 3740 1452 3780 eo
1489 3726 1661 3796 magis
1708 3741 1971 3781 excusan-

385 3812 510 3865 dum
543 3813 883 3870 Theodorum
941 3830 971 3869 a
1013 3816 1334 3872 Nestoriano
1372 3819 1601 3872 crimine
1646 3818 1975 3886 judicarent,

385 3901 527 3969 quod
583 3913 891 3959 naturarum
945 3907 1301 3974 preprietates
1332 3909 1561 3975 amplius
1611 3908 1898 3975 divideret,
1933 3912 1976 3963 si

387 3992 686 4048 Nestoriani
728 4004 811 4051 est
853 3997 1095 4051 criminis
1138 3999 1271 4052 duas
1308 3998 1511 4053 Christi
1560 4009 1781 4054 naturas
1827 4014 1980 4055 asse-

387 4087 542 4141 rere?
565 4087 646 4142 vel
675 4089 945 4158 quomodo
974 4089 1087 4159 ipse
1124 4104 1337 4161 quoque
1365 4091 1551 4146 beatus
1580 4089 1811 4161 Cyrillus
1863 4107 1971 4147 non

388 4179 607 4235 eosdem
661 4183 950 4238 orientales
982 4184 997 4215 ¹
1034 4184 1325 4239 Ιιωτειὶοοε
1374 4196 1428 4238 et
1484 4185 1706 4240 nimium
1760 4186 1977 4251 stultos,

389 4271 482 4340 qui
510 4271 856 4329 Theodorum
902 4275 1166 4331 incertum
1197 4279 1402 4331 crimen
1434 4278 1786 4332 susdnentcm
1828 4288 1978 4333 certo

388 4361 613 4416 crimine
643 4362 933 4420 defendere
977 4364 1329 4420 nitebantur?
1374 4364 1683 4422 Praesertim
1724 4368 1974 4437 quoniam

464 4496 481 4524 ¹
510 4494 641 4550 Cod.
679 4496 903 4558 Veron..
926 4498 1180 4564 judicare:
1206 4498 1497 4552 orientales.

2086 3371 2203 3411 nem
2238 3358 2436 3411 faceret
2466 3356 2736 3409 contrario
2766 3355 3001 3424 dogmati
3042 3370 3149 3425 quo
3185 3357 3485 3423 tenebatur,
3520 3373 3671 3425 qua:-

2085 3464 2208 3503 rens
2237 3448 2470 3517 capitula
2497 3447 2740 3516 qua-datu
2784 3446 2902 3516 ejus
2940 3461 3044 3501 non
3076 3463 3137 3499 ex
3172 3447 3483 3503 melioribus
3515 3449 3669 3501 intel-

2082 3540 2217 3594 lecta
2246 3539 2512 3592 damnari.
2544 3538 2750 3604 Quibus
2779 3539 2848 3590 ita
2884 3540 3189 3593 constitutis
3230 3552 3390 3607 atque
3425 3540 3670 3605 firmatis,

2079 3631 2221 3699 quod
2258 3644 2427 3699 nuper
2453 3644 2483 3682 a
2515 3630 2831 3699 quibusdam
2863 3630 3259 3684 condemnatus
3290 3641 3392 3696 ist,
3419 3634 3668 3687 cohiben-

2092 3721 2175 3775 tia:
2206 3735 2363 3789 quam
2396 3719 3039 3789 prmbeut’Eutychianis,
3067 3729 3119 3774 et
3141 3721 3512 3776 abominanda:
3540 3738 3672 3789 prie:

2087 3811 2376 3882 sumptioni
2406 3811 2569 3866 debet
2599 3812 2831 3875 ascribi;
2862 3822 2916 3864 et
2962 3811 3078 3865 ideo
3124 3812 3265 3867 sicut
3314 3815 3409 3865 bos
3442 3822 3674 3867 terno-ra-

2088 3905 2198 3959 rios
2227 3916 2411 3959 contra
2441 3912 2749 3957 sanctorum
2780 3902 2996 3955 Patrum
3035 3903 3399 3971 Ecclesiccque
3426 3907 3672 3958 testium—

2089 3997 2234 4051 nium
2266 3995 2568 4050 nullatenus
2592 3995 2892 4063 approbare
2917 3994 3198 4063 quisquam
3226 3997 3438 4065 sapiens
3477 4005 3673 4065 potest,

2052 4090 2160 4156 _ita
2193 4100 2437 4155 magnam
2483 4087 2750 4157 synodum
2778 4086 3270 4142 Chalcedonensem
3319 4102 3439 4142 cum
3484 4089 3672 4145 iisdem

2088 4182 2337 4236 Patribus
2367 4188 2421 4235 et
2455 4180 2697 4235 Ecclesia
2741 4181 2791 4235 in
2824 4196 2925 4251 qua
2956 4181 3270 4235 Theodorus
3298 4182 3513 4248 mansit,
3566 4198 3673 4239 non

2086 4283 2263 4344 potest
2292 4275 2621 4343 improbare.

2167 4502 2186 4531 ²
2218 4499 2360 4555 Idem
2388 4497 2533 4566 cod.,
2559 4496 2846 4553 Diodorum
2871 4509 2919 4552 et
2944 4497 3267 4553 Theodorum
3290 4499 3465 4568 ﬁdem.

1598 4752 1939 4835 LIBER
2012 4750 2443 4837 NONUS.

914 4990 1139 5047 CAPUT
1180 4991 1468 5049 PRIMUM.

394 5132 543 5208 Quod
571 5149 639 5208 ea:
662 5132 866 5201 scriptis
904 5131 1164 5208 Theodori
1194 5136 1433 5208 probetur
1479 5138 1649 5203 ipsum
1695 5139 1856 5208 fuisse
1902 5156 1989 5194 ca-

465 5205 715 5277 tholicum
736 5242 750 5265 ,
785 5214 831 5257 et
860 5205 1012 5257 unius
1040 5206 1225 5277 psalmi
1254 5222 1377 5260 XLIV
1410 5205 1726 5277 expositione
1746 5211 1989 5276 refellun-

462 5296 545 5333 m:
571 5276 745 5333 munia
771 5291 883 5342 qua:
908 5285 1089 5328 contra
1115 5276 1226 5346 ejus
1259 5276 1545 5331 doctrinam
1568 5279 1769 5351 objecta
1793 5291 1931 5334 sunt.

468 5435 855 5496 Promissionis
889 5451 1178 5502 memores,
1208 5440 1533 5507 competenti
1566 5440 1683 5495 loco
1708 5440 1819 5510 jam
1868 5456 1990 5509 pro-

394 5546 654 5601 ponamus
686 5533 701 5563 ¹
748 5528 812 5585 de
873 5527 1143 5581 Theodori
1194 5530 1406 5598 scriptis
1458 5544 1561 5584 non
1606 5545 1794 5599 pauca,
1852 5531 1991 5585 sicut

397 5624 554 5678 tt-rtio
583 5623 719 5678 libro
749 5638 813 5677 ex
848 5619 1135 5673 occasione
1178 5622 1558 5675 convincenda:
1610 5623 1856 5678 falsitatis
1888 5624 1991 5678 ad-

393 5714 752 5769 versariorum
782 5717 1035 5777 fecimus;
1070 5710 1162 5765 sed
1186 5712 1353 5767 multo
1380 5714 1549 5784 plura,
1569 5715 1761 5785 quibus
1784 5715 1993 5771 abunde

470 5829 487 5860 ⁸
516 5826 648 5883 Cod.
683 5827 902 5897 Veron.,
941 5825 1283 5896 proferamus.

2017 4976 2072 5037 ι)
2100 4984 2434 5032 monstretur
2465 4986 2721 5046 quantum
2752 4976 2819 5031 ab
2847 4974 2911 5030 iis
2943 4989 3062 5045 qua:
3090 4976 3141 5031 in
3174 4975 3538 5046 prirjudicium
3569 4993 3684 5035 ma-

2093 5086 2213 5140 gna:
2242 5070 2433 5141 synodi
2478 5068 2936 5125 Chalcedonensis
2982 5069 3050 5125 de
3105 5068 3198 5125 illo
3253 5070 3481 5126 conficta
3534 5084 3683 5139 sunt,

2095 5163 2256 5218 fuerit
2283 5163 2611 5218 alienus:ut
2643 5164 2753 5231 jam
2804 5176 2911 5217 non
2953 5160 3171 5216 Patrum
3214 5161 3541 5228 teStitnonio,
3589 5167 3686 5221 sed

2096 5256 2227 5325 ipsis
2256 5256 2416 5310 rebus
2448 5253 2765 5308 ostendatur
2792 5252 2937 5323 quod
2966 5253 3377 5309 conturbatores
3408 5254 3685 5326 Ecclesiae,

2098 5350 2187 5418 qni
2218 5348 2499 5418 epistulam
2531 5347 2851 5402 venerabilis
2884 5345 2988 5400 Iba:
3014 5344 3081 5400 de
3104 5346 3347 5401 laudibus
3367 5347 3485 5418 ejus
3508 5349 3685 5406 Theo-

2101 5440 2216 5494 dori
2245 5441 2481 5510 culpant,
2516 5456 2621 5494 non
2654 5439 2804 5510 quasi
2854 5439 3106 5493 latentem
3141 5438 3391 5494 invtvnire
3438 5456 3542 5495 non
3592 5456 3687 5510 po-

2102 5536 2324 5600 tuerint,
2354 5534 2450 5588 sed
2498 5532 2832 5587 manifestam
2864 5530 3046 5585 videre
3093 5530 3553 5587 dissimulaverin‘t
3593 5549 3688 5588 ve-

2102 5628 2334 5683 ritatem.
2373 5625 2538 5696 Igitur
2570 5627 2667 5680 tria
2700 5634 2823 5679 sunt
2868 5623 2919 5678 in
2946 5622 3139 5693 quibus
3162 5624 3280 5692 ejus
3307 5622 3449 5678 dicta
3485 5624 3688 5680 calum-

2103 5718 2339 5785 niantur,
2397 5717 2535 5773 sicut
2587 5718 2694 5787 jam
2725 5716 2985 5772 diximus.
3021 5713 3195 5771 Unum
3238 5725 3340 5785 est,
3371 5716 3513 5787 quod
3562 5732 3684 5775 eum
