4094 6474
426 307 529 366 739

1532 305 1824 362 FACUNDI
1871 303 2083 361 EPISC.
2130 303 2646 395 llEliliilAiiENSlS

3607 303 3714 356 7ἱο

425 423 778 479 erimiuantur
807 399 1038 490 unicam,
1084 422 1231 492 juxta
1269 419 1491 476 Sabellii
1544 421 1894 486 dementiam,
1927 419 2012 474 di-
2038 423 2091 480 A
2120 435 2310 475 sancto
2353 421 2576 490 Spiritui
2630 415 2950 488 condignam
3002 415 3392 472 adorationem.
3450 413 3716 484 Quocirca

428 517 566 571 vitae
595 517 870 571 Trinitatis
901 515 1197 571 credidisse
1223 528 1532 583 personam.
1569 512 1842 580 Alterum,
1875 512 2017 582 quod

425 608 744 675 semetipsos
786 607 1128 662 destruentes
1175 605 1484 660 ccontrario
1522 618 1708 658 rursus
1747 601 2024 657 affirmant

424 700 566 767 quod
615 699 1026 767 quaternitatem
1059 697 1453 759 introduxerit,
1478 696 1613 756 duos
1644 694 1785 749 filios
1831 694 2023 762 prmdi-

426 790 598 842 cando
624 799 671 855 ι,
709 789 758 843 id
791 799 872 846 est
901 791 1059 845 aliam
1089 790 1182 844 Dei
1218 789 1379 844 Verbi
1407 799 1461 844 et
1491 787 1652 842 aliam
1682 786 1884 842 Christi
1930 801 2023 840 as-

426 881 654 937 serendo
682 884 1092 953 personam,qui
1117 883 1280 938 homo
1305 891 1512 937 tantum
1534 881 1834 946 fuerit,non
1859 881 2020 934 etiam

429 972 588 1038 Deus,
621 974 759 1028 sicut
789 982 1047 1042 putavere
1081 975 1275 1030 Judaei.
1311 974 1550 1030 Tertium
1599 987 1729 1027 vero
1756 981 1859 1038 est,
1883 970 2024 1041 quod

427 1078 550 1117 eum
597 1064 782 1119 dicunt
836 1080 1139 1121 evacuasse
1194 1081 1386 1120 omnes
1441 1066 1496 1120 in
1549 1065 1818 1119 Christum
1861 1066 2025 1117 factas

430 1152 772 1222 prophetias;
820 1156 963 1226 quod
1012 1155 1428 1212 Manichteorum
1483 1155 1684 1210 erroris
1729 1162 1832 1219 est,
1890 1168 2027 1222 quos

428 1245 673 1299 novimus
711 1246 948 1302 Judaicze
990 1249 1292 1303 infidelitali
1333 1248 1474 1302 male
1513 1246 1832 1301 contrarios.
1891 1245 2025 1298 Nam

426 1335 504 1390 illi
552 1354 754 1393 novum
805 1339 1156 1407 detestantes,
1212 1351 1368 1396 vetus
1416 1355 1473 1394 se
1507 1340 1694 1394 dicunt
1737 1339 2025 1406 accipere;

429 1428 516 1483 isti
546 1440 701 1484 vetus
731 1430 1082 1498 detestantes,
1108 1447 1304 1487 novmn
1336 1447 1395 1488 se
1421 1432 1608 1486 dicunt
1653 1431 1896 1499 accipere
1922 1429 2026 1483 Te-

429 1529 774 1574 stamentum.
819 1525 948 1586 Qua:
987 1524 1222 1592 quidem,
1258 1535 1313 1576 ut
1345 1532 1620 1577 ostensum
1669 1530 1774 1583 est,
1821 1521 1900 1574 sic
1937 1520 2031 1572 ab-

429 1609 588 1663 Surda
633 1620 757 1666 sunt
803 1612 1014 1682 sibique
1045 1614 1338 1678 contraria,
1374 1625 1432 1667 ut
1465 1613 1642 1666 nullus
1684 1628 1748 1667 ea
1779 1611 2031 1666 refellere

432 1700 517 1754 vii
551 1703 832 1759 attendere
880 1705 1247 1789 dignaretur.’
1267 1705 1624 1773 Despicienda
1671 1705 1815 1758 enim
1861 1703 2030 1771 magis

2125 523 2232 566 tres
2275 513 2588 567 Theodorus
2643 511 2874 566 credidit
2921 518 2977 564 et
3029 508 3212 562 docuit
3261 521 3381 562 esse
3430 522 3716 576 personas,

2124 607 2285 659 alium
2335 607 2521 660 dicens
2569 603 2804 668 Patrem,
2839 602 2998 672 cujus
3030 602 3098 655 sit
3129 600 3272 654 filius
3300 615 3458 669 quem
3509 599 3722 683 vocavit

2127 697 2494 767 Unigenitnm,
2517 706 2573 753 et
2601 698 2765 751 alium
2797 695 3058 762 Spiritum
3100 705 3345 749 sanctum
3376 696 3418 760 ³,
3449 693 3534 748 cui
3582 708 3719 749 con-

2125 791 2362 859 dignam,
2392 789 2443 844 id
2471 799 2552 843 cst
2585 788 2747 843 talem
2804 786 3013 857 qualem
3057 786 3220 840 etiam
3267 784 3424 849 Filio,
3450 785 3723 839 adoratio-

2133 896 2258 936 nem
2283 881 2574 936 exhibeant
2594 882 2682 951 qui
2713 879 2927 949 pietatis
2957 889 3118 950 atque
3150 878 3362 933 virtutis
3389 878 3723 949 diligentiam

2129 973 2329 1028 habere
2386 972 2657 1028 festinant.
2718 971 2826 1028 Sed
2887 985 3061 1040 neque
3115 970 3391 1024 Christum
3449 970 3722 1027 hominem

2129 1065 2501 1120 tantummodo
2533 1062 2872 1134 praedicavit,
2903 1061 3056 1132 cujus
3089 1060 3340 1130 operibus
3381 1048 3512 1115 nihil
3551 1063 3726 1132 majus

2129 1173 2250 1213 esse
2280 1157 2548 1227 perhibet,
2589 1155 2854 1211 confitens
2885 1169 3007 1210 eum
3053 1153 3223 1208 Deum
3263 1153 3657 1219 universorum,
3693 1170 3725 1208 τι

2130 1265 2236 1318 quo
2255 1257 2398 1302 tanta
2431 1249 2614 1304 mundi
2653 1247 3004 1302 commutatio
3047 1244 3182 1299 facta
3225 1247 3316 1298 sit.
3344 1245 3496 1313 Quod
3543 1255 3724 1300 autem

2131 1355 2232 1396 nec
2260 1349 2484 1395 evacnet
2531 1353 2721 1394 omnes
2762 1339 2812 1392 in
2862 1338 3135 1394 Christum
3181 1340 3349 1395 factas
3393 1341 3727 1410 pr0phetias,

2135 1435 2309 1502 palam
2341 1441 2448 1498 est,
2489 1432 2613 1501 quia
2663 1445 2852 1485 rursus
2907 1431 2957 1484 in
2996 1431 3238 1499 ejusdem
3267 1433 3460 1499 psalmi
3514 1434 3729 1501 θεινοδὶ-

2135 1527 2279 1580 tione
2327 1526 2463 1578 dixit
2508 1541 2521 1577 :
2579 1543 2596 1574 ι
2628 1522 2895 1590 Quoniam
2935 1524 3152 1592 quidem
3218 1525 3368 1594 prius
3421 1525 3496 1578 ait
3541 1540 3726 1595 regna,

2135 1628 2320 1690 postea
2334 1629 2512 1674 autem
2535 1626 2862 1672 memoratus
2885 1627 2967 1671 est
2990 1618 3325 1673 inimicorum
3351 1619 3726 1688 perditionem.

2135 1722 2191 1767 et
2237 1714 2569 1782 reliquorum
2625 1708 3018 1779 subjectionem
3047 1751 3062 1776 ,
3109 1727 3177 1765 ne.
3215 1710 3409 1780 aliquis
3460 1711 3730 1766 existimet

431 1793 546 1844 hmc
595 1803 750 1848 erant
801 1805 855 1849 et
903 1795 1116 1850 silentio
1147 1783 1562 1860 contemnenda,
1612 1795 1715 1849 nisi
1747 1803 2015 1848 tantorum
2055 1783 2098 1840 Β
2131 1820 2302 1876 nuper
2331 1806 2379 1859 ei
2411 1802 2710 1859 accessisse
2743 1816 2986 1872 regnum,
3019 1803 3103 1858 vel
3135 1814 3281 1859 certe
3311 1817 3466 1874 posse
3491 1819 3614 1859 eum
3637 1805 3731 1858 de.

431 1885 807 1956 episcoporum
835 1898 1017 1943 coacta
1042 1890 1364 1958 subscriptio
1388 1891 1543 1960 nugis
1565 1889 1763 1944 talibus
1791 1903 1890 1943 nos
1931 1905 2016 1941 re-

430 1976 700 2041 spondere
729 1979 1098 2048 compelleret.
1131 1980 1261 2034 Nam
1299 1981 1426 2051 quid
1465 1982 1588 2035 hinc
1615 1980 2022 2034 metueremus?

432 2085 500 2121 an
537 2069 677 2123 forte
706 2071 1034 2126 credendum
1067 2084 1150 2128 est
1182 2073 1323 2143 quod
1352 2073 1433 2128 his
1465 2073 1729 2138 ridiculis,
1760 2082 1945 2128 mutuo
1965 2088 2024 2127 se

432 2161 838 2220 destrucntibus
880 2167 1096 2222 nemine
1129 2169 1140 2199 ¹
1174 2168 1470 2232 refellente,
1506 2167 1786 2238 quisquam
1817 2168 1901 2224 vel
1934 2183 2024 2236 pa-

433 2268 553 2307 rum
587 2254 838 2310 cordatus
867 2259 1134 2326 praeberet
1157 2259 1474 2314 assensum?
1521 2258 1803 2326 Quomodo
1843 2270 2021 2314 autem

434 2357 615 2415 posset
643 2350 944 2406 evidentius
984 2353 1236 2408 omnibus
1263 2368 1547 2422 apparere,
1580 2353 1766 2424 quales
1798 2353 1906 2406 sint
1934 2367 2024 2407 re—

433 2444 792 2510 prehensores
833 2445 1027 2515 synodi
1067 2445 1556 2510 Chalcedonensis,
1599 2445 1688 2514 qui
1737 2458 1794 2498 se
1829 2443 2024 2497 Joanni

432 2535 1050 2608 Constantinopolitano,
1086 2541 1346 2614 Gregorio
1369 2543 1725 2604 Nazianzeuo,
1750 2538 1943 2597 Joanni
1973 2549 2028 2592 ct

434 2630 640 2685 Domno
668 2633 1016 2688 Antiochenis
1046 2645 1205 2704 atque
1237 2635 1485 2690 orientali
1509 2633 1764 2698 concilio,
1791 2647 1889 2687 nec
1920 2648 2024 2685 non

431 2728 485 2773 et
540 2719 736 2776 Proclo
793 2723 923 2779 item
993 2724 1638 2794 ConstantinOpolitano,
1695 2733 1750 2778 et
1825 2722 2028 2794 Cyrillo

433 2808 798 2866 Alexandrino
845 2814 1104 2886 religione
1135 2824 1294 2886 atque
1324 2817 1549 2872 scientia
1582 2814 1898 2885 przeferunt,
1924 2814 2028 2868 nisi

433 2903 793 2971 probarentur
826 2917 879 2961 et
908 2907 1070 2963 nimis
1115 2909 1416 2980 irreligiose
1458 2924 1641 2964 amare
1670 2907 2028 2969 mendacium,

435 3003 488 3047 et
520 3011 694 3065 neque
720 2998 820 3052 hoc
845 2999 1036 3054 saltem
1066 2999 1204 3054 scire
1233 2999 1506 3069 quomodo
1533 2998 1899 3054 mentiantur?
1925 3002 2028 3052 Ac-

433 3088 550 3156 cipe
606 3106 738 3144 vero
781 3092 914 3161 jam,
967 3093 1313 3148 serenissime
1365 3094 1680 3162 imperator,
1720 3091 1849 3162 quid
1889 3091 2030 3146 idem

2131 1914 2238 1953 nuo
2269 1895 2468 1964 privari
2493 1894 2679 1950 eadem
2705 1901 3001 1962 potestate.
3039 1894 3160 1948 Post
3196 1895 3310 1950 haec
3338 1895 3537 1950 infert:
3570 1895 3733 1951 Sedes

2129 1999 2238 2054 tua,
2273 1988 2433 2056 Deus,
2467 1987 2519 2040 in
2549 1985 2796 2040 siccatum
2827 1985 3010 2039 siccati
3044 1985 3234 2058 (Ibid.,
3260 1989 3341 2054 7),
3373 1989 3472 2044 hoc
3491 1999 3576 2045 est
3603 2007 3734 2045 con-

2128 2093 2420 2152 sequenter
2496 2079 2712 2150 quidem
2789 2079 3168 2135 interimentur
3238 2081 3480 2146 inimici,
3542 2084 3734 2154 reliqui

2128 2188 2258 2228 vero
2287 2186 2476 2227 omnes
2507 2169 2881 2238 subjicientur.
2910 2171 3176 2238 Quoniam
3208 2173 3422 2241 quidem
3455 2191 3562 2230 non
3606 2177 3734 2229 sub-

2131 2266 2500 2321 intromissum
2559 2263 2730 2318 habes
2795 2279 3065 2334 regnum,
3115 2265 3210 2319 sed
3283 2280 3349 2320 ex
3406 2267 3736 2337 sempiterno

2133 2359 2375 2415 omniutn
2407 2371 2621 2427 regnas,
2652 2365 2706 2409 et
2738 2357 2787 2408 in
2842 2365 3099 2410 :eternum
3145 2371 3359 2427 regnas,
3405 2368 3458 2412 et
3511 2373 3734 2428 regnum

2132 2463 2278 2507 tuum
2312 2457 2493 2504 manet
2521 2449 2572 2502 in
2614 2454 2894 2503 aeternum.
2931 2447 3055 2502 [hec
3083 2447 3254 2503 Judaei
3288 2457 3346 2502 ut
3375 2447 3589 2504 fabulas
3617 2451 3737 2503 ina-

2132 2560 2226 2600 ncs
2273 2542 2596 2614 intelligunt,
2641 2540 3007 2595 existimantes
3055 2540 3122 2594 de
3165 2540 3380 2594 homine
3407 2555 3533 2609 rege
3561 2541 3740 2596 dicta.

2131 2637 2228 2691 Cui
2256 2633 2399 2690 enim
2433 2633 2706 2687 hominum
2735 2640 2937 2685 tantmu
2971 2631 3071 2686 hoc
3102 2632 3309 2701 insigne
3339 2634 3617 2697 virtutum,
3643 2639 3739 2686 aut

2134 2728 2322 2783 talium
2352 2724 2662 2794 magnitudo
2707 2722 3013 2776 dictorum?
3060 2722 3145 2775 cui
3173 2737 3301 2776 vero
3347 2725 3658 2790 conveniet,
3689 2733 3737 2778 et

2133 2820 2350 2874 deducet
2384 2830 2430 2873 te
2461 2817 2759 2870 mirabiliter
2803 2815 3013 2869 dextera
3057 2825 3144 2868 tua
3195 2814 3384 2883 (llud,
3410 2815 3464 2886 5}
3503 2816 3524 2868 ?
3554 2815 3739 2871 divina

2133 2917 2411 2986 Scriptura
2449 2915 2519 2968 de
2563 2914 2813 2968 omnibus
2861 2913 3023 2984 justis
3074 2929 3284 2982 semper
3334 2913 3405 2967 ita
3454 2913 3731 2983 loquente,

2134 3010 2258 3078 quia
2287 3025 2351 3063 ex
2399 3008 2583 3063 divino
2613 3008 2882 3078 adjutorio
2913 3009 3159 3062 virtutem
3203 3007 3533 3078 possideant.
3565 3008 3740 3062 Mani-

2139 3100 2332 3155 festum
2366 3108 2542 3154 autcm
2577 3099 2663 3152 hic
2691 3110 2744 3153 et
2785 3099 2912 3152 illud
2960 3107 3061 3163 est,
3109 3099 3234 3169 quia
3287 3115 3392 3154 non
3439 3099 3509 3154 de
3555 3099 3742 3169 aliquo

436 3179 753 3238 Theodorus
784 3185 851 3239 de
879 3187 1289 3256 quadragesimo
1313 3198 1369 3240 ct
1404 3197 1598 3256 quarto
1623 3187 1828 3256 psalmo
1851 3185 2037 3254 dispu-
2067 3175 2111 3236 C
2145 3193 2308 3261 impio
2337 3192 2582 3260 loquatur
2615 3192 2665 3245 in
2698 3191 2909 3260 propria
2941 3190 3137 3244 virtute
3188 3189 3408 3246 fidente.
3459 3192 3536 3245 Ad
3579 3206 3742 3260 quem

436 3283 554 3328 tans
583 3277 727 3330 dicat
759 3296 772 3329 :
810 3296 828 3328 (
857 3279 996 3344 Quid
1036 3278 1218 3349 itaque
1263 3281 1567 3335 invenietur
1596 3280 1767 3349 majus
1798 3278 1880 3333 his
1911 3295 2028 3348 quae

436 3385 463 3420 τι
502 3370 715 3425 Christo
765 3375 899 3428 facta
928 3384 1054 3430 sunt
1091 3377 1144 3429 in
1193 3386 1335 3431 tanta
1381 3378 1563 3432 mundi
1612 3378 2030 3433 commutatione

437 3463 686 3518 omnibus
713 3468 1146 3534 agnoscentibus,
1176 3469 1343 3524 Deum
1381 3471 1752 3526 universorum
1781 3480 1834 3525 et
1862 3473 2028 3538 pieta-

438 3553 506 3604 tis
547 3561 710 3622 atque
768 3555 984 3610 virtutis
1027 3558 1354 3628 diligentiam
1395 3560 1596 3615 habere
1635 3559 2024 3626 festinantium,

438 3643 928 3712 etgloriﬁcantium
981 3648 1197 3717 quidem
1247 3649 1340 3702 Dei
1371 3649 1735 3721 Unigenitnm,
1768 3649 2033 3704 exhiben-

437 3735 568 3789 tium
602 3752 729 3792 vero
758 3747 946 3792 sancto
984 3739 1208 3808 Spiritui
1254 3742 1572 3810 condignam
1617 3743 2027 3796 adorationum:

437 3845 534 3902 pro
575 3833 768 3903 quibus
816 3835 1001 3890 beatus
1058 3835 1220 3890 David
1271 3837 1381 3891 ait:
1417 3837 1684 3890 Eructavit
1728 3852 1816 3890 cor
1864 3852 2031 3890 meum

437 3926 641 3980 verbum
670 3928 856 3980 bonum
880 3927 1052 3998 (Psal.
1088 3945 1231 3996 λων,
1260 3929 1348 3998 1)?
1371 3949 1390 3981 ι
1425 3930 1608 3984 Cernit
1641 3931 1728 3983 hic
1751 3939 1836 3982 tua
1864 3930 2033 3996 pietas

439 4034 627 4072 OIIIDCS
658 4018 823 4072 simul
846 4018 1221 4074 haereticorum
1253 4021 1548 4075 calumnias
1572 4035 1692 4075 esse
1710 4021 2027 4076 destructas.

439 4109 568 4161 Nam
603 4109 724 4177 quis
752 4123 911 4162 unam
943 4109 1119 4164 Patris
1148 4119 1198 4164 et
1229 4109 1348 4165 Filii
1381 4123 1433 4165 et
1465 4112 1694 4180 Spiritus
1721 4115 1888 4166 sancti
1917 4128 2034 4168 cre-

440 4201 572 4254 dens
604 4217 722 4256 esse
749 4215 1060 4271 personam,
1090 4202 1297 4258 diceret
1323 4205 1463 4274 quod
1497 4205 1710 4274 pietatis
1739 4214 1900 4276 atque
1929 4207 2036 4260 vir-

444 4295 572 4347 tutis
625 4294 957 4364 diligentiam
1007 4296 1326 4352 festinantes
1370 4297 1571 4352 habere
1621 4300 1698 4354 sic
1734 4300 2038 4370 gloriﬁcent

448 4385 787 4453 L‘nigenitum
823 4387 938 4453 Dei,
983 4399 1040 4442 ut
1072 4389 1229 4443 simul
1273 4391 1435 4446 etiam
1465 4392 1790 4461 condignam
1838 4394 2034 4447 adora-

449 4478 649 4532 tiouem
693 4479 987 4534 exhibeant
1043 4482 1267 4549 Spiritui
1315 4487 1545 4539 sancto?
1593 4485 1647 4541 Si
1687 4489 1829 4542 enim
1859 4489 2032 4558 ipsum

2138 3287 2319 3353 itaque
2349 3286 2624 3338 hominum
2654 3285 2879 3353 loquens
2911 3283 3092 3348 infert,
3125 3283 3286 3339 Sedes
3333 3292 3442 3348 tua,
3496 3283 3652 3346 Deus,
3689 3285 3744 3337 in

2137 3375 2382 3432 saxulum
2411 3377 2585 3429 δίεειιίὶ
2607 3377 2650 3450 2
2674 3376 2728 3428 Si
2769 3385 2944 3429 autem
2990 3374 3058 3429 de
3100 3389 3226 3443 rege
3255 3374 3363 3429 Deo
3392 3375 3542 3440 dicit,
3571 3376 3744 3428 mani-

2140 3471 2335 3524 l'estum
2366 3469 2622 3534 quoniam
2664 3479 2718 3521 ct
2751 3467 2818 3522 de
2845 3467 3027 3536 regina
3060 3482 3164 3521 non
3209 3467 3455 3533 muliere,
3499 3467 3592 3522 sed
3638 3469 3743 3523 Fc-

2138 3562 2326 3624 clcsia,
2377 3577 2535 3630 quant
2590 3559 2838 3614 Christus
2885 3560 2986 3613 sibi
3023 3575 3116 3626 per
3167 3560 3323 3615 fidem
3375 3560 3740 3630 deSponsavit,

2141 3668 2237 3720 per
2266 3649 2516 3705 affectum
2540 3650 2733 3704 anima:
2764 3650 2969 3704 scilicet
2999 3651 3099 3704 sibi
3129 3649 3478 3720 jungendum.
3527 3651 3741 3707 Etenim

2142 3743 2305 3797 moris
2347 3753 2430 3797 est
2481 3743 2780 3811 Scriptura:
2826 3742 3044 3807 divinas,
3075 3757 3169 3797 eos
3219 3743 3308 3811 qui
3339 3758 3432 3812 per
3459 3742 3744 3798 scientiam

2141 3835 2504 3905 adjunguntur
2527 3835 2655 3898 Deo,
2673 3833 2957 3903 conjugem
2989 3833 3107 3901 ejus
3127 3847 3345 3901 vocare,
3362 3833 3427 3886 ad
3445 3834 3740 3888 ostenden-

2138 3928 2264 3982 dam
2296 3940 2481 3981 eorum
2510 3940 2632 3979 cum
2676 3926 2785 3978 Deo
2834 3925 3193 3991 plenissimam
3249 3925 3643 3995 copulationem
3689 3936 3747 3982 ct

2145 4023 2425 4078 unitatem.
2458 4040 2475 4072 ι
2507 4020 2573 4074 Et
2607 4020 2762 4086 paulo
2789 4030 2939 4088 post:
2966 4039 2982 4070 ι
3010 4019 3159 4075 Sicut
3180 4031 3231 4074 et
3253 4019 3486 4074 Joannes
3510 4021 3747 4090 Baptista

2146 4117 2315 4170 dicit:
2355 4115 2454 4179 Qui
2483 4113 2632 4167 habet
2657 4130 2897 4179 sponsam
2929 4129 3145 4179 sponsus
3173 4125 3246 4168 est
3288 4112 3464 4183 (Joan.
3499 4131 3577 4184 In,
3621 4113 3744 4182 29).

2140 4208 2402 4276 Quoniam
2437 4205 2599 4275 igitur
2623 4219 2839 4273 semper
2871 4205 2962 4258 Dei
2987 4206 3181 4273 conjux
3222 4205 3415 4260 dicitur
3446 4223 3747 4278 congrega-

2142 4301 2215 4353 tio
2247 4298 2521 4351 hominum
2551 4295 2641 4365 qui
2673 4296 2721 4350 ei
2758 4310 2850 4361 per
2878 4297 3158 4349 scientiam
3183 4296 3524 4362 copulantur,
3559 4314 3745 4368 regem

2139 4403 2316 4447 autem
2342 4390 2611 4446 Christum
2658 4389 3040 4444 convenienter
3081 4390 3404 4458 appellavit:
3440 4394 3747 4446 necessario

2139 4501 2266 4553 ergo
2297 4494 2377 4538 est
2408 4483 2613 4551 regina,
2643 4497 2762 4550 qua:
2792 4481 2934 4549 regia
2971 4497 3104 4534 uxor
3133 4491 3233 4543 est,
3257 4497 3361 4536 non
3391 4484 3492 4537 alia
3527 4501 3745 4552 promo-

444 4585 566 4625 esse
592 4571 839 4627 crederet
869 4572 964 4627 Dei
1012 4573 1378 4644 Unigenitnm,
1425 4594 1585 4648 quem
1610 4578 1866 4648 Spiritum
1903 4595 2032 4634 sau-
2067 4595 2117 4653 D
2143 4577 2287 4630 tione
2317 4574 2459 4627 circa
2492 4573 2578 4626 illa
2628 4571 2973 4641 procedente,
3019 4586 3178 4640 quam
3217 4587 3278 4626 ea
3329 4589 3490 4643 quam
3526 4576 3592 4632 de
3643 4579 3744 4632 viri

441 4675 621 4726 ctum,
657 4663 936 4720 suffecerat
975 4665 1199 4733 dixissv,
1235 4669 1643 4738 glorificantium
1690 4671 1904 4740 quidem
1950 4671 2042 4727 Dei

445 4757 806 4827 Unigenitnm,
839 4774 938 4813 nec
966 4771 1080 4813 erat
1109 4775 1246 4829 cpus
1276 4762 1476 4828 dicere,
1503 4764 1874 4819 cxlnbentium
1910 4779 2039 4819 τοι-ο

515 4905 541 4933 ει
571 4897 681 4951 Hoc
712 4896 1037 4964 praecipuum
1082 4893 1176 4950 fuit
1207 4907 1367 4966 caput
1392 4897 1776 4952 Theudoriam:
1813 4914 2044 4952 accusa-

448 4969 609 5022 tionis
639 4985 653 5021 :
679 4968 818 5035 quod
848 4968 930 5021 his
960 4967 1136 5022 verbis
1160 4967 1424 5036 designat,
1453 4981 1502 5022 et
1527 4971 1868 5022 anathemate
1894 4969 2044 5022 dam-

445 5048 534 5093 nat
557 5039 887 5113 Jttstitiianus
913 5041 965 5093 in
991 5039 1207 5113 edicto:
1236 5042 1297 5096 Εἴ
1316 5062 1394 5113 τες
1421 5039 2039 5113 ἀντιποιεῖταιΘεοδώρου

442 5119 532 5164 τοῦ
564 5112 937 5180 Μοψουεστίας,
959 5117 1049 5166 τοῦ
1078 5111 1308 5172 εἰπόντος
1339 5109 1483 5165 ἄλλον
1512 5108 1638 5164 εἶναι
1666 5113 1751 5166 τὸν
1782 5114 1904 5166 Θεὸν
1937 5108 2040 5165 A6-

439 5205 545 5253 γον,
579 5187 660 5237 καὶ
686 5180 829 5236 ἄλ).ού
848 5184 1202 5254 τὸνΔΧριστὸν,
1251 5184 1477 5254 ἀνάθεμα
1523 5181 1554 5236 ἕ
1557 5203 1686 5236 στω.
1717 5182 2038 5236 Theodorus

442 5251 569 5307 sane
617 5254 897 5322 presbyter
942 5251 1274 5318 itaithensis,
1308 5251 1742 5319 Mopsuestenum
1797 5254 1952 5306 docet
1984 5259 2033 5304 in

444 5327 543 5377 hac
600 5324 788 5376 haeresi
839 5324 1022 5388 fuisse,
1076 5335 1127 5377 ut
1181 5324 1452 5378 Christum
1503 5323 1706 5378 diceret
1763 5323 2032 5377 hominem

443 5408 605 5446 unum
628 5395 696 5448 de
723 5395 920 5458 multis,
952 5395 1041 5460 qui
1092 5395 1423 5449 inhabitante
1471 5395 1522 5448 in
1569 5396 1634 5449 eo
1663 5397 1773 5450 κατ’
1803 5395 2032 5450 εὐδοκίαν

447 5465 536 5516 Dei
573 5463 742 5516 Verbo
764 5469 927 5526 θείκῆς
956 5467 1098 5529 ἀξίας
1132 5466 1398 5535 particeps
1422 5466 1591 5520 factus
1619 5467 1708 5519 sit.
1746 5467 1885 5520 Du'is
1913 5483 2034 5532 pro-

443 5535 566 5587 inde
593 5537 650 5606 in
673 5551 738 5588 eo
769 5548 990 5588 naturas
1023 5537 1186 5589 fuisse
1215 5538 1495 5601 discretas,
1529 5548 1690 5606 atque
1722 5538 2033 5590 habitudine

443 5606 556 5658 sola
590 5605 725 5660 inter
747 5620 805 5660 se
826 5609 1152 5674 conjunctas.
1185 5611 1281 5662 Δύο
1304 5607 1501 5680 φύσεις,
1538 5605 1725 5678 inttttit,
1757 5609 2030 5685 ἰδιοπεριο-

519 5721 534 5750 ¹
567 5719 695 5774 Cod.
725 5720 945 5783 Veron”
979 5723 1130 5775 etiam
1157 5725 1356 5778 nomine

2151 4671 2408 4738 dignitate
2475 4665 2856 4721 communicat.
2929 4665 3335 4736 Consequenter
3402 4685 3530 4739 ergo
3605 4675 3744 4742 regi.

2155 4779 2276 4814 nam
2335 4769 2491 4813 vocat
2555 4758 2893 4821 Ecclesiam,
2962 4759 3253 4814 ostendens
3311 4773 3565 4829 quantam
3625 4780 3746 4819 sor-

2149 4901 2267 4968 ρίστ
2287 4918 2359 4955 ,υς
2387 4899 2535 4967 φησὶν
2587 4894 2838 4973 εἰδέναι
2866 4903 3092 4968 Χριστῷ,
3117 4899 3326 4973 ,σχέσει
3352 4920 3447 4954 τινι
3473 4904 3558 4955 καὶ
3596 4903 3746 4973 μέζον

2150 4965 2742 5039 ἀλλήλαις-τξλκειωμένας.
2773 4965 2924 5030 Quod
2957 4976 3068 5018 crat
3097 4965 3227 5020 duas
3265 4969 3316 5020 iu
3350 4969 3564 5024 ChriSto
3589 4965 3743 5025 natu-

2149 5056 2236 5091 HIS
2265 5037 2449 5102 verbo,
2503 5037 2735 5090 rc’duas
2779 5052 3033 5110 personas
3066 5040 3323 5110 proliteri.
3375 5042 3440 5093 Et
3481 5045 3603 5110 quia
3641 5052 3744 5097 hoc

2148 5110 2320 5176 ipsum
2355 5119 2536 5177 pestea
2569 5109 2666 5161 fuit
2717 5109 2910 5175 dogma
2942 5107 3195 5171 Nestorii,
3247 5109 3370 5163 ideo
3398 5107 3743 5168 Theodorum

2150 5193 2308 5254 vocat
2353 5181 2606 5254 πρόγονοιί
2639 5181 2928 5254 Neo-region.
2951 5178 3099 5254 11ῷο
3127 5195 3288 5254 porro
3335 5190 3496 5252 atque
3525 5186 3626 5237 alia
3662 5187 3747 5238 his

2145 5252 2326 5304 al'linia
2360 5249 2551 5324 placita
2583 5249 2748 5303 fuis-e
2777 5250 3070 5324 Theo-lori,
3103 5253 3384 5306 confirmat
3410 5249 3658 5324 synodus
3689 5273 3745 5318 ν,

2145 5323 2356 5376 aetioue
2388 5323 2441 5384 4,
2476 5333 2585 5373 tom
2617 5337 2681 5375 cx
2738 5322 2903 5375 variis
2934 5322 3189 5374 librorum
3223 5323 3387 5388 ipsius
3437 5322 3588 5390 locis,
3632 5335 3745 5381 tum

2144 5407 2210 5445 ex
2239 5393 2422 5463 Cyrilli
2447 5393 2780 5459 aliorumque
2811 5392 3139 5446 testimonio.
3170 5397 3240 5445 At
3267 5393 3547 5450 Facuudus
3570 5398 3743 5451 Theo-

2145 5464 2334 5517 dorum
2360 5471 2434 5517 sit:
2460 5463 2718 5527 defendit,
2753 5472 2810 5515 ut
2847 5475 3045 5517 rectam
3074 5475 3262 5516 contra
3292 5468 3448 5520 (idem
3476 5471 3526 5520 in
3558 5472 3743 5522 multis

2143 5535 2260 5603 ejus
2287 5537 2435 5587 lthris
2467 5535 2671 5586 ostcnd.
2697 5551 2751 5586 re
2784 5537 3026 5598 student;
3058 5546 3112 5588 et
3140 5536 3184 5588 si
3214 5538 3337 5603 quid
3373 5553 3530 5592 seeos
3575 5541 3742 5595 inter-

2143 5611 2268 5658 dum
2304 5608 2524 5670 excidit,
2561 5608 2839 5674 benignius
2865 5607 3327 5673 interpretandum
3355 5611 3668 5666 contendat.

516 5793 537 5824 ³
565 5793 704 5846 idem
731 5792 874 5855 cod.,
919 5803 966 5846 et
995 5794 1158 5847 alium
1187 5793 1381 5848 Filium
1413 5796 1575 5855 ipsum
1616 5795 1954 5864 unigenitum,
1981 5803 2025 5849 σε
2048 5795 2206 5849 eiium
2242 5793 2493 5861 Spiritum
2524 5801 2776 5846 sanctum.
