  <div class='ocr_page' id='page_1' title='image "/cluster/home/n/w/nwhite01/storage/ocr_20150623/67/umn.31951002477360y/384.png"; bbox 0 0 4094 6550; ppageno 0'>
   <div class='ocr_carea' id='block_1_1' title="bbox 315 356 413 411">
    <p class='ocr_par' dir='ltr' id='par_1_1' title="bbox 315 356 413 411">
     <span class='ocr_line' id='line_1_1' title="bbox 315 356 413 411; baseline -0.01 0"><span class='ocrx_word' id='word_1_1' title='bbox 315 356 413 411; x_wconf 62' lang='grc'><strong>741</strong></span> 
     </span>
    </p>
   </div>
   <div class='ocr_carea' id='block_1_2' title="bbox 1111 350 2684 424">
    <p class='ocr_par' dir='ltr' id='par_1_2' title="bbox 1111 350 2684 424">
     <span class='ocr_line' id='line_1_2' title="bbox 1111 350 2684 424; baseline -0.006 -11"><span class='ocrx_word' id='word_1_2' title='bbox 1111 400 1137 424; x_wconf 73' lang='lat'><strong>,</strong></span> <span class='ocrx_word' id='word_1_3' title='bbox 1180 356 1313 413; x_wconf 75' lang='lat' dir='ltr'><strong>PRO</strong></span> <span class='ocrx_word' id='word_1_4' title='bbox 1353 353 1785 413; x_wconf 68' lang='lat' dir='ltr'><strong>DEFENSIONE</strong></span> <span class='ocrx_word' id='word_1_5' title='bbox 1819 350 2033 409; x_wconf 72' lang='lat' dir='ltr'><strong>TRIUM</strong></span> <span class='ocrx_word' id='word_1_6' title='bbox 2072 350 2387 405; x_wconf 66' lang='lat' dir='ltr'><strong>CAPITUL.</strong></span> <span class='ocrx_word' id='word_1_7' title='bbox 2430 351 2557 405; x_wconf 77' lang='lat' dir='ltr'><strong>LIB.</strong></span> <span class='ocrx_word' id='word_1_8' title='bbox 2594 351 2684 406; x_wconf 78' lang='lat' dir='ltr'><strong>IX.</strong></span> 
     </span>
    </p>
   </div>
   <div class='ocr_carea' id='block_1_3' title="bbox 3495 357 3598 411">
    <p class='ocr_par' dir='ltr' id='par_1_3' title="bbox 3495 357 3598 411">
     <span class='ocr_line' id='line_1_3' title="bbox 3495 357 3598 411; baseline -0.019 0"><span class='ocrx_word' id='word_1_9' title='bbox 3495 357 3598 411; x_wconf 68' lang='grc'><strong>742</strong></span> 
     </span>
    </p>
   </div>
   <div class='ocr_carea' id='block_1_4' title="bbox 314 464 3594 542">
    <p class='ocr_par' dir='ltr' id='par_1_4' title="bbox 314 464 3594 542">
     <span class='ocr_line' id='line_1_4' title="bbox 314 464 3594 542; baseline -0.002 -15"><span class='ocrx_word' id='word_1_10' title='bbox 314 473 409 528; x_wconf 89' lang='lat' dir='ltr'><strong>tita</strong></span> <span class='ocrx_word' id='word_1_11' title='bbox 462 469 532 524; x_wconf 90' lang='lat' dir='ltr'><strong>sit</strong></span> <span class='ocrx_word' id='word_1_12' title='bbox 590 485 655 524; x_wconf 75' lang='lat' dir='ltr'><strong>cx</strong></span> <span class='ocrx_word' id='word_1_13' title='bbox 728 470 922 525; x_wconf 88' lang='lat' dir='ltr'><strong>Christi</strong></span> <span class='ocrx_word' id='word_1_14' title='bbox 991 471 1312 526; x_wconf 87' lang='lat' dir='ltr'><strong>adunatioue</strong></span> <span class='ocrx_word' id='word_1_15' title='bbox 1376 471 1688 542; x_wconf 81' lang='lat' dir='ltr'><strong>dignitatem</strong></span> <span class='ocrx_word' id='word_1_16' title='bbox 1716 513 1730 536; x_wconf 90' lang='lat'><strong>,</strong></span> <span class='ocrx_word' id='word_1_17' title='bbox 1787 484 1905 538; x_wconf 80' lang='lat' dir='ltr'><strong>quae</strong></span> <span class='ocrx_word' id='word_1_18' title='bbox 1938 480 1979 536; x_wconf 70' lang='grc' dir='ltr'>Α</span> <span class='ocrx_word' id='word_1_19' title='bbox 2014 466 2390 534; x_wconf 62' lang='grc' dir='ltr'>ιυιψιριαιίοιιο</span> <span class='ocrx_word' id='word_1_20' title='bbox 2422 480 2517 535; x_wconf 88' lang='lat' dir='ltr'><strong>pro</strong></span> <span class='ocrx_word' id='word_1_21' title='bbox 2546 465 2768 520; x_wconf 73' lang='lat' dir='ltr'><strong>istorum</strong></span> <span class='ocrx_word' id='word_1_22' title='bbox 2798 464 3079 520; x_wconf 69' lang='lat' dir='ltr'><strong>calumniis</strong></span> <span class='ocrx_word' id='word_1_23' title='bbox 3122 465 3342 522; x_wconf 73' lang='lat' dir='ltr'><strong>forsitan</strong></span> <span class='ocrx_word' id='word_1_24' title='bbox 3394 468 3594 525; x_wconf 77' lang='lat' dir='ltr'><strong>videre-</strong></span> 
     </span>
    </p>
   </div>
   <div class='ocr_carea' id='block_1_5' title="bbox 314 561 1906 629">
    <p class='ocr_par' dir='ltr' id='par_1_5' title="bbox 314 561 1906 629">
     <span class='ocr_line' id='line_1_5' title="bbox 314 561 1906 629; baseline -0.001 -14"><span class='ocrx_word' id='word_1_25' title='bbox 314 563 361 616; x_wconf 83' lang='lat' dir='ltr'><strong>ei</strong></span> <span class='ocrx_word' id='word_1_26' title='bbox 428 562 656 615; x_wconf 85' lang='lat' dir='ltr'><strong>accessit</strong></span> <span class='ocrx_word' id='word_1_27' title='bbox 732 575 797 615; x_wconf 75' lang='lat' dir='ltr'><strong>ex</strong></span> <span class='ocrx_word' id='word_1_28' title='bbox 870 561 993 616; x_wconf 82' lang='lat' dir='ltr'><strong>fide.</strong></span> <span class='ocrx_word' id='word_1_29' title='bbox 1047 563 1311 629; x_wconf 81' lang='lat' dir='ltr'><strong>Quoniam</strong></span> <span class='ocrx_word' id='word_1_30' title='bbox 1388 573 1477 616; x_wconf 89' lang='lat' dir='ltr'><strong>ant</strong></span> <span class='ocrx_word' id='word_1_31' title='bbox 1544 562 1611 616; x_wconf 90' lang='lat' dir='ltr'><strong>de</strong></span> <span class='ocrx_word' id='word_1_32' title='bbox 1692 563 1800 614; x_wconf 83' lang='lat' dir='ltr'><strong>Deo</strong></span> <span class='ocrx_word' id='word_1_33' title='bbox 1853 572 1906 614; x_wconf 87' lang='lat' dir='ltr'><strong>et</strong></span> 
     </span>
    </p>
   </div>
   <div class='ocr_carea' id='block_1_6' title="bbox 315 647 1908 723">
    <p class='ocr_par' dir='ltr' id='par_1_6' title="bbox 315 647 1908 723">
     <span class='ocr_line' id='line_1_6' title="bbox 315 647 1908 723; baseline -0.001 -17"><span class='ocrx_word' id='word_1_34' title='bbox 315 647 473 706; x_wconf 87' lang='lat' dir='ltr'><strong>Patre</strong></span> <span class='ocrx_word' id='word_1_35' title='bbox 524 650 640 704; x_wconf 60' lang='lat' dir='ltr'><strong>haec</strong></span> <span class='ocrx_word' id='word_1_36' title='bbox 711 650 817 705; x_wconf 89' lang='lat' dir='ltr'><strong>dici</strong></span> <span class='ocrx_word' id='word_1_37' title='bbox 892 667 996 706; x_wconf 92' lang='lat' dir='ltr'><strong>non</strong></span> <span class='ocrx_word' id='word_1_38' title='bbox 1055 664 1284 721; x_wconf 86' lang='lat' dir='ltr'><strong>possunt</strong></span> <span class='ocrx_word' id='word_1_39' title='bbox 1338 654 1388 720; x_wconf 79' lang='grc' dir='ltr'><strong>ί,</strong></span> <span class='ocrx_word' id='word_1_40' title='bbox 1439 669 1559 723; x_wconf 74' lang='lat' dir='ltr'><strong>qua:</strong></span> <span class='ocrx_word' id='word_1_41' title='bbox 1612 665 1908 723; x_wconf 84' lang='lat' dir='ltr'><strong>sequuntur</strong></span> 
     </span>
    </p>
   </div>
   <div class='ocr_carea' id='block_1_7' title="bbox 313 740 1908 821">
    <p class='ocr_par' dir='ltr' id='par_1_7' title="bbox 313 740 1908 821">
     <span class='ocr_line' id='line_1_7' title="bbox 313 740 1908 821; baseline 0 -26"><span class='ocrx_word' id='word_1_42' title='bbox 313 749 558 821; x_wconf 74' lang='lat' dir='ltr'><strong>astruunt</strong></span> <span class='ocrx_word' id='word_1_43' title='bbox 587 740 888 797; x_wconf 78' lang='lat' dir='ltr'><strong>manifeste.</strong></span> <span class='ocrx_word' id='word_1_44' title='bbox 917 761 935 793; x_wconf 75' lang='grc' dir='ltr'><strong>ι</strong></span> <span class='ocrx_word' id='word_1_45' title='bbox 970 742 1107 811; x_wconf 83' lang='lat' dir='ltr'><strong>Quid</strong></span> <span class='ocrx_word' id='word_1_46' title='bbox 1129 743 1288 798; x_wconf 89' lang='lat' dir='ltr'><strong>etiam</strong></span> <span class='ocrx_word' id='word_1_47' title='bbox 1317 745 1371 799; x_wconf 91' lang='lat' dir='ltr'><strong>in</strong></span> <span class='ocrx_word' id='word_1_48' title='bbox 1397 744 1645 814; x_wconf 78' lang='lat' dir='ltr'><strong>praesenti</strong></span> <span class='ocrx_word' id='word_1_49' title='bbox 1670 743 1908 813; x_wconf 90' lang='lat' dir='ltr'><strong>capitulo</strong></span> 
     </span>
    </p>
   </div>
   <div class='ocr_carea' id='block_1_8' title="bbox 320 833 1907 906">
    <p class='ocr_par' dir='ltr' id='par_1_8' title="bbox 320 833 1907 906">
     <span class='ocr_line' id='line_1_8' title="bbox 320 833 1907 906; baseline 0.002 -21"><span class='ocrx_word' id='word_1_50' title='bbox 320 847 515 901; x_wconf 82' lang='lat' dir='ltr'><strong>nempe</strong></span> <span class='ocrx_word' id='word_1_51' title='bbox 561 833 815 887; x_wconf 88' lang='lat' dir='ltr'><strong>videntur</strong></span> <span class='ocrx_word' id='word_1_52' title='bbox 863 834 1097 890; x_wconf 72' lang='lat' dir='ltr'><strong>hmretici</strong></span> <span class='ocrx_word' id='word_1_53' title='bbox 1150 835 1507 906; x_wconf 84' lang='lat' dir='ltr'><strong>nequidquam</strong></span> <span class='ocrx_word' id='word_1_54' title='bbox 1536 835 1604 891; x_wconf 87' lang='lat' dir='ltr'><strong>de</strong></span> <span class='ocrx_word' id='word_1_55' title='bbox 1635 834 1907 890; x_wconf 71' lang='lat' dir='ltr'><strong>Theodori</strong></span> 
     </span>
    </p>
   </div>
   <div class='ocr_carea' id='block_1_9' title="bbox 316 923 1908 992">
    <p class='ocr_par' dir='ltr' id='par_1_9' title="bbox 316 923 1908 992">
     <span class='ocr_line' id='line_1_9' title="bbox 316 923 1908 992; baseline 0 -13"><span class='ocrx_word' id='word_1_56' title='bbox 316 938 542 992; x_wconf 86' lang='lat' dir='ltr'><strong>persona</strong></span> <span class='ocrx_word' id='word_1_57' title='bbox 614 923 1011 991; x_wconf 83' lang='lat' dir='ltr'><strong>reprehendere</strong></span> <span class='ocrx_word' id='word_1_58' title='bbox 1083 926 1526 981; x_wconf 81' lang='lat' dir='ltr'><strong>Chalcedonense</strong></span> <span class='ocrx_word' id='word_1_59' title='bbox 1576 925 1908 980; x_wconf 86' lang='lat' dir='ltr'><strong>concilium?</strong></span> 
     </span>
    </p>
   </div>
   <div class='ocr_carea' id='block_1_10' title="bbox 315 1015 1923 1090">
    <p class='ocr_par' dir='ltr' id='par_1_10' title="bbox 315 1015 1923 1090">
     <span class='ocr_line' id='line_1_10' title="bbox 315 1015 1923 1090; baseline 0.002 -21"><span class='ocrx_word' id='word_1_60' title='bbox 315 1015 452 1069; x_wconf 80' lang='lat' dir='ltr'><strong>Nam</strong></span> <span class='ocrx_word' id='word_1_61' title='bbox 477 1031 667 1071; x_wconf 87' lang='lat' dir='ltr'><strong>omnes</strong></span> <span class='ocrx_word' id='word_1_62' title='bbox 704 1030 891 1070; x_wconf 90' lang='lat' dir='ltr'><strong>eorum</strong></span> <span class='ocrx_word' id='word_1_63' title='bbox 933 1017 1228 1073; x_wconf 84' lang='lat' dir='ltr'><strong>calumnias</strong></span> <span class='ocrx_word' id='word_1_64' title='bbox 1256 1034 1409 1090; x_wconf 72' lang='lat' dir='ltr'><strong>teque</strong></span> <span class='ocrx_word' id='word_1_65' title='bbox 1448 1019 1499 1072; x_wconf 91' lang='lat' dir='ltr'><strong>in</strong></span> <span class='ocrx_word' id='word_1_66' title='bbox 1545 1019 1633 1073; x_wconf 87' lang='lat' dir='ltr'><strong>illo</strong></span> <span class='ocrx_word' id='word_1_67' title='bbox 1666 1020 1923 1073; x_wconf 79' lang='lat' dir='ltr'><strong>videmus</strong></span> 
     </span>
    </p>
   </div>
   <div class='ocr_carea' id='block_1_11' title="bbox 317 1105 1908 1182">
    <p class='ocr_par' dir='ltr' id='par_1_11' title="bbox 317 1105 1908 1182">
     <span class='ocr_line' id='line_1_11' title="bbox 317 1105 1908 1182; baseline 0.004 -22"><span class='ocrx_word' id='word_1_68' title='bbox 317 1105 584 1161; x_wconf 70' lang='lat' dir='ltr'><strong>exclusus.</strong></span> <span class='ocrx_word' id='word_1_69' title='bbox 620 1106 735 1160; x_wconf 88' lang='lat' dir='ltr'><strong>Non</strong></span> <span class='ocrx_word' id='word_1_70' title='bbox 781 1108 926 1161; x_wconf 91' lang='lat' dir='ltr'><strong>enim</strong></span> <span class='ocrx_word' id='word_1_71' title='bbox 957 1111 1204 1165; x_wconf 90' lang='lat' dir='ltr'><strong>eumdem</strong></span> <span class='ocrx_word' id='word_1_72' title='bbox 1247 1112 1476 1166; x_wconf 75' lang='lat' dir='ltr'><strong>credidit</strong></span> <span class='ocrx_word' id='word_1_73' title='bbox 1506 1110 1718 1166; x_wconf 86' lang='lat' dir='ltr'><strong>Patrem</strong></span> <span class='ocrx_word' id='word_1_74' title='bbox 1750 1120 1908 1182; x_wconf 78' lang='lat' dir='ltr'><strong>quem</strong></span> 
     </span>
    </p>
   </div>
   <div class='ocr_carea' id='block_1_12' title="bbox 240 1194 1910 1268">
    <p class='ocr_par' dir='ltr' id='par_1_12' title="bbox 240 1194 1910 1268">
     <span class='ocr_line' id='line_1_12' title="bbox 240 1194 1910 1268; baseline 0.005 -19"><span class='ocrx_word' id='word_1_75' title='bbox 240 1199 247 1205; x_wconf 85' lang='lat'>&#39;</span> <span class='ocrx_word' id='word_1_76' title='bbox 322 1194 537 1263; x_wconf 72' lang='lat' dir='ltr'><strong>Filium,</strong></span> <span class='ocrx_word' id='word_1_77' title='bbox 570 1199 661 1266; x_wconf 88' lang='lat' dir='ltr'><strong>qui</strong></span> <span class='ocrx_word' id='word_1_78' title='bbox 688 1199 801 1253; x_wconf 89' lang='lat' dir='ltr'><strong>ait:</strong></span> <span class='ocrx_word' id='word_1_79' title='bbox 840 1201 1101 1267; x_wconf 86' lang='lat' dir='ltr'><strong>Quoniam</strong></span> <span class='ocrx_word' id='word_1_80' title='bbox 1127 1202 1227 1256; x_wconf 92' lang='lat' dir='ltr'><strong>hoc</strong></span> <span class='ocrx_word' id='word_1_81' title='bbox 1263 1203 1404 1268; x_wconf 88' lang='lat' dir='ltr'><strong>quod</strong></span> <span class='ocrx_word' id='word_1_82' title='bbox 1442 1203 1511 1258; x_wconf 90' lang='lat' dir='ltr'><strong>de</strong></span> <span class='ocrx_word' id='word_1_83' title='bbox 1545 1203 1682 1258; x_wconf 82' lang='lat' dir='ltr'><strong>Filio</strong></span> <span class='ocrx_word' id='word_1_84' title='bbox 1709 1204 1910 1258; x_wconf 77' lang='lat' dir='ltr'><strong>dirtnm</strong></span> 
     </span>
    </p>
   </div>
   <div class='ocr_carea' id='block_1_13' title="bbox 319 1288 1908 1363">
    <p class='ocr_par' dir='ltr' id='par_1_13' title="bbox 319 1288 1908 1363">
     <span class='ocr_line' id='line_1_13' title="bbox 319 1288 1908 1363; baseline 0.004 -23"><span class='ocrx_word' id='word_1_85' title='bbox 319 1298 422 1353; x_wconf 85' lang='lat' dir='ltr'><strong>est,</strong></span> <span class='ocrx_word' id='word_1_86' title='bbox 453 1288 521 1343; x_wconf 87' lang='lat' dir='ltr'><strong>de</strong></span> <span class='ocrx_word' id='word_1_87' title='bbox 565 1288 673 1344; x_wconf 88' lang='lat' dir='ltr'><strong>Deo</strong></span> <span class='ocrx_word' id='word_1_88' title='bbox 699 1302 753 1344; x_wconf 90' lang='lat' dir='ltr'><strong>et</strong></span> <span class='ocrx_word' id='word_1_89' title='bbox 801 1290 957 1347; x_wconf 83' lang='lat' dir='ltr'><strong>Patre</strong></span> <span class='ocrx_word' id='word_1_90' title='bbox 987 1291 1091 1346; x_wconf 87' lang='lat' dir='ltr'><strong>dici</strong></span> <span class='ocrx_word' id='word_1_91' title='bbox 1138 1308 1243 1347; x_wconf 90' lang='lat' dir='ltr'><strong>non</strong></span> <span class='ocrx_word' id='word_1_92' title='bbox 1293 1294 1478 1362; x_wconf 85' lang='lat' dir='ltr'><strong>possit.</strong></span> <span class='ocrx_word' id='word_1_93' title='bbox 1528 1292 1713 1363; x_wconf 84' lang='lat' dir='ltr'><strong>Neque</strong></span> <span class='ocrx_word' id='word_1_94' title='bbox 1745 1293 1908 1348; x_wconf 86' lang='lat' dir='ltr'><strong>Deum</strong></span> 
     </span>
    </p>
   </div>
   <div class='ocr_carea' id='block_1_14' title="bbox 326 1379 1911 1454">
    <p class='ocr_par' dir='ltr' id='par_1_14' title="bbox 326 1379 1911 1454">
     <span class='ocr_line' id='line_1_14' title="bbox 326 1379 1911 1454; baseline 0.006 -23"><span class='ocrx_word' id='word_1_95' title='bbox 326 1379 554 1435; x_wconf 79' lang='lat' dir='ltr'><strong>\‘erluun</strong></span> <span class='ocrx_word' id='word_1_96' title='bbox 586 1381 806 1437; x_wconf 85' lang='lat' dir='ltr'><strong>alterius</strong></span> <span class='ocrx_word' id='word_1_97' title='bbox 842 1384 1074 1438; x_wconf 71' lang='lat' dir='ltr'><strong>credidit</strong></span> <span class='ocrx_word' id='word_1_98' title='bbox 1124 1399 1244 1439; x_wconf 87' lang='lat' dir='ltr'><strong>esse</strong></span> <span class='ocrx_word' id='word_1_99' title='bbox 1290 1399 1558 1454; x_wconf 72' lang='lat' dir='ltr'><strong>personte,</strong></span> <span class='ocrx_word' id='word_1_100' title='bbox 1609 1395 1664 1439; x_wconf 89' lang='lat' dir='ltr'><strong>et</strong></span> <span class='ocrx_word' id='word_1_101' title='bbox 1693 1386 1911 1441; x_wconf 86' lang='lat' dir='ltr'><strong>alterius</strong></span> 
     </span>
    </p>
   </div>
   <div class='ocr_carea' id='block_1_15' title="bbox 320 1466 1915 1545">
    <p class='ocr_par' dir='ltr' id='par_1_15' title="bbox 320 1466 1915 1545">
     <span class='ocr_line' id='line_1_15' title="bbox 320 1466 1915 1545; baseline 0.006 -23"><span class='ocrx_word' id='word_1_102' title='bbox 320 1471 613 1536; x_wconf 77' lang='lat' dir='ltr'><strong>Christum,</strong></span> <span class='ocrx_word' id='word_1_103' title='bbox 638 1474 723 1527; x_wconf 83' lang='lat' dir='ltr'><strong>cui</strong></span> <span class='ocrx_word' id='word_1_104' title='bbox 754 1474 956 1528; x_wconf 74' lang='lat' dir='ltr'><strong>dictum</strong></span> <span class='ocrx_word' id='word_1_105' title='bbox 1009 1466 1058 1527; x_wconf 37' lang='lat' dir='ltr'><strong>ar</strong></span> <span class='ocrx_word' id='word_1_106' title='bbox 1094 1474 1352 1545; x_wconf 80' lang='lat' dir='ltr'><strong>propheta</strong></span> <span class='ocrx_word' id='word_1_107' title='bbox 1385 1475 1671 1531; x_wconf 74' lang='lat' dir='ltr'><strong>conﬁtetur</strong></span> <span class='ocrx_word' id='word_1_108' title='bbox 1706 1495 1719 1531; x_wconf 96' lang='lat'>:</span> <span class='ocrx_word' id='word_1_109' title='bbox 1754 1477 1915 1532; x_wconf 66' lang='lat' dir='ltr'><strong>Sedes</strong></span> 
     </span>
    </p>
   </div>
   <div class='ocr_carea' id='block_1_16' title="bbox 321 1562 1916 1639">
    <p class='ocr_par' dir='ltr' id='par_1_16' title="bbox 321 1562 1916 1639">
     <span class='ocr_line' id='line_1_16' title="bbox 321 1562 1916 1639; baseline 0.006 -26"><span class='ocrx_word' id='word_1_110' title='bbox 321 1570 430 1626; x_wconf 87' lang='lat' dir='ltr'><strong>tua,</strong></span> <span class='ocrx_word' id='word_1_111' title='bbox 466 1562 623 1629; x_wconf 81' lang='lat' dir='ltr'><strong>Deus,</strong></span> <span class='ocrx_word' id='word_1_112' title='bbox 658 1565 712 1617; x_wconf 83' lang='lat' dir='ltr'><strong>in</strong></span> <span class='ocrx_word' id='word_1_113' title='bbox 761 1567 1007 1619; x_wconf 65' lang='lat' dir='ltr'><strong>socculum</strong></span> <span class='ocrx_word' id='word_1_114' title='bbox 1055 1567 1232 1621; x_wconf 79' lang='lat' dir='ltr'><strong>suculi</strong></span> <span class='ocrx_word' id='word_1_115' title='bbox 1286 1566 1458 1639; x_wconf 84' lang='lat' dir='ltr'><strong>(Psal.</strong></span> <span class='ocrx_word' id='word_1_116' title='bbox 1508 1582 1656 1631; x_wconf 67' lang='grc' dir='ltr'><strong>κων,</strong></span> <span class='ocrx_word' id='word_1_117' title='bbox 1712 1568 1806 1638; x_wconf 85' lang='lat'><strong>7);</strong></span> <span class='ocrx_word' id='word_1_118' title='bbox 1861 1581 1916 1622; x_wconf 90' lang='lat' dir='ltr'><strong>et</strong></span> 
     </span>
    </p>
   </div>
   <div class='ocr_carea' id='block_1_17' title="bbox 321 1657 1913 1729">
    <p class='ocr_par' dir='ltr' id='par_1_17' title="bbox 321 1657 1913 1729">
     <span class='ocr_line' id='line_1_17' title="bbox 321 1657 1913 1729; baseline 0.006 -24"><span class='ocrx_word' id='word_1_119' title='bbox 321 1668 477 1720; x_wconf 85' lang='lat' dir='ltr'><strong>quem</strong></span> <span class='ocrx_word' id='word_1_120' title='bbox 512 1666 670 1725; x_wconf 74' lang='lat' dir='ltr'><strong>negat</strong></span> <span class='ocrx_word' id='word_1_121' title='bbox 691 1657 1157 1713; x_wconf 87' lang='lat' dir='ltr'><strong>snbintromissmn</strong></span> <span class='ocrx_word' id='word_1_122' title='bbox 1183 1674 1403 1729; x_wconf 81' lang='lat' dir='ltr'><strong>regnum</strong></span> <span class='ocrx_word' id='word_1_123' title='bbox 1431 1659 1648 1723; x_wconf 84' lang='lat' dir='ltr'><strong>habere,</strong></span> <span class='ocrx_word' id='word_1_124' title='bbox 1673 1669 1727 1713; x_wconf 90' lang='lat' dir='ltr'><strong>et</strong></span> <span class='ocrx_word' id='word_1_125' title='bbox 1755 1662 1913 1716; x_wconf 87' lang='lat' dir='ltr'><strong>docet</strong></span> 
     </span>
    </p>
   </div>
   <div class='ocr_carea' id='block_1_18' title="bbox 321 1747 1913 1818">
    <p class='ocr_par' dir='ltr' id='par_1_18' title="bbox 321 1747 1913 1818">
     <span class='ocr_line' id='line_1_18' title="bbox 321 1747 1913 1818; baseline 0.004 -21"><span class='ocrx_word' id='word_1_126' title='bbox 321 1760 385 1797; x_wconf 80' lang='lat' dir='ltr'><strong>ex</strong></span> <span class='ocrx_word' id='word_1_127' title='bbox 410 1747 739 1813; x_wconf 86' lang='lat' dir='ltr'><strong>sempiterno</strong></span> <span class='ocrx_word' id='word_1_128' title='bbox 762 1761 1006 1817; x_wconf 83' lang='lat' dir='ltr'><strong>regnare.</strong></span> <span class='ocrx_word' id='word_1_129' title='bbox 1036 1747 1151 1803; x_wconf 86' lang='lat' dir='ltr'><strong>Non</strong></span> <span class='ocrx_word' id='word_1_130' title='bbox 1178 1763 1307 1818; x_wconf 85' lang='lat' dir='ltr'><strong>ergo</strong></span> <span class='ocrx_word' id='word_1_131' title='bbox 1338 1749 1653 1804; x_wconf 88' lang='lat' dir='ltr'><strong>Theodorus</strong></span> <span class='ocrx_word' id='word_1_132' title='bbox 1678 1749 1913 1803; x_wconf 70' lang='lat' dir='ltr'><strong>Judaica:</strong></span> 
     </span>
    </p>
   </div>
   <div class='ocr_carea' id='block_1_19' title="bbox 2012 557 3603 628">
    <p class='ocr_par' dir='ltr' id='par_1_19' title="bbox 2012 557 3603 628">
     <span class='ocr_line' id='line_1_19' title="bbox 2012 557 3603 628; baseline 0.004 -19"><span class='ocrx_word' id='word_1_133' title='bbox 2012 565 2118 625; x_wconf 87' lang='lat' dir='ltr'><strong>tur,</strong></span> <span class='ocrx_word' id='word_1_134' title='bbox 2141 558 2261 626; x_wconf 83' lang='lat' dir='ltr'><strong>quia</strong></span> <span class='ocrx_word' id='word_1_135' title='bbox 2280 558 2438 623; x_wconf 80' lang='lat' dir='ltr'><strong>dixit,</strong></span> <span class='ocrx_word' id='word_1_136' title='bbox 2460 567 2514 611; x_wconf 81' lang='lat' dir='ltr'><strong>et</strong></span> <span class='ocrx_word' id='word_1_137' title='bbox 2537 568 2755 612; x_wconf 82' lang='lat' dir='ltr'><strong>naturas</strong></span> <span class='ocrx_word' id='word_1_138' title='bbox 2784 557 2963 611; x_wconf 78' lang='lat' dir='ltr'><strong>divisit</strong></span> <span class='ocrx_word' id='word_1_139' title='bbox 2994 568 3049 613; x_wconf 89' lang='lat' dir='ltr'><strong>et</strong></span> <span class='ocrx_word' id='word_1_140' title='bbox 3072 573 3314 628; x_wconf 66' lang='lat' dir='ltr'><strong>persona:</strong></span> <span class='ocrx_word' id='word_1_141' title='bbox 3341 559 3603 616; x_wconf 82' lang='lat' dir='ltr'><strong>unitatem</strong></span> 
     </span>
    </p>
   </div>
   <div class='ocr_carea' id='block_1_20' title="bbox 2009 646 3605 721">
    <p class='ocr_par' dir='ltr' id='par_1_20' title="bbox 2009 646 3605 721">
     <span class='ocr_line' id='line_1_20' title="bbox 2009 646 3605 721; baseline 0.005 -23"><span class='ocrx_word' id='word_1_142' title='bbox 2009 646 2417 713; x_wconf 81' lang='lat' dir='ltr'><strong>demonstravit,</strong></span> <span class='ocrx_word' id='word_1_143' title='bbox 2452 649 2554 701; x_wconf 89' lang='lat' dir='ltr'><strong>nisi</strong></span> <span class='ocrx_word' id='word_1_144' title='bbox 2588 648 2703 717; x_wconf 86' lang='lat' dir='ltr'><strong>ipse</strong></span> <span class='ocrx_word' id='word_1_145' title='bbox 2735 651 3090 719; x_wconf 59' lang='lat' dir='ltr'><strong>inlerprebns</strong></span> <span class='ocrx_word' id='word_1_146' title='bbox 3119 651 3468 721; x_wconf 87' lang='lat' dir='ltr'><strong>semetipsum</strong></span> <span class='ocrx_word' id='word_1_147' title='bbox 3501 654 3605 706; x_wconf 82' lang='lat' dir='ltr'><strong>do-</strong></span> 
     </span>
    </p>
   </div>
   <div class='ocr_carea' id='block_1_21' title="bbox 2007 740 3605 809">
    <p class='ocr_par' dir='ltr' id='par_1_21' title="bbox 2007 740 3605 809">
     <span class='ocr_line' id='line_1_21' title="bbox 2007 740 3605 809; baseline 0.003 -17"><span class='ocrx_word' id='word_1_148' title='bbox 2007 747 2154 793; x_wconf 87' lang='lat' dir='ltr'><strong>ceret</strong></span> <span class='ocrx_word' id='word_1_149' title='bbox 2179 746 2442 809; x_wconf 82' lang='lat' dir='ltr'><strong>quatenus</strong></span> <span class='ocrx_word' id='word_1_150' title='bbox 2474 740 2672 795; x_wconf 77' lang='lat' dir='ltr'><strong>dixerit</strong></span> <span class='ocrx_word' id='word_1_151' title='bbox 2697 754 2817 795; x_wconf 88' lang='lat' dir='ltr'><strong>esse</strong></span> <span class='ocrx_word' id='word_1_152' title='bbox 2862 741 3082 808; x_wconf 88' lang='lat' dir='ltr'><strong>divisas,</strong></span> <span class='ocrx_word' id='word_1_153' title='bbox 3116 755 3238 795; x_wconf 91' lang='lat' dir='ltr'><strong>cum</strong></span> <span class='ocrx_word' id='word_1_154' title='bbox 3283 743 3605 798; x_wconf 77' lang='lat' dir='ltr'><strong>subsecutus</strong></span> 
     </span>
    </p>
   </div>
   <div class='ocr_carea' id='block_1_22' title="bbox 2010 828 3607 904">
    <p class='ocr_par' dir='ltr' id='par_1_22' title="bbox 2010 828 3607 904">
     <span class='ocr_line' id='line_1_22' title="bbox 2010 828 3607 904; baseline 0.006 -25"><span class='ocrx_word' id='word_1_155' title='bbox 2010 829 2206 896; x_wconf 81' lang='lat' dir='ltr'><strong>adjecit</strong></span> <span class='ocrx_word' id='word_1_156' title='bbox 2236 847 2250 884; x_wconf 92' lang='lat'><strong>:</strong></span> <span class='ocrx_word' id='word_1_157' title='bbox 2288 847 2308 881; x_wconf 90' lang='grc'><strong>‹</strong></span> <span class='ocrx_word' id='word_1_158' title='bbox 2356 828 2425 885; x_wconf 80' lang='lat' dir='ltr'><strong>Et</strong></span> <span class='ocrx_word' id='word_1_159' title='bbox 2451 842 2669 886; x_wconf 87' lang='lat' dir='ltr'><strong>naturas</strong></span> <span class='ocrx_word' id='word_1_160' title='bbox 2697 831 2911 900; x_wconf 83' lang='lat' dir='ltr'><strong>quidem</strong></span> <span class='ocrx_word' id='word_1_161' title='bbox 2942 831 3123 886; x_wconf 80' lang='lat' dir='ltr'><strong>ditisit</strong></span> <span class='ocrx_word' id='word_1_162' title='bbox 3148 832 3199 886; x_wconf 93' lang='lat' dir='ltr'><strong>in</strong></span> <span class='ocrx_word' id='word_1_163' title='bbox 3241 847 3329 899; x_wconf 88' lang='lat' dir='ltr'><strong>eo,</strong></span> <span class='ocrx_word' id='word_1_164' title='bbox 3357 835 3498 904; x_wconf 89' lang='lat' dir='ltr'><strong>quod</strong></span> <span class='ocrx_word' id='word_1_165' title='bbox 3524 834 3607 888; x_wconf 87' lang='lat' dir='ltr'><strong>di-</strong></span> 
     </span>
    </p>
   </div>
   <div class='ocr_carea' id='block_1_23' title="bbox 2012 921 3604 992">
    <p class='ocr_par' dir='ltr' id='par_1_23' title="bbox 2012 921 3604 992">
     <span class='ocr_line' id='line_1_23' title="bbox 2012 921 3604 992; baseline 0.003 -19"><span class='ocrx_word' id='word_1_166' title='bbox 2012 935 2286 976; x_wconf 78' lang='lat' dir='ltr'><strong>versarum</strong></span> <span class='ocrx_word' id='word_1_167' title='bbox 2318 921 2793 992; x_wconf 87' lang='lat' dir='ltr'><strong>intelligentiarum</strong></span> <span class='ocrx_word' id='word_1_168' title='bbox 2824 922 3175 978; x_wconf 85' lang='lat' dir='ltr'><strong>dcclarativas</strong></span> <span class='ocrx_word' id='word_1_169' title='bbox 3220 940 3376 980; x_wconf 80' lang='lat' dir='ltr'><strong>voces</strong></span> <span class='ocrx_word' id='word_1_170' title='bbox 3401 935 3604 980; x_wconf 71' lang='lat' dir='ltr'><strong>CllllSil.</strong></span> 
     </span>
    </p>
   </div>
   <div class='ocr_carea' id='block_1_24' title="bbox 2010 1013 3607 1083">
    <p class='ocr_par' dir='ltr' id='par_1_24' title="bbox 2010 1013 3607 1083">
     <span class='ocr_line' id='line_1_24' title="bbox 2010 1013 3607 1083; baseline 0.003 -16"><span class='ocrx_word' id='word_1_171' title='bbox 2010 1014 2232 1067; x_wconf 80' lang='lat' dir='ltr'><strong>Multum</strong></span> <span class='ocrx_word' id='word_1_172' title='bbox 2263 1014 2406 1067; x_wconf 90' lang='lat' dir='ltr'><strong>enim</strong></span> <span class='ocrx_word' id='word_1_173' title='bbox 2435 1013 2610 1068; x_wconf 84' lang='lat' dir='ltr'><strong>dilIert</strong></span> <span class='ocrx_word' id='word_1_174' title='bbox 2638 1016 2706 1069; x_wconf 91' lang='lat' dir='ltr'><strong>ab</strong></span> <span class='ocrx_word' id='word_1_175' title='bbox 2749 1014 3001 1080; x_wconf 78' lang='lat' dir='ltr'><strong>invicem,</strong></span> <span class='ocrx_word' id='word_1_176' title='bbox 3037 1015 3196 1070; x_wconf 79' lang='lat' dir='ltr'><strong>Sedes</strong></span> <span class='ocrx_word' id='word_1_177' title='bbox 3218 1024 3329 1083; x_wconf 84' lang='lat' dir='ltr'><strong>tua,</strong></span> <span class='ocrx_word' id='word_1_178' title='bbox 3361 1016 3518 1083; x_wconf 82' lang='lat' dir='ltr'><strong>Deus,</strong></span> <span class='ocrx_word' id='word_1_179' title='bbox 3552 1019 3607 1071; x_wconf 84' lang='lat' dir='ltr'><strong>in</strong></span> 
     </span>
    </p>
   </div>
   <div class='ocr_carea' id='block_1_25' title="bbox 2011 1103 3605 1175">
    <p class='ocr_par' dir='ltr' id='par_1_25' title="bbox 2011 1103 3605 1175">
     <span class='ocr_line' id='line_1_25' title="bbox 2011 1103 3605 1175; baseline 0.006 -20"><span class='ocrx_word' id='word_1_180' title='bbox 2011 1103 2258 1157; x_wconf 76' lang='lat' dir='ltr'><strong>stcculum</strong></span> <span class='ocrx_word' id='word_1_181' title='bbox 2304 1105 2502 1169; x_wconf 73' lang='lat' dir='ltr'><strong>seculi,</strong></span> <span class='ocrx_word' id='word_1_182' title='bbox 2555 1114 2630 1170; x_wconf 92' lang='lat' dir='ltr'><strong>et,</strong></span> <span class='ocrx_word' id='word_1_183' title='bbox 2664 1105 2944 1175; x_wconf 83' lang='lat' dir='ltr'><strong>Propterea</strong></span> <span class='ocrx_word' id='word_1_184' title='bbox 2975 1109 3121 1160; x_wconf 73' lang='lat' dir='ltr'><strong>unxit</strong></span> <span class='ocrx_word' id='word_1_185' title='bbox 3170 1119 3218 1161; x_wconf 88' lang='lat' dir='ltr'><strong>te</strong></span> <span class='ocrx_word' id='word_1_186' title='bbox 3272 1108 3429 1172; x_wconf 78' lang='lat' dir='ltr'><strong>Deus,</strong></span> <span class='ocrx_word' id='word_1_187' title='bbox 3467 1111 3605 1164; x_wconf 81' lang='lat' dir='ltr'><strong>Dens</strong></span> 
     </span>
    </p>
   </div>
   <div class='ocr_carea' id='block_1_26' title="bbox 2012 1196 3608 1268">
    <p class='ocr_par' dir='ltr' id='par_1_26' title="bbox 2012 1196 3608 1268">
     <span class='ocr_line' id='line_1_26' title="bbox 2012 1196 3608 1268; baseline 0.006 -23"><span class='ocrx_word' id='word_1_188' title='bbox 2012 1203 2149 1247; x_wconf 86' lang='lat' dir='ltr'><strong>tuus.</strong></span> <span class='ocrx_word' id='word_1_189' title='bbox 2186 1212 2205 1245; x_wconf 73' lang='grc' dir='ltr'><strong>ι</strong></span> <span class='ocrx_word' id='word_1_190' title='bbox 2247 1196 2483 1250; x_wconf 82' lang='lat' dir='ltr'><strong>Eatenus</strong></span> <span class='ocrx_word' id='word_1_191' title='bbox 2513 1196 2673 1264; x_wconf 78' lang='lat' dir='ltr'><strong>igitur</strong></span> <span class='ocrx_word' id='word_1_192' title='bbox 2698 1197 2931 1250; x_wconf 85' lang='lat' dir='ltr'><strong>asseruit</strong></span> <span class='ocrx_word' id='word_1_193' title='bbox 2952 1211 3071 1251; x_wconf 61' lang='lat' dir='ltr'><strong>esse</strong></span> <span class='ocrx_word' id='word_1_194' title='bbox 3093 1197 3314 1261; x_wconf 87' lang='lat' dir='ltr'><strong>divisas,</strong></span> <span class='ocrx_word' id='word_1_195' title='bbox 3342 1210 3608 1268; x_wconf 82' lang='lat' dir='ltr'><strong>quatenus</strong></span> 
     </span>
    </p>
   </div>
   <div class='ocr_carea' id='block_1_27' title="bbox 2014 1285 3608 1361">
    <p class='ocr_par' dir='ltr' id='par_1_27' title="bbox 2014 1285 3608 1361">
     <span class='ocr_line' id='line_1_27' title="bbox 2014 1285 3608 1361; baseline 0.006 -24"><span class='ocrx_word' id='word_1_196' title='bbox 2014 1285 2363 1356; x_wconf 78' lang='lat' dir='ltr'><strong>intelligentia</strong></span> <span class='ocrx_word' id='word_1_197' title='bbox 2396 1287 2488 1341; x_wconf 87' lang='lat' dir='ltr'><strong>Dei</strong></span> <span class='ocrx_word' id='word_1_198' title='bbox 2520 1289 2621 1361; x_wconf 84' lang='lat' dir='ltr'><strong>vivi</strong></span> <span class='ocrx_word' id='word_1_199' title='bbox 2652 1288 2984 1341; x_wconf 88' lang='lat' dir='ltr'><strong>dividuntur.</strong></span> <span class='ocrx_word' id='word_1_200' title='bbox 3038 1287 3108 1341; x_wconf 90' lang='lat' dir='ltr'><strong>Et</strong></span> <span class='ocrx_word' id='word_1_201' title='bbox 3150 1290 3318 1342; x_wconf 84' lang='lat' dir='ltr'><strong>claret</strong></span> <span class='ocrx_word' id='word_1_202' title='bbox 3370 1291 3510 1359; x_wconf 89' lang='lat' dir='ltr'><strong>quod</strong></span> <span class='ocrx_word' id='word_1_203' title='bbox 3539 1291 3608 1346; x_wconf 84' lang='lat' dir='ltr'><strong>ab</strong></span> 
     </span>
    </p>
   </div>
   <div class='ocr_carea' id='block_1_28' title="bbox 2018 1379 3607 1450">
    <p class='ocr_par' dir='ltr' id='par_1_28' title="bbox 2018 1379 3607 1450">
     <span class='ocr_line' id='line_1_28' title="bbox 2018 1379 3607 1450; baseline 0.003 -20"><span class='ocrx_word' id='word_1_204' title='bbox 2018 1379 2244 1449; x_wconf 79' lang='lat' dir='ltr'><strong>invicem</strong></span> <span class='ocrx_word' id='word_1_205' title='bbox 2275 1381 2529 1434; x_wconf 86' lang='lat' dir='ltr'><strong>dill&#39;erant</strong></span> <span class='ocrx_word' id='word_1_206' title='bbox 2554 1397 2567 1433; x_wconf 89' lang='lat'><strong>:</strong></span> <span class='ocrx_word' id='word_1_207' title='bbox 2603 1396 2707 1433; x_wconf 93' lang='lat' dir='ltr'><strong>non</strong></span> <span class='ocrx_word' id='word_1_208' title='bbox 2736 1381 2876 1449; x_wconf 89' lang='lat' dir='ltr'><strong>quod</strong></span> <span class='ocrx_word' id='word_1_209' title='bbox 2908 1381 3041 1434; x_wconf 89' lang='lat' dir='ltr'><strong>duas</strong></span> <span class='ocrx_word' id='word_1_210' title='bbox 3067 1394 3326 1448; x_wconf 80' lang='lat' dir='ltr'><strong>persanas</strong></span> <span class='ocrx_word' id='word_1_211' title='bbox 3350 1384 3471 1436; x_wconf 89' lang='lat' dir='ltr'><strong>eltie</strong></span> <span class='ocrx_word' id='word_1_212' title='bbox 3492 1391 3607 1450; x_wconf 84' lang='lat' dir='ltr'><strong>ant,</strong></span> 
     </span>
    </p>
   </div>
   <div class='ocr_carea' id='block_1_29' title="bbox 2015 1469 3609 1540">
    <p class='ocr_par' dir='ltr' id='par_1_29' title="bbox 2015 1469 3609 1540">
     <span class='ocr_line' id='line_1_29' title="bbox 2015 1469 3609 1540; baseline 0.003 -17"><span class='ocrx_word' id='word_1_213' title='bbox 2015 1469 2158 1523; x_wconf 92' lang='lat' dir='ltr'><strong>sicut</strong></span> <span class='ocrx_word' id='word_1_214' title='bbox 2181 1470 2343 1525; x_wconf 67' lang='lat' dir='ltr'><strong>etiam</strong></span> <span class='ocrx_word' id='word_1_215' title='bbox 2373 1472 2529 1540; x_wconf 91' lang='lat' dir='ltr'><strong>paulo</strong></span> <span class='ocrx_word' id='word_1_216' title='bbox 2559 1470 2786 1525; x_wconf 88' lang='lat' dir='ltr'><strong>inferius</strong></span> <span class='ocrx_word' id='word_1_217' title='bbox 2815 1472 3170 1537; x_wconf 71' lang='lat' dir='ltr'><strong>Ostendimus,</strong></span> <span class='ocrx_word' id='word_1_218' title='bbox 3226 1472 3384 1527; x_wconf 88' lang='lat' dir='ltr'><strong>etiam</strong></span> <span class='ocrx_word' id='word_1_219' title='bbox 3427 1475 3478 1527; x_wconf 92' lang='lat' dir='ltr'><strong>iu</strong></span> <span class='ocrx_word' id='word_1_220' title='bbox 3508 1478 3609 1527; x_wconf 83' lang='lat' dir='ltr'><strong>Ilu-</strong></span> 
     </span>
    </p>
   </div>
   <div class='ocr_carea' id='block_1_30' title="bbox 2018 1562 3608 1633">
    <p class='ocr_par' dir='ltr' id='par_1_30' title="bbox 2018 1562 3608 1633">
     <span class='ocr_line' id='line_1_30' title="bbox 2018 1562 3608 1633; baseline 0.003 -20"><span class='ocrx_word' id='word_1_221' title='bbox 2018 1562 2161 1616; x_wconf 87' lang='lat' dir='ltr'><strong>mine</strong></span> <span class='ocrx_word' id='word_1_222' title='bbox 2191 1577 2297 1617; x_wconf 91' lang='lat' dir='ltr'><strong>uno</strong></span> <span class='ocrx_word' id='word_1_223' title='bbox 2330 1564 2529 1617; x_wconf 62' lang='lat' dir='ltr'><strong>dixisse</strong></span> <span class='ocrx_word' id='word_1_224' title='bbox 2559 1578 2791 1617; x_wconf 88' lang='lat' dir='ltr'><strong>ammam</strong></span> <span class='ocrx_word' id='word_1_225' title='bbox 2820 1577 2850 1616; x_wconf 88' lang='lat' dir='ltr'><strong>a</strong></span> <span class='ocrx_word' id='word_1_226' title='bbox 2898 1578 2997 1618; x_wconf 84' lang='lat' dir='ltr'><strong>suo</strong></span> <span class='ocrx_word' id='word_1_227' title='bbox 3025 1577 3250 1633; x_wconf 72' lang='lat' dir='ltr'><strong>corpore</strong></span> <span class='ocrx_word' id='word_1_228' title='bbox 3293 1568 3608 1619; x_wconf 86' lang='lat' dir='ltr'><strong>naturaliter</strong></span> 
     </span>
    </p>
   </div>
   <div class='ocr_carea' id='block_1_31' title="bbox 2015 1655 3610 1728">
    <p class='ocr_par' dir='ltr' id='par_1_31' title="bbox 2015 1655 3610 1728">
     <span class='ocr_line' id='line_1_31' title="bbox 2015 1655 3610 1728; baseline 0.001 -18"><span class='ocrx_word' id='word_1_229' title='bbox 2015 1670 2134 1711; x_wconf 84' lang='lat' dir='ltr'><strong>esse</strong></span> <span class='ocrx_word' id='word_1_230' title='bbox 2166 1657 2411 1710; x_wconf 80' lang='lat' dir='ltr'><strong>divisam.</strong></span> <span class='ocrx_word' id='word_1_231' title='bbox 2451 1656 2599 1711; x_wconf 75' lang='lat' dir='ltr'><strong>l‘nde</strong></span> <span class='ocrx_word' id='word_1_232' title='bbox 2625 1655 2784 1710; x_wconf 86' lang='lat' dir='ltr'><strong>simul</strong></span> <span class='ocrx_word' id='word_1_233' title='bbox 2834 1656 2951 1712; x_wconf 61' lang='lat' dir='ltr'><strong>haec</strong></span> <span class='ocrx_word' id='word_1_234' title='bbox 2980 1673 3192 1727; x_wconf 88' lang='lat' dir='ltr'><strong>quoque</strong></span> <span class='ocrx_word' id='word_1_235' title='bbox 3234 1658 3526 1728; x_wconf 61' lang='lat' dir='ltr'><strong>subjuntit,</strong></span> <span class='ocrx_word' id='word_1_236' title='bbox 3558 1668 3610 1712; x_wconf 79' lang='lat' dir='ltr'><strong>et</strong></span> 
     </span>
    </p>
   </div>
   <div class='ocr_carea' id='block_1_32' title="bbox 2021 1748 3611 1818">
    <p class='ocr_par' dir='ltr' id='par_1_32' title="bbox 2021 1748 3611 1818">
     <span class='ocr_line' id='line_1_32' title="bbox 2021 1748 3611 1818; baseline 0.003 -19"><span class='ocrx_word' id='word_1_237' title='bbox 2021 1749 2131 1801; x_wconf 87' lang='lat' dir='ltr'><strong>ait:</strong></span> <span class='ocrx_word' id='word_1_238' title='bbox 2170 1766 2189 1799; x_wconf 74' lang='grc' dir='ltr'><strong>ι</strong></span> <span class='ocrx_word' id='word_1_239' title='bbox 2238 1748 2507 1802; x_wconf 86' lang='lat' dir='ltr'><strong>Unitatem</strong></span> <span class='ocrx_word' id='word_1_240' title='bbox 2537 1763 2666 1803; x_wconf 90' lang='lat' dir='ltr'><strong>vero</strong></span> <span class='ocrx_word' id='word_1_241' title='bbox 2692 1748 2924 1803; x_wconf 85' lang='lat' dir='ltr'><strong>ostendit</strong></span> <span class='ocrx_word' id='word_1_242' title='bbox 2952 1763 3220 1818; x_wconf 72' lang='lat' dir='ltr'><strong>pereunte,</strong></span> <span class='ocrx_word' id='word_1_243' title='bbox 3275 1765 3335 1803; x_wconf 88' lang='lat' dir='ltr'><strong>ea</strong></span> <span class='ocrx_word' id='word_1_244' title='bbox 3384 1767 3503 1818; x_wconf 76' lang='lat' dir='ltr'><strong>qua:</strong></span> <span class='ocrx_word' id='word_1_245' title='bbox 3530 1751 3611 1803; x_wconf 89' lang='lat' dir='ltr'><strong>di-</strong></span> 
     </span>
    </p>
   </div>
   <div class='ocr_carea' id='block_1_33' title="bbox 324 1836 3608 1911">
    <p class='ocr_par' dir='ltr' id='par_1_33' title="bbox 324 1836 3608 1911">
     <span class='ocr_line' id='line_1_33' title="bbox 324 1836 3608 1911; baseline 0.001 -23"><span class='ocrx_word' id='word_1_246' title='bbox 324 1836 613 1905; x_wconf 88' lang='lat' dir='ltr'><strong>itnpietatis</strong></span> <span class='ocrx_word' id='word_1_247' title='bbox 643 1840 947 1909; x_wconf 82' lang='lat' dir='ltr'><strong>arguendos</strong></span> <span class='ocrx_word' id='word_1_248' title='bbox 977 1850 1080 1909; x_wconf 89' lang='lat' dir='ltr'><strong>est,</strong></span> <span class='ocrx_word' id='word_1_249' title='bbox 1108 1851 1356 1910; x_wconf 86' lang='lat' dir='ltr'><strong>tanquam</strong></span> <span class='ocrx_word' id='word_1_250' title='bbox 1386 1841 1658 1895; x_wconf 88' lang='lat' dir='ltr'><strong>hominem</strong></span> <span class='ocrx_word' id='word_1_251' title='bbox 1684 1849 1913 1895; x_wconf 88' lang='lat' dir='ltr'><strong>tantum-</strong></span> <span class='ocrx_word' id='word_1_252' title='bbox 1946 1851 1994 1911; x_wconf 79' lang='grc' dir='ltr'><strong>Β</strong></span> <span class='ocrx_word' id='word_1_253' title='bbox 2020 1856 2174 1897; x_wconf 88' lang='lat' dir='ltr'><strong>versa</strong></span> <span class='ocrx_word' id='word_1_254' title='bbox 2202 1851 2328 1896; x_wconf 86' lang='lat' dir='ltr'><strong>sunt</strong></span> <span class='ocrx_word' id='word_1_255' title='bbox 2353 1840 2610 1911; x_wconf 85' lang='lat' dir='ltr'><strong>colligens</strong></span> <span class='ocrx_word' id='word_1_256' title='bbox 2650 1843 2702 1895; x_wconf 91' lang='lat' dir='ltr'><strong>in</strong></span> <span class='ocrx_word' id='word_1_257' title='bbox 2752 1841 3009 1895; x_wconf 82' lang='lat' dir='ltr'><strong>unitatem</strong></span> <span class='ocrx_word' id='word_1_258' title='bbox 3044 1855 3309 1909; x_wconf 68' lang='lat' dir='ltr'><strong>personm.</strong></span> <span class='ocrx_word' id='word_1_259' title='bbox 3346 1859 3365 1892; x_wconf 69' lang='grc' dir='ltr'><strong>ι</strong></span> <span class='ocrx_word' id='word_1_260' title='bbox 3396 1840 3608 1910; x_wconf 61' lang='lat' dir='ltr'><strong>Cogno-</strong></span> 
     </span>
    </p>
   </div>
   <div class='ocr_carea' id='block_1_34' title="bbox 325 1931 1974 2001">
    <p class='ocr_par' dir='ltr' id='par_1_34' title="bbox 325 1931 1974 2001">
     <span class='ocr_line' id='line_1_34' title="bbox 325 1931 1974 2001; baseline 0.002 -20"><span class='ocrx_word' id='word_1_261' title='bbox 325 1933 482 1984; x_wconf 84' lang='lat' dir='ltr'><strong>modo</strong></span> <span class='ocrx_word' id='word_1_262' title='bbox 514 1932 781 1999; x_wconf 75' lang='lat' dir='ltr'><strong>putaverit</strong></span> <span class='ocrx_word' id='word_1_263' title='bbox 825 1931 1121 2000; x_wconf 85' lang='lat' dir='ltr'><strong>Christum,</strong></span> <span class='ocrx_word' id='word_1_264' title='bbox 1153 1947 1275 1988; x_wconf 91' lang='lat' dir='ltr'><strong>cum</strong></span> <span class='ocrx_word' id='word_1_265' title='bbox 1308 1936 1482 2001; x_wconf 70' lang='lat' dir='ltr'><strong>pot‘us</strong></span> <span class='ocrx_word' id='word_1_266' title='bbox 1530 1934 1746 1990; x_wconf 76' lang='lat' dir='ltr'><strong>Jntlteos</strong></span> <span class='ocrx_word' id='word_1_267' title='bbox 1796 1933 1917 1986; x_wconf 81' lang='lat' dir='ltr'><strong>irri-</strong></span> <span class='ocrx_word' id='word_1_268' title='bbox 1970 1938 1974 1942; x_wconf 75' lang='grc'><em>“</em></span> 
     </span>
    </p>
   </div>
   <div class='ocr_carea' id='block_1_35' title="bbox 324 2023 1910 2080">
    <p class='ocr_par' dir='ltr' id='par_1_35' title="bbox 324 2023 1910 2080">
     <span class='ocr_line' id='line_1_35' title="bbox 324 2023 1910 2080; baseline 0.002 -5"><span class='ocrx_word' id='word_1_269' title='bbox 324 2023 447 2077; x_wconf 87' lang='lat' dir='ltr'><strong>deat</strong></span> <span class='ocrx_word' id='word_1_270' title='bbox 475 2025 658 2080; x_wconf 84' lang='lat' dir='ltr'><strong>dicens</strong></span> <span class='ocrx_word' id='word_1_271' title='bbox 691 2041 707 2079; x_wconf 83' lang='lat'><strong>:</strong></span> <span class='ocrx_word' id='word_1_272' title='bbox 745 2025 867 2080; x_wconf 85' lang='lat' dir='ltr'><strong>llaec</strong></span> <span class='ocrx_word' id='word_1_273' title='bbox 913 2025 1086 2080; x_wconf 77' lang='lat' dir='ltr'><strong>Judaei</strong></span> <span class='ocrx_word' id='word_1_274' title='bbox 1129 2035 1185 2080; x_wconf 88' lang='lat' dir='ltr'><strong>ut</strong></span> <span class='ocrx_word' id='word_1_275' title='bbox 1231 2026 1434 2080; x_wconf 82' lang='lat' dir='ltr'><strong>fabulas</strong></span> <span class='ocrx_word' id='word_1_276' title='bbox 1483 2027 1668 2080; x_wconf 80' lang='lat' dir='ltr'><strong>inanes</strong></span> <span class='ocrx_word' id='word_1_277' title='bbox 1713 2025 1910 2079; x_wconf 74' lang='lat' dir='ltr'><strong>intelli-</strong></span> 
     </span>
    </p>
   </div>
   <div class='ocr_carea' id='block_1_36' title="bbox 327 2116 1917 2188">
    <p class='ocr_par' dir='ltr' id='par_1_36' title="bbox 327 2116 1917 2188">
     <span class='ocr_line' id='line_1_36' title="bbox 327 2116 1917 2188; baseline 0.003 -21"><span class='ocrx_word' id='word_1_278' title='bbox 327 2126 475 2184; x_wconf 80' lang='lat' dir='ltr'><strong>gunt,</strong></span> <span class='ocrx_word' id='word_1_279' title='bbox 511 2116 881 2171; x_wconf 80' lang='lat' dir='ltr'><strong>existimantes</strong></span> <span class='ocrx_word' id='word_1_280' title='bbox 935 2119 1002 2172; x_wconf 90' lang='lat' dir='ltr'><strong>de</strong></span> <span class='ocrx_word' id='word_1_281' title='bbox 1052 2117 1269 2172; x_wconf 75' lang='lat' dir='ltr'><strong>homine</strong></span> <span class='ocrx_word' id='word_1_282' title='bbox 1314 2132 1441 2188; x_wconf 85' lang='lat' dir='ltr'><strong>rege</strong></span> <span class='ocrx_word' id='word_1_283' title='bbox 1484 2117 1654 2182; x_wconf 90' lang='lat' dir='ltr'><strong>dicta;</strong></span> <span class='ocrx_word' id='word_1_284' title='bbox 1708 2126 1761 2172; x_wconf 88' lang='lat' dir='ltr'><strong>et</strong></span> <span class='ocrx_word' id='word_1_285' title='bbox 1790 2117 1917 2187; x_wconf 90' lang='lat' dir='ltr'><strong>quid</strong></span> 
     </span>
    </p>
   </div>
   <div class='ocr_carea' id='block_1_37' title="bbox 328 2208 1916 2279">
    <p class='ocr_par' dir='ltr' id='par_1_37' title="bbox 328 2208 1916 2279">
     <span class='ocr_line' id='line_1_37' title="bbox 328 2208 1916 2279; baseline 0.003 -20"><span class='ocrx_word' id='word_1_286' title='bbox 328 2210 443 2275; x_wconf 83' lang='lat' dir='ltr'><strong>ipse</strong></span> <span class='ocrx_word' id='word_1_287' title='bbox 498 2208 684 2262; x_wconf 84' lang='lat' dir='ltr'><strong>credat</strong></span> <span class='ocrx_word' id='word_1_288' title='bbox 740 2211 1016 2263; x_wconf 74' lang='lat' dir='ltr'><strong>insinuans</strong></span> <span class='ocrx_word' id='word_1_289' title='bbox 1063 2208 1216 2275; x_wconf 86' lang='lat' dir='ltr'><strong>dicit,</strong></span> <span class='ocrx_word' id='word_1_290' title='bbox 1254 2210 1397 2279; x_wconf 90' lang='lat' dir='ltr'><strong>quod</strong></span> <span class='ocrx_word' id='word_1_291' title='bbox 1451 2211 1585 2264; x_wconf 90' lang='lat' dir='ltr'><strong>nulli</strong></span> <span class='ocrx_word' id='word_1_292' title='bbox 1638 2210 1916 2263; x_wconf 83' lang='lat' dir='ltr'><strong>hominum</strong></span> 
     </span>
    </p>
   </div>
   <div class='ocr_carea' id='block_1_38' title="bbox 328 2298 1916 2369">
    <p class='ocr_par' dir='ltr' id='par_1_38' title="bbox 328 2298 1916 2369">
     <span class='ocr_line' id='line_1_38' title="bbox 328 2298 1916 2369; baseline 0.003 -20"><span class='ocrx_word' id='word_1_293' title='bbox 328 2299 608 2352; x_wconf 52' lang='lat' dir='ltr'><strong>conveniat</strong></span> <span class='ocrx_word' id='word_1_294' title='bbox 649 2308 854 2352; x_wconf 86' lang='lat' dir='ltr'><strong>tantum</strong></span> <span class='ocrx_word' id='word_1_295' title='bbox 904 2298 1006 2354; x_wconf 89' lang='lat' dir='ltr'><strong>hoc</strong></span> <span class='ocrx_word' id='word_1_296' title='bbox 1050 2299 1258 2369; x_wconf 86' lang='lat' dir='ltr'><strong>insigne</strong></span> <span class='ocrx_word' id='word_1_297' title='bbox 1312 2299 1587 2365; x_wconf 83' lang='lat' dir='ltr'><strong>virtutum,</strong></span> <span class='ocrx_word' id='word_1_298' title='bbox 1641 2309 1694 2354; x_wconf 90' lang='lat' dir='ltr'><strong>et</strong></span> <span class='ocrx_word' id='word_1_299' title='bbox 1736 2300 1916 2354; x_wconf 73' lang='lat' dir='ltr'><strong>talium</strong></span> 
     </span>
    </p>
   </div>
   <div class='ocr_carea' id='block_1_39' title="bbox 330 2389 1920 2462">
    <p class='ocr_par' dir='ltr' id='par_1_39' title="bbox 330 2389 1920 2462">
     <span class='ocr_line' id='line_1_39' title="bbox 330 2389 1920 2462; baseline 0.004 -23"><span class='ocrx_word' id='word_1_300' title='bbox 330 2389 637 2457; x_wconf 86' lang='lat' dir='ltr'><strong>magnitudo</strong></span> <span class='ocrx_word' id='word_1_301' title='bbox 666 2391 952 2457; x_wconf 89' lang='lat' dir='ltr'><strong>dictorum,</strong></span> <span class='ocrx_word' id='word_1_302' title='bbox 1006 2391 1198 2462; x_wconf 88' lang='lat' dir='ltr'><strong>quibus</strong></span> <span class='ocrx_word' id='word_1_303' title='bbox 1246 2391 1441 2446; x_wconf 84' lang='lat' dir='ltr'><strong>dicitur</strong></span> <span class='ocrx_word' id='word_1_304' title='bbox 1489 2391 1702 2447; x_wconf 73' lang='lat' dir='ltr'><strong>Christo</strong></span> <span class='ocrx_word' id='word_1_305' title='bbox 1748 2409 1760 2445; x_wconf 92' lang='lat'>:</span> <span class='ocrx_word' id='word_1_306' title='bbox 1821 2391 1920 2446; x_wconf 87' lang='lat' dir='ltr'><strong>De-</strong></span> 
     </span>
    </p>
   </div>
   <div class='ocr_carea' id='block_1_40' title="bbox 330 2485 1921 2560">
    <p class='ocr_par' dir='ltr' id='par_1_40' title="bbox 330 2485 1921 2560">
     <span class='ocr_line' id='line_1_40' title="bbox 330 2485 1921 2560; baseline 0.007 -27"><span class='ocrx_word' id='word_1_307' title='bbox 330 2485 477 2537; x_wconf 71' lang='lat' dir='ltr'><strong>duxi:</strong></span> <span class='ocrx_word' id='word_1_308' title='bbox 508 2494 555 2539; x_wconf 85' lang='lat' dir='ltr'><strong>te</strong></span> <span class='ocrx_word' id='word_1_309' title='bbox 580 2487 879 2540; x_wconf 76' lang='lat' dir='ltr'><strong>mirabiliter</strong></span> <span class='ocrx_word' id='word_1_310' title='bbox 899 2489 1106 2542; x_wconf 78' lang='lat' dir='ltr'><strong>dextera</strong></span> <span class='ocrx_word' id='word_1_311' title='bbox 1129 2497 1218 2542; x_wconf 84' lang='lat' dir='ltr'><strong>tua</strong></span> <span class='ocrx_word' id='word_1_312' title='bbox 1243 2488 1434 2557; x_wconf 80' lang='lat' dir='ltr'><strong>(Ibi:l.,</strong></span> <span class='ocrx_word' id='word_1_313' title='bbox 1464 2488 1556 2560; x_wconf 77' lang='lat'><strong>5):</strong></span> <span class='ocrx_word' id='word_1_314' title='bbox 1589 2489 1921 2560; x_wconf 88' lang='lat' dir='ltr'><strong>quandoqui—</strong></span> 
     </span>
    </p>
   </div>
   <div class='ocr_carea' id='block_1_41' title="bbox 329 2576 1920 2651">
    <p class='ocr_par' dir='ltr' id='par_1_41' title="bbox 329 2576 1920 2651">
     <span class='ocr_line' id='line_1_41' title="bbox 329 2576 1920 2651; baseline 0.004 -22"><span class='ocrx_word' id='word_1_315' title='bbox 329 2576 450 2629; x_wconf 82' lang='lat' dir='ltr'><strong>dl‘lll</strong></span> <span class='ocrx_word' id='word_1_316' title='bbox 499 2577 674 2631; x_wconf 81' lang='lat' dir='ltr'><strong>divina</strong></span> <span class='ocrx_word' id='word_1_317' title='bbox 704 2578 981 2649; x_wconf 88' lang='lat' dir='ltr'><strong>Seriptura</strong></span> <span class='ocrx_word' id='word_1_318' title='bbox 1013 2594 1203 2635; x_wconf 86' lang='lat' dir='ltr'><strong>omnes</strong></span> <span class='ocrx_word' id='word_1_319' title='bbox 1254 2581 1500 2637; x_wconf 86' lang='lat' dir='ltr'><strong>homines</strong></span> <span class='ocrx_word' id='word_1_320' title='bbox 1540 2580 1716 2651; x_wconf 82' lang='lat' dir='ltr'><strong>justus</strong></span> <span class='ocrx_word' id='word_1_321' title='bbox 1745 2599 1809 2636; x_wconf 78' lang='lat' dir='ltr'><strong>ex</strong></span> <span class='ocrx_word' id='word_1_322' title='bbox 1842 2583 1920 2636; x_wconf 80' lang='lat' dir='ltr'><strong>di—</strong></span> 
     </span>
    </p>
   </div>
   <div class='ocr_carea' id='block_1_42' title="bbox 330 2667 1920 2741">
    <p class='ocr_par' dir='ltr' id='par_1_42' title="bbox 330 2667 1920 2741">
     <span class='ocr_line' id='line_1_42' title="bbox 330 2667 1920 2741; baseline 0.003 -20"><span class='ocrx_word' id='word_1_323' title='bbox 330 2667 454 2722; x_wconf 79' lang='lat' dir='ltr'><strong>vino</strong></span> <span class='ocrx_word' id='word_1_324' title='bbox 502 2667 769 2739; x_wconf 86' lang='lat' dir='ltr'><strong>adjutorio</strong></span> <span class='ocrx_word' id='word_1_325' title='bbox 799 2671 940 2726; x_wconf 86' lang='lat' dir='ltr'><strong>dicat</strong></span> <span class='ocrx_word' id='word_1_326' title='bbox 996 2671 1273 2741; x_wconf 84' lang='lat' dir='ltr'><strong>possidere</strong></span> <span class='ocrx_word' id='word_1_327' title='bbox 1315 2672 1608 2738; x_wconf 79' lang='lat' dir='ltr'><strong>virtutem;</strong></span> <span class='ocrx_word' id='word_1_328' title='bbox 1649 2673 1920 2727; x_wconf 85' lang='lat' dir='ltr'><strong>Christum</strong></span> 
     </span>
    </p>
   </div>
   <div class='ocr_carea' id='block_1_43' title="bbox 331 2763 1922 2833">
    <p class='ocr_par' dir='ltr' id='par_1_43' title="bbox 331 2763 1922 2833">
     <span class='ocr_line' id='line_1_43' title="bbox 331 2763 1922 2833; baseline 0.004 -22"><span class='ocrx_word' id='word_1_329' title='bbox 331 2776 480 2825; x_wconf 82' lang='lat' dir='ltr'><strong>vero,</strong></span> <span class='ocrx_word' id='word_1_330' title='bbox 515 2771 765 2831; x_wconf 82' lang='lat' dir='ltr'><strong>tanquam</strong></span> <span class='ocrx_word' id='word_1_331' title='bbox 793 2763 958 2819; x_wconf 92' lang='lat' dir='ltr'><strong>Deum</strong></span> <span class='ocrx_word' id='word_1_332' title='bbox 991 2774 1263 2819; x_wconf 84' lang='lat' dir='ltr'><strong>asseverat</strong></span> <span class='ocrx_word' id='word_1_333' title='bbox 1292 2764 1475 2819; x_wconf 88' lang='lat' dir='ltr'><strong>divino</strong></span> <span class='ocrx_word' id='word_1_334' title='bbox 1512 2764 1783 2833; x_wconf 86' lang='lat' dir='ltr'><strong>adjutorio</strong></span> <span class='ocrx_word' id='word_1_335' title='bbox 1815 2780 1922 2818; x_wconf 85' lang='lat' dir='ltr'><strong>non</strong></span> 
     </span>
    </p>
   </div>
   <div class='ocr_carea' id='block_1_44' title="bbox 330 2851 1924 2925">
    <p class='ocr_par' dir='ltr' id='par_1_44' title="bbox 330 2851 1924 2925">
     <span class='ocr_line' id='line_1_44' title="bbox 330 2851 1924 2925; baseline 0.006 -26"><span class='ocrx_word' id='word_1_336' title='bbox 330 2866 507 2919; x_wconf 67' lang='lat' dir='ltr'><strong>egere.</strong></span> <span class='ocrx_word' id='word_1_337' title='bbox 534 2851 770 2922; x_wconf 87' lang='lat' dir='ltr'><strong>Itemque</strong></span> <span class='ocrx_word' id='word_1_338' title='bbox 803 2854 1025 2909; x_wconf 85' lang='lat' dir='ltr'><strong>inferius</strong></span> <span class='ocrx_word' id='word_1_339' title='bbox 1055 2855 1130 2908; x_wconf 88' lang='lat' dir='ltr'><strong>ait</strong></span> <span class='ocrx_word' id='word_1_340' title='bbox 1163 2869 1177 2907; x_wconf 89' lang='lat'><strong>:</strong></span> <span class='ocrx_word' id='word_1_341' title='bbox 1226 2854 1282 2910; x_wconf 89' lang='lat' dir='ltr'><strong>Si</strong></span> <span class='ocrx_word' id='word_1_342' title='bbox 1313 2866 1490 2908; x_wconf 85' lang='lat' dir='ltr'><strong>autem</strong></span> <span class='ocrx_word' id='word_1_343' title='bbox 1543 2856 1610 2909; x_wconf 90' lang='lat' dir='ltr'><strong>de</strong></span> <span class='ocrx_word' id='word_1_344' title='bbox 1662 2869 1785 2925; x_wconf 86' lang='lat' dir='ltr'><strong>rcge</strong></span> <span class='ocrx_word' id='word_1_345' title='bbox 1814 2854 1924 2909; x_wconf 89' lang='lat' dir='ltr'><strong>Deo</strong></span> 
     </span>
    </p>
   </div>
   <div class='ocr_carea' id='block_1_45' title="bbox 331 2944 1921 3016">
    <p class='ocr_par' dir='ltr' id='par_1_45' title="bbox 331 2944 1921 3016">
     <span class='ocr_line' id='line_1_45' title="bbox 331 2944 1921 3016; baseline 0.005 -22"><span class='ocrx_word' id='word_1_346' title='bbox 331 2944 484 3009; x_wconf 84' lang='lat' dir='ltr'><strong>dicit,</strong></span> <span class='ocrx_word' id='word_1_347' title='bbox 515 2945 855 3000; x_wconf 73' lang='lat' dir='ltr'><strong>manifestum</strong></span> <span class='ocrx_word' id='word_1_348' title='bbox 885 2947 1135 3016; x_wconf 87' lang='lat' dir='ltr'><strong>quoniam</strong></span> <span class='ocrx_word' id='word_1_349' title='bbox 1159 2957 1211 3002; x_wconf 89' lang='lat' dir='ltr'><strong>et</strong></span> <span class='ocrx_word' id='word_1_350' title='bbox 1241 2947 1307 3001; x_wconf 92' lang='lat' dir='ltr'><strong>de</strong></span> <span class='ocrx_word' id='word_1_351' title='bbox 1339 2948 1519 3014; x_wconf 82' lang='lat' dir='ltr'><strong>regina</strong></span> <span class='ocrx_word' id='word_1_352' title='bbox 1547 2963 1650 3002; x_wconf 91' lang='lat' dir='ltr'><strong>non</strong></span> <span class='ocrx_word' id='word_1_353' title='bbox 1677 2949 1921 3010; x_wconf 89' lang='lat' dir='ltr'><strong>muliere,</strong></span> 
     </span>
    </p>
   </div>
   <div class='ocr_carea' id='block_1_46' title="bbox 332 3033 1926 3108">
    <p class='ocr_par' dir='ltr' id='par_1_46' title="bbox 332 3033 1926 3108">
     <span class='ocr_line' id='line_1_46' title="bbox 332 3033 1926 3108; baseline 0.004 -23"><span class='ocrx_word' id='word_1_354' title='bbox 332 3033 425 3087; x_wconf 87' lang='lat' dir='ltr'><strong>sed</strong></span> <span class='ocrx_word' id='word_1_355' title='bbox 460 3034 721 3102; x_wconf 61' lang='lat' dir='ltr'><strong>Ecclesia,</strong></span> <span class='ocrx_word' id='word_1_356' title='bbox 749 3052 907 3106; x_wconf 89' lang='lat' dir='ltr'><strong>quam</strong></span> <span class='ocrx_word' id='word_1_357' title='bbox 946 3036 1046 3091; x_wconf 89' lang='lat' dir='ltr'><strong>sibi</strong></span> <span class='ocrx_word' id='word_1_358' title='bbox 1092 3038 1339 3092; x_wconf 75' lang='lat' dir='ltr'><strong>Christus</strong></span> <span class='ocrx_word' id='word_1_359' title='bbox 1373 3053 1465 3106; x_wconf 78' lang='lat' dir='ltr'><strong>per</strong></span> <span class='ocrx_word' id='word_1_360' title='bbox 1504 3039 1662 3092; x_wconf 78' lang='lat' dir='ltr'><strong>tidem</strong></span> <span class='ocrx_word' id='word_1_361' title='bbox 1694 3037 1926 3108; x_wconf 75' lang='lat' dir='ltr'><strong>despon-</strong></span> 
     </span>
    </p>
   </div>
   <div class='ocr_carea' id='block_1_47' title="bbox 332 3123 1924 3199">
    <p class='ocr_par' dir='ltr' id='par_1_47' title="bbox 332 3123 1924 3199">
     <span class='ocr_line' id='line_1_47' title="bbox 332 3123 1924 3199; baseline 0.006 -24"><span class='ocrx_word' id='word_1_362' title='bbox 332 3123 491 3188; x_wconf 82' lang='lat' dir='ltr'><strong>savit,</strong></span> <span class='ocrx_word' id='word_1_363' title='bbox 543 3139 637 3194; x_wconf 90' lang='lat' dir='ltr'><strong>pcr</strong></span> <span class='ocrx_word' id='word_1_364' title='bbox 676 3126 924 3181; x_wconf 74' lang='lat' dir='ltr'><strong>affectum</strong></span> <span class='ocrx_word' id='word_1_365' title='bbox 954 3128 1146 3182; x_wconf 61' lang='lat' dir='ltr'><strong>animus</strong></span> <span class='ocrx_word' id='word_1_366' title='bbox 1189 3129 1395 3183; x_wconf 89' lang='lat' dir='ltr'><strong>scilicet</strong></span> <span class='ocrx_word' id='word_1_367' title='bbox 1439 3128 1541 3182; x_wconf 73' lang='lat' dir='ltr'><strong>Sibi</strong></span> <span class='ocrx_word' id='word_1_368' title='bbox 1576 3127 1924 3199; x_wconf 90' lang='lat' dir='ltr'><strong>jungendam.</strong></span> 
     </span>
    </p>
   </div>
   <div class='ocr_carea' id='block_1_48' title="bbox 2021 1928 3612 2004">
    <p class='ocr_par' dir='ltr' id='par_1_48' title="bbox 2021 1928 3612 2004">
     <span class='ocr_line' id='line_1_48' title="bbox 2021 1928 3612 2004; baseline -0.001 -17"><span class='ocrx_word' id='word_1_369' title='bbox 2021 1935 2130 1989; x_wconf 89' lang='lat' dir='ltr'><strong>scis</strong></span> <span class='ocrx_word' id='word_1_370' title='bbox 2150 1950 2300 2004; x_wconf 84' lang='lat' dir='ltr'><strong>ergo,</strong></span> <span class='ocrx_word' id='word_1_371' title='bbox 2346 1935 2661 2003; x_wconf 70' lang='lat' dir='ltr'><strong>imperator,</strong></span> <span class='ocrx_word' id='word_1_372' title='bbox 2703 1928 2956 2003; x_wconf 86' lang='lat' dir='ltr'><strong>quoniam</strong></span> <span class='ocrx_word' id='word_1_373' title='bbox 2990 1933 3253 1988; x_wconf 78' lang='lat' dir='ltr'><strong>veraciter</strong></span> <span class='ocrx_word' id='word_1_374' title='bbox 3282 1934 3612 2002; x_wconf 53' lang='lat' dir='ltr'><strong>sapientisa-</strong></span> 
     </span>
    </p>
   </div>
   <div class='ocr_carea' id='block_1_49' title="bbox 2022 2026 3610 2097">
    <p class='ocr_par' dir='ltr' id='par_1_49' title="bbox 2022 2026 3610 2097">
     <span class='ocr_line' id='line_1_49' title="bbox 2022 2026 3610 2097; baseline -0.001 -15"><span class='ocrx_word' id='word_1_375' title='bbox 2022 2044 2142 2082; x_wconf 87' lang='lat' dir='ltr'><strong>mus</strong></span> <span class='ocrx_word' id='word_1_376' title='bbox 2171 2028 2408 2084; x_wconf 86' lang='lat' dir='ltr'><strong>Joannes</strong></span> <span class='ocrx_word' id='word_1_377' title='bbox 2436 2044 2557 2081; x_wconf 88' lang='lat' dir='ltr'><strong>cum</strong></span> <span class='ocrx_word' id='word_1_378' title='bbox 2580 2029 2829 2081; x_wconf 90' lang='lat' dir='ltr'><strong>orientali</strong></span> <span class='ocrx_word' id='word_1_379' title='bbox 2860 2026 3111 2093; x_wconf 86' lang='lat' dir='ltr'><strong>concilio,</strong></span> <span class='ocrx_word' id='word_1_380' title='bbox 3156 2026 3222 2080; x_wconf 86' lang='lat' dir='ltr'><strong>ad</strong></span> <span class='ocrx_word' id='word_1_381' title='bbox 3252 2026 3461 2079; x_wconf 87' lang='lat' dir='ltr'><strong>beatum</strong></span> <span class='ocrx_word' id='word_1_382' title='bbox 3503 2027 3610 2097; x_wconf 63' lang='lat' dir='ltr'><strong>Cy-</strong></span> 
     </span>
    </p>
   </div>
   <div class='ocr_carea' id='block_1_50' title="bbox 2022 2116 3667 2187">
    <p class='ocr_par' dir='ltr' id='par_1_50' title="bbox 2022 2116 3667 2187">
     <span class='ocr_line' id='line_1_50' title="bbox 2022 2116 3667 2187; baseline -0.001 -14"><span class='ocrx_word' id='word_1_383' title='bbox 2022 2121 2200 2173; x_wconf 88' lang='lat' dir='ltr'><strong>rillum</strong></span> <span class='ocrx_word' id='word_1_384' title='bbox 2231 2120 2300 2173; x_wconf 91' lang='lat' dir='ltr'><strong>de</strong></span> <span class='ocrx_word' id='word_1_385' title='bbox 2327 2119 2483 2172; x_wconf 88' lang='lat' dir='ltr'><strong>beato</strong></span> <span class='ocrx_word' id='word_1_386' title='bbox 2528 2117 2814 2172; x_wconf 88' lang='lat' dir='ltr'><strong>&#39;lheodoro</strong></span> <span class='ocrx_word' id='word_1_387' title='bbox 2858 2118 3121 2183; x_wconf 82' lang='lat' dir='ltr'><strong>scribens,</strong></span> <span class='ocrx_word' id='word_1_388' title='bbox 3156 2116 3347 2170; x_wconf 79' lang='lat' dir='ltr'><strong>dixerit</strong></span> <span class='ocrx_word' id='word_1_389' title='bbox 3379 2134 3393 2170; x_wconf 90' lang='lat'><strong>:</strong></span> <span class='ocrx_word' id='word_1_390' title='bbox 3430 2136 3448 2167; x_wconf 77' lang='grc' dir='ltr'><strong>ι</strong></span> <span class='ocrx_word' id='word_1_391' title='bbox 3488 2118 3613 2172; x_wconf 80' lang='lat' dir='ltr'><strong>Pro-</strong></span> <span class='ocrx_word' id='word_1_392' title='bbox 3664 2184 3667 2187; x_wconf 95' lang='lat'><em>_</em></span> 
     </span>
    </p>
   </div>
   <div class='ocr_carea' id='block_1_51' title="bbox 2024 2209 3615 2280">
    <p class='ocr_par' dir='ltr' id='par_1_51' title="bbox 2024 2209 3615 2280">
     <span class='ocr_line' id='line_1_51' title="bbox 2024 2209 3615 2280; baseline 0.001 -19"><span class='ocrx_word' id='word_1_393' title='bbox 2024 2212 2256 2280; x_wconf 87' lang='lat' dir='ltr'><strong>ponebat</strong></span> <span class='ocrx_word' id='word_1_394' title='bbox 2282 2210 2421 2264; x_wconf 87' lang='lat' dir='ltr'><strong>enim</strong></span> <span class='ocrx_word' id='word_1_395' title='bbox 2452 2225 2571 2263; x_wconf 89' lang='lat' dir='ltr'><strong>eum</strong></span> <span class='ocrx_word' id='word_1_396' title='bbox 2604 2219 2745 2263; x_wconf 92' lang='lat' dir='ltr'><strong>totus</strong></span> <span class='ocrx_word' id='word_1_397' title='bbox 2774 2209 2828 2261; x_wconf 92' lang='lat' dir='ltr'><strong>in</strong></span> <span class='ocrx_word' id='word_1_398' title='bbox 2876 2223 3162 2263; x_wconf 85' lang='lat' dir='ltr'><strong>commune</strong></span> <span class='ocrx_word' id='word_1_399' title='bbox 3210 2209 3422 2273; x_wconf 75' lang='lat' dir='ltr'><strong>Oriens,</strong></span> <span class='ocrx_word' id='word_1_400' title='bbox 3476 2219 3615 2262; x_wconf 79' lang='lat' dir='ltr'><strong>scut</strong></span> 
     </span>
    </p>
   </div>
   <div class='ocr_carea' id='block_1_52' title="bbox 2026 2301 3615 2358">
    <p class='ocr_par' dir='ltr' id='par_1_52' title="bbox 2026 2301 3615 2358">
     <span class='ocr_line' id='line_1_52' title="bbox 2026 2301 3615 2358; baseline 0 -3"><span class='ocrx_word' id='word_1_401' title='bbox 2026 2305 2273 2358; x_wconf 76' lang='lat' dir='ltr'><strong>virtutem</strong></span> <span class='ocrx_word' id='word_1_402' title='bbox 2306 2303 2526 2356; x_wconf 69' lang='lat' dir='ltr'><strong>inultam</strong></span> <span class='ocrx_word' id='word_1_403' title='bbox 2553 2301 2814 2356; x_wconf 72' lang='lat' dir='ltr'><strong>doctrina:</strong></span> <span class='ocrx_word' id='word_1_404' title='bbox 2841 2301 3125 2356; x_wconf 86' lang='lat' dir='ltr'><strong>habentem</strong></span> <span class='ocrx_word' id='word_1_405' title='bbox 3159 2302 3417 2356; x_wconf 62' lang='grc' dir='ltr'><strong>δάπιδας</strong></span> <span class='ocrx_word' id='word_1_406' title='bbox 3447 2305 3615 2356; x_wconf 72' lang='grc' dir='ltr'><strong>Ιι.ιιι·‹;-</strong></span> 
     </span>
    </p>
   </div>
   <div class='ocr_carea' id='block_1_53' title="bbox 2023 2397 3615 2466">
    <p class='ocr_par' dir='ltr' id='par_1_53' title="bbox 2023 2397 3615 2466">
     <span class='ocr_line' id='line_1_53' title="bbox 2023 2397 3615 2466; baseline 0 -16"><span class='ocrx_word' id='word_1_407' title='bbox 2023 2411 2131 2462; x_wconf 88' lang='lat' dir='ltr'><strong>scs,</strong></span> <span class='ocrx_word' id='word_1_408' title='bbox 2153 2408 2339 2451; x_wconf 88' lang='lat' dir='ltr'><strong>contra</strong></span> <span class='ocrx_word' id='word_1_409' title='bbox 2367 2411 2498 2466; x_wconf 87' lang='lat' dir='ltr'><strong>quas</strong></span> <span class='ocrx_word' id='word_1_410' title='bbox 2530 2411 2772 2466; x_wconf 87' lang='lat' dir='ltr'><strong>pugnans</strong></span> <span class='ocrx_word' id='word_1_411' title='bbox 2794 2404 2849 2451; x_wconf 88' lang='lat' dir='ltr'><strong>et</strong></span> <span class='ocrx_word' id='word_1_412' title='bbox 2874 2397 3157 2460; x_wconf 86' lang='lat' dir='ltr'><strong>dimicans,</strong></span> <span class='ocrx_word' id='word_1_413' title='bbox 3189 2397 3353 2449; x_wconf 88' lang='lat' dir='ltr'><strong>multa</strong></span> <span class='ocrx_word' id='word_1_414' title='bbox 3385 2399 3615 2465; x_wconf 83' lang='lat' dir='ltr'><strong>quadam</strong></span> 
     </span>
    </p>
   </div>
   <div class='ocr_carea' id='block_1_54' title="bbox 2024 2471 3617 2560">
    <p class='ocr_par' dir='ltr' id='par_1_54' title="bbox 2024 2471 3617 2560">
     <span class='ocr_line' id='line_1_54' title="bbox 2024 2471 3617 2560; baseline -0.002 -17"><span class='ocrx_word' id='word_1_415' title='bbox 2024 2471 2289 2546; x_wconf 79' lang='lat' dir='ltr'><strong>divisione</strong></span> <span class='ocrx_word' id='word_1_416' title='bbox 2314 2505 2443 2545; x_wconf 87' lang='lat' dir='ltr'><strong>usus</strong></span> <span class='ocrx_word' id='word_1_417' title='bbox 2473 2500 2576 2557; x_wconf 87' lang='lat' dir='ltr'><strong>est,</strong></span> <span class='ocrx_word' id='word_1_418' title='bbox 2609 2505 2714 2545; x_wconf 92' lang='lat' dir='ltr'><strong>non</strong></span> <span class='ocrx_word' id='word_1_419' title='bbox 2738 2505 2801 2545; x_wconf 81' lang='lat' dir='ltr'><strong>ex</strong></span> <span class='ocrx_word' id='word_1_420' title='bbox 2851 2503 3018 2560; x_wconf 90' lang='lat' dir='ltr'><strong>pravo</strong></span> <span class='ocrx_word' id='word_1_421' title='bbox 3067 2489 3339 2543; x_wconf 86' lang='lat' dir='ltr'><strong>intellectu</strong></span> <span class='ocrx_word' id='word_1_422' title='bbox 3369 2491 3617 2555; x_wconf 66' lang='lat' dir='ltr'><strong>vtniens,</strong></span> 
     </span>
    </p>
   </div>
   <div class='ocr_carea' id='block_1_55' title="bbox 2024 2580 3617 2650">
    <p class='ocr_par' dir='ltr' id='par_1_55' title="bbox 2024 2580 3617 2650">
     <span class='ocr_line' id='line_1_55' title="bbox 2024 2580 3617 2650; baseline -0.001 -14"><span class='ocrx_word' id='word_1_423' title='bbox 2024 2584 2120 2637; x_wconf 90' lang='lat' dir='ltr'><strong>sed</strong></span> <span class='ocrx_word' id='word_1_424' title='bbox 2149 2583 2419 2639; x_wconf 82' lang='lat' dir='ltr'><strong>efﬁcacius</strong></span> <span class='ocrx_word' id='word_1_425' title='bbox 2449 2583 2708 2638; x_wconf 88' lang='lat' dir='ltr'><strong>adversus</strong></span> <span class='ocrx_word' id='word_1_426' title='bbox 2736 2584 3017 2637; x_wconf 74' lang='lat' dir='ltr'><strong>haereticos</strong></span> <span class='ocrx_word' id='word_1_427' title='bbox 3042 2582 3135 2635; x_wconf 91' lang='lat' dir='ltr'><strong>illo</strong></span> <span class='ocrx_word' id='word_1_428' title='bbox 3157 2583 3315 2635; x_wconf 91' lang='lat' dir='ltr'><strong>modo</strong></span> <span class='ocrx_word' id='word_1_429' title='bbox 3346 2586 3419 2634; x_wconf 91' lang='lat' dir='ltr'><strong>uti</strong></span> <span class='ocrx_word' id='word_1_430' title='bbox 3447 2595 3506 2635; x_wconf 83' lang='lat' dir='ltr'><strong>se</strong></span> <span class='ocrx_word' id='word_1_431' title='bbox 3530 2580 3617 2650; x_wconf 81' lang='lat' dir='ltr'><strong>ju-</strong></span> 
     </span>
    </p>
   </div>
   <div class='ocr_carea' id='block_1_56' title="bbox 2025 2673 3616 2747">
    <p class='ocr_par' dir='ltr' id='par_1_56' title="bbox 2025 2673 3616 2747">
     <span class='ocr_line' id='line_1_56' title="bbox 2025 2673 3616 2747; baseline -0.002 -16"><span class='ocrx_word' id='word_1_432' title='bbox 2025 2677 2231 2731; x_wconf 81' lang='lat' dir='ltr'><strong>dicatis.</strong></span> <span class='ocrx_word' id='word_1_433' title='bbox 2276 2675 2460 2747; x_wconf 86' lang='lat' dir='ltr'><strong>Neque</strong></span> <span class='ocrx_word' id='word_1_434' title='bbox 2490 2677 2747 2731; x_wconf 85' lang='lat' dir='ltr'><strong>unitatem</strong></span> <span class='ocrx_word' id='word_1_435' title='bbox 2794 2690 3059 2729; x_wconf 89' lang='lat' dir='ltr'><strong>smnmam</strong></span> <span class='ocrx_word' id='word_1_436' title='bbox 3110 2673 3360 2744; x_wconf 76' lang='lat' dir='ltr'><strong>ignorans</strong></span> <span class='ocrx_word' id='word_1_437' title='bbox 3393 2678 3474 2730; x_wconf 73' lang='lat' dir='ltr'><strong>vel</strong></span> <span class='ocrx_word' id='word_1_438' title='bbox 3521 2689 3616 2728; x_wconf 78' lang='lat' dir='ltr'><strong>no-</strong></span> 
     </span>
    </p>
   </div>
   <div class='ocr_carea' id='block_1_57' title="bbox 2025 2767 3617 2840">
    <p class='ocr_par' dir='ltr' id='par_1_57' title="bbox 2025 2767 3617 2840">
     <span class='ocr_line' id='line_1_57' title="bbox 2025 2767 3617 2840; baseline 0.001 -20"><span class='ocrx_word' id='word_1_439' title='bbox 2025 2782 2179 2840; x_wconf 82' lang='lat' dir='ltr'><strong>guns,</strong></span> <span class='ocrx_word' id='word_1_440' title='bbox 2212 2767 2370 2833; x_wconf 72' lang='lat' dir='ltr'><strong>absit,</strong></span> <span class='ocrx_word' id='word_1_441' title='bbox 2406 2769 2545 2837; x_wconf 90' lang='lat' dir='ltr'><strong>pleni</strong></span> <span class='ocrx_word' id='word_1_442' title='bbox 2577 2770 2719 2823; x_wconf 88' lang='lat' dir='ltr'><strong>enim</strong></span> <span class='ocrx_word' id='word_1_443' title='bbox 2750 2767 3054 2838; x_wconf 81' lang='lat' dir='ltr'><strong>ltnjusmodi</strong></span> <span class='ocrx_word' id='word_1_444' title='bbox 3107 2778 3229 2822; x_wconf 86' lang='lat' dir='ltr'><strong>sunt</strong></span> <span class='ocrx_word' id='word_1_445' title='bbox 3285 2782 3473 2821; x_wconf 87' lang='lat' dir='ltr'><strong>omnes</strong></span> <span class='ocrx_word' id='word_1_446' title='bbox 3500 2767 3617 2838; x_wconf 85' lang='lat' dir='ltr'><strong>ejus</strong></span> 
     </span>
    </p>
   </div>
   <div class='ocr_carea' id='block_1_58' title="bbox 2030 2860 3611 2930">
    <p class='ocr_par' dir='ltr' id='par_1_58' title="bbox 2030 2860 3611 2930">
     <span class='ocr_line' id='line_1_58' title="bbox 2030 2860 3611 2930; baseline -0.001 -16"><span class='ocrx_word' id='word_1_447' title='bbox 2030 2861 2184 2926; x_wconf 89' lang='lat' dir='ltr'><strong>libri;</strong></span> <span class='ocrx_word' id='word_1_448' title='bbox 2217 2860 2312 2916; x_wconf 90' lang='lat' dir='ltr'><strong>sed</strong></span> <span class='ocrx_word' id='word_1_449' title='bbox 2338 2868 2649 2915; x_wconf 87' lang='lat' dir='ltr'><strong>naturarum</strong></span> <span class='ocrx_word' id='word_1_450' title='bbox 2682 2861 3061 2930; x_wconf 86' lang='lat' dir='ltr'><strong>proprietatem</strong></span> <span class='ocrx_word' id='word_1_451' title='bbox 3091 2861 3316 2929; x_wconf 83' lang='lat' dir='ltr'><strong>amplius</strong></span> <span class='ocrx_word' id='word_1_452' title='bbox 3344 2860 3611 2922; x_wconf 82' lang='lat' dir='ltr'><strong>dividens,</strong></span> 
     </span>
    </p>
   </div>
   <div class='ocr_carea' id='block_1_59' title="bbox 2028 2953 3618 3026">
    <p class='ocr_par' dir='ltr' id='par_1_59' title="bbox 2028 2953 3618 3026">
     <span class='ocr_line' id='line_1_59' title="bbox 2028 2953 3618 3026; baseline -0.003 -17"><span class='ocrx_word' id='word_1_453' title='bbox 2028 2955 2168 3010; x_wconf 86' lang='lat' dir='ltr'><strong>sicut</strong></span> <span class='ocrx_word' id='word_1_454' title='bbox 2211 2955 2260 3010; x_wconf 91' lang='lat' dir='ltr'><strong>ei</strong></span> <span class='ocrx_word' id='word_1_455' title='bbox 2291 2970 2464 3026; x_wconf 84' lang='lat' dir='ltr'><strong>pugna</strong></span> <span class='ocrx_word' id='word_1_456' title='bbox 2492 2971 2649 3024; x_wconf 90' lang='lat' dir='ltr'><strong>quam</strong></span> <span class='ocrx_word' id='word_1_457' title='bbox 2678 2955 2936 3008; x_wconf 87' lang='lat' dir='ltr'><strong>adversus</strong></span> <span class='ocrx_word' id='word_1_458' title='bbox 2967 2953 3250 3007; x_wconf 70' lang='lat' dir='ltr'><strong>haereticos</strong></span> <span class='ocrx_word' id='word_1_459' title='bbox 3281 2954 3483 3015; x_wconf 87' lang='lat' dir='ltr'><strong>habuit,</strong></span> <span class='ocrx_word' id='word_1_460' title='bbox 3537 2954 3618 3006; x_wconf 77' lang='lat' dir='ltr'><strong>fa-</strong></span> 
     </span>
    </p>
   </div>
   <div class='ocr_carea' id='block_1_60' title="bbox 2028 3041 3619 3112">
    <p class='ocr_par' dir='ltr' id='par_1_60' title="bbox 2028 3041 3619 3112">
     <span class='ocr_line' id='line_1_60' title="bbox 2028 3041 3619 3112; baseline -0.005 -10"><span class='ocrx_word' id='word_1_461' title='bbox 2028 3047 2277 3102; x_wconf 91' lang='lat' dir='ltr'><strong>ciendum</strong></span> <span class='ocrx_word' id='word_1_462' title='bbox 2299 3046 2553 3101; x_wconf 88' lang='lat' dir='ltr'><strong>dictabat.</strong></span> <span class='ocrx_word' id='word_1_463' title='bbox 2588 3064 2607 3097; x_wconf 86' lang='grc'><strong>›</strong></span> <span class='ocrx_word' id='word_1_464' title='bbox 2638 3044 2766 3112; x_wconf 84' lang='lat' dir='ltr'><strong>Quis</strong></span> <span class='ocrx_word' id='word_1_465' title='bbox 2791 3044 2933 3098; x_wconf 89' lang='lat' dir='ltr'><strong>enim</strong></span> <span class='ocrx_word' id='word_1_466' title='bbox 2960 3058 3021 3097; x_wconf 82' lang='lat' dir='ltr'><strong>ex</strong></span> <span class='ocrx_word' id='word_1_467' title='bbox 3049 3041 3130 3097; x_wconf 93' lang='lat' dir='ltr'><strong>his</strong></span> <span class='ocrx_word' id='word_1_468' title='bbox 3157 3056 3275 3112; x_wconf 69' lang='lat' dir='ltr'><strong>quae</strong></span> <span class='ocrx_word' id='word_1_469' title='bbox 3299 3043 3619 3096; x_wconf 87' lang='lat' dir='ltr'><strong>memoravi-</strong></span> 
     </span>
    </p>
   </div>
   <div class='ocr_carea' id='block_1_61' title="bbox 2034 3133 3619 3209">
    <p class='ocr_par' dir='ltr' id='par_1_61' title="bbox 2034 3133 3619 3209">
     <span class='ocr_line' id='line_1_61' title="bbox 2034 3133 3619 3209; baseline -0.006 -15"><span class='ocrx_word' id='word_1_470' title='bbox 2034 3155 2153 3194; x_wconf 90' lang='lat' dir='ltr'><strong>mus</strong></span> <span class='ocrx_word' id='word_1_471' title='bbox 2183 3155 2288 3194; x_wconf 91' lang='lat' dir='ltr'><strong>non</strong></span> <span class='ocrx_word' id='word_1_472' title='bbox 2316 3146 2627 3209; x_wconf 81' lang='lat' dir='ltr'><strong>cognoscat,</strong></span> <span class='ocrx_word' id='word_1_473' title='bbox 2659 3136 2803 3205; x_wconf 91' lang='lat' dir='ltr'><strong>quod</strong></span> <span class='ocrx_word' id='word_1_474' title='bbox 2831 3145 3020 3190; x_wconf 76' lang='lat' dir='ltr'><strong>“omnes</strong></span> <span class='ocrx_word' id='word_1_475' title='bbox 3048 3134 3171 3188; x_wconf 86' lang='lat' dir='ltr'><strong>libri</strong></span> <span class='ocrx_word' id='word_1_476' title='bbox 3213 3133 3481 3187; x_wconf 87' lang='lat' dir='ltr'><strong>Theodori</strong></span> <span class='ocrx_word' id='word_1_477' title='bbox 3523 3135 3619 3186; x_wconf 83' lang='lat' dir='ltr'><strong>hu-</strong></span> 
     </span>
    </p>
   </div>
   <div class='ocr_carea' id='block_1_62' title="bbox 298 3214 3622 3300">
    <p class='ocr_par' dir='ltr' id='par_1_62' title="bbox 298 3214 3622 3300">
     <span class='ocr_line' id='line_1_62' title="bbox 298 3214 3622 3300; baseline 0.001 -23"><span class='ocrx_word' id='word_1_478' title='bbox 298 3270 305 3277; x_wconf 92' lang='lat'><strong>.</strong></span> <span class='ocrx_word' id='word_1_479' title='bbox 334 3214 507 3283; x_wconf 70' lang='lat' dir='ltr'><strong>thue</strong></span> <span class='ocrx_word' id='word_1_480' title='bbox 537 3228 863 3273; x_wconf 82' lang='lat' dir='ltr'><strong>monstraret</strong></span> <span class='ocrx_word' id='word_1_481' title='bbox 902 3221 1096 3275; x_wconf 85' lang='lat' dir='ltr'><strong>iterum</strong></span> <span class='ocrx_word' id='word_1_482' title='bbox 1124 3219 1266 3290; x_wconf 68' lang='lat' dir='ltr'><strong>quod</strong></span> <span class='ocrx_word' id='word_1_483' title='bbox 1303 3220 1576 3275; x_wconf 73' lang='lat' dir='ltr'><strong>Chiistum</strong></span> <span class='ocrx_word' id='word_1_484' title='bbox 1605 3222 1770 3277; x_wconf 84' lang='lat' dir='ltr'><strong>Deum</strong></span> <span class='ocrx_word' id='word_1_485' title='bbox 1801 3238 1924 3279; x_wconf 88' lang='lat' dir='ltr'><strong>cre-</strong></span> <span class='ocrx_word' id='word_1_486' title='bbox 1957 3225 2000 3285; x_wconf 93' lang='lat' dir='ltr'><strong>C</strong></span> <span class='ocrx_word' id='word_1_487' title='bbox 2032 3230 2267 3300; x_wconf 80' lang='lat' dir='ltr'><strong>justnodi</strong></span> <span class='ocrx_word' id='word_1_488' title='bbox 2299 3230 2578 3286; x_wconf 85' lang='lat' dir='ltr'><strong>sententiis</strong></span> <span class='ocrx_word' id='word_1_489' title='bbox 2605 3227 2747 3298; x_wconf 81' lang='lat' dir='ltr'><strong>pleni</strong></span> <span class='ocrx_word' id='word_1_490' title='bbox 2777 3228 2905 3293; x_wconf 88' lang='lat' dir='ltr'><strong>sint,</strong></span> <span class='ocrx_word' id='word_1_491' title='bbox 2937 3240 3055 3280; x_wconf 92' lang='lat' dir='ltr'><strong>cum</strong></span> <span class='ocrx_word' id='word_1_492' title='bbox 3078 3240 3142 3279; x_wconf 82' lang='lat' dir='ltr'><strong>ex</strong></span> <span class='ocrx_word' id='word_1_493' title='bbox 3173 3239 3279 3278; x_wconf 89' lang='lat' dir='ltr'><strong>uno</strong></span> <span class='ocrx_word' id='word_1_494' title='bbox 3302 3226 3622 3293; x_wconf 83' lang='lat' dir='ltr'><strong>scriptorum</strong></span> 
     </span>
    </p>
   </div>
   <div class='ocr_carea' id='block_1_63' title="bbox 336 3307 1918 3381">
    <p class='ocr_par' dir='ltr' id='par_1_63' title="bbox 336 3307 1918 3381">
     <span class='ocr_line' id='line_1_63' title="bbox 336 3307 1918 3381; baseline 0.006 -23"><span class='ocrx_word' id='word_1_495' title='bbox 336 3307 518 3361; x_wconf 86' lang='lat' dir='ltr'><strong>deret:</strong></span> <span class='ocrx_word' id='word_1_496' title='bbox 560 3307 793 3374; x_wconf 50' lang='lat' dir='ltr'><strong>Etenim,</strong></span> <span class='ocrx_word' id='word_1_497' title='bbox 825 3310 1013 3380; x_wconf 87' lang='lat' dir='ltr'><strong>inquit,</strong></span> <span class='ocrx_word' id='word_1_498' title='bbox 1057 3312 1221 3367; x_wconf 89' lang='lat' dir='ltr'><strong>moris</strong></span> <span class='ocrx_word' id='word_1_499' title='bbox 1245 3325 1329 3366; x_wconf 87' lang='lat' dir='ltr'><strong>est</strong></span> <span class='ocrx_word' id='word_1_500' title='bbox 1373 3312 1664 3381; x_wconf 72' lang='lat' dir='ltr'><strong>Scriptura:</strong></span> <span class='ocrx_word' id='word_1_501' title='bbox 1704 3314 1918 3377; x_wconf 63' lang='lat' dir='ltr'><strong>divinat,</strong></span> 
     </span>
    </p>
   </div>
   <div class='ocr_carea' id='block_1_64' title="bbox 337 3401 1924 3474">
    <p class='ocr_par' dir='ltr' id='par_1_64' title="bbox 337 3401 1924 3474">
     <span class='ocr_line' id='line_1_64' title="bbox 337 3401 1924 3474; baseline 0.003 -23"><span class='ocrx_word' id='word_1_502' title='bbox 337 3413 431 3452; x_wconf 83' lang='lat' dir='ltr'><strong>eos</strong></span> <span class='ocrx_word' id='word_1_503' title='bbox 461 3401 552 3468; x_wconf 88' lang='lat' dir='ltr'><strong>qui</strong></span> <span class='ocrx_word' id='word_1_504' title='bbox 583 3415 678 3467; x_wconf 89' lang='lat' dir='ltr'><strong>per</strong></span> <span class='ocrx_word' id='word_1_505' title='bbox 718 3402 996 3457; x_wconf 86' lang='lat' dir='ltr'><strong>scientiam</strong></span> <span class='ocrx_word' id='word_1_506' title='bbox 1042 3402 1408 3473; x_wconf 84' lang='lat' dir='ltr'><strong>adjunguntnr</strong></span> <span class='ocrx_word' id='word_1_507' title='bbox 1466 3402 1595 3470; x_wconf 88' lang='lat' dir='ltr'><strong>Deo,</strong></span> <span class='ocrx_word' id='word_1_508' title='bbox 1640 3405 1924 3474; x_wconf 81' lang='lat' dir='ltr'><strong>coujugem</strong></span> 
     </span>
    </p>
   </div>
   <div class='ocr_carea' id='block_1_65' title="bbox 338 3496 1927 3568">
    <p class='ocr_par' dir='ltr' id='par_1_65' title="bbox 338 3496 1927 3568">
     <span class='ocr_line' id='line_1_65' title="bbox 338 3496 1927 3568; baseline 0.002 -19"><span class='ocrx_word' id='word_1_509' title='bbox 338 3496 452 3564; x_wconf 79' lang='lat' dir='ltr'><strong>rjns</strong></span> <span class='ocrx_word' id='word_1_510' title='bbox 492 3510 713 3562; x_wconf 88' lang='lat' dir='ltr'><strong>vocare,</strong></span> <span class='ocrx_word' id='word_1_511' title='bbox 750 3497 814 3551; x_wconf 88' lang='lat' dir='ltr'><strong>ad</strong></span> <span class='ocrx_word' id='word_1_512' title='bbox 863 3498 1251 3553; x_wconf 83' lang='lat' dir='ltr'><strong>ostendendam</strong></span> <span class='ocrx_word' id='word_1_513' title='bbox 1302 3512 1487 3551; x_wconf 81' lang='lat' dir='ltr'><strong>eorum</strong></span> <span class='ocrx_word' id='word_1_514' title='bbox 1519 3513 1641 3551; x_wconf 85' lang='lat' dir='ltr'><strong>cum</strong></span> <span class='ocrx_word' id='word_1_515' title='bbox 1676 3498 1784 3553; x_wconf 88' lang='lat' dir='ltr'><strong>Deo</strong></span> <span class='ocrx_word' id='word_1_516' title='bbox 1815 3498 1927 3568; x_wconf 86' lang='lat' dir='ltr'><strong>ple-</strong></span> 
     </span>
    </p>
   </div>
   <div class='ocr_carea' id='block_1_66' title="bbox 347 3588 1927 3660">
    <p class='ocr_par' dir='ltr' id='par_1_66' title="bbox 347 3588 1927 3660">
     <span class='ocr_line' id='line_1_66' title="bbox 347 3588 1927 3660; baseline 0.002 -19"><span class='ocrx_word' id='word_1_517' title='bbox 347 3588 624 3643; x_wconf 80' lang='lat' dir='ltr'><strong>nissimam</strong></span> <span class='ocrx_word' id='word_1_518' title='bbox 668 3589 1068 3658; x_wconf 85' lang='lat' dir='ltr'><strong>copulationcm</strong></span> <span class='ocrx_word' id='word_1_519' title='bbox 1102 3605 1116 3643; x_wconf 87' lang='lat'><strong>:</strong></span> <span class='ocrx_word' id='word_1_520' title='bbox 1154 3589 1319 3644; x_wconf 90' lang='lat' dir='ltr'><strong>Deum</strong></span> <span class='ocrx_word' id='word_1_521' title='bbox 1369 3591 1723 3660; x_wconf 72' lang='lat' dir='ltr'><strong>pronuntians</strong></span> <span class='ocrx_word' id='word_1_522' title='bbox 1766 3604 1927 3660; x_wconf 88' lang='lat' dir='ltr'><strong>quem</strong></span> 
     </span>
    </p>
   </div>
   <div class='ocr_carea' id='block_1_67' title="bbox 342 3681 1929 3751">
    <p class='ocr_par' dir='ltr' id='par_1_67' title="bbox 342 3681 1929 3751">
     <span class='ocr_line' id='line_1_67' title="bbox 342 3681 1929 3751; baseline 0.003 -18"><span class='ocrx_word' id='word_1_523' title='bbox 342 3681 592 3750; x_wconf 84' lang='lat' dir='ltr'><strong>superius</strong></span> <span class='ocrx_word' id='word_1_524' title='bbox 618 3682 888 3737; x_wconf 87' lang='lat' dir='ltr'><strong>Christum</strong></span> <span class='ocrx_word' id='word_1_525' title='bbox 912 3683 1066 3738; x_wconf 55' lang='lat' dir='ltr'><strong>dixit.</strong></span> <span class='ocrx_word' id='word_1_526' title='bbox 1112 3683 1236 3738; x_wconf 89' lang='lat' dir='ltr'><strong>Ideo</strong></span> <span class='ocrx_word' id='word_1_527' title='bbox 1282 3684 1356 3737; x_wconf 89' lang='lat' dir='ltr'><strong>ait</strong></span> <span class='ocrx_word' id='word_1_528' title='bbox 1402 3693 1457 3737; x_wconf 90' lang='lat' dir='ltr'><strong>et</strong></span> <span class='ocrx_word' id='word_1_529' title='bbox 1508 3682 1752 3746; x_wconf 85' lang='lat' dir='ltr'><strong>inferius,</strong></span> <span class='ocrx_word' id='word_1_530' title='bbox 1788 3682 1929 3751; x_wconf 91' lang='lat' dir='ltr'><strong>quod</strong></span> 
     </span>
    </p>
   </div>
   <div class='ocr_carea' id='block_1_68' title="bbox 342 3773 1927 3846">
    <p class='ocr_par' dir='ltr' id='par_1_68' title="bbox 342 3773 1927 3846">
     <span class='ocr_line' id='line_1_68' title="bbox 342 3773 1927 3846; baseline 0.001 -19"><span class='ocrx_word' id='word_1_531' title='bbox 342 3790 555 3842; x_wconf 76' lang='lat' dir='ltr'><strong>semper</strong></span> <span class='ocrx_word' id='word_1_532' title='bbox 607 3775 696 3831; x_wconf 90' lang='lat' dir='ltr'><strong>Dei</strong></span> <span class='ocrx_word' id='word_1_533' title='bbox 743 3777 939 3846; x_wconf 80' lang='lat' dir='ltr'><strong>conjux</strong></span> <span class='ocrx_word' id='word_1_534' title='bbox 989 3773 1197 3832; x_wconf 87' lang='lat' dir='ltr'><strong>dicatur</strong></span> <span class='ocrx_word' id='word_1_535' title='bbox 1256 3777 1598 3846; x_wconf 85' lang='lat' dir='ltr'><strong>congregatio</strong></span> <span class='ocrx_word' id='word_1_536' title='bbox 1631 3776 1927 3843; x_wconf 91' lang='lat' dir='ltr'><strong>hominum,</strong></span> 
     </span>
    </p>
   </div>
   <div class='ocr_carea' id='block_1_69' title="bbox 344 3863 1934 3935">
    <p class='ocr_par' dir='ltr' id='par_1_69' title="bbox 344 3863 1934 3935">
     <span class='ocr_line' id='line_1_69' title="bbox 344 3863 1934 3935; baseline 0.004 -23"><span class='ocrx_word' id='word_1_537' title='bbox 344 3864 431 3932; x_wconf 88' lang='lat' dir='ltr'><strong>qui</strong></span> <span class='ocrx_word' id='word_1_538' title='bbox 456 3867 503 3917; x_wconf 93' lang='lat' dir='ltr'><strong>ei</strong></span> <span class='ocrx_word' id='word_1_539' title='bbox 536 3863 589 3917; x_wconf 92' lang='lat' dir='ltr'><strong>in</strong></span> <span class='ocrx_word' id='word_1_540' title='bbox 618 3865 838 3919; x_wconf 74' lang='lat' dir='ltr'><strong>Scientia</strong></span> <span class='ocrx_word' id='word_1_541' title='bbox 861 3865 1205 3935; x_wconf 69' lang='lat' dir='ltr'><strong>c0pulantu&#39;r.</strong></span> <span class='ocrx_word' id='word_1_542' title='bbox 1241 3865 1373 3932; x_wconf 86' lang='lat' dir='ltr'><strong>Quia</strong></span> <span class='ocrx_word' id='word_1_543' title='bbox 1407 3881 1537 3920; x_wconf 85' lang='lat' dir='ltr'><strong>vero</strong></span> <span class='ocrx_word' id='word_1_544' title='bbox 1562 3880 1667 3920; x_wconf 87' lang='lat' dir='ltr'><strong>non</strong></span> <span class='ocrx_word' id='word_1_545' title='bbox 1710 3872 1934 3919; x_wconf 89' lang='lat' dir='ltr'><strong>evacuat</strong></span> 
     </span>
    </p>
   </div>
   <div class='ocr_carea' id='block_1_70' title="bbox 344 3956 1933 4035">
    <p class='ocr_par' dir='ltr' id='par_1_70' title="bbox 344 3956 1933 4035">
     <span class='ocr_line' id='line_1_70' title="bbox 344 3956 1933 4035; baseline -0.001 -26"><span class='ocrx_word' id='word_1_546' title='bbox 344 3970 531 4011; x_wconf 82' lang='lat' dir='ltr'><strong>omnes</strong></span> <span class='ocrx_word' id='word_1_547' title='bbox 576 3956 628 4011; x_wconf 92' lang='lat' dir='ltr'><strong>in</strong></span> <span class='ocrx_word' id='word_1_548' title='bbox 676 3958 948 4013; x_wconf 80' lang='lat' dir='ltr'><strong>Christum</strong></span> <span class='ocrx_word' id='word_1_549' title='bbox 977 3958 1156 4013; x_wconf 63' lang='lat' dir='ltr'><strong>factis</strong></span> <span class='ocrx_word' id='word_1_550' title='bbox 1208 3958 1541 4027; x_wconf 87' lang='lat' dir='ltr'><strong>prophetias,</strong></span> <span class='ocrx_word' id='word_1_551' title='bbox 1586 3973 1655 4013; x_wconf 82' lang='lat' dir='ltr'><strong>ex</strong></span> <span class='ocrx_word' id='word_1_552' title='bbox 1696 3972 1762 4035; x_wconf 79' lang='lat' dir='ltr'><strong>eo</strong></span> <span class='ocrx_word' id='word_1_553' title='bbox 1820 3971 1933 4010; x_wconf 83' lang='lat' dir='ltr'><strong>ma-</strong></span> 
     </span>
    </p>
   </div>
   <div class='ocr_carea' id='block_1_71' title="bbox 345 4047 1936 4119">
    <p class='ocr_par' dir='ltr' id='par_1_71' title="bbox 345 4047 1936 4119">
     <span class='ocr_line' id='line_1_71' title="bbox 345 4047 1936 4119; baseline -0.001 -18"><span class='ocrx_word' id='word_1_554' title='bbox 345 4047 600 4103; x_wconf 81' lang='lat' dir='ltr'><strong>nifestum</strong></span> <span class='ocrx_word' id='word_1_555' title='bbox 634 4058 717 4103; x_wconf 89' lang='lat' dir='ltr'><strong>est</strong></span> <span class='ocrx_word' id='word_1_556' title='bbox 747 4050 889 4117; x_wconf 89' lang='lat' dir='ltr'><strong>quod</strong></span> <span class='ocrx_word' id='word_1_557' title='bbox 922 4049 1058 4104; x_wconf 88' lang='lat' dir='ltr'><strong>hanc</strong></span> <span class='ocrx_word' id='word_1_558' title='bbox 1104 4048 1272 4119; x_wconf 88' lang='lat' dir='ltr'><strong>ipsam</strong></span> <span class='ocrx_word' id='word_1_559' title='bbox 1320 4048 1654 4117; x_wconf 71' lang='lat' dir='ltr'><strong>jrophetiam</strong></span> <span class='ocrx_word' id='word_1_560' title='bbox 1691 4049 1742 4102; x_wconf 92' lang='lat' dir='ltr'><strong>in</strong></span> <span class='ocrx_word' id='word_1_561' title='bbox 1783 4047 1936 4100; x_wconf 87' lang='lat' dir='ltr'><strong>Chri-</strong></span> 
     </span>
    </p>
   </div>
   <div class='ocr_carea' id='block_1_72' title="bbox 346 4141 1936 4213">
    <p class='ocr_par' dir='ltr' id='par_1_72' title="bbox 346 4141 1936 4213">
     <span class='ocr_line' id='line_1_72' title="bbox 346 4141 1936 4213; baseline -0.002 -17"><span class='ocrx_word' id='word_1_562' title='bbox 346 4151 483 4197; x_wconf 67' lang='lat' dir='ltr'><strong>stum</strong></span> <span class='ocrx_word' id='word_1_563' title='bbox 532 4157 654 4200; x_wconf 82' lang='lat' dir='ltr'><strong>esse</strong></span> <span class='ocrx_word' id='word_1_564' title='bbox 705 4143 901 4199; x_wconf 84' lang='lat' dir='ltr'><strong>dictam</strong></span> <span class='ocrx_word' id='word_1_565' title='bbox 955 4152 1009 4198; x_wconf 87' lang='lat' dir='ltr'><strong>et</strong></span> <span class='ocrx_word' id='word_1_566' title='bbox 1066 4143 1119 4197; x_wconf 88' lang='lat' dir='ltr'><strong>in</strong></span> <span class='ocrx_word' id='word_1_567' title='bbox 1181 4141 1466 4213; x_wconf 85' lang='lat' dir='ltr'><strong>conjugem</strong></span> <span class='ocrx_word' id='word_1_568' title='bbox 1515 4144 1635 4211; x_wconf 79' lang='lat' dir='ltr'><strong>ejus</strong></span> <span class='ocrx_word' id='word_1_569' title='bbox 1685 4142 1705 4172; x_wconf 72' lang='lat'><strong>’</strong></span> <span class='ocrx_word' id='word_1_570' title='bbox 1767 4142 1936 4195; x_wconf 88' lang='lat' dir='ltr'><strong>conli-</strong></span> 
     </span>
    </p>
   </div>
   <div class='ocr_carea' id='block_1_73' title="bbox 348 4231 1939 4305">
    <p class='ocr_par' dir='ltr' id='par_1_73' title="bbox 348 4231 1939 4305">
     <span class='ocr_line' id='line_1_73' title="bbox 348 4231 1939 4305; baseline -0.002 -18"><span class='ocrx_word' id='word_1_571' title='bbox 348 4242 510 4289; x_wconf 86' lang='lat' dir='ltr'><strong>tetur.</strong></span> <span class='ocrx_word' id='word_1_572' title='bbox 538 4236 726 4291; x_wconf 91' lang='lat' dir='ltr'><strong>Denuo</strong></span> <span class='ocrx_word' id='word_1_573' title='bbox 773 4250 984 4305; x_wconf 84' lang='lat' dir='ltr'><strong>qunque</strong></span> <span class='ocrx_word' id='word_1_574' title='bbox 1025 4236 1302 4305; x_wconf 89' lang='lat' dir='ltr'><strong>sequentia</strong></span> <span class='ocrx_word' id='word_1_575' title='bbox 1345 4233 1585 4303; x_wconf 89' lang='lat' dir='ltr'><strong>ejusdem</strong></span> <span class='ocrx_word' id='word_1_576' title='bbox 1617 4231 1805 4299; x_wconf 85' lang='lat' dir='ltr'><strong>psalmi</strong></span> <span class='ocrx_word' id='word_1_577' title='bbox 1855 4232 1939 4285; x_wconf 49' lang='lat' dir='ltr'><strong>in.</strong></span> 
     </span>
    </p>
   </div>
   <div class='ocr_carea' id='block_1_74' title="bbox 348 4322 1940 4400">
    <p class='ocr_par' dir='ltr' id='par_1_74' title="bbox 348 4322 1940 4400">
     <span class='ocr_line' id='line_1_74' title="bbox 348 4322 1940 4400; baseline -0.003 -19"><span class='ocrx_word' id='word_1_578' title='bbox 348 4339 491 4398; x_wconf 90' lang='lat' dir='ltr'><strong>terpr</strong></span> <span class='ocrx_word' id='word_1_579' title='bbox 529 4337 644 4382; x_wconf 85' lang='lat' dir='ltr'><strong>laus</strong></span> <span class='ocrx_word' id='word_1_580' title='bbox 699 4328 867 4383; x_wconf 88' lang='lat' dir='ltr'><strong>dicit:</strong></span> <span class='ocrx_word' id='word_1_581' title='bbox 927 4327 1207 4400; x_wconf 85' lang='lat' dir='ltr'><strong>Propterea</strong></span> <span class='ocrx_word' id='word_1_582' title='bbox 1259 4327 1407 4380; x_wconf 74' lang='lat' dir='ltr'><strong>unxit</strong></span> <span class='ocrx_word' id='word_1_583' title='bbox 1455 4334 1504 4380; x_wconf 90' lang='lat' dir='ltr'><strong>te</strong></span> <span class='ocrx_word' id='word_1_584' title='bbox 1570 4322 1749 4391; x_wconf 86' lang='lat' dir='ltr'><strong>Deus,</strong></span> <span class='ocrx_word' id='word_1_585' title='bbox 1800 4322 1940 4378; x_wconf 85' lang='lat' dir='ltr'><strong>Deus</strong></span> 
     </span>
    </p>
   </div>
   <div class='ocr_carea' id='block_1_75' title="bbox 348 4415 1941 4487">
    <p class='ocr_par' dir='ltr' id='par_1_75' title="bbox 348 4415 1941 4487">
     <span class='ocr_line' id='line_1_75' title="bbox 348 4415 1941 4487; baseline -0.001 -18"><span class='ocrx_word' id='word_1_586' title='bbox 348 4429 466 4471; x_wconf 83' lang='lat' dir='ltr'><strong>tuus</strong></span> <span class='ocrx_word' id='word_1_587' title='bbox 495 4418 669 4482; x_wconf 87' lang='lat' dir='ltr'><strong>(ibid.,</strong></span> <span class='ocrx_word' id='word_1_588' title='bbox 697 4416 775 4487; x_wconf 92' lang='lat'><strong>8).</strong></span> <span class='ocrx_word' id='word_1_589' title='bbox 838 4418 912 4473; x_wconf 92' lang='lat' dir='ltr'><strong>De</strong></span> <span class='ocrx_word' id='word_1_590' title='bbox 939 4419 1049 4473; x_wconf 85' lang='lat' dir='ltr'><strong>Deo</strong></span> <span class='ocrx_word' id='word_1_591' title='bbox 1087 4431 1217 4472; x_wconf 87' lang='lat' dir='ltr'><strong>vero</strong></span> <span class='ocrx_word' id='word_1_592' title='bbox 1264 4416 1378 4471; x_wconf 62' lang='lat' dir='ltr'><strong>haec</strong></span> <span class='ocrx_word' id='word_1_593' title='bbox 1408 4416 1584 4471; x_wconf 89' lang='lat' dir='ltr'><strong>denuo</strong></span> <span class='ocrx_word' id='word_1_594' title='bbox 1612 4415 1718 4469; x_wconf 90' lang='lat' dir='ltr'><strong>dici</strong></span> <span class='ocrx_word' id='word_1_595' title='bbox 1771 4416 1941 4469; x_wconf 88' lang='lat' dir='ltr'><strong>mani-</strong></span> 
     </span>
    </p>
   </div>
   <div class='ocr_carea' id='block_1_76' title="bbox 349 4509 1939 4581">
    <p class='ocr_par' dir='ltr' id='par_1_76' title="bbox 349 4509 1939 4581">
     <span class='ocr_line' id='line_1_76' title="bbox 349 4509 1939 4581; baseline -0.001 -16"><span class='ocrx_word' id='word_1_596' title='bbox 349 4510 541 4566; x_wconf 88' lang='lat' dir='ltr'><strong>festum</strong></span> <span class='ocrx_word' id='word_1_597' title='bbox 580 4522 708 4569; x_wconf 89' lang='lat' dir='ltr'><strong>est:</strong></span> <span class='ocrx_word' id='word_1_598' title='bbox 742 4512 889 4568; x_wconf 71' lang='lat' dir='ltr'><strong>«Sed</strong></span> <span class='ocrx_word' id='word_1_599' title='bbox 930 4513 1053 4581; x_wconf 88' lang='lat' dir='ltr'><strong>quia</strong></span> <span class='ocrx_word' id='word_1_600' title='bbox 1111 4513 1227 4566; x_wconf 70' lang='lat' dir='ltr'><strong>haec</strong></span> <span class='ocrx_word' id='word_1_601' title='bbox 1273 4510 1385 4565; x_wconf 88' lang='lat' dir='ltr'><strong>Deo</strong></span> <span class='ocrx_word' id='word_1_602' title='bbox 1436 4509 1581 4565; x_wconf 86' lang='lat' dir='ltr'><strong>Patri</strong></span> <span class='ocrx_word' id='word_1_603' title='bbox 1641 4524 1748 4564; x_wconf 91' lang='lat' dir='ltr'><strong>non</strong></span> <span class='ocrx_word' id='word_1_604' title='bbox 1807 4524 1939 4564; x_wconf 89' lang='lat' dir='ltr'><strong>con-</strong></span> 
     </span>
    </p>
   </div>
   <div class='ocr_carea' id='block_1_77' title="bbox 2031 3317 3623 3395">
    <p class='ocr_par' dir='ltr' id='par_1_77' title="bbox 2031 3317 3623 3395">
     <span class='ocr_line' id='line_1_77' title="bbox 2031 3317 3623 3395; baseline -0.004 -16"><span class='ocrx_word' id='word_1_605' title='bbox 2031 3325 2148 3395; x_wconf 87' lang='lat' dir='ltr'><strong>cjus</strong></span> <span class='ocrx_word' id='word_1_606' title='bbox 2181 3324 2323 3388; x_wconf 89' lang='lat' dir='ltr'><strong>loco,</strong></span> <span class='ocrx_word' id='word_1_607' title='bbox 2358 3325 2460 3378; x_wconf 89' lang='lat' dir='ltr'><strong>hoc</strong></span> <span class='ocrx_word' id='word_1_608' title='bbox 2489 3332 2572 3377; x_wconf 88' lang='lat' dir='ltr'><strong>est</strong></span> <span class='ocrx_word' id='word_1_609' title='bbox 2603 3336 2668 3377; x_wconf 83' lang='lat' dir='ltr'><strong>ex</strong></span> <span class='ocrx_word' id='word_1_610' title='bbox 2702 3320 2871 3389; x_wconf 81' lang='lat' dir='ltr'><strong>prima</strong></span> <span class='ocrx_word' id='word_1_611' title='bbox 2895 3329 3042 3389; x_wconf 88' lang='lat' dir='ltr'><strong>parte</strong></span> <span class='ocrx_word' id='word_1_612' title='bbox 3072 3317 3528 3386; x_wconf 84' lang='lat' dir='ltr'><strong>interpretationis</strong></span> <span class='ocrx_word' id='word_1_613' title='bbox 3553 3332 3623 3372; x_wconf 85' lang='grc' dir='ltr'>ιιι.</span> 
     </span>
    </p>
   </div>
   <div class='ocr_carea' id='block_1_78' title="bbox 2028 3408 3622 3486">
    <p class='ocr_par' dir='ltr' id='par_1_78' title="bbox 2028 3408 3622 3486">
     <span class='ocr_line' id='line_1_78' title="bbox 2028 3408 3622 3486; baseline -0.006 -14"><span class='ocrx_word' id='word_1_614' title='bbox 2028 3425 2085 3473; x_wconf 88' lang='lat' dir='ltr'><strong>et</strong></span> <span class='ocrx_word' id='word_1_615' title='bbox 2111 3432 2162 3470; x_wconf 86' lang='lat' dir='ltr'><strong>tv</strong></span> <span class='ocrx_word' id='word_1_616' title='bbox 2190 3415 2378 3486; x_wconf 88' lang='lat' dir='ltr'><strong>psalmi</strong></span> <span class='ocrx_word' id='word_1_617' title='bbox 2407 3414 2587 3470; x_wconf 86' lang='lat' dir='ltr'><strong>omnia</strong></span> <span class='ocrx_word' id='word_1_618' title='bbox 2617 3412 2777 3468; x_wconf 91' lang='lat' dir='ltr'><strong>simul</strong></span> <span class='ocrx_word' id='word_1_619' title='bbox 2822 3413 2946 3477; x_wconf 88' lang='lat' dir='ltr'><strong>tria,</strong></span> <span class='ocrx_word' id='word_1_620' title='bbox 2977 3424 3094 3479; x_wconf 84' lang='lat' dir='ltr'><strong>quae</strong></span> <span class='ocrx_word' id='word_1_621' title='bbox 3127 3410 3370 3478; x_wconf 85' lang='lat' dir='ltr'><strong>improbe</strong></span> <span class='ocrx_word' id='word_1_622' title='bbox 3418 3408 3486 3463; x_wconf 88' lang='lat' dir='ltr'><strong>de</strong></span> <span class='ocrx_word' id='word_1_623' title='bbox 3531 3408 3622 3463; x_wconf 91' lang='lat' dir='ltr'><strong>illo</strong></span> 
     </span>
    </p>
   </div>
   <div class='ocr_carea' id='block_1_79' title="bbox 2026 3499 3623 3577">
    <p class='ocr_par' dir='ltr' id='par_1_79' title="bbox 2026 3499 3623 3577">
     <span class='ocr_line' id='line_1_79' title="bbox 2026 3499 3623 3577; baseline -0.006 -16"><span class='ocrx_word' id='word_1_624' title='bbox 2026 3509 2224 3577; x_wconf 85' lang='lat' dir='ltr'><strong>jactata</strong></span> <span class='ocrx_word' id='word_1_625' title='bbox 2253 3514 2401 3570; x_wconf 90' lang='lat' dir='ltr'><strong>sunt,</strong></span> <span class='ocrx_word' id='word_1_626' title='bbox 2426 3506 2556 3560; x_wconf 90' lang='lat' dir='ltr'><strong>falsa</strong></span> <span class='ocrx_word' id='word_1_627' title='bbox 2585 3520 2707 3559; x_wconf 85' lang='lat' dir='ltr'><strong>esse</strong></span> <span class='ocrx_word' id='word_1_628' title='bbox 2732 3500 2898 3558; x_wconf 70' lang='lat' dir='ltr'><strong>tertio&#39;</strong></span> <span class='ocrx_word' id='word_1_629' title='bbox 2916 3500 3262 3572; x_wconf 75' lang='lat' dir='ltr'><strong>probavimus</strong></span> <span class='ocrx_word' id='word_1_630' title='bbox 3283 3500 3307 3553; x_wconf 87' lang='lat'><strong>?</strong></span> <span class='ocrx_word' id='word_1_631' title='bbox 3328 3499 3415 3555; x_wconf 88' lang='lat' dir='ltr'><strong>Sic</strong></span> <span class='ocrx_word' id='word_1_632' title='bbox 3442 3499 3623 3570; x_wconf 81' lang='lat' dir='ltr'><strong>&quot;ergo</strong></span> 
     </span>
    </p>
   </div>
   <div class='ocr_carea' id='block_1_80' title="bbox 2031 3594 3625 3670">
    <p class='ocr_par' dir='ltr' id='par_1_80' title="bbox 2031 3594 3625 3670">
     <span class='ocr_line' id='line_1_80' title="bbox 2031 3594 3625 3670; baseline -0.006 -14"><span class='ocrx_word' id='word_1_633' title='bbox 2031 3601 2245 3670; x_wconf 76' lang='lat' dir='ltr'><strong>Sapiens</strong></span> <span class='ocrx_word' id='word_1_634' title='bbox 2274 3601 2441 3655; x_wconf 88' lang='lat' dir='ltr'><strong>lector</strong></span> <span class='ocrx_word' id='word_1_635' title='bbox 2487 3596 2746 3669; x_wconf 85' lang='lat' dir='ltr'><strong>intelligat</strong></span> <span class='ocrx_word' id='word_1_636' title='bbox 2784 3605 2987 3666; x_wconf 87' lang='lat' dir='ltr'><strong>quanta</strong></span> <span class='ocrx_word' id='word_1_637' title='bbox 3031 3594 3242 3663; x_wconf 87' lang='lat' dir='ltr'><strong>possint</strong></span> <span class='ocrx_word' id='word_1_638' title='bbox 3292 3594 3342 3647; x_wconf 91' lang='lat' dir='ltr'><strong>in</strong></span> <span class='ocrx_word' id='word_1_639' title='bbox 3375 3594 3625 3647; x_wconf 80' lang='lat' dir='ltr'><strong>omnibus</strong></span> 
     </span>
    </p>
   </div>
   <div class='ocr_carea' id='block_1_81' title="bbox 2031 3680 3623 3762">
    <p class='ocr_par' dir='ltr' id='par_1_81' title="bbox 2031 3680 3623 3762">
     <span class='ocr_line' id='line_1_81' title="bbox 2031 3680 3623 3762; baseline -0.006 -14"><span class='ocrx_word' id='word_1_640' title='bbox 2031 3694 2149 3762; x_wconf 87' lang='lat' dir='ltr'><strong>ejus</strong></span> <span class='ocrx_word' id='word_1_641' title='bbox 2180 3680 2329 3746; x_wconf 87' lang='lat' dir='ltr'><strong>libris</strong></span> <span class='ocrx_word' id='word_1_642' title='bbox 2355 3689 2550 3745; x_wconf 83' lang='lat' dir='ltr'><strong>similia</strong></span> <span class='ocrx_word' id='word_1_643' title='bbox 2582 3689 2801 3742; x_wconf 86' lang='lat' dir='ltr'><strong>binatitn</strong></span> <span class='ocrx_word' id='word_1_644' title='bbox 2832 3701 2895 3741; x_wconf 90' lang='lat' dir='ltr'><strong>ac</strong></span> <span class='ocrx_word' id='word_1_645' title='bbox 2917 3687 3224 3755; x_wconf 78' lang='lat' dir='ltr'><strong>singillatim</strong></span> <span class='ocrx_word' id='word_1_646' title='bbox 3262 3691 3430 3754; x_wconf 87' lang='lat' dir='ltr'><strong>posita</strong></span> <span class='ocrx_word' id='word_1_647' title='bbox 3465 3700 3623 3754; x_wconf 84' lang='lat' dir='ltr'><strong>repe-</strong></span> 
     </span>
    </p>
   </div>
   <div class='ocr_carea' id='block_1_82' title="bbox 2037 3802 2151 3839">
    <p class='ocr_par' dir='ltr' id='par_1_82' title="bbox 2037 3802 2151 3839">
     <span class='ocr_line' id='line_1_82' title="bbox 2037 3802 2151 3839; baseline -0.009 0"><span class='ocrx_word' id='word_1_648' title='bbox 2037 3802 2151 3839; x_wconf 75' lang='lat' dir='ltr'><strong>l&#39;tll.</strong></span> 
     </span>
    </p>
   </div>
   <div class='ocr_carea' id='block_1_83' title="bbox 2657 3867 2988 3950">
    <p class='ocr_par' dir='ltr' id='par_1_83' title="bbox 2657 3867 2988 3950">
     <span class='ocr_line' id='line_1_83' title="bbox 2657 3867 2988 3950; baseline -0.009 0"><span class='ocrx_word' id='word_1_649' title='bbox 2657 3867 2893 3950; x_wconf 67' lang='lat' dir='ltr'><strong>carur‘</strong></span> <span class='ocrx_word' id='word_1_650' title='bbox 2925 3891 2988 3947; x_wconf 87' lang='grc' dir='ltr'><strong>ιι.</strong></span> 
     </span>
    </p>
   </div>
   <div class='ocr_carea' id='block_1_84' title="bbox 2042 4026 3652 4108">
    <p class='ocr_par' dir='ltr' id='par_1_84' title="bbox 2042 4026 3652 4108">
     <span class='ocr_line' id='line_1_84' title="bbox 2042 4026 3652 4108; baseline -0.009 -16"><span class='ocrx_word' id='word_1_651' title='bbox 2042 4039 2192 4108; x_wconf 82' lang='lat' dir='ltr'><strong>Quod</strong></span> <span class='ocrx_word' id='word_1_652' title='bbox 2220 4035 2518 4094; x_wconf 80' lang='lat' dir='ltr'><strong>Theodorus</strong></span> <span class='ocrx_word' id='word_1_653' title='bbox 2546 4048 2661 4108; x_wconf 69' lang='lat' dir='ltr'><strong>rere</strong></span> <span class='ocrx_word' id='word_1_654' title='bbox 2699 4028 2957 4085; x_wconf 80' lang='lat' dir='ltr'><strong>Christum</strong></span> <span class='ocrx_word' id='word_1_655' title='bbox 3007 4026 3390 4108; x_wconf 33' lang='lat' dir='ltr'><strong>non‘ltomine&#39;m</strong></span> <span class='ocrx_word' id='word_1_656' title='bbox 3433 4034 3652 4094; x_wconf 80' lang='lat' dir='ltr'><strong>tantum,</strong></span> 
     </span>
    </p>
   </div>
   <div class='ocr_carea' id='block_1_85' title="bbox 2258 4102 3387 4166">
    <p class='ocr_par' dir='ltr' id='par_1_85' title="bbox 2258 4102 3387 4166">
     <span class='ocr_line' id='line_1_85' title="bbox 2258 4102 3387 4166; baseline -0.011 -3"><span class='ocrx_word' id='word_1_657' title='bbox 2258 4112 2345 4163; x_wconf 84' lang='lat' dir='ltr'><strong>sed</strong></span> <span class='ocrx_word' id='word_1_658' title='bbox 2375 4109 2530 4161; x_wconf 84' lang='lat' dir='ltr'><strong>etiam</strong></span> <span class='ocrx_word' id='word_1_659' title='bbox 2560 4104 2727 4156; x_wconf 81' lang='lat' dir='ltr'><strong>Deum</strong></span> <span class='ocrx_word' id='word_1_660' title='bbox 2757 4110 2941 4154; x_wconf 87' lang='lat' dir='ltr'><strong>natura</strong></span> <span class='ocrx_word' id='word_1_661' title='bbox 2972 4114 3078 4152; x_wconf 84' lang='lat' dir='ltr'><strong>esse</strong></span> <span class='ocrx_word' id='word_1_662' title='bbox 3107 4102 3272 4166; x_wconf 77' lang='lat' dir='ltr'><strong>fassus</strong></span> <span class='ocrx_word' id='word_1_663' title='bbox 3301 4102 3387 4151; x_wconf 80' lang='lat' dir='ltr'><strong>sit.</strong></span> 
     </span>
    </p>
   </div>
   <div class='ocr_carea' id='block_1_86' title="bbox 2110 4227 3631 4302">
    <p class='ocr_par' dir='ltr' id='par_1_86' title="bbox 2110 4227 3631 4302">
     <span class='ocr_line' id='line_1_86' title="bbox 2110 4227 3631 4302; baseline -0.009 -6"><span class='ocrx_word' id='word_1_664' title='bbox 2110 4239 2310 4295; x_wconf 78' lang='lat' dir='ltr'><strong>Verum</strong></span> <span class='ocrx_word' id='word_1_665' title='bbox 2344 4236 2499 4291; x_wconf 86' lang='lat' dir='ltr'><strong>nobis</strong></span> <span class='ocrx_word' id='word_1_666' title='bbox 2529 4234 2745 4288; x_wconf 88' lang='lat' dir='ltr'><strong>videtur</strong></span> <span class='ocrx_word' id='word_1_667' title='bbox 2775 4228 2915 4302; x_wconf 89' lang='lat' dir='ltr'><strong>quod</strong></span> <span class='ocrx_word' id='word_1_668' title='bbox 2956 4244 3018 4284; x_wconf 84' lang='lat' dir='ltr'><strong>ea</strong></span> <span class='ocrx_word' id='word_1_669' title='bbox 3042 4227 3161 4298; x_wconf 89' lang='lat' dir='ltr'><strong>plus</strong></span> <span class='ocrx_word' id='word_1_670' title='bbox 3205 4243 3269 4282; x_wconf 85' lang='lat' dir='ltr'><strong>ex</strong></span> <span class='ocrx_word' id='word_1_671' title='bbox 3319 4227 3472 4281; x_wconf 52' lang='lat' dir='ltr'><strong>ditth</strong></span> <span class='ocrx_word' id='word_1_672' title='bbox 3513 4228 3631 4296; x_wconf 90' lang='lat' dir='ltr'><strong>ejus</strong></span> 
     </span>
    </p>
   </div>
   <div class='ocr_carea' id='block_1_87' title="bbox 2043 4321 3630 4407">
    <p class='ocr_par' dir='ltr' id='par_1_87' title="bbox 2043 4321 3630 4407">
     <span class='ocr_line' id='line_1_87' title="bbox 2043 4321 3630 4407; baseline -0.009 -17"><span class='ocrx_word' id='word_1_673' title='bbox 2043 4334 2283 4407; x_wconf 87' lang='lat' dir='ltr'><strong>proferre</strong></span> <span class='ocrx_word' id='word_1_674' title='bbox 2326 4331 2638 4393; x_wconf 88' lang='lat' dir='ltr'><strong>debeamus,</strong></span> <span class='ocrx_word' id='word_1_675' title='bbox 2674 4327 2727 4379; x_wconf 92' lang='lat' dir='ltr'><strong>in</strong></span> <span class='ocrx_word' id='word_1_676' title='bbox 2759 4323 2952 4393; x_wconf 90' lang='lat' dir='ltr'><strong>quibus</strong></span> <span class='ocrx_word' id='word_1_677' title='bbox 2994 4322 3191 4375; x_wconf 77' lang='lat' dir='ltr'><strong>fatetur</strong></span> <span class='ocrx_word' id='word_1_678' title='bbox 3211 4321 3480 4375; x_wconf 87' lang='lat' dir='ltr'><strong>Christum</strong></span> <span class='ocrx_word' id='word_1_679' title='bbox 3522 4336 3630 4376; x_wconf 76' lang='lat' dir='ltr'><strong>non</strong></span> 
     </span>
    </p>
   </div>
   <div class='ocr_carea' id='block_1_88' title="bbox 2044 4413 3633 4484">
    <p class='ocr_par' dir='ltr' id='par_1_88' title="bbox 2044 4413 3633 4484">
     <span class='ocr_line' id='line_1_88' title="bbox 2044 4413 3633 4484; baseline -0.009 -1"><span class='ocrx_word' id='word_1_680' title='bbox 2044 4427 2315 4483; x_wconf 88' lang='lat' dir='ltr'><strong>hominem</strong></span> <span class='ocrx_word' id='word_1_681' title='bbox 2374 4430 2606 4484; x_wconf 88' lang='lat' dir='ltr'><strong>tantum,</strong></span> <span class='ocrx_word' id='word_1_682' title='bbox 2657 4416 2753 4472; x_wconf 89' lang='lat' dir='ltr'><strong>sed</strong></span> <span class='ocrx_word' id='word_1_683' title='bbox 2804 4416 2967 4470; x_wconf 74' lang='lat' dir='ltr'><strong>etiam</strong></span> <span class='ocrx_word' id='word_1_684' title='bbox 3026 4413 3321 4469; x_wconf 86' lang='lat' dir='ltr'><strong>secundum</strong></span> <span class='ocrx_word' id='word_1_685' title='bbox 3390 4425 3633 4469; x_wconf 72' lang='lat' dir='ltr'><strong>naturam</strong></span> 
     </span>
    </p>
   </div>
   <div class='ocr_carea' id='block_1_89' title="bbox 2047 4507 3636 4578">
    <p class='ocr_par' dir='ltr' id='par_1_89' title="bbox 2047 4507 3636 4578">
     <span class='ocr_line' id='line_1_89' title="bbox 2047 4507 3636 4578; baseline -0.013 0"><span class='ocrx_word' id='word_1_686' title='bbox 2047 4525 2211 4578; x_wconf 88' lang='lat' dir='ltr'><strong>Deum</strong></span> <span class='ocrx_word' id='word_1_687' title='bbox 2243 4531 2298 4575; x_wconf 89' lang='lat' dir='ltr'><strong>et</strong></span> <span class='ocrx_word' id='word_1_688' title='bbox 2335 4513 2699 4573; x_wconf 89' lang='lat' dir='ltr'><strong>essentialiter</strong></span> <span class='ocrx_word' id='word_1_689' title='bbox 2732 4516 3035 4565; x_wconf 78' lang='lat' dir='ltr'><strong>exstantem</strong></span> <span class='ocrx_word' id='word_1_690' title='bbox 3078 4523 3263 4563; x_wconf 84' lang='lat' dir='ltr'><strong>verum</strong></span> <span class='ocrx_word' id='word_1_691' title='bbox 3296 4507 3485 4562; x_wconf 85' lang='lat' dir='ltr'><strong>Filium</strong></span> <span class='ocrx_word' id='word_1_692' title='bbox 3517 4508 3636 4576; x_wconf 85' lang='lat' dir='ltr'><strong>Dei,</strong></span> 
     </span>
    </p>
   </div>
   <div class='ocr_carea' id='block_1_90' title="bbox 355 4601 3638 4683">
    <p class='ocr_par' dir='ltr' id='par_1_90' title="bbox 355 4601 3638 4683">
     <span class='ocr_line' id='line_1_90' title="bbox 355 4601 3638 4683; baseline -0.002 -20"><span class='ocrx_word' id='word_1_693' title='bbox 355 4613 585 4678; x_wconf 86' lang='lat' dir='ltr'><strong>veniant,</strong></span> <span class='ocrx_word' id='word_1_694' title='bbox 629 4622 893 4683; x_wconf 80' lang='lat' dir='ltr'><strong>proptrea</strong></span> <span class='ocrx_word' id='word_1_695' title='bbox 946 4612 1090 4665; x_wconf 77' lang='lat' dir='ltr'><strong>unxit</strong></span> <span class='ocrx_word' id='word_1_696' title='bbox 1138 4620 1185 4665; x_wconf 90' lang='lat' dir='ltr'><strong>te</strong></span> <span class='ocrx_word' id='word_1_697' title='bbox 1232 4610 1388 4677; x_wconf 83' lang='lat' dir='ltr'><strong>Deus,</strong></span> <span class='ocrx_word' id='word_1_698' title='bbox 1441 4608 1582 4664; x_wconf 82' lang='lat' dir='ltr'><strong>Deus</strong></span> <span class='ocrx_word' id='word_1_699' title='bbox 1639 4619 1783 4674; x_wconf 72' lang='lat' dir='ltr'><strong>tuus,</strong></span> <span class='ocrx_word' id='word_1_700' title='bbox 1828 4608 1941 4663; x_wconf 71' lang='lat' dir='ltr'><strong>cla-</strong></span> <span class='ocrx_word' id='word_1_701' title='bbox 1969 4612 2022 4672; x_wconf 89' lang='lat' dir='ltr'><strong>D</strong></span> <span class='ocrx_word' id='word_1_702' title='bbox 2048 4615 2394 4681; x_wconf 88' lang='lat' dir='ltr'><strong>omniumque</strong></span> <span class='ocrx_word' id='word_1_703' title='bbox 2430 4608 2689 4662; x_wconf 74' lang='lat' dir='ltr'><strong>factorem</strong></span> <span class='ocrx_word' id='word_1_704' title='bbox 2723 4622 2735 4657; x_wconf 92' lang='lat'>:</span> <span class='ocrx_word' id='word_1_705' title='bbox 2770 4601 2913 4673; x_wconf 90' lang='lat' dir='ltr'><strong>quod</strong></span> <span class='ocrx_word' id='word_1_706' title='bbox 2956 4604 3080 4656; x_wconf 87' lang='lat' dir='ltr'><strong>eum</strong></span> <span class='ocrx_word' id='word_1_707' title='bbox 3128 4614 3357 4670; x_wconf 81' lang='lat' dir='ltr'><strong>negasse</strong></span> <span class='ocrx_word' id='word_1_708' title='bbox 3401 4601 3638 4655; x_wconf 77' lang='lat' dir='ltr'><strong>maxime</strong></span> 
     </span>
    </p>
   </div>
   <div class='ocr_carea' id='block_1_91' title="bbox 352 4700 1934 4774">
    <p class='ocr_par' dir='ltr' id='par_1_91' title="bbox 352 4700 1934 4774">
     <span class='ocr_line' id='line_1_91' title="bbox 352 4700 1934 4774; baseline -0.002 -17"><span class='ocrx_word' id='word_1_709' title='bbox 352 4712 432 4757; x_wconf 88' lang='lat' dir='ltr'><strong>ret</strong></span> <span class='ocrx_word' id='word_1_710' title='bbox 481 4703 549 4757; x_wconf 85' lang='lat' dir='ltr'><strong>de</strong></span> <span class='ocrx_word' id='word_1_711' title='bbox 613 4704 819 4772; x_wconf 86' lang='lat' dir='ltr'><strong>reliquo</strong></span> <span class='ocrx_word' id='word_1_712' title='bbox 883 4702 1027 4774; x_wconf 84' lang='lat' dir='ltr'><strong>quod</strong></span> <span class='ocrx_word' id='word_1_713' title='bbox 1079 4701 1193 4757; x_wconf 70' lang='lat' dir='ltr'><strong>haec</strong></span> <span class='ocrx_word' id='word_1_714' title='bbox 1258 4702 1327 4757; x_wconf 87' lang='lat' dir='ltr'><strong>de</strong></span> <span class='ocrx_word' id='word_1_715' title='bbox 1394 4700 1610 4757; x_wconf 91' lang='lat' dir='ltr'><strong>Christo</strong></span> <span class='ocrx_word' id='word_1_716' title='bbox 1668 4700 1934 4755; x_wconf 88' lang='lat' dir='ltr'><strong>dicantur.</strong></span> 
     </span>
    </p>
   </div>
   <div class='ocr_carea' id='block_1_92' title="bbox 351 4800 1938 4876">
    <p class='ocr_par' dir='ltr' id='par_1_92' title="bbox 351 4800 1938 4876">
     <span class='ocr_line' id='line_1_92' title="bbox 351 4800 1938 4876; baseline -0.004 -16"><span class='ocrx_word' id='word_1_717' title='bbox 351 4805 408 4860; x_wconf 87' lang='lat' dir='ltr'><strong>ln</strong></span> <span class='ocrx_word' id='word_1_718' title='bbox 462 4820 574 4876; x_wconf 87' lang='lat' dir='ltr'><strong>quo</strong></span> <span class='ocrx_word' id='word_1_719' title='bbox 624 4805 943 4860; x_wconf 89' lang='lat' dir='ltr'><strong>mirabiliter</strong></span> <span class='ocrx_word' id='word_1_720' title='bbox 1005 4814 1059 4860; x_wconf 93' lang='lat' dir='ltr'><strong>et</strong></span> <span class='ocrx_word' id='word_1_721' title='bbox 1108 4813 1329 4857; x_wconf 89' lang='lat' dir='ltr'><strong>naturas</strong></span> <span class='ocrx_word' id='word_1_722' title='bbox 1396 4800 1597 4864; x_wconf 85' lang='lat' dir='ltr'><strong>divisit,</strong></span> <span class='ocrx_word' id='word_1_723' title='bbox 1646 4807 1701 4854; x_wconf 90' lang='lat' dir='ltr'><strong>ct</strong></span> <span class='ocrx_word' id='word_1_724' title='bbox 1755 4813 1938 4868; x_wconf 85' lang='lat' dir='ltr'><strong>perso-</strong></span> 
     </span>
    </p>
   </div>
   <div class='ocr_carea' id='block_1_93' title="bbox 351 4895 1278 4953">
    <p class='ocr_par' dir='ltr' id='par_1_93' title="bbox 351 4895 1278 4953">
     <span class='ocr_line' id='line_1_93' title="bbox 351 4895 1278 4953; baseline -0.005 0"><span class='ocrx_word' id='word_1_725' title='bbox 351 4913 438 4953; x_wconf 74' lang='lat' dir='ltr'><strong>nte</strong></span> <span class='ocrx_word' id='word_1_726' title='bbox 495 4898 754 4952; x_wconf 89' lang='lat' dir='ltr'><strong>unitatem</strong></span> <span class='ocrx_word' id='word_1_727' title='bbox 828 4895 1215 4952; x_wconf 86' lang='lat' dir='ltr'><strong>demonstravit</strong></span> <span class='ocrx_word' id='word_1_728' title='bbox 1263 4910 1278 4948; x_wconf 85' lang='lat'><strong>:</strong></span> 
     </span>
    </p>
   </div>
   <div class='ocr_carea' id='block_1_94' title="bbox 351 4981 1937 5057">
    <p class='ocr_par' dir='ltr' id='par_1_94' title="bbox 351 4981 1937 5057">
     <span class='ocr_line' id='line_1_94' title="bbox 351 4981 1937 5057; baseline -0.006 -15"><span class='ocrx_word' id='word_1_729' title='bbox 351 4989 529 5043; x_wconf 82' lang='lat' dir='ltr'><strong>divisit</strong></span> <span class='ocrx_word' id='word_1_730' title='bbox 559 4988 609 5041; x_wconf 90' lang='lat' dir='ltr'><strong>in</strong></span> <span class='ocrx_word' id='word_1_731' title='bbox 638 5003 725 5053; x_wconf 90' lang='lat' dir='ltr'><strong>eo,</strong></span> <span class='ocrx_word' id='word_1_732' title='bbox 781 4986 924 5057; x_wconf 89' lang='lat' dir='ltr'><strong>quod</strong></span> <span class='ocrx_word' id='word_1_733' title='bbox 969 4985 1303 5040; x_wconf 89' lang='lat' dir='ltr'><strong>diversarum</strong></span> <span class='ocrx_word' id='word_1_734' title='bbox 1335 4982 1809 5052; x_wconf 83' lang='lat' dir='ltr'><strong>intt-lligentiarum</strong></span> <span class='ocrx_word' id='word_1_735' title='bbox 1841 4981 1937 5034; x_wconf 86' lang='lat' dir='ltr'><strong>de-</strong></span> 
     </span>
    </p>
   </div>
   <div class='ocr_carea' id='block_1_95' title="bbox 353 5074 1943 5144">
    <p class='ocr_par' dir='ltr' id='par_1_95' title="bbox 353 5074 1943 5144">
     <span class='ocr_line' id='line_1_95' title="bbox 353 5074 1943 5144; baseline -0.004 -10"><span class='ocrx_word' id='word_1_736' title='bbox 353 5082 631 5135; x_wconf 74' lang='lat' dir='ltr'><strong>clarativas</strong></span> <span class='ocrx_word' id='word_1_737' title='bbox 658 5096 816 5136; x_wconf 80' lang='lat' dir='ltr'><strong>voces</strong></span> <span class='ocrx_word' id='word_1_738' title='bbox 837 5080 1047 5144; x_wconf 89' lang='lat' dir='ltr'><strong>emisit;</strong></span> <span class='ocrx_word' id='word_1_739' title='bbox 1080 5079 1303 5132; x_wconf 91' lang='lat' dir='ltr'><strong>multum</strong></span> <span class='ocrx_word' id='word_1_740' title='bbox 1336 5078 1478 5133; x_wconf 90' lang='lat' dir='ltr'><strong>enim</strong></span> <span class='ocrx_word' id='word_1_741' title='bbox 1510 5075 1686 5130; x_wconf 73' lang='lat' dir='ltr'><strong>dill‘ert</strong></span> <span class='ocrx_word' id='word_1_742' title='bbox 1711 5077 1779 5130; x_wconf 90' lang='lat' dir='ltr'><strong>ab</strong></span> <span class='ocrx_word' id='word_1_743' title='bbox 1808 5074 1943 5128; x_wconf 86' lang='lat' dir='ltr'><strong>invi-</strong></span> 
     </span>
    </p>
   </div>
   <div class='ocr_carea' id='block_1_96' title="bbox 355 5164 1948 5235">
    <p class='ocr_par' dir='ltr' id='par_1_96' title="bbox 355 5164 1948 5235">
     <span class='ocr_line' id='line_1_96' title="bbox 355 5164 1948 5235; baseline -0.006 -9"><span class='ocrx_word' id='word_1_744' title='bbox 355 5187 496 5235; x_wconf 89' lang='lat' dir='ltr'><strong>cem,</strong></span> <span class='ocrx_word' id='word_1_745' title='bbox 525 5171 680 5227; x_wconf 82' lang='lat' dir='ltr'><strong>Sedes</strong></span> <span class='ocrx_word' id='word_1_746' title='bbox 704 5184 812 5235; x_wconf 82' lang='lat' dir='ltr'><strong>tua,</strong></span> <span class='ocrx_word' id='word_1_747' title='bbox 842 5171 998 5235; x_wconf 86' lang='lat' dir='ltr'><strong>Deus,</strong></span> <span class='ocrx_word' id='word_1_748' title='bbox 1022 5171 1077 5222; x_wconf 85' lang='lat' dir='ltr'><strong>in</strong></span> <span class='ocrx_word' id='word_1_749' title='bbox 1102 5168 1344 5222; x_wconf 71' lang='lat' dir='ltr'><strong>omnium</strong></span> <span class='ocrx_word' id='word_1_750' title='bbox 1362 5168 1560 5233; x_wconf 69' lang='lat' dir='ltr'><strong>surculi,</strong></span> <span class='ocrx_word' id='word_1_751' title='bbox 1589 5177 1641 5220; x_wconf 88' lang='lat' dir='ltr'><strong>et</strong></span> <span class='ocrx_word' id='word_1_752' title='bbox 1666 5164 1948 5235; x_wconf 81' lang='lat' dir='ltr'><strong>Propterea</strong></span> 
     </span>
    </p>
   </div>
   <div class='ocr_carea' id='block_1_97' title="bbox 358 5254 1949 5326">
    <p class='ocr_par' dir='ltr' id='par_1_97' title="bbox 358 5254 1949 5326">
     <span class='ocr_line' id='line_1_97' title="bbox 358 5254 1949 5326; baseline -0.006 -9"><span class='ocrx_word' id='word_1_753' title='bbox 358 5266 503 5317; x_wconf 75' lang='lat' dir='ltr'><strong>unxit</strong></span> <span class='ocrx_word' id='word_1_754' title='bbox 549 5275 595 5316; x_wconf 89' lang='lat' dir='ltr'><strong>te</strong></span> <span class='ocrx_word' id='word_1_755' title='bbox 638 5262 803 5326; x_wconf 80' lang='lat' dir='ltr'><strong>Deus,</strong></span> <span class='ocrx_word' id='word_1_756' title='bbox 848 5261 987 5314; x_wconf 87' lang='lat' dir='ltr'><strong>Deus</strong></span> <span class='ocrx_word' id='word_1_757' title='bbox 1037 5270 1174 5313; x_wconf 86' lang='lat' dir='ltr'><strong>tuus.</strong></span> <span class='ocrx_word' id='word_1_758' title='bbox 1211 5257 1479 5314; x_wconf 85' lang='lat' dir='ltr'><strong>Unitatem</strong></span> <span class='ocrx_word' id='word_1_759' title='bbox 1534 5270 1660 5310; x_wconf 88' lang='lat' dir='ltr'><strong>vero</strong></span> <span class='ocrx_word' id='word_1_760' title='bbox 1711 5254 1949 5310; x_wconf 85' lang='lat' dir='ltr'><strong>ostendit</strong></span> 
     </span>
    </p>
   </div>
   <div class='ocr_carea' id='block_1_98' title="bbox 360 5346 1946 5424">
    <p class='ocr_par' dir='ltr' id='par_1_98' title="bbox 360 5346 1946 5424">
     <span class='ocr_line' id='line_1_98' title="bbox 360 5346 1946 5424; baseline -0.004 -19"><span class='ocrx_word' id='word_1_761' title='bbox 360 5371 621 5424; x_wconf 74' lang='lat' dir='ltr'><strong>personae,</strong></span> <span class='ocrx_word' id='word_1_762' title='bbox 650 5369 710 5409; x_wconf 90' lang='lat' dir='ltr'><strong>ea</strong></span> <span class='ocrx_word' id='word_1_763' title='bbox 744 5369 861 5423; x_wconf 68' lang='lat' dir='ltr'><strong>qua:</strong></span> <span class='ocrx_word' id='word_1_764' title='bbox 891 5352 1102 5407; x_wconf 87' lang='lat' dir='ltr'><strong>diversa</strong></span> <span class='ocrx_word' id='word_1_765' title='bbox 1149 5358 1274 5404; x_wconf 87' lang='lat' dir='ltr'><strong>sunt</strong></span> <span class='ocrx_word' id='word_1_766' title='bbox 1317 5348 1573 5417; x_wconf 72' lang='lat' dir='ltr'><strong>colligens</strong></span> <span class='ocrx_word' id='word_1_767' title='bbox 1604 5347 1658 5400; x_wconf 90' lang='lat' dir='ltr'><strong>in</strong></span> <span class='ocrx_word' id='word_1_768' title='bbox 1689 5346 1946 5400; x_wconf 86' lang='lat' dir='ltr'><strong>unitatem</strong></span> 
     </span>
    </p>
   </div>
   <div class='ocr_carea' id='block_1_99' title="bbox 359 5434 1944 5520">
    <p class='ocr_par' dir='ltr' id='par_1_99' title="bbox 359 5434 1944 5520">
     <span class='ocr_line' id='line_1_99' title="bbox 359 5434 1944 5520; baseline -0.009 -14"><span class='ocrx_word' id='word_1_769' title='bbox 359 5465 624 5520; x_wconf 77' lang='lat' dir='ltr'><strong>personae.</strong></span> <span class='ocrx_word' id='word_1_770' title='bbox 657 5467 677 5502; x_wconf 75' lang='grc' dir='ltr'><strong>ι</strong></span> <span class='ocrx_word' id='word_1_771' title='bbox 711 5448 807 5502; x_wconf 86' lang='lat' dir='ltr'><strong>llic</strong></span> <span class='ocrx_word' id='word_1_772' title='bbox 830 5434 1015 5502; x_wconf 86' lang='lat' dir='ltr'><strong>autem</strong></span> <span class='ocrx_word' id='word_1_773' title='bbox 1033 5461 1138 5500; x_wconf 91' lang='lat' dir='ltr'><strong>non</strong></span> <span class='ocrx_word' id='word_1_774' title='bbox 1157 5444 1269 5514; x_wconf 88' lang='lat' dir='ltr'><strong>jam</strong></span> <span class='ocrx_word' id='word_1_775' title='bbox 1293 5456 1514 5497; x_wconf 79' lang='lat' dir='ltr'><strong>necesse</strong></span> <span class='ocrx_word' id='word_1_776' title='bbox 1535 5449 1619 5495; x_wconf 89' lang='lat' dir='ltr'><strong>est</strong></span> <span class='ocrx_word' id='word_1_777' title='bbox 1646 5438 1944 5501; x_wconf 88' lang='lat' dir='ltr'><strong>immorari,</strong></span> 
     </span>
    </p>
   </div>
   <div class='ocr_carea' id='block_1_100' title="bbox 359 5531 1943 5609">
    <p class='ocr_par' dir='ltr' id='par_1_100' title="bbox 359 5531 1943 5609">
     <span class='ocr_line' id='line_1_100' title="bbox 359 5531 1943 5609; baseline -0.007 -14"><span class='ocrx_word' id='word_1_778' title='bbox 359 5553 412 5596; x_wconf 88' lang='lat' dir='ltr'><strong>et</strong></span> <span class='ocrx_word' id='word_1_779' title='bbox 439 5542 724 5597; x_wconf 82' lang='lat' dir='ltr'><strong>05teudere</strong></span> <span class='ocrx_word' id='word_1_780' title='bbox 756 5540 876 5609; x_wconf 78' lang='lat' dir='ltr'><strong>qnia</strong></span> <span class='ocrx_word' id='word_1_781' title='bbox 919 5537 1163 5593; x_wconf 76' lang='lat' dir='ltr'><strong>similiter</strong></span> <span class='ocrx_word' id='word_1_782' title='bbox 1214 5534 1449 5589; x_wconf 86' lang='lat' dir='ltr'><strong>omnium</strong></span> <span class='ocrx_word' id='word_1_783' title='bbox 1499 5531 1887 5586; x_wconf 89' lang='lat' dir='ltr'><strong>calumniarum</strong></span> <span class='ocrx_word' id='word_1_784' title='bbox 1914 5544 1943 5584; x_wconf 86' lang='lat' dir='ltr'><strong>a</strong></span> 
     </span>
    </p>
   </div>
   <div class='ocr_carea' id='block_1_101' title="bbox 357 5623 1946 5698">
    <p class='ocr_par' dir='ltr' id='par_1_101' title="bbox 357 5623 1946 5698">
     <span class='ocr_line' id='line_1_101' title="bbox 357 5623 1946 5698; baseline -0.01 -8"><span class='ocrx_word' id='word_1_785' title='bbox 357 5650 418 5690; x_wconf 88' lang='lat' dir='ltr'><strong>se</strong></span> <span class='ocrx_word' id='word_1_786' title='bbox 449 5637 672 5690; x_wconf 65' lang='lat' dir='ltr'><strong>remot-it</strong></span> <span class='ocrx_word' id='word_1_787' title='bbox 694 5633 965 5687; x_wconf 88' lang='lat' dir='ltr'><strong>invidiam.</strong></span> <span class='ocrx_word' id='word_1_788' title='bbox 997 5631 1169 5686; x_wconf 89' lang='lat' dir='ltr'><strong>Unum</strong></span> <span class='ocrx_word' id='word_1_789' title='bbox 1200 5639 1284 5684; x_wconf 87' lang='lat' dir='ltr'><strong>est</strong></span> <span class='ocrx_word' id='word_1_790' title='bbox 1308 5626 1449 5698; x_wconf 90' lang='lat' dir='ltr'><strong>quod</strong></span> <span class='ocrx_word' id='word_1_791' title='bbox 1473 5625 1652 5696; x_wconf 85' lang='lat' dir='ltr'><strong>aliqua</strong></span> <span class='ocrx_word' id='word_1_792' title='bbox 1679 5637 1842 5695; x_wconf 83' lang='lat' dir='ltr'><strong>egere</strong></span> <span class='ocrx_word' id='word_1_793' title='bbox 1866 5623 1946 5675; x_wconf 88' lang='lat' dir='ltr'><strong>in-</strong></span> 
     </span>
    </p>
   </div>
   <div class='ocr_carea' id='block_1_102' title="bbox 435 5796 1117 5866">
    <p class='ocr_par' dir='ltr' id='par_1_102' title="bbox 435 5796 1117 5866">
     <span class='ocr_line' id='line_1_102' title="bbox 435 5796 1117 5866; baseline -0.006 -13"><span class='ocrx_word' id='word_1_794' title='bbox 435 5803 451 5832; x_wconf 82' lang='grc'>¹</span> <span class='ocrx_word' id='word_1_795' title='bbox 481 5799 614 5853; x_wconf 80' lang='lat' dir='ltr'><strong>Cod.</strong></span> <span class='ocrx_word' id='word_1_796' title='bbox 652 5800 875 5863; x_wconf 68' lang='lat' dir='ltr'><strong>Verum,</strong></span> <span class='ocrx_word' id='word_1_797' title='bbox 908 5796 1117 5866; x_wconf 60' lang='lat' dir='ltr'><strong>passim.</strong></span> 
     </span>
    </p>
   </div>
   <div class='ocr_carea' id='block_1_103' title="bbox 424 5868 1263 5945">
    <p class='ocr_par' dir='ltr' id='par_1_103' title="bbox 424 5868 1263 5945">
     <span class='ocr_line' id='line_1_103' title="bbox 424 5868 1263 5945; baseline -0.005 -21"><span class='ocrx_word' id='word_1_798' title='bbox 424 5874 446 5905; x_wconf 84' lang='grc'><strong><em>²</em></strong></span> <span class='ocrx_word' id='word_1_799' title='bbox 466 5870 617 5926; x_wconf 79' lang='lat' dir='ltr'><strong>idem</strong></span> <span class='ocrx_word' id='word_1_800' title='bbox 639 5874 787 5940; x_wconf 88' lang='lat' dir='ltr'><strong>cod.,</strong></span> <span class='ocrx_word' id='word_1_801' title='bbox 826 5875 932 5945; x_wconf 67' lang='lat' dir='ltr'><strong>rjus</strong></span> <span class='ocrx_word' id='word_1_802' title='bbox 966 5868 1263 5922; x_wconf 72' lang='lat' dir='ltr'><strong>Ecclesium.</strong></span> 
     </span>
    </p>
   </div>
   <div class='ocr_carea' id='block_1_104' title="bbox 1339 4891 1970 4962">
    <p class='ocr_par' dir='ltr' id='par_1_104' title="bbox 1339 4891 1970 4962">
     <span class='ocr_line' id='line_1_104' title="bbox 1339 4891 1970 4962; baseline -0.002 -13"><span class='ocrx_word' id='word_1_803' title='bbox 1339 4903 1392 4949; x_wconf 89' lang='lat' dir='ltr'><strong>et</strong></span> <span class='ocrx_word' id='word_1_804' title='bbox 1445 4904 1664 4949; x_wconf 85' lang='lat' dir='ltr'><strong>naturas</strong></span> <span class='ocrx_word' id='word_1_805' title='bbox 1723 4891 1938 4962; x_wconf 89' lang='lat' dir='ltr'><strong>quidem</strong></span> <span class='ocrx_word' id='word_1_806' title='bbox 1963 4943 1970 4948; x_wconf 88' lang='lat'><strong>.</strong></span> 
     </span>
    </p>
   </div>
   <div class='ocr_carea' id='block_1_105' title="bbox 2046 4694 3639 4769">
    <p class='ocr_par' dir='ltr' id='par_1_105' title="bbox 2046 4694 3639 4769">
     <span class='ocr_line' id='line_1_105' title="bbox 2046 4694 3639 4769; baseline -0.012 -3"><span class='ocrx_word' id='word_1_807' title='bbox 2046 4708 2423 4766; x_wconf 85' lang='lat' dir='ltr'><strong>criminantur.</strong></span> <span class='ocrx_word' id='word_1_808' title='bbox 2456 4705 2588 4757; x_wconf 83' lang='lat' dir='ltr'><strong>Nam</strong></span> <span class='ocrx_word' id='word_1_809' title='bbox 2612 4700 2894 4769; x_wconf 87' lang='lat' dir='ltr'><strong>disputans</strong></span> <span class='ocrx_word' id='word_1_810' title='bbox 2919 4697 2986 4751; x_wconf 90' lang='lat' dir='ltr'><strong>de</strong></span> <span class='ocrx_word' id='word_1_811' title='bbox 3013 4710 3079 4751; x_wconf 88' lang='lat' dir='ltr'><strong>eo</strong></span> <span class='ocrx_word' id='word_1_812' title='bbox 3107 4696 3250 4765; x_wconf 90' lang='lat' dir='ltr'><strong>quod</strong></span> <span class='ocrx_word' id='word_1_813' title='bbox 3276 4694 3530 4764; x_wconf 88' lang='lat' dir='ltr'><strong>scriptum</strong></span> <span class='ocrx_word' id='word_1_814' title='bbox 3555 4704 3639 4747; x_wconf 84' lang='lat' dir='ltr'><strong>est</strong></span> 
     </span>
    </p>
   </div>
   <div class='ocr_carea' id='block_1_106' title="bbox 2047 4783 3639 4867">
    <p class='ocr_par' dir='ltr' id='par_1_106' title="bbox 2047 4783 3639 4867">
     <span class='ocr_line' id='line_1_106' title="bbox 2047 4783 3639 4867; baseline -0.011 -10"><span class='ocrx_word' id='word_1_815' title='bbox 2047 4801 2101 4857; x_wconf 90' lang='lat' dir='ltr'><strong>in</strong></span> <span class='ocrx_word' id='word_1_816' title='bbox 2147 4783 2437 4867; x_wconf 80' lang='lat' dir='ltr'><strong>Evangelio</strong></span> <span class='ocrx_word' id='word_1_817' title='bbox 2481 4793 2773 4849; x_wconf 89' lang='lat' dir='ltr'><strong>secundum</strong></span> <span class='ocrx_word' id='word_1_818' title='bbox 2829 4790 3172 4844; x_wconf 73' lang='lat' dir='ltr'><strong>Matthteum:</strong></span> <span class='ocrx_word' id='word_1_819' title='bbox 3214 4784 3433 4840; x_wconf 80' lang='lat' dir='ltr'><strong>Veniens</strong></span> <span class='ocrx_word' id='word_1_820' title='bbox 3467 4796 3639 4841; x_wconf 86' lang='lat' dir='ltr'><strong>autem</strong></span> 
     </span>
    </p>
   </div>
   <div class='ocr_carea' id='block_1_107' title="bbox 2047 4876 3639 4958">
    <p class='ocr_par' dir='ltr' id='par_1_107' title="bbox 2047 4876 3639 4958">
     <span class='ocr_line' id='line_1_107' title="bbox 2047 4876 3639 4958; baseline -0.012 -11"><span class='ocrx_word' id='word_1_821' title='bbox 2047 4893 2201 4947; x_wconf 77' lang='lat' dir='ltr'><strong>Jesus</strong></span> <span class='ocrx_word' id='word_1_822' title='bbox 2228 4890 2280 4943; x_wconf 87' lang='lat' dir='ltr'><strong>in</strong></span> <span class='ocrx_word' id='word_1_823' title='bbox 2304 4896 2471 4958; x_wconf 76' lang='lat' dir='ltr'><strong>partes</strong></span> <span class='ocrx_word' id='word_1_824' title='bbox 2498 4884 2742 4939; x_wconf 74' lang='lat' dir='ltr'><strong>Ctesareae</strong></span> <span class='ocrx_word' id='word_1_825' title='bbox 2769 4880 3017 4948; x_wconf 81' lang='lat' dir='ltr'><strong>Philippi,</strong></span> <span class='ocrx_word' id='word_1_826' title='bbox 3043 4886 3090 4931; x_wconf 79' lang='lat' dir='ltr'><strong>et</strong></span> <span class='ocrx_word' id='word_1_827' title='bbox 3116 4876 3460 4946; x_wconf 71' lang='lat' dir='ltr'><strong>interrogabat</strong></span> <span class='ocrx_word' id='word_1_828' title='bbox 3485 4876 3639 4930; x_wconf 76' lang='lat' dir='ltr'><strong>dsri-</strong></span> 
     </span>
    </p>
   </div>
   <div class='ocr_carea' id='block_1_108' title="bbox 2052 4968 3639 5053">
    <p class='ocr_par' dir='ltr' id='par_1_108' title="bbox 2052 4968 3639 5053">
     <span class='ocr_line' id='line_1_108' title="bbox 2052 4968 3639 5053; baseline -0.01 -16"><span class='ocrx_word' id='word_1_829' title='bbox 2052 4984 2197 5053; x_wconf 73' lang='lat' dir='ltr'><strong>pulos</strong></span> <span class='ocrx_word' id='word_1_830' title='bbox 2223 4995 2343 5035; x_wconf 86' lang='lat' dir='ltr'><strong>suos</strong></span> <span class='ocrx_word' id='word_1_831' title='bbox 2364 4980 2537 5033; x_wconf 84' lang='lat' dir='ltr'><strong>dicens</strong></span> <span class='ocrx_word' id='word_1_832' title='bbox 2562 4991 2578 5028; x_wconf 89' lang='lat'><strong><em>:</em></strong></span> <span class='ocrx_word' id='word_1_833' title='bbox 2610 4976 2767 5038; x_wconf 59' lang='lat' dir='ltr'><strong>Quem</strong></span> <span class='ocrx_word' id='word_1_834' title='bbox 2795 4988 2873 5025; x_wconf 86' lang='lat' dir='ltr'><strong>me</strong></span> <span class='ocrx_word' id='word_1_835' title='bbox 2896 4972 3068 5024; x_wconf 83' lang='lat' dir='ltr'><strong>dicunt</strong></span> <span class='ocrx_word' id='word_1_836' title='bbox 3095 4968 3323 5021; x_wconf 70' lang='lat' dir='ltr'><strong>homines</strong></span> <span class='ocrx_word' id='word_1_837' title='bbox 3344 4983 3446 5021; x_wconf 86' lang='lat' dir='ltr'><strong>esse</strong></span> <span class='ocrx_word' id='word_1_838' title='bbox 3471 4968 3639 5036; x_wconf 76' lang='lat' dir='ltr'><strong>ﬁlium</strong></span> 
     </span>
    </p>
   </div>
   <div class='ocr_carea' id='block_1_109' title="bbox 2050 5059 3640 5142">
    <p class='ocr_par' dir='ltr' id='par_1_109' title="bbox 2050 5059 3640 5142">
     <span class='ocr_line' id='line_1_109' title="bbox 2050 5059 3640 5142; baseline -0.008 -17"><span class='ocrx_word' id='word_1_839' title='bbox 2050 5073 2269 5128; x_wconf 80' lang='lat' dir='ltr'><strong>hominis</strong></span> <span class='ocrx_word' id='word_1_840' title='bbox 2297 5069 2511 5142; x_wconf 71' lang='lat' dir='ltr'><strong>(Matth.</strong></span> <span class='ocrx_word' id='word_1_841' title='bbox 2536 5081 2643 5134; x_wconf 76' lang='lat' dir='ltr'><strong>xvi,</strong></span> <span class='ocrx_word' id='word_1_842' title='bbox 2680 5062 2809 5133; x_wconf 69' lang='lat'><strong>15)?</strong></span> <span class='ocrx_word' id='word_1_843' title='bbox 2841 5063 2912 5116; x_wconf 87' lang='lat' dir='ltr'><strong>ita</strong></span> <span class='ocrx_word' id='word_1_844' title='bbox 2937 5061 3148 5117; x_wconf 89' lang='lat' dir='ltr'><strong>locutus</strong></span> <span class='ocrx_word' id='word_1_845' title='bbox 3168 5068 3288 5114; x_wconf 89' lang='lat' dir='ltr'><strong>est:</strong></span> <span class='ocrx_word' id='word_1_846' title='bbox 3324 5077 3344 5110; x_wconf 86' lang='grc'><strong>‹</strong></span> <span class='ocrx_word' id='word_1_847' title='bbox 3386 5059 3640 5113; x_wconf 86' lang='lat' dir='ltr'><strong>Dominus</strong></span> 
     </span>
    </p>
   </div>
   <div class='ocr_carea' id='block_1_110' title="bbox 2051 5152 3636 5224">
    <p class='ocr_par' dir='ltr' id='par_1_110' title="bbox 2051 5152 3636 5224">
     <span class='ocr_line' id='line_1_110' title="bbox 2051 5152 3636 5224; baseline -0.01 -5"><span class='ocrx_word' id='word_1_848' title='bbox 2051 5166 2193 5219; x_wconf 90' lang='lat' dir='ltr'><strong>enim</strong></span> <span class='ocrx_word' id='word_1_849' title='bbox 2221 5162 2465 5216; x_wconf 82' lang='lat' dir='ltr'><strong>Christus</strong></span> <span class='ocrx_word' id='word_1_850' title='bbox 2486 5168 2602 5213; x_wconf 90' lang='lat' dir='ltr'><strong>erat</strong></span> <span class='ocrx_word' id='word_1_851' title='bbox 2622 5154 2834 5224; x_wconf 87' lang='lat' dir='ltr'><strong>quidem</strong></span> <span class='ocrx_word' id='word_1_852' title='bbox 2872 5160 2928 5206; x_wconf 86' lang='lat' dir='ltr'><strong>et</strong></span> <span class='ocrx_word' id='word_1_853' title='bbox 2960 5153 3099 5205; x_wconf 89' lang='lat' dir='ltr'><strong>Deus</strong></span> <span class='ocrx_word' id='word_1_854' title='bbox 3121 5162 3173 5205; x_wconf 92' lang='lat' dir='ltr'><strong>et</strong></span> <span class='ocrx_word' id='word_1_855' title='bbox 3202 5152 3388 5213; x_wconf 91' lang='lat' dir='ltr'><strong>homo,</strong></span> <span class='ocrx_word' id='word_1_856' title='bbox 3431 5159 3636 5204; x_wconf 86' lang='lat' dir='ltr'><strong>utrum-</strong></span> 
     </span>
    </p>
   </div>
   <div class='ocr_carea' id='block_1_111' title="bbox 2052 5242 3640 5329">
    <p class='ocr_par' dir='ltr' id='par_1_111' title="bbox 2052 5242 3640 5329">
     <span class='ocr_line' id='line_1_111' title="bbox 2052 5242 3640 5329; baseline -0.012 -15"><span class='ocrx_word' id='word_1_857' title='bbox 2052 5272 2156 5329; x_wconf 89' lang='lat' dir='ltr'><strong>que</strong></span> <span class='ocrx_word' id='word_1_858' title='bbox 2181 5253 2475 5311; x_wconf 88' lang='lat' dir='ltr'><strong>secundum</strong></span> <span class='ocrx_word' id='word_1_859' title='bbox 2517 5258 2758 5305; x_wconf 89' lang='lat' dir='ltr'><strong>naturam</strong></span> <span class='ocrx_word' id='word_1_860' title='bbox 2806 5243 3055 5299; x_wconf 88' lang='lat' dir='ltr'><strong>similiter</strong></span> <span class='ocrx_word' id='word_1_861' title='bbox 3080 5257 3096 5296; x_wconf 88' lang='lat'><strong>:</strong></span> <span class='ocrx_word' id='word_1_862' title='bbox 3126 5254 3191 5296; x_wconf 82' lang='lat' dir='ltr'><strong>ex</strong></span> <span class='ocrx_word' id='word_1_863' title='bbox 3223 5243 3393 5296; x_wconf 89' lang='lat' dir='ltr'><strong>altero</strong></span> <span class='ocrx_word' id='word_1_864' title='bbox 3422 5242 3640 5310; x_wconf 84' lang='lat' dir='ltr'><strong>quidem</strong></span> 
     </span>
    </p>
   </div>
   <div class='ocr_carea' id='block_1_112' title="bbox 2049 5332 3640 5419">
    <p class='ocr_par' dir='ltr' id='par_1_112' title="bbox 2049 5332 3640 5419">
     <span class='ocr_line' id='line_1_112' title="bbox 2049 5332 3640 5419; baseline -0.013 -14"><span class='ocrx_word' id='word_1_865' title='bbox 2049 5362 2337 5419; x_wconf 85' lang='lat' dir='ltr'><strong>apparens,</strong></span> <span class='ocrx_word' id='word_1_866' title='bbox 2370 5359 2437 5400; x_wconf 83' lang='lat' dir='ltr'><strong>ex</strong></span> <span class='ocrx_word' id='word_1_867' title='bbox 2460 5341 2631 5396; x_wconf 88' lang='lat' dir='ltr'><strong>altero</strong></span> <span class='ocrx_word' id='word_1_868' title='bbox 2659 5352 2805 5400; x_wconf 90' lang='lat' dir='ltr'><strong>vero,</strong></span> <span class='ocrx_word' id='word_1_869' title='bbox 2842 5343 2897 5389; x_wconf 93' lang='lat' dir='ltr'><strong>ut</strong></span> <span class='ocrx_word' id='word_1_870' title='bbox 2920 5342 3041 5403; x_wconf 79' lang='lat' dir='ltr'><strong>pote</strong></span> <span class='ocrx_word' id='word_1_871' title='bbox 3075 5332 3366 5388; x_wconf 84' lang='lat' dir='ltr'><strong>secundum</strong></span> <span class='ocrx_word' id='word_1_872' title='bbox 3397 5344 3640 5385; x_wconf 86' lang='lat' dir='ltr'><strong>naturam</strong></span> 
     </span>
    </p>
   </div>
   <div class='ocr_carea' id='block_1_113' title="bbox 2051 5423 3640 5504">
    <p class='ocr_par' dir='ltr' id='par_1_113' title="bbox 2051 5423 3640 5504">
     <span class='ocr_line' id='line_1_113' title="bbox 2051 5423 3640 5504; baseline -0.013 -8"><span class='ocrx_word' id='word_1_873' title='bbox 2051 5440 2309 5504; x_wconf 90' lang='lat' dir='ltr'><strong>divinam,</strong></span> <span class='ocrx_word' id='word_1_874' title='bbox 2340 5434 2622 5492; x_wconf 87' lang='lat' dir='ltr'><strong>invisibilis</strong></span> <span class='ocrx_word' id='word_1_875' title='bbox 2652 5440 2893 5486; x_wconf 79' lang='lat' dir='ltr'><strong>exstans.</strong></span> <span class='ocrx_word' id='word_1_876' title='bbox 2930 5427 3056 5481; x_wconf 82' lang='lat' dir='ltr'><strong>Erat</strong></span> <span class='ocrx_word' id='word_1_877' title='bbox 3104 5436 3279 5478; x_wconf 89' lang='lat' dir='ltr'><strong>autem</strong></span> <span class='ocrx_word' id='word_1_878' title='bbox 3311 5438 3474 5478; x_wconf 91' lang='lat' dir='ltr'><strong>unum</strong></span> <span class='ocrx_word' id='word_1_879' title='bbox 3520 5423 3640 5489; x_wconf 87' lang='lat' dir='ltr'><strong>qui-</strong></span> 
     </span>
    </p>
   </div>
   <div class='ocr_carea' id='block_1_114' title="bbox 2052 5514 3640 5589">
    <p class='ocr_par' dir='ltr' id='par_1_114' title="bbox 2052 5514 3640 5589">
     <span class='ocr_line' id='line_1_114' title="bbox 2052 5514 3640 5589; baseline -0.014 -1"><span class='ocrx_word' id='word_1_880' title='bbox 2052 5535 2176 5589; x_wconf 87' lang='lat' dir='ltr'><strong>dem</strong></span> <span class='ocrx_word' id='word_1_881' title='bbox 2205 5528 2455 5585; x_wconf 89' lang='lat' dir='ltr'><strong>ommbus</strong></span> <span class='ocrx_word' id='word_1_882' title='bbox 2498 5522 2864 5585; x_wconf 84' lang='lat' dir='ltr'><strong>manifestum,</strong></span> <span class='ocrx_word' id='word_1_883' title='bbox 2894 5525 2952 5573; x_wconf 89' lang='lat' dir='ltr'><strong>ut</strong></span> <span class='ocrx_word' id='word_1_884' title='bbox 2979 5526 3100 5588; x_wconf 88' lang='lat' dir='ltr'><strong>pote</strong></span> <span class='ocrx_word' id='word_1_885' title='bbox 3139 5514 3280 5585; x_wconf 86' lang='lat' dir='ltr'><strong>quod</strong></span> <span class='ocrx_word' id='word_1_886' title='bbox 3309 5514 3603 5584; x_wconf 88' lang='lat' dir='ltr'><strong>apparebat</strong></span> <span class='ocrx_word' id='word_1_887' title='bbox 3627 5530 3640 5566; x_wconf 90' lang='lat'><strong>:</strong></span> 
     </span>
    </p>
   </div>
   <div class='ocr_carea' id='block_1_115' title="bbox 2055 5606 3647 5679">
    <p class='ocr_par' dir='ltr' id='par_1_115' title="bbox 2055 5606 3647 5679">
     <span class='ocr_line' id='line_1_115' title="bbox 2055 5606 3647 5679; baseline -0.012 -1"><span class='ocrx_word' id='word_1_888' title='bbox 2055 5624 2323 5678; x_wconf 88' lang='lat' dir='ltr'><strong>hominem</strong></span> <span class='ocrx_word' id='word_1_889' title='bbox 2347 5618 2490 5673; x_wconf 89' lang='lat' dir='ltr'><strong>enim</strong></span> <span class='ocrx_word' id='word_1_890' title='bbox 2522 5630 2645 5671; x_wconf 89' lang='lat' dir='ltr'><strong>eum</strong></span> <span class='ocrx_word' id='word_1_891' title='bbox 2665 5628 2856 5669; x_wconf 90' lang='lat' dir='ltr'><strong>omnes</strong></span> <span class='ocrx_word' id='word_1_892' title='bbox 2877 5620 3000 5666; x_wconf 84' lang='lat' dir='ltr'><strong>tunc</strong></span> <span class='ocrx_word' id='word_1_893' title='bbox 3024 5610 3284 5679; x_wconf 62' lang='lat' dir='ltr'><strong>temporis</strong></span> <span class='ocrx_word' id='word_1_894' title='bbox 3309 5606 3647 5662; x_wconf 65' lang='lat' dir='ltr'><strong>aestimabant</strong></span> 
     </span>
    </p>
   </div>
   <div class='ocr_carea' id='block_1_116' title="bbox 2125 5770 2843 5841">
    <p class='ocr_par' dir='ltr' id='par_1_116' title="bbox 2125 5770 2843 5841">
     <span class='ocr_line' id='line_1_116' title="bbox 2125 5770 2843 5841; baseline -0.022 -5"><span class='ocrx_word' id='word_1_895' title='bbox 2125 5784 2145 5815; x_wconf 85' lang='grc'>³</span> <span class='ocrx_word' id='word_1_896' title='bbox 2178 5781 2319 5836; x_wconf 85' lang='lat' dir='ltr'><strong>idem</strong></span> <span class='ocrx_word' id='word_1_897' title='bbox 2350 5773 2503 5841; x_wconf 89' lang='lat' dir='ltr'><strong>cod.,</strong></span> <span class='ocrx_word' id='word_1_898' title='bbox 2538 5770 2674 5825; x_wconf 82' lang='lat' dir='ltr'><strong>Hinc</strong></span> <span class='ocrx_word' id='word_1_899' title='bbox 2702 5783 2843 5837; x_wconf 85' lang='lat' dir='ltr'><strong>ergo.</strong></span> 
     </span>
    </p>
   </div>
  </div>
