4094 6474
475 260 580 316 τ’ιὸ

1561 234 1860 291 ΓΑΟΙῘΝΒΞ
1908 233 2129 288 EPISC.
2177 229 2692 286 liEMiiANENSiS

3697 239 3805 298 7M

467 389 616 440 esse,
647 380 701 427 et
723 339 952 439 amplius
983 365 1136 421 nihil.
1169 362 1319 431 Quod
1347 361 1488 417 enim
1512 361 1564 415 in
1592 360 1684 414 illo
1717 358 1940 420 latebat,
1967 370 2087 409 om-
2116 355 2159 410 Λ
2198 372 2216 405 ι
2257 355 2536 411 Proximus
2573 358 2737 411 etiam
2786 357 3026 428 passimii
3083 357 3149 412 ad
3194 357 3496 428 discipulos
3544 356 3809 419 Dominus

476 467 640 523 nibus
671 472 788 520 erat
818 459 1135 517 incredibile
1155 456 1333 525 priore
1363 464 1633 521 tempore;
1664 450 1757 505 sed
1785 465 1851 504 ex
1882 446 2089 516 magni-

476 559 666 615 tudine
694 567 879 610 eorum
908 565 1032 621 quae
1054 549 1200 603 circa
1231 546 1374 599 illum
1410 544 1728 614 agebantur,
1757 550 1813 595 et
1857 539 2096 592 novitate

484 646 898 709 miraculorum,
947 652 1284 712 quaecunque
1339 637 1403 690 ad
1445 635 1749 690 doctrinam
1798 630 2094 684 videntium

485 740 775 806 efﬁciebat,
813 745 867 791 et
891 750 957 789 ex
989 733 1158 804 gratia
1191 731 1364 787 sancti
1391 729 1624 798 Spiritus
1645 725 1733 796 qui
1767 738 1932 794 super
1964 735 2095 791 apo-

478 833 652 886 stolos
677 829 856 892 venit,
888 827 1203 882 intellectus
1232 834 1312 877 est
1345 831 1530 892 prstea
1570 827 1626 874 et
1660 816 1900 872 creditus
1941 827 2102 869 verus

488 928 656 984 lteus,
683 919 1047 976 essentialiter
1079 926 1299 973 exstans
1349 915 1512 968 Filius
1554 926 1715 968 verus
1749 909 1845 964 Dei
1886 906 2098 962 aitet-ni.

489 1016 757 1084 Quoniam
808 1028 936 1067 vero
985 1012 1036 1064 in
1083 1010 1266 1080 priore
1308 1015 1552 1074 tempore
1604 987 1954 1074 ignorabatur
2001 1001 2104 1053 hoc

495 1082 796 1162 secundum
826 1102 1118 1158 essentiam
1147 1108 1383 1164 exstare,
1410 1113 1475 1151 ex
1523 1111 1587 1149 eo
1619 1101 1796 1147 autem
1834 1091 1976 1162 quod
2013 1107 2106 1160 ap-

493 1199 720 1270 parebat
749 1195 1056 1250 videntibus
1086 1193 1248 1246 homo
1279 1204 1441 1260 purus
1470 1187 1778 1259 putabatur,
1810 1184 2106 1241 secundum

497 1293 770 1345 hominem
803 1290 1080 1358 pleraque,
1110 1296 1164 1341 et
1192 1283 1488 1341 secundum
1511 1297 1628 1336 eam
1659 1295 1776 1351 quae
1809 1278 2110 1348 apparebat

497 1395 753 1439 naturam
784 1382 1129 1448 loquebatur.
1166 1378 1232 1432 Et
1261 1375 1379 1430 haec
1408 1391 1472 1428 ex
1505 1374 1586 1427 his
1619 1387 1739 1440 qua:
1773 1370 1824 1423 in
1869 1371 2111 1438 EVange-

509 1479 579 1531 lio
616 1476 816 1542 scripta
850 1484 975 1528 sunt
1005 1471 1180 1542 quivis
1213 1467 1452 1522 inveniet
1476 1463 1912 1519 animadvertens
1937 1469 2112 1514 attin-

505 1572 635 1626 tius.
675 1589 694 1620 θ
734 1569 968 1623 Putasne
993 1566 1130 1636 jam,
1155 1560 1580 1618 clementissime
1615 1557 1931 1626 imperator,
1982 1555 2113 1611 sub-

507 1672 716 1733 reptum
747 1662 847 1716 sibi
868 1663 884 1693 ί
909 1666 1262 1731 cognoscunt,
1296 1656 1384 1726 qui
1409 1653 1613 1709 dolosis
1646 1649 2113 1723 impugnatoiibus

2201 449 2374 504 dixit:
2409 449 2468 503 Si
2497 466 2579 503 me
2606 450 2825 513 sciretis,
2861 449 3034 520 utique
3060 460 3105 502 et
3138 447 3345 503 Patrem
3389 467 3557 504 meum
3605 453 3813 507 sciretis

2205 539 2384 613 (Joan.
2419 557 2532 605 vin,
2566 541 2647 611 l9)
2672 559 2684 604 ;
2709 554 2761 596 et
2787 541 2853 597 ad
2881 541 3216 611 Philippum:
3253 542 3419 596 Tanto
3450 554 3670 616 tempore
3717 561 3816 600 ro-

2206 635 2399 686 biscum
2425 651 2560 698 sum,
2593 643 2638 686 et
2663 651 2765 687 non
2794 634 3104 704 coqnovistis
3129 637 3246 689 me?
3279 635 3542 704 Philippe,
3569 639 3650 707 qui
3668 638 3818 692 videt

2207 743 2304 790 me,
2337 727 2468 780 ridet
2493 741 2538 782 et
2568 725 2775 781 Putrem
2818 743 2985 781 meum
3011 727 3191 799 (Joan.
3233 743 3344 795 xw,
3385 730 3462 800 9).
3506 730 3818 787 Ostendcns

2207 822 2458 889 quoniam
2492 836 2663 890 neque
2690 819 2927 874 divinam
2955 831 3200 874 naturam
3233 821 3476 877 sciebant
3508 822 3805 890 Unigeniti,

2210 927 2384 980 neque
2413 914 2580 967 Deum
2633 912 2879 966 sciebant
2920 927 3104 967 verum
3145 912 3385 970 Patrem.
3439 914 3590 970 Unde
3638 929 3818 984 neque

2210 1004 2481 1058 dii-entcm
2514 1003 2580 1058 de
2615 1004 2833 1073 prOprio
2874 1003 3034 1059 Patre
3063 1006 3228 1060 velu;i
3276 1006 3344 1062 de
3381 1006 3493 1060 Deo
3542 1007 3815 1062 dmentem

2213 1099 2556 1166 aliquatenus
2583 1097 2961 1166 advertebant,
2995 1098 3089 1151 sed
3119 1097 3290 1151 divisa
3323 1097 3676 1167 intelligentia
3723 1113 3819 1152 ea-

2213 1191 2334 1243 dem
2381 1191 2494 1260 ipsa
2529 1189 2783 1259 putabant
2829 1190 2990 1244 etiam
3026 1189 3137 1244 illa.
3173 1189 3309 1244 llinc
3347 1190 3513 1244 etiam
3554 1190 3820 1246 adductus

2213 1295 2298 1339 εει
2327 1283 2606 1353 Philippus
2628 1283 2696 1338 ad
2719 1283 3005 1338 dicendum
3031 1300 3045 1336 :
3079 1283 3304 1337 Ostende
3333 1283 3477 1337 nobis
3511 1283 3736 1341 I’atrcm,
3771 1292 3822 1337 ct

2213 1379 2394 1449 snﬂicit
2424 1378 2567 1432 nobis
2595 1377 2787 1445 (lbid.,
2821 1377 2896 1448 8).
2942 1377 2997 1433 Si
3040 1376 3184 1432 enim
3221 1377 3385 1432 sciret
3435 1377 3640 1445 inte-gre
3695 1378 3819 1444 quia

2219 1473 2430 1528 Patrem
2460 1486 2616 1527 suum
2640 1473 2660 1502 ³
2682 1470 2896 1526 dicebat
2918 1485 3040 1526 eum
3070 1471 3160 1540 qui
3191 1485 3375 1524 revera
3407 1468 3526 1539 ejus
3554 1477 3700 1523 esset
3725 1469 3820 1521 l‘a-

2219 1571 2322 1628 ter,
2356 1577 2420 1616 ex
2453 1576 2560 1632 quo
2589 1571 2707 1616 erat
2731 1575 2861 1616 vere
2901 1561 3041 1629 sicut
3089 1562 3229 1616 Dens
3256 1575 3323 1616 ex
3360 1558 3492 1624 Deo,
3545 1573 3823 1627 nunquam

2217 1655 2478 1712 dixisset:
2501 1654 2738 1710 Ostende
2761 1653 2916 1708 nobis
2934 1653 3144 1708 Patrem
3162 1664 3333 1717 tuum,
3352 1656 3488 1710 bene
3501 1653 3676 1708 sciens
3697 1653 3824 1722 quia

504 1755 963 1811 Chalcedonensis
1016 1750 1209 1823 synodi
1279 1746 1661 1810 crediderunt,
1714 1754 1772 1798 ut
1841 1742 1907 1797 ad
1993 1742 2188 1812 ejusB
2218 1747 2506 1803 invisibilis
2525 1757 2611 1803 est
2637 1746 2947 1803 hominibus
2971 1747 3154 1802 divina
3179 1757 3388 1801 natura.
3414 1745 3824 1817 Consequenter

509 1849 935 1904 destructionem
967 1845 1342 1931 Theodorum,
1379 1843 1530 1900 velut
1566 1839 1873 1896 Nestoriani
1916 1838 2123 1894 erroris
2226 1843 2406 1910 itaque
2430 1850 2486 1895 et
2514 1839 2772 1894 Dominus
2799 1840 2938 1894 dixit
2963 1839 3032 1894 ad
3062 1840 3251 1894 illum:
3285 1839 3452 1893 Tanto
3487 1849 3715 1908 tempore
3741 1856 3825 1893 ro—

507 1948 808 2004 auctorem,
856 1928 1112 2005 putarent
1167 1951 1291 1989 esse
1338 1931 1739 1988 damnandum?
1787 1928 1924 1998 Quid
1976 1929 2119 1983 enim
2229 1933 2420 1988 biscum
2447 1948 2581 1995 sum,
2618 1929 2859 2001 Philippe
2877 1932 2918 1997 ³,
2963 1943 3006 1987 et
3058 1949 3163 1986 non
3205 1933 3507 2003 cognovistis
3548 1949 3646 1998 me,
3697 1930 3825 1986 Phi-

515 2031 898 2094 examinatius,
933 2031 1017 2084 vel
1067 2028 1193 2096 quid
1241 2027 1495 2082 subtilius
1538 2033 1728 2079 contra
1771 2021 2122 2077 Nestorianos
2224 2027 2398 2096 Ιίρρεῖ)
2426 2025 2578 2081 Velle
2604 2026 2750 2080 enim
2792 2023 3007 2079 Patrem
3045 2025 3250 2091 videre,
3285 2024 3540 2078 indicium
3581 2034 3702 2079 erat
3751 2037 3822 2077 eo

520 2123 748 2178 inveniri
776 2137 806 2176 a
834 2121 1111 2176 catholicis
1141 2126 1339 2190 potest,
1373 2133 1530 2188 quam
1560 2125 1620 2170 ut
1644 2115 1854 2170 dicatur
1874 2112 2120 2168 Christus
2224 2119 2370 2188 quod
2396 2132 2569 2186 neque
2596 2119 2770 2186 ipsum
2802 2120 2965 2178 sciret
2995 2117 3115 2186 quis
3139 2131 3284 2172 esset
3325 2117 3621 2172 secundum
3670 2128 3828 2170 nam-

524 2221 665 2290 quod
699 2220 838 2274 Deus
866 2227 981 2272 erat
1011 2226 1066 2270 et
1097 2215 1280 2282 homo,
1313 2222 1367 2269 et
1388 2221 1677 2282 utrumque
1707 2208 2000 2265 secundum
2028 2223 2120 2263 na—

519 2326 695 2372 turam
739 2309 1022 2366 similiter?
1057 2309 1173 2364 Non
1201 2308 1352 2378 quasi
1383 2306 1547 2361 homo
1576 2314 1779 2360 tantum
1824 2303 2117 2359 secundum

517 2420 786 2467 naturam,
820 2405 959 2457 lteus
983 2416 1113 2456 vero
1144 2400 1237 2454 Dei
1262 2399 1477 2464 similis,
1508 2397 1561 2452 id
1585 2405 1669 2453 est
1694 2395 1989 2452 secundum
2026 2411 2118 2451 re-

515 2497 773 2554 lationem
819 2479 1116 2565 dignitatis,
1168 2492 1250 2547 vel
1297 2491 1674 2546 auctoritatem
1715 2504 1983 2560 personte,
2032 2489 2118 2545 vel

524 2589 709 2658 gratia
757 2585 1244 2656 nuncupationem,
1305 2582 1446 2654 quod
1494 2584 1667 2637 solum
1723 2581 1904 2636 dicere
1957 2581 2117 2635 iidem

517 2679 822 2737 Nestoriaui
853 2678 1060 2743 solent;
1091 2677 1184 2731 sed
1212 2684 1499 2743 utrumque
1525 2673 1820 2728 secundum
1870 2681 2118 2726 naturam

519 2785 576 2829 et
606 2773 857 2828 similiter
888 2779 971 2825 est
1003 2786 1138 2824 unus
1160 2767 1405 2822 Christus
1448 2769 1497 2821 in
1552 2776 1779 2836 utroque
1806 2786 1817 2822 :
1853 2782 1919 2820 ex
1950 2765 2121 2821 altero

522 2880 810 2935 apparens,
837 2879 901 2918 ex
934 2862 1104 2916 altero
1135 2876 1286 2923 vero,
1322 2869 1379 2913 ttt
1409 2870 1531 2928 pote
1555 2858 1850 2913 secundum
1876 2857 2117 2913 divinam

521 2970 804 3019 naturam,
859 2954 1146 3010 invisibilis
1197 2963 1440 3008 exstans.
1498 2952 1760 3005 Etmnlem
1807 2967 1976 3023 ergo,
2030 2951 2118 3019 qui

520 3061 811 3119 utrumque
880 3056 1000 3111 est,
1050 3056 1099 3100 et
1156 3044 1420 3110 visibilem
1479 3055 1532 3099 et.
1573 3044 1896 3099 invisibilem
1940 3044 2121 3100 Theo-

2227 2224 2365 2274 ram,
2399 2223 2574 2279 neque
2602 2222 2761 2278 quem
2791 2207 2996 2264 diceret
3033 2209 3249 2262 Patrem
3276 2221 3417 2273 esse,
3446 2206 3611 2262 Filius
3645 2222 3715 2262 ex
3761 2223 3827 2261 co

2223 2311 2466 2358 exstans.
2498 2303 2564 2359 Et
2607 2303 2858 2372 aperiens
2903 2302 3004 2357 hoc
3053 2303 3228 2373 ipsum
3283 2301 3519 2357 addidit:
3551 2301 3650 2369 Qui
3691 2303 3828 2355 videt

2225 2412 2326 2465 me,
2359 2395 2493 2450 videt
2523 2405 2571 2450 et
2601 2393 2836 2449 Patrem.
2869 2395 2924 2450 Si
2945 2395 3087 2450 enim
3112 2395 3457 2465 cognoveris,
3484 2394 3674 2464 inquit,
3707 2393 3830 2461 quis

2224 2489 2350 2557 sim,
2392 2503 2690 2560 cognosces
2719 2499 2774 2544 et
2803 2488 2984 2552 i!lum,
3033 2489 3328 2544 secundum
3371 2486 3511 2558 quod
3567 2485 3832 2557 possibife

2224 2592 2328 2647 est,
2362 2595 2457 2649 per
2479 2596 2564 2635 uie
2592 2581 2964 2648 contemplans
3007 2579 3182 2634 Patris
3215 2590 3483 2641 naturam,
3519 2577 3674 2646 cujus
3709 2590 3830 2631 sunt

2226 2672 2396 2728 Filius
2423 2688 2494 2728 ex
2527 2673 2646 2742 ipso
2677 2681 2896 2727 exstans
2924 2670 3218 2726 secundum
3249 2668 3567 2734 essentiam,
3595 2677 3650 2722 et
3679 2668 3833 2736 ejus-

2225 2768 2348 2824 dem
2379 2782 2500 2822 cum
2533 2767 2624 2822 illo
2649 2776 2869 2824 exstans
2892 2767 3164 2822 essentne.
3191 2765 3453 2833 Quoniam
3476 2776 3607 2818 vero
3650 2763 3834 2818 nescis

2227 2877 2338 2930 me,
2395 2878 2572 2931 neque
2617 2861 2829 2916 Patrem
2876 2876 3054 2915 memn
3097 2859 3204 2914 scis
3246 2873 3404 2929 quem
3435 2857 3586 2921 dico;
3629 2870 3835 2927 cogno-

2225 2971 2388 3010 Scens
2423 2965 2602 3010 autem
2636 2969 2741 3021 me,
2776 2969 3074 3023 cognosces
3115 2961 3169 3010 et
3216 2952 3428 3009 Patrem
3479 2966 3637 3020 quem
3687 2949 3832 3005 dixi:

2231 3068 2318 3106 me
2349 3050 2546 3104 videns
2580 3049 3036 3117 contemplatione
3069 3047 3455 3116 itttclligcntim,
3489 3061 3585 3116 per
3617 3061 3707 3101 me
3755 3047 3838 3100 vi-

523 3142 685 3197 dorus
718 3140 1023 3203 conﬁtetur,
1048 3140 1149 3192 hoc
1171 3154 1383 3208 quoque
1409 3136 1709 3208 ailjiciens:
1745 3155 1762 3187 ι
1794 3137 2118 3194 Eratautem
2150 3153 2195 3214 ρ
2232 3143 2384 3198 dehis
2441 3143 2662 3196 omnino
2718 3141 2883 3196 etiam
2931 3141 3102 3195 illum.
3153 3138 3375 3202 Addidit
3420 3138 3580 3194 etiam
3611 3155 3626 3191 :
3663 3137 3838 3208 Usque

525 3253 687 3290 unum
719 3236 968 3289 omnibus
998 3233 1362 3297 manifestum,
1391 3242 1445 3286 ut
1471 3241 1592 3298 pote
1614 3231 1754 3300 quod
1787 3233 2080 3300 apparebat
2109 3251 2121 3286 :

534 3328 808 3381 hominem
849 3332 992 3380 enim
1026 3341 1148 3380 eum
1186 3340 1373 3378 omnes
1419 3333 1543 3378 tunc
1585 3323 1845 3393 temporis
1893 3326 2128 3378 aestima-

529 3421 658 3476 bant
687 3435 828 3485 csse,
853 3429 906 3473 et
933 3418 1162 3489 amplius
1185 3417 1341 3494 nihil.
1376 3418 1524 3483 Quod
1549 3418 1690 3470 enim
1712 3417 1764 3472 in
1791 3417 1881 3472 illo
1905 3417 2124 3482 latebat,

526 3501 775 3566 omnibus
798 3519 913 3566 erat
939 3510 1254 3565 incredibile
1286 3511 1463 3580 priore
1497 3522 1758 3580 tempore.
1793 3530 1812 3562 ι
1843 3511 2128 3576 Quomodo

527 3607 706 3675 itaque
737 3605 936 3658 dicitur
965 3606 1065 3660 iste
1095 3605 1236 3675 quod
1267 3605 1538 3659 hominem
1569 3605 1941 3660 tantummodo
1971 3614 2127 3672 puta-

527 3701 665 3754 verit
694 3699 988 3762 Christum,
1023 3707 1078 3753 et
1111 3697 1341 3768 amplius
1373 3698 1524 3761 nihl,
1558 3713 1679 3753 cum
1707 3699 1822 3766 ipse
1851 3698 1953 3751 hoc
1978 3700 2129 3766 igno-

527 3792 717 3844 rantiae
757 3791 999 3858 deputet,
1044 3789 1188 3858 quod
1238 3788 1340 3843 hoc
1379 3788 1523 3842 illius
1572 3789 1831 3856 temporis
1882 3788 2130 3841 homines

528 3882 884 3944 πξειίιιιξιτοιιῑ,
918 3889 974 3936 et
1003 3879 1082 3934 eis
1119 3888 1266 3934 esset
1303 3880 1616 3935 incredibile
1643 3879 1786 3948 quod
1821 3880 1872 3932 in
1907 3895 1972 3933 eo
1999 3879 2131 3934 late—

529 3972 656 4027 bat?
685 3972 776 4040 qui
807 3971 967 4026 etiam
1002 3985 1070 4024 ex
1101 3969 1470 4039 magnitudine
1513 3969 1922 4034 miraculorum,
1957 3980 2014 4026 et
2063 3987 2129 4026 ex

531 4066 705 4134 gratia
736 4064 909 4119 sancti
942 4062 1177 4133 Spiritus
1218 4078 1382 4132 super
1415 4065 1688 4132 aposto‘os
1727 4063 2127 4133 descendentis,

531 4157 862 4212 intellectum
889 4173 1010 4211 eum
1035 4171 1154 4211 esse
1174 4163 1358 4226 postea
1391 4165 1445 4210 et
1466 4156 1727 4230 creditum
1750 4174 1936 4213 verum
1960 4158 2128 4213 Deum

530 4247 887 4303 essentialiter
941 4255 1241 4303 exstantem
1287 4248 1482 4302 Filium
1551 4265 1734 4303 verum
1794 4251 1885 4303 Dei
1937 4249 2132 4306 mterni

532 4343 751 4396 fatetur.
779 4339 916 4407 Quid
944 4356 1070 4410 ergo
1095 4341 1357 4397 dicimus?
1385 4340 1621 4411 nunquid
1666 4342 1880 4397 videtur
1924 4343 2130 4398 intelli-

536 4432 786 4501 gentibus
844 4432 1123 4500 credibile,
1177 4441 1236 4487 ut
1281 4433 1425 4503 quod
1470 4433 1805 4490 intellectum
1849 4444 2030 4506 postea
2078 4446 2134 4492 ct

2234 3252 2370 3289 nunc
2394 3237 2524 3289 nihil
2553 3235 2746 3304 petistis
2789 3235 2838 3287 in
2886 3235 3091 3288 nomine
3126 3249 3235 3288 nteo
3265 3232 3445 3304 (loan.
3477 3248 3588 3297 xvi,
3619 3225 3736 3302 23').
3769 3233 3841 3288 Et

2233 3331 2483 3398 aperiens
2513 3330 2765 3400 quoniam
2801 3327 3028 3382 necdum
3061 3327 3298 3381 divinam
3331 3336 3575 3382 naturam
3603 3327 3724 3397 eius
3750 3328 3838 3380 in-

2235 3423 2561 3490 tt-liigentes,
2609 3436 2781 3489 neque
2837 3420 3112 3474 orationes
3151 3421 3199 3474 ei
3249 3419 3549 3476 offerebant
3587 3429 3644 3474 ut
3701 3420 3839 3489 Deo,

2236 3530 2409 3584 neque
2451 3513 2735 3580 petitiones
2778 3513 2982 3582 aliquas
3035 3514 3086 3566 in
3127 3513 3247 3580 eius
3283 3512 3501 3567 nomine
3538 3510 3838 3575 faciebant,

2233 3606 2371 3660 sicut
2417 3607 2701 3672 oportebat
2746 3605 2922 3672 facere
2966 3606 3017 3658 in
3057 3604 3274 3660 nomine
3323 3602 3418 3659 Dei
3463 3603 3733 3659 exSIantis
3783 3611 3844 3658 et

2239 3697 2355 3751 Filii
2389 3697 2482 3751 Dei
2517 3696 2792 3750 omnium:
2825 3705 2876 3750 et
2899 3696 3016 3765 quin
3051 3706 3271 3765 propter
3294 3695 3428 3750 hanc
3457 3709 3645 3752 eorum
3685 3697 3846 3751 intir-

2236 3791 2476 3844 mitatem
2525 3790 2578 3844 in
2622 3789 3067 3845 similitudini-bus
3105 3791 3173 3845 de
3212 3791 3366 3846 Patre
3395 3788 3737 3862 loquebatur,
3770 3807 3847 3848 eo

2235 3885 2374 3949 quod
2401 3897 2576 3952 neque
2609 3883 2682 3936 illi
2718 3892 3006 3951 potuerunt
3037 3883 3243 3953 inteng
3278 3884 3418 3938 scire
3445 3899 3507 3938 ea
3535 3898 3657 3953 qua:
3687 3884 3845 3940 dice-

2235 3985 2444 4040 rentur,
2491 3975 2577 4028 vel
2619 3975 2687 4028 de
2725 3991 2834 4045 quo
2863 3975 3067 4028 diceret
3113 3987 3284 4042 patre,
3333 3975 3418 4030 vel
3460 3958 3695 4046 qualiter
3739 3993 3844 4031 ex-

2236 4077 2435 4134 stante,
2467 4067 2644 4122 adhuc
2685 4067 2925 4136 apertius
2974 4066 3262 4122 indicatur.
3316 4066 3456 4123 Dixit
3485 4069 3669 4123 enim:
3710 4068 3850 4123 "(re

2232 4165 2288 4216 in
2320 4160 2579 4230 parabolis
2604 4162 2805 4215 locutus
2826 4176 2941 4214 sum
2968 4161 3108 4215 vobis
3134 4177 3152 4214 :
3182 4161 3313 4215 venit
3344 4154 3472 4215 hora
3500 4160 3715 4231 quando
3741 4179 3848 4217 non

2227 4259 2342 4326 jam
2365 4255 2417 4308 in
2446 4253 2708 4323 parabolis
2739 4254 2918 4322 loquar
2942 4253 3098 4317 vobis,
3133 4256 3223 4308 sed
3266 4255 3540 4322 manifeste
3574 4254 3638 4308 de
3683 4253 3849 4308 Patre

2234 4348 2551 4402 annuntiabo
2570 4347 2710 4402 vobis
2740 4346 2927 4416 (lbid.,
2957 4347 3071 4417 25).
3101 4347 3239 4414 Quid
3261 4359 3440 4403 autem
3463 4357 3576 4404 erat
3603 4348 3750 4418 quod
3775 4351 3850 4404 de

2240 4442 2396 4497 Patre
2427 4454 2534 4495 non
2567 4439 2854 4495 manifeste
2880 4439 3118 4503 dixerat,
3168 4441 3273 4496 nisi
3304 4441 3427 4510 quia
3470 4455 3654 4496 revera
3701 4441 3842 4495 divi-

534 4523 799 4578 ereditum
829 4539 949 4578 esse
979 4525 1183 4590 docuit,
1213 4526 1328 4594 ipse
1365 4541 1464 4582 nec
1491 4526 1839 4596 intellexerit,
1866 4543 1967 4584 nec
2011 4544 2127 4584 creo
2161 4544 2206 4604 ι)
2234 4550 2356 4592 nam
2401 4541 2650 4589 naturam
2692 4531 2964 4602 Unigeniti
3011 4532 3347 4598 nesciebant,
3379 4547 3446 4588 ex
3475 4547 3581 4602 quo
3611 4546 3847 4603 possent

535 4616 768 4672 diderit?
793 4616 861 4671 Et
889 4616 1122 4685 amplius
1156 4617 1255 4672 hoc
1285 4619 1457 4687 ipsum
1492 4621 1644 4688 quasi
1694 4629 1880 4675 contra
1923 4621 2129 4676 calum-

537 4711 778 4765 niatores
809 4724 947 4780 quos
974 4709 1196 4780 patitur,
1229 4721 1478 4781 repetens
1501 4725 1556 4770 et
1578 4714 1890 4770 inculcans:
1928 4734 1950 4770 ι
1986 4716 2132 4784 Quo-

536 4804 678 4859 niam
701 4818 848 4870 vero,
880 4804 1086 4886 inquit,
1109 4803 1163 4859 in
1193 4805 1374 4874 priore
1397 4815 1640 4877 tempore
1661 4807 2008 4879 ignorabatur
2031 4810 2132 4863 hoc

537 4898 832 4955 secundum
863 4899 1155 4954 essentiam
1184 4906 1434 4967 exstare;
1463 4916 1533 4956 ex
1573 4916 1639 4957 eo
1667 4910 1844 4956 autem
1873 4903 2014 4973 quod
2039 4919 2133 4974 ap-

539 4990 763 5058 parebat
793 4989 1123 5057 videntibus,
1175 4990 1335 5047 homo
1377 5009 1542 5062 purus
1585 4994 1908 5063 putabatur:
1939 5009 2132 5051 secun-

538 5081 676 5135 dum
698 5081 971 5136 hominem
1013 5081 1289 5152 pleraque,
1323 5093 1374 5138 et
1411 5084 1708 5139 secundum
1747 5101 1867 5141 eam
1906 5101 2010 5156 qua
2042 5067 2142 5156 ap:

540 5173 763 5242 parebat
813 5185 1058 5228 naturam
1110 5175 1466 5246 loquebatur?
1520 5195 1539 5227 ›
1599 5177 1920 5248 Ignorantia:
1971 5179 2136 5234 fuisse

542 5268 738 5321 iterum
771 5266 980 5338 dicens,
1011 5268 1153 5337 quod
1181 5284 1286 5324 non
1333 5269 1729 5340 intelligebatur
1758 5271 2004 5328 Christus
2053 5289 2137 5329 se-

537 5362 774 5414 cundum
826 5363 1112 5417 essentiam
1161 5362 1342 5430 Deus,
1399 5365 1494 5420 sed
1554 5367 1716 5422 homo
1764 5371 2138 5424 tantummodo

541 5468 725 5523 purus,
753 5456 840 5524 qui
865 5470 970 5510 non
999 5459 1160 5512 etiam
1192 5467 1334 5514 esset
1366 5459 1526 5526 Deus,
1559 5471 1610 5514 et
1646 5459 1747 5516 hoc
1778 5438 1892 5529 ipse
1915 5460 2131 5530 tingitur

541 5547 848 5614 ignorasse?
905 5547 1003 5615 Qui
1066 5560 1184 5618 post
1242 5551 1509 5620 aliquanta
1566 5554 1641 5607 sic
1707 5555 1896 5608 iterum
1960 5555 2127 5610 dicit:

616 5679 630 5708 ¹
664 5679 796 5730 Coti.
832 5680 1053 5742 Vrrorn,
1087 5684 1178 5736 sibi
1206 5687 1359 5747 fuisse
1390 5703 1722 5745 roanosrzut.

611 5748 633 5778 ²
663 5749 806 5804 idem
835 5757 981 5819 co.i.,
1018 5771 1162 5808 suum
1193 5755 1376 5812 Deum.
1450 5748 1466 5758 ν

2238 4631 2448 4686 discere
2479 4628 2645 4690 Deum
2673 4625 2915 4692 Patrem,
2947 4624 3036 4696 qui
3063 4639 3130 4680 ex
3159 4634 3311 4681 certo
3336 4625 3455 4695 ejus
3481 4637 3624 4682 esset
3657 4626 3848 4689 Pater,

2240 4730 2299 4779 ut
2324 4723 2465 4778 Dens
2489 4720 2583 4776 Dei
2612 4735 2678 4774 ex
2724 4733 2792 4774 eo
2834 4720 2944 4773 nati
2985 4718 3284 4775 secundum
3317 4718 3643 4775 essentiam?
3669 4719 3851 4789 Cujus

2241 4816 2317 4872 rei
2349 4813 2527 4885 gratia
2551 4826 2646 4882 per
2673 4809 3056 4888 similitudines
3082 4809 3164 4866 eis
3191 4811 3260 4866 de
3287 4809 3452 4867 Patre
3480 4810 3805 4881 loquebatur
3833 4830 3849 4866 :

2241 4922 2385 4964 nunc
2429 4906 2648 4978 quidem
2682 4904 2904 4960 nomine
2948 4911 3159 4958 tantum
3195 4902 3337 4974 apud
3377 4917 3475 4960 eos
3509 4914 3691 4970 utens,
3721 4904 3853 4972 eius

2239 5009 2418 5056 autem
2451 5013 2635 5054 veram
2677 4997 3085 5069 intelligentiam
3130 4999 3182 5052 in
3214 5006 3490 5068 posterum
3523 4998 3628 5053 illis
3663 5013 3852 5054 reser-

2241 5106 2372 5146 vans
2401 5091 2634 5154 edicere,
2667 5089 2882 5159 quando
2908 5103 3004 5144 eos
3046 5089 3219 5160 gratia
3250 5089 3480 5159 Spiritus
3520 5092 3689 5146 sancti
3721 5105 3850 5159 qua:

2241 5201 2402 5255 super
2444 5202 2538 5241 eos
2579 5185 2748 5252 venit,
2785 5184 3073 5240 instituens
3107 5184 3487 5254 perceptibiics
3537 5195 3700 5240 tanta
3731 5185 3843 5239 da-

2241 5280 2429 5334 etrinre
2457 5277 2760 5348 perficeret.
2794 5277 3018 5347 Propter
3054 5277 3158 5333 hoc
3202 5277 3366 5334 etiam
3415 5277 3531 5346 ipse
3577 5276 3852 5331 Dominus

2245 5373 2298 5427 in
2327 5373 2517 5427 eodem
2551 5372 2668 5440 ipso
2698 5385 2950 5425 sermone
2984 5369 3258 5436 proximus
3291 5368 3550 5438 passioni,
3587 5377 3642 5422 ut
3692 5368 3849 5420 inﬁr-

2243 5464 2483 5518 mitatem
2517 5477 2703 5517 eorum
2727 5462 3056 5527 ostenderet,
3089 5460 3232 5514 unde
3274 5470 3494 5528 possent
3536 5459 3846 5513 doctrinam

2245 5556 2619 5627 perfectiorcm
2664 5568 2966 5618 assumere,
3016 5553 3267 5608 dicebat:
3297 5553 3466 5606 Multa
3511 5551 3669 5605 habeo
3701 5553 3847 5606 vobis

2317 5694 2336 5723 ⁸
2371 5694 2423 5745 In
2453 5693 2641 5746 eodem
2683 5692 2803 5746 eod.
2849 5691 2998 5745 deest
3047 5687 3320 5761 Philippe;
3376 5688 3529 5743 deest
3574 5686 3732 5741 etiam
3787 5685 3841 5741 in

2249 5776 2394 5820 texta
2427 5764 2646 5819 ,Ιιςυιιιίίε
2673 5778 2791 5834 Cap.
2828 5779 2934 5819 inv.
2970 5777 3112 5817 vers.
3147 5765 3199 5816 ‘J.
