4094 6636
313 521 416 579 7ιὸ

306 727 476 784 dicis?
495 727 616 796 quia
645 740 753 782 non
781 725 1008 795 potestis
1033 723 1190 778 modo
1212 731 1428 792 portare
1454 737 1470 776 :
1505 736 1610 776 non
1639 718 1905 783 invidens,

309 820 402 875 sed
431 818 553 889 quia
583 832 691 873 non
723 817 971 872 sufﬁcitis
1003 814 1067 869 ad
1097 814 1358 884 majorem
1389 827 1568 868 rerum
1604 811 1908 882 perceptio-

313 926 455 977 nem,
490 911 759 966 infirmius
786 910 962 965 adhuc
992 907 1189 971 allecti,
1215 922 1372 976 quam
1396 913 1453 960 ut
1474 905 1661 960 horum
1685 905 1905 974 dogma-

316 1015 428 1062 tum
459 1003 820 1074 integritatem
853 1003 1066 1072 possitis
1097 1000 1330 1056 edoceri.
1375 997 1600 1065 Quando
1641 1012 1770 1068 ergo
1817 1011 1909 1066 po-

314 1106 512 1162 terunt,
532 1097 612 1152 vel
638 1097 814 1152 unde?
842 1096 1060 1162 Quando
1086 1095 1276 1149 venerit
1297 1093 1386 1147 ille
1406 1091 1633 1162 Spiritus
1656 1092 1905 1158 veritatis,

311 1190 513 1244 inducet
542 1205 627 1243 vos
654 1189 708 1241 in
749 1204 952 1242 omnem
975 1186 1238 1240 veritatem
1279 1182 1466 1254 (Ibid.,
1501 1182 1613 1253 15).
1647 1184 1911 1252 Superve-

317 1282 427 1336 niet
454 1280 597 1334 enim
635 1293 800 1348 super
836 1293 932 1334 vos
977 1276 1212 1346 Spiritus
1239 1277 1409 1331 sancti
1455 1275 1650 1345 gratia,
1698 1290 1764 1328 ex
1806 1289 1909 1343 qua

318 1378 568 1425 cunctam
609 1369 918 1439 dogmatnm
960 1367 1310 1422 subtilitatem
1345 1364 1738 1435 cognoscitis“.
1775 1364 1908 1417 Pro-

325 1460 451 1516 inde
481 1460 526 1514 si
557 1459 893 1514 divinitatem
931 1458 1200 1529 Unigeniti
1235 1459 1579 1522 docerentur,
1609 1464 1662 1510 et
1695 1456 1908 1510 Patrem

320 1553 484 1608 Deum
517 1553 701 1622 utique
737 1553 1084 1618 docerentur,
1127 1561 1184 1606 ut
1227 1560 1350 1621 pote
1379 1550 1471 1606 Dei
1514 1550 1635 1606 Filii
1667 1550 1906 1617 Patrem,

321 1653 375 1698 ct
403 1645 528 1714 quid
564 1643 858 1712 perfectius
888 1643 955 1698 ad
985 1644 1299 1714 dogmatnm
1324 1643 1605 1697 scientiam
1626 1641 1708 1696 eis
1738 1655 1912 1695 rema-

323 1735 512 1790 neret?
545 1753 563 1787 ι
594 1734 700 1790 Sed
751 1735 831 1790 his
881 1733 1339 1800 commemoratis,
1398 1747 1508 1788 non
1558 1739 1765 1786 tantum
1814 1745 1912 1800 pro

323 1838 589 1897 suscepta:
633 1842 812 1882 causa;
868 1826 1082 1893 merito,
1130 1840 1290 1896 quam
1335 1824 1494 1895 longe
1537 1823 1797 1878 distemus
1843 1824 1911 1877 ab

324 1923 729 1979 accusatoribus
760 1922 1050 1992 Theodori,
1079 1922 1206 1991 quin
1238 1920 1418 1990 potius
1453 1919 1910 1975 Chalcedonensis

1201 513 1333 570 PRO
1375 509 1805 569 DEFENSIONE
1845 505 2060 564 TRIUM
2099 505 2416 563 CAPITUL.
2458 506 2585 562 LIB.
2633 505 2723 561 IX.

310 637 480 691 dicere
505 634 687 708 (Joan.
711 632 953 702 “1,12).
982 629 1151 702 Cujus
1177 645 1308 701 ergo
1328 631 1403 686 rei
1426 628 1593 699 gratia
1613 627 1772 682 modo
1797 641 1901 682 non
1933 627 1983 686 Α

3494 498 3594 554 ’146

2015 694 2164 760 Quod
2213 692 2515 746 Theodorus
2568 615 3100 766 inct‘i‘uigisfgnristi
3143 681 3341 766 naturis
3375 685 3598 766 quit-am

2083 766 2196 834 ejus
2225 779 2494 829 personam
2526 761 2810 832 agnoverit,
2839 760 3136 822 alienusque
3159 756 3313 826 fuerit
3337 755 3398 809 ab
3425 770 3599 809 errore

2084 845 2190 886 tum
2218 832 2545 886 Iudaeorum.
2578 845 2687 886 tum
2715 828 3139 883 Manichworum.

2084 845 2190 888 tum
2218 844 2545 898 Judworum,
2578 845 2687 886 tum
2715 844 3139 883 nantcnworum.

2087 927 2300 993 Ergone
2329 928 2449 991 iste,
2482 925 2571 994 qui
2602 939 2728 978 vere
2756 923 2923 977 Deum
2953 937 3018 976 ex
3051 921 3181 987 Deo,
3235 928 3289 974 et
3320 916 3601 974 invisibilis

2011 1037 2075 1075 ac
2096 1020 2286 1075 divinae
2330 1026 2534 1074 natura:
2577 1014 2772 1071 Filium
2807 1029 2904 1084 pro
2931 1014 3086 1068 nobis
3128 1012 3320 1068 asserit
3362 1026 3599 1081 passum,

2013 1109 2149 1162 duos
2195 1106 2332 1160 ﬁlios
2381 1104 2594 1159 volebat
2642 1103 2882 1172 intelligi,
2918 1113 3169 1171 tanquam
3214 1101 3434 1155 alterius
3477 1098 3604 1154 sub-

2012 1197 2270 1253 sistentia;
2297 1195 2367 1250 sit
2393 1194 2481 1264 qui
2511 1207 2607 1263 pro
2632 1191 2783 1247 nobis
2816 1205 3003 1261 passus
3031 1198 3133 1256 est,
3163 1200 3217 1245 et
3236 1189 3458 1243 alterius
3481 1187 3602 1241 uni-

2012 1287 2244 1356 genitus,
2273 1285 2361 1355 qui
2389 1298 2517 1338 vere
2542 1284 2682 1338 sicut
2711 1281 2852 1336 Deus
2893 1295 2960 1336 ex
2992 1278 3102 1334 Deo
3148 1278 3426 1333 invisibilis
3466 1279 3603 1332 divi-

2016 1389 2204 1444 tneque
2241 1382 2449 1427 naturae
2488 1371 2598 1427 sit?
2628 1380 2721 1424 aut
2753 1377 2938 1440 posset
2985 1369 3053 1423 de
3097 1383 3162 1424 eo
3209 1384 3367 1439 quem
3413 1384 3602 1438 purum

2013 1465 2268 1520 credebat
2298 1463 2595 1529 hominem,
2625 1461 2806 1516 dicere
2841 1477 2854 1512 :
2910 1479 2927 1512 ι
2968 1459 3024 1515 Si
3075 1459 3218 1514 enim
3265 1460 3601 1529 cognoveris,

2015 1556 2204 1626 inquit,
2246 1556 2370 1625 quis
2397 1556 2520 1621 sim,
2555 1567 2852 1623 cognosces
2885 1559 2939 1607 et
2970 1551 3118 1607 illum
3148 1551 3440 1607 secundum
3464 1552 3605 1621 quod

2014 1649 2273 1719 possibile
2313 1657 2419 1715 est,
2447 1663 2545 1718 per
2581 1661 2670 1702 me
2713 1645 3086 1714 contemplans
3117 1644 3289 1699 Patris
3337 1654 3604 1711 naturam,

2014 1743 2166 1812 cujus
2195 1757 2317 1798 sum
2348 1741 2513 1806 Illius,
2553 1754 2618 1795 ex
2661 1739 2779 1809 ipso
2823 1746 3044 1793 exstans
3087 1736 3380 1792 secundum
3421 1751 3607 1791 esscn-

2016 1835 2164 1898 tiam,
2198 1842 2254 1889 et
2279 1832 2521 1904 ejusdem
2555 1846 2677 1886 cum
2706 1830 2803 1885 illo
2840 1843 3059 1884 exStans
3087 1830 3368 1884 essentne?
3398 1846 3416 1881 ι
3454 1830 3519 1883 Et
3551 1836 3608 1882 ut

2017 1942 2123 1981 non
2167 1927 2354 1992 alium,
2401 1924 2498 1981 sed
2550 1925 2726 1991 ipsum
2757 1923 2904 1978 Patri
2945 1921 3458 1977 consubstantialem
3510 1938 3608 1992 pro

323 2017 564 2084 εοηείιίίν
597 2016 807 2070 debetis
836 2014 1158 2072 attendere:
1193 2026 1378 2067 verum
1411 2011 1572 2066 etiam
1595 2025 1758 2096 quam
1783 2011 1913 2064 Bim-
1946 2003 1991 2062 Β
2019 2021 2172 2075 nobis
2201 2019 2507 2089 passionem
2547 2015 2848 2084 suscepisse
2896 2023 3245 2083 monstraret,
3289 2016 3391 2070 hoc
3434 2016 3608 2084 ipsum

231 2147 237 2154 .
330 2109 545 2179 pliciter
598 2121 698 2162 nos
747 2121 810 2161 ac
872 2105 1112 2160 ﬁdeliter
1166 2119 1280 2159 rem
1330 2117 1601 2174 geramus.
1667 2101 1917 2157 Haeretici

330 2201 498 2265 enim,
524 2198 670 2254 velut
697 2198 842 2253 fures
871 2204 926 2252 et
951 2211 1137 2262 canes,
1160 2210 1267 2252 non
1292 2195 1524 2264 integras
1550 2193 1689 2249 sicut
1717 2193 1918 2248 haben-

329 2301 414 2348 tur
460 2290 626 2362 ipsius
674 2287 944 2345 Theodori
983 2288 1277 2343 sententias
1302 2294 1328 2324 ι
1359 2285 1569 2340 sincere
1599 2285 1920 2355 depromunt

329 2399 489 2455 atque
519 2383 868 2453 simpliciter;
897 2381 990 2436 sed
1021 2379 1468 2450 quemadmodum
1513 2378 1580 2432 de
1624 2377 1754 2447 ipsis
1783 2390 1919 2446 quo-

331 2493 437 2548 que
467 2476 758 2545 Scripturis
784 2473 1058 2530 canonicis
1089 2473 1266 2528 iacere
1294 2472 1492 2537 solent,
1519 2483 1684 2540 pauca
1710 2484 1774 2523 ex
1806 2469 1922 2538 ejus

330 2576 488 2632 dictis
515 2575 741 2628 obscura
772 2570 934 2626 verba
967 2570 1295 2639 subripiunt,
1341 2577 1398 2624 et
1447 2568 1559 2622 huic
1597 2569 1710 2636 ipsa
1758 2567 1924 2623 male-

331 2669 449 2724 dico
478 2668 638 2722 dente
664 2665 976 2721 concidunt.
1009 2663 1115 2719 Nos
1149 2673 1351 2727 autem,
1382 2661 1519 2716 sicut
1557 2660 1774 2725 videtis,
1807 2673 1924 2714 ma-

331 2762 412 2828 gis
432 2761 678 2828 eligimus
711 2755 984 2810 fastidium
1015 2755 1082 2809 de
1114 2752 1466 2821 longitudine,
1500 2766 1658 2821 quam
1695 2751 1764 2806 de
1803 2751 1926 2806 breo

337 2851 497 2904 vitate
523 2857 682 2917 atque
720 2845 1053 2900 obscuritate
1099 2842 1462 2912 suspicionem
1498 2840 1699 2896 fraudis
1743 2841 1926 2895 incur-

337 2957 476 2996 rere.
502 2941 618 2995 Non
642 2947 725 2994 est
751 2951 916 3006 quare
947 2936 1000 2990 in
1032 2935 1114 2990 his
1133 2949 1252 3004 quae
1288 2947 1386 2988 nos
1413 2932 1735 3003 proferimus
1759 2931 1930 2986 lector

333 3040 561 3100 quaerat,
596 3029 680 3084 vel
706 3027 830 3098 quid
862 3025 1110 3095 superius
1132 3039 1163 3079 a
1191 3022 1480 3078 Theodoro
1511 3021 1672 3076 fuerit
1699 3021 1923 3088 dictum,

339 3123 422 3177 vel
453 3119 707 3176 interius‘
739 3119 1128 3187 subsequatur,
1162 3114 1248 3170 vel
1283 3129 1388 3186 qua
1411 3116 1619 3169 ratione
1651 3113 1807 3168 fuerit
1853 3115 1932 3169 sic

339 3215 583 3270 locutus:
615 3222 779 3268 totam
809 3211 856 3267 si
877 3224 1094 3266 causam
1124 3210 1146 3240 ²
1176 3218 1300 3264 ante
1344 3208 1532 3263 oculos
1575 3206 1932 3278 judicantium

340 3304 726 3377 inspiciendam
781 3302 1161 3358 constituimus
1203 3317 1217 3352 :
1261 3313 1369 3354 non
1409 3313 1479 3355 ex
1523 3297 1705 3353 multis
1769 3306 1933 3369 atque

341 3373 542 3470 apertis
574 3411 766 3468 pauca,
793 3393 1245 3465 quemadmodum
1282 3392 1383 3458 illi,
1416 3399 1470 3446 et
1489 3391 1717 3446 obscura
1747 3390 1929 3446 verbis
1955 3373 2000 3436 C

342 3509 446 3547 non
470 3491 490 3523 ³
517 3507 582 3546 ex
615 3488 838 3560 integris
858 3496 914 3543 et
939 3486 1194 3558 perlectis
1214 3484 1503 3556 particulas
1531 3483 1934 3540 demordemus.

341 3586 488 3643 Sicut
515 3592 697 3640 autem
729 3590 906 3653 potest
933 3596 998 3636 ex
1029 3579 1111 3634 his
1138 3594 1258 3647 quae
1290 3585 1586 3632 memorata
1619 3585 1744 3631 sunt
1772 3591 1938 3630 unus-

342 3679 567 3748 quisque
593 3688 946 3745 cognoscere,
983 3687 1090 3727 non
1123 3671 1395 3727 hominem
1420 3684 1633 3740 purum,
1663 3668 1716 3724 id
1744 3677 1829 3724 est
1847 3669 1937 3738 qui

346 3785 454 3825 non
486 3770 555 3824 sit
576 3769 739 3823 etiam
772 3765 938 3832 Deus,
966 3765 1062 3820 sed
1101 3763 1432 3835 unigenitum
1463 3762 1555 3817 Dei
1586 3760 1779 3815 Filium
1818 3773 1942 3814 con-

342 3858 746 3914 substantialem
779 3856 946 3923 Patri,
977 3870 1076 3924 pro
1096 3855 1252 3909 nobis
1273 3853 1467 3908 asserit
1497 3865 1714 3922 passum
1742 3869 1755 3905 :
1781 3864 1938 3921 quem

344 3954 472 4009 dicit
500 3953 802 4022 proximum
847 3950 1086 4020 passioni
1127 3963 1241 4004 suae
1289 3947 1494 4002 dixisse
1532 3943 1849 4012 discipulis:
1881 3942 1944 3998 Si

343 4064 423 4101 me
449 4047 668 4110 sciretis,
694 4045 865 4108 utique
892 4051 941 4097 et
964 4041 1178 4096 Patrem
1201 4056 1368 4094 meum
1393 4037 1589 4092 sciretis
1617 4036 1802 4108 (Joan.
1827 4051 1942 4102 vni,

346 4138 462 4206 i9).
485 4137 552 4191 Et
577 4135 642 4192 ad
685 4135 989 4202 Philippum
1016 4149 1030 4190 :
1066 4133 1229 4186 Tanto
1256 4141 1480 4202 tempore
1508 4129 1768 4182 vobiscum
1808 4143 1943 4192 sum,

345 4238 392 4283 et
418 4246 516 4282 non
553 4226 859 4297 cognovistis
888 4226 1003 4278 me?
1027 4223 1292 4294 Philippe,
1323 4223 1408 4292 qui
1448 4221 1579 4274 videt
1608 4234 1707 4285 me,
1739 4219 1874 4272 ridet
1902 4228 1947 4272 et

352 4321 564 4377 Patrem
588 4322 769 4390 (Joan.
802 4339 910 4387 xw,
938 4323 1038 4390 9):
1071 4319 1446 4376 ostendentem
1488 4316 1742 4386 quoniam
1775 4328 1951 4381 neque

349 4414 590 4468 divinant
620 4425 867 4468 naturam
896 4413 1100 4468 sciebat
1123 4409 1428 4481 Unigeniti;
1465 4406 1606 4479 quod
1635 4402 1953 4459 Theodorus

349 4522 459 4563 non
483 4508 707 4573 diceret,
731 4507 838 4563 nisi
861 4505 1109 4561 crederet
1142 4502 1484 4572 Uoigenitum
1528 4497 1724 4552 divinas
1747 4503 1952 4550 naturae

353 4615 451 4671 pro
478 4600 635 4655 nobis
664 4614 902 4669 passum.
939 4596 1139 4651 Verum
1175 4609 1276 4650 nec
1304 4590 1436 4648 illud
1462 4589 1536 4645 ibi
1564 4596 1788 4657 poneret
1812 4587 1953 4656 quod

351 4695 465 4748 ait:
501 4692 640 4748 llinc
664 4694 825 4747 etiam
847 4691 1112 4746 adductus
1135 4697 1220 4743 est
1240 4685 1523 4752 Philippus
1539 4682 1606 4736 ad
1629 4679 1952 4735 dicendum:

2022 2118 2276 2180 repetens
2325 2109 2520 2164 iterum
2570 2107 2750 2162 dicit:
2803 2125 2822 2157 ι
2859 2105 3087 2175 Propter
3136 2104 3237 2160 hoc
3286 2106 3445 2160 etiam
3495 2107 3611 2175 ipse

2025 2201 2283 2257 Dominus
2307 2201 2364 2254 iu
2390 2200 2579 2255 eodem
2614 2200 2730 2268 ipso
2761 2212 3016 2253 sermone
3047 2198 3323 2268 proximus
3352 2198 3612 2267 passioni,

2023 2307 2080 2349 ut
2108 2295 2470 2349 inﬁrmitatem
2498 2308 2685 2348 eorum
2719 2291 3051 2357 ostenderet,
3084 2291 3226 2346 unde
3273 2299 3492 2361 possent
3516 2291 3614 2346 do-

2023 2388 2250 2442 ctrinam
2283 2386 2656 2454 periectiorem
2689 2399 2992 2452 assumere,
3017 2383 3227 2438 dicebat
3262 2402 3274 2437 :
3321 2381 3490 2438 Multa
3517 2384 3617 2437 lia-

2026 2475 2113 2532 beo
2139 2477 2278 2532 vobis
2316 2477 2501 2532 dicere.
2537 2494 2558 2528 ι
2608 2476 2725 2544 Ipse
2775 2491 2904 2545 ergo
2953 2477 3229 2538 Dominus,
3271 2476 3359 2544 qui
3394 2476 3629 2531 consub-

2026 2569 2288 2626 stantialis
2334 2579 2417 2624 est
2461 2567 2630 2634 Patri,
2671 2577 2724 2623 et
2777 2584 2884 2622 non
2927 2569 3082 2633 alius,
3131 2584 3160 2622 a
3190 2567 3476 2623 Theodoro
3519 2583 3615 2636 pro

2029 2661 2183 2718 nobis
2208 2660 2404 2716 dicitur
2431 2675 2643 2730 passus.
2683 2657 2883 2714 Verum
2930 2673 3104 2728 neque
3148 2659 3260 2728 ipse
3296 2659 3362 2712 ab
3393 2674 3458 2713 eo
3488 2674 3616 2725 pro-

2029 2754 2305 2809 nuntiatur
2333 2753 2490 2807 Pater
2517 2765 2638 2807 esse
2669 2753 2757 2822 qui
2789 2751 2958 2805 Filius
2992 2769 3004 2802 :
3034 2752 3264 2820 alioquin
3300 2750 3524 2822 loquens
3552 2752 3618 2806 de

2033 2846 2278 2916 Philippo
2317 2859 2425 2900 non
2455 2845 2682 2908 diceret,
2743 2862 2761 2895 ‹
2790 2842 2944 2898 Velle
2978 2843 3118 2896 enim
3151 2843 3362 2897 Patrem
3411 2843 3616 2909 videre,

2031 2938 2288 2993 indicium
2338 2944 2454 2992 erat
2487 2951 2554 2991 eo
2582 2935 2725 3007 quod
2770 2949 2945 3004 neque
2992 2935 3166 3003 ipsum
3209 2937 3394 3001 sciret,
3445 2935 3497 2988 id
3539 2947 3623 2989 est

2032 3029 2338 3094 Christum;
2368 3029 2455 3083 vel
2502 3028 2643 3097 quod
2684 3027 2754 3081 ibi
2798 3027 3118 3081 subsecutus
3159 3026 3230 3080 ait
3277 3041 3342 3080 ex
3393 3041 3622 3096 persona

2035 3121 2289 3176 Domini:
2322 3121 2379 3176 Si
2423 3123 2566 3175 cnim
2598 3119 2936 3189 cognoveris,
2970 3119 3161 3189 inquit,
3201 3121 3319 3187 quis
3363 3120 3484 3185 sim,
3533 3134 3625 3173 co-

2035 3225 2261 3282 gnosces
2289 3220 2345 3266 et
2370 3210 2518 3265 illum
2562 3210 2859 3266 secundum
2891 3210 3035 3280 quod
3082 3210 3334 3280 possibile
3378 3221 3482 3276 est,
3529 3225 3626 3281 per

2037 3320 2127 3362 me
2149 3303 2525 3372 contemplans
2557 3302 2732 3358 Patris
2763 3311 3009 3357 naturam
3036 3321 3047 3356 :
3091 3321 3109 3355 i
3145 3313 3197 3359 et
3226 3319 3452 3374 qumque
3478 3305 3627 3359 simi-

2039 3397 2109 3452 lia
2145 3397 2220 3451 ibi
2251 3397 2623 3461 c0ntineutur,
2653 3411 2773 3466 quae
2799 3399 2867 3451 de
2915 3394 3073 3450 Patre
3113 3409 3176 3449 ac
3203 3395 3374 3463 Filio;
3402 3412 3627 3466 quorum

2041 3505 2144 3545 una
2169 3501 2357 3545 natura
2383 3499 2486 3556 est,
2515 3505 2621 3544 non
2653 3490 2753 3544 nisi
2783 3504 2880 3559 pro
2909 3489 3236 3545 discretione
3278 3505 3629 3560 personarum

2041 3583 2179 3639 dicta
2207 3590 2413 3652 queunt
2451 3582 2695 3652 intelligi.
2729 3583 2784 3637 In
2834 3580 2940 3636 ﬁne
2970 3597 3101 3637 vero
3143 3583 3309 3650 ipsius
3353 3584 3632 3638 sententim

2043 3689 2233 3732 omnes
2256 3684 2365 3730 tres
2391 3687 2649 3742 personas
2675 3673 2848 3728 Patris
2878 3681 2931 3727 et
2958 3672 3076 3727 Filii
3105 3681 3159 3728 et
3199 3673 3433 3740 Spiritus
3463 3675 3633 3727 sancti

2044 3769 2206 3823 simul
2275 3767 2549 3834 insinuat,
2607 3780 2726 3819 cum
2776 3779 2843 3819 ex
2910 3778 3140 3835 persona
3201 3765 3413 3818 Domini
3467 3765 3633 3819 dicit:

2053 3879 2070 3913 ι
2107 3860 2333 3926 Quando
2363 3859 2571 3914 venerit
2599 3857 2691 3913 ille
2719 3856 2951 3925 Spiritus
2988 3856 3262 3921 veritatis,
3295 3856 3512 3912 inducet
3542 3873 3636 3911 vos

2049 3953 2103 4006 in
2141 3964 2358 4007 omnem
2390 3951 2693 4005 veritatem.
2740 3947 3096 4017 Superveniet
3143 3947 3285 4002 enim
3331 3962 3495 4014 super
3543 3965 3637 4001 vos

2049 4045 2281 4114 Spiritus
2321 4043 2492 4099 sancti
2540 4043 2733 4113 gratia,
2772 4057 2838 4097 ex
2885 4057 2987 4111 qua
3031 4052 3278 4096 cunctam
3327 4041 3637 4110 dogmatnm

2051 4137 2403 4193 subtilitatem
2463 4135 2824 4205 cognoscetis.
2879 4153 2898 4187 ι
2977 4135 3211 4189 Proinde
3275 4134 3319 4188 si
3384 4134 3638 4188 divinita-

2055 4239 2163 4287 tem
2215 4231 2490 4302 Unigeniti
2542 4231 2890 4294 docerentur,
2939 4239 2994 4284 et
3045 4228 3258 4284 Patrem
3318 4228 3486 4281 Deum
3542 4229 3641 4282 uti-
3707 4213 3718 4226 ’

2052 4337 2158 4392 que
2186 4322 2528 4377 docerentur.
2563 4321 2702 4388 Quid
2731 4320 2891 4390 igitur
2934 4320 3307 4373 haereticorum
3338 4317 3633 4387 complices

2055 4415 2111 4469 in
2143 4414 2509 4484 przejudicium
2540 4423 2743 4468 sanctae
2772 4409 2964 4482 synodi
2998 4419 3198 4464 tantam
3221 4425 3401 4465 rerum
3425 4411 3645 4464 eviden-

2059 4505 2183 4562 tiam
2219 4507 2510 4562 obscurare
2554 4505 2730 4560 conati
2761 4515 2908 4569 sunt,
2942 4502 3092 4570 quasi
3133 4502 3382 4557 omnibus
3413 4502 3490 4558 sic
3520 4518 3648 4572 pos-

2060 4609 2180 4655 sent
2209 4601 2398 4654 oculos
2426 4597 2696 4660 claudere,
2730 4597 2868 4649 sicut
2897 4594 2998 4650 sibi
3030 4595 3372 4650 clauserunt?
3403 4594 3534 4648 Nam
3563 4609 3650 4649 se-

2061 4691 2292 4746 cundum
2310 4691 2570 4745 Joannem
2595 4688 2940 4757 Evangelium
2965 4685 3323 4757 interpretans
3347 4686 3472 4741 dicit
3497 4704 3510 4740 :
3543 4705 3561 4737 ‹
3585 4686 3650 4740 In

357 4791 582 4845 Ostende
610 4791 757 4845 nobis
788 4789 1020 4856 Patrem,
1054 4798 1102 4842 et
1132 4785 1317 4856 sufﬁcit
1347 4782 1492 4837 nobis
1515 4779 1557 4833 ⁵.
1604 4778 1660 4835 Si
1692 4779 1833 4832 enim
1865 4778 1946 4831 in-
1979 4760 2032 4819 D
2059 4783 2250 4837 mundo
2279 4791 2407 4848 erat,
2436 4787 2481 4833 et
2509 4781 2730 4833 mundus
2764 4797 2853 4848 per
2883 4796 2996 4833 eum
3027 4779 3195 4848 factus
3222 4787 3316 4848 est,
3351 4789 3398 4833 et
3421 4780 3647 4834 mundus

355 4893 507 4953 tegre
531 4883 697 4939 sciret
717 4883 840 4953 quia
864 4881 1074 4937 Patrem
1097 4894 1254 4934 suum
1277 4875 1301 4910 ⁸
1328 4873 1542 4930 dicebat
1573 4887 1694 4926 eum
1719 4869 1811 4940 qui
1865 4884 1922 4923 re
1938 4898 1954 4908 -

355 4993 484 5033 vera
513 4964 636 5046 ejus
653 4985 800 5032 esset
840 4975 1024 5040 Pater,
1055 4989 1124 5028 ex
1173 4985 1280 5040 quo
1309 4979 1426 5025 erat
1453 4982 1581 5023 vere
1625 4966 1766 5021 sicut
1814 4964 1955 5019 Deus
2005 5001 2008 5004 λ

357 5085 426 5126 ex
472 5070 602 5132 Deo,
654 5082 924 5138 nunquam
969 5067 1226 5121 dixisset:
1277 5061 1502 5116 Ostende
1552 5060 1700 5114 nobis
1743 5057 1956 5111 Patrem

366 5172 531 5226 tuum,
558 5161 695 5216 bene
724 5161 900 5216 sciens
933 5157 1057 5230 quia
1088 5154 1376 5212 invisibilis
1406 5162 1493 5209 est
1520 5150 1828 5206 hominibus
1877 5148 1957 5203 di-

365 5269 489 5308 Vllla
511 5265 722 5308 natura.

442 5403 466 5430 ι
497 5393 587 5446 Sic
632 5391 922 5462 Dionysius
982 5384 1586 5462 Alexandrinus-,‘teste
1637 5376 1956 5462 Athanasio,

367 5466 691 5534 querebatur
719 5447 824 5516 non
857 5463 1133 5534 integras,_
1147 5455 1244 5510 sed
1276 5447 1519 5534 concisas
1540 5450 1607 5503 ab
1629 5447 1958 5534 adversariis

367 5523 662 5590 sententias
687 5547 809 5585 suas
836 5523 1082 5598 proie'rri.
1112 5527 1326 5600 Ἐπειτος
1352 5523 1747 5600 uitiarant-ou;
1797 5538 1965 5600 mret-

368 5608 557 5666 πόντας
586 5607 769 5668 αὐτοῦ,
800 5592 866 5662 ei;
895 5607 962 5675 μή
993 5600 1287 5673 ὁλοκλήρους
1311 5597 1564 5668 λέγοντας.
1597 5592 1718 5646 ἀλλὰ
1756 5592 1964 5661 περικό-

444 5741 462 5772 ¹
495 5738 629 5794 Cod.
663 5736 881 5800 Veron.,
917 5733 993 5787 vel
1019 5733 1145 5802 quid
1177 5731 1416 5801 inferius.

443 5813 464 5843 ¹
497 5812 640 5864 Idem
670 5808 820 5873 cod.,
852 5816 1010 5858 totum
1031 5806 1159 5857 sicut
1185 5816 1253 5855 est
1284 5813 1512 5852 causam.
1543 5871 1554 5875 _
1712 5864 1722 5875 '

443 5882 466 5912 ³
491 5882 633 5936 ldetn
656 5871 813 5942 cod.,
831 5876 981 5930 verba
1004 5875 1281 5946 elegimus;
1315 5887 1414 5925 non
1447 5884 1509 5922 ex
1537 5871 1770 5923 tntearis.

453 5992 472 6021 ⁸
498 5993 662 6051 Forte
692 5999 1024 6066 cegnoscetts.

622 6109 897 6172 Ριτειοι..
974 6102 1139 6164 LXV
1157 6100 1226 6161 ll.

2060 4892 2171 4930 eum
2200 4893 2300 4928 non
2340 4873 2577 4947 cognovit
2603 4871 2784 4944 (Jaan.
2818 4889 2864 4937 ι,
2899 4872 3017 4942 10),
3048 4871 3234 4927 dicens
3262 4871 3564 4926 venientem
3595 4870 3651 4924 in

2062 4969 2201 5020 hunc
2246 4965 2502 5020 mundum
2536 4961 2604 5018 de
2654 4964 2879 5017 Domino
2916 4963 3135 5017 Christo
3184 4964 3322 5017 bene
3364 4962 3564 5024 intulit,
3598 4961 3650 5015 in

2059 5057 2260 5113 mundo
2289 5066 2420 5125 erat,
2452 5065 2513 5112 ut
2547 5056 2860 5110 ostenderet
2896 5055 3017 5124 quia
3049 5053 3351 5110 venientem
3390 5054 3455 5108 ad
3487 5052 3654 5107 maii-

2059 5150 2398 5206 festationem
2429 5148 2631 5204 retulit.
2665 5146 2974 5202 Subsmntia
3003 5147 3145 5200 enim
3171 5153 3224 5199 et
3246 5154 3437 5199 natura
3464 5156 3578 5198 erat
3598 5143 3656 5198 iu

2062 5239 2289 5306 mundo,
2322 5238 2518 5309 inquit,
2542 5249 2596 5296 et
2629 5245 2807 5292 antea.
2840 5235 2907 5289 Et
2940 5232 3108 5288 veluti
3139 5233 3240 5287 hoc
3269 5248 3457 5302 parum
3487 5243 3655 5296 esset,

2063 5400 2288 5438 πτοντας
2316 5380 2468 5432 αὐτοῦ
2498 5378 2590 5436 τὰς
2619 5376 2793 5438 λέξεις.
2830 5373 2893 5426 Et
2948 5372 3014 5424 de
3058 5370 3370 5432 Apolinario
3413 5370 3657 5439 Apostnli

2068 5451 2229 5504 verba
2263 5457 2541 5502 truncanle
2571 5446 2858 5516 Gregorius
2901 5443 3268 5516 Nazianzenus
3297 5443 3538 5516 oratiOne
3590 5444 3658 5516 ad

2069 5519 2370 5590 Nectariqu
2400 5535 2414 5572 :
2447 5520 2592 5587 Λέγει
2612 5513 2711 5590 ’γάῤ
2734 5516 2883 5570 πάλιν
2908 5513 3244 5590 ἀπρστολςκήν
3268 5534 3379 5568 τινα
3400 5513 3550 5584 ῥῆσιν
3571 5514 3659 5567 τοῦ

2073 5589 2189 5646 ὅ).ου
2217 5593 2454 5660 σώματος
2481 5598 2572 5649 τῆς
2599 5588 2944 5659 συμφράσεως
2975 5588 3277 5644 ἀποκνίσας.

2143 5730 2163 5758 ⁸
2191 5728 2330 5781 Idem
2359 5725 2507 5786 cod.,
2540 5722 2714 5784 nobis;
2747 5721 2840 5773 hoe
2863 5720 3015 5773 etiam
3046 5718 3295 5789 adjiciens
3325 5731 3341 5788 ς
3368 5717 3412 5771 si
3435 5715 3589 5772 enim.

2148 5801 2168 5832 ⁵
2199 5799 2340 5856 Idem
2368 5796 2515 5862 cod.,
2546 5810 2695 5848 suum
2721 5791 2906 5846 Deum.
