4094 6540
437 394 541 454 719

1325 396 1460 451 PRO
1504 393 1931 451 DEFENSIONE
1970 393 2185 449 TBlUM
2212 392 2529 450 ‘CAPITUL.
2564 394 2691 449 LIB.
2738 394 2828 449 IX.

3615 394 3723 451 750

444 509 674 564 Verbum
710 518 918 574 natura,
969 509 1107 565 sicut
1138 508 1224 566 hic
1275 510 1680 566 evidentissime
1718 509 1904 575 docet;
1948 509 2029 563 al-
2062 510 2109 569 Λ
2140 506 2297 561 cendi
2324 507 2487 565 modo
2507 506 2892 563 commendet?
2914 506 3384 579 Prodesseitaque
3420 509 3581 566 nobis
3603 512 3720 567 hac

439 611 614 657 terum
646 612 828 657 autem
862 601 1003 670 quod
1046 610 1380 671 assumptum
1419 613 1536 668 est,
1574 591 1664 671 qui
1696 610 1875 656 tamen
1907 615 2025 669 pcr-

439 708 569 749 sona
613 693 757 748 idem
799 693 914 761 ipse
950 691 1238 747 invenitur.
1278 690 1388 748 Nec
1417 706 1559 758 mea,
1610 690 1706 747 sed
1751 689 1870 762 ejus
1913 690 2028 744 haec

441 783 605 841 verba
635 789 779 853 sunt,
810 782 1128 852 exponentis
1151 783 1524 852 semetipsum,
1553 791 1609 838 et
1633 779 1877 839 docentis
1898 797 2032 852 quo-

443 874 601 931 modo
626 872 850 944 intelligi
869 875 1127 931 debeatin
1147 875 1379 941 caeteris,
1405 876 1493 930 ubi
1523 877 1602 930 sic
1631 873 1869 945 loquitur
1899 892 1912 925 :
1939 874 2029 940 qui

446 969 548 1025 hoc
574 969 744 1040 ipsum
775 980 1055 1039 repetens,
1088 978 1147 1025 ut
1183 969 1444 1035 decebat,
1470 966 1646 1024 sicubi
1689 968 1796 1025 tale
1834 966 2033 1038 aliquid

445 1064 638 1120 dicitur
660 1064 702 1131 ¹,
727 1081 829 1120 non
856 1063 1011 1119 aliter
1038 1065 1193 1120 nobis
1214 1064 1583 1134 accipiendum
1609 1078 1729 1120 esse
1756 1076 2036 1120 commen-

448 1156 559 1212 dat.
592 1173 611 1208 ε
646 1152 702 1209 Si
730 1154 873 1210 enim
913 1154 1119 1224 integre
1156 1155 1490 1218 conceditur,
1516 1154 1720 1224 inquit,
1767 1151 2035 1208 hocalte-

446 1262 562 1301 rum
596 1260 716 1300 esse
745 1245 812 1298 ab
839 1244 936 1298 illo
968 1252 1179 1307 natura,
1211 1255 1263 1299 et
1291 1243 1658 1308 manifestum,
1686 1244 1809 1315 quia
1829 1244 2035 1312 aequale

448 1354 551 1392 non
575 1334 811 1405 estquod
839 1344 1168 1402 assumptum
1195 1343 1276 1388 est
1304 1332 1599 1387 assumcnti
1617 1374 1632 1399 ,
1663 1346 1836 1401 neque
1862 1331 2034 1386 simile

454 1427 555 1483 hoc
588 1428 697 1491 illi,
725 1440 896 1495 neque
924 1426 1066 1481 idem
1090 1425 1231 1497 quod
1256 1432 1589 1494 assumptum
1612 1433 1694 1480 est
1718 1423 2033 1491 assumenti,

454 1517 789 1574 manifesmm
813 1517 933 1583 quia
953 1516 1090 1569 idem
1116 1517 1227 1585 ipse
1248 1516 1549 1571 invenietur
1570 1514 1895 1569 adunatione
1917 1529 2036 1583 pcr-

448 1622 616 1664 souaz.
644 1625 662 1658 ι
688 1607 972 1676 Perspicis,
992 1607 1246 1676 Auguste,
1266 1606 1406 1677 quod
1428 1621 1532 1661 non
1555 1619 1805 1677 persona,
1830 1605 1923 1659 sed
1943 1620 2039 1660 na-

451 1707 572 1753 tura
602 1699 801 1767 potius,
825 1709 1191 1753 assumentem
1221 1699 1289 1753 ab
1317 1710 1594 1767 assumpto
1623 1698 1848 1753 alterum
1870 1696 2035 1763 dicat,

442 1798 498 1843 et
525 1788 591 1843 de
620 1788 828 1843 naturis
858 1786 960 1842 hoc
1003 1788 1136 1842 velit
1178 1787 1437 1857 intelligi,
1474 1803 1702 1858 quarum
1740 1797 1823 1843 est
1869 1789 2034 1842 multa

2129 597 2246 666 ejus
2277 598 2414 653 ratio
2438 596 2603 655 debet
2640 597 2709 653 ad
2736 597 2826 653 illa
2852 612 2973 667 quas
3002 598 3255 655 videntur
3280 603 3529 667 obscura,
3574 609 3632 655 ut
3658 617 3728 659 ex

2130 690 2216 746 bis
2256 691 2579 747 certissimis
2630 692 2737 746 alia
2795 702 2917 761 quae
2966 690 3105 747 [orte
3133 701 3260 748 sunt
3307 692 3469 750 dubia
3513 692 3728 764 judice-

2134 797 2271 837 mus.
2301 781 2418 837 Non
2454 781 2786 853 aspiciamus
2814 781 2873 836 in
2910 780 3137 839 hirtivas
3174 783 3562 838 sententiarum
3609 783 3730 853 ejus

2133 872 2421 941 particulas
2444 914 2457 935 ,
2481 887 2616 942 quas
2664 871 2790 927 ideo
2828 871 3128 941 praecidunt
3157 871 3395 929 [iacretici
3417 912 3434 939 ,
3462 883 3523 930 ut
3566 874 3620 929 in
3650 876 3729 928 eis

2136 979 2242 1019 non
2272 975 2535 1035 appareat
2566 964 2794 1021 dicentis
2824 965 3071 1021 intentio.
3104 964 3260 1033 Quod
3308 981 3437 1037 ergo
3468 967 3621 1023 nobis
3648 967 3731 1023 di-

2133 1064 2281 1121 cunt,
2312 1056 2678 1126 disputantem
2706 1056 2776 1112 de
2799 1054 2999 1111 Christi
3046 1056 3417 1114 incarnatione
3450 1058 3733 1129 scripsisse

2135 1147 2479 1203 Theodorum
2526 1163 2637 1203 non
2670 1147 2811 1203 idem
2856 1162 2977 1205 85:0
3024 1160 3357 1218 assumptum
3395 1154 3727 1221 assumenti,

2136 1238 2228 1294 sed
2258 1239 2487 1294 alterum
2518 1253 2642 1294 esse
2669 1249 2727 1294 et
2756 1240 3014 1305 alterum,
3048 1240 3150 1295 hoc
3176 1249 3232 1295 et
3261 1255 3358 1295 nos
3385 1256 3507 1296 eum
3530 1242 3731 1301 dixisse

2137 1328 2452 1384 testimonio
2482 1329 2734 1398 praesenti
2768 1329 3206 1395 monstravimus,
3238 1328 3333 1385 sed
3379 1345 3478 1400 pro
3504 1332 3728 1387 duarum

2136 1418 2454 1474 diversitate
2496 1429 2833 1484 naturarum,
2867 1434 2975 1474 non
3014 1434 3110 1489 pro
3146 1420 3300 1476 unius
3322 1420 3584 1477 divisione
3611 1436 3731 1492 per-

2137 1524 2284 1565 sonae
2311 1530 2322 1563 :
2347 1511 2487 1567 sicut
2518 1512 2770 1578 dicimus,
2800 1511 3030 1567 alterum
3059 1526 3182 1568 esse
3204 1513 3523 1569 interiorem
3558 1513 3731 1571 homi-

2138 1616 2265 1658 item
2290 1604 2356 1657 ad
2387 1602 2677 1673 imaginem
2718 1612 2772 1657 et
2798 1603 3207 1659 similitudinem
3257 1604 3350 1659 Dei
3400 1603 3635 1669 factum,
3672 1613 3729 1660 et

2142 1694 2372 1750 alterum
2403 1695 2729 1751 exteriorem
2766 1694 3083 1753 similiorem
3120 1696 3291 1767 magis
3330 1695 3612 1765 pecoribus
3642 1697 3727 1752 la-

2139 1794 2288 1840 etum
2320 1803 2333 1838 :
2359 1800 2465 1843 non
2490 1786 2632 1856 quod
2655 1788 2775 1841 dure
2804 1802 3068 1855 personae,
3092 1787 3185 1843 sed
3212 1787 3355 1858 quod
3382 1792 3501 1843 dure
3527 1797 3731 1845 natura

445 1876 750 1943 diversitas,
799 1888 851 1931 et
897 1877 964 1932 de
1003 1892 1225 1947 quarum
1276 1878 1483 1934 ratione
1521 1878 1775 1934 convenit
1817 1877 2026 1947 dicere,
2063 1869 2108 1932 Β
2133 1876 2263 1932 sint.
2290 1877 2442 1945 Quod
2469 1878 2632 1933 etiam
2657 1877 2813 1948 hujus
2844 1877 3124 1934 manifesta
3155 1879 3319 1934 verba
3346 1880 3642 1947 declarant,
3669 1887 3728 1937 et

447 1970 568 2042 quia
599 1985 705 2025 non
735 1979 819 2025 est
850 1968 992 2024 idem
1036 1971 1176 2040 quod
1221 1982 1556 2040 assumptum
1578 1979 1668 2027 est
1696 1970 1991 2027 assumenti
2016 1988 2029 2024 :

447 2066 515 2119 de
549 2078 777 2132 persona
800 2077 930 2118 vero
960 2061 1103 2118 dicat
1130 2063 1270 2134 quod
1297 2064 1438 2119 idem
1467 2064 1538 2120 sit
1568 2078 1851 2120 assumens
1875 2074 2036 2135 atque

447 2162 781 2224 assumptus.
835 2153 1036 2210 Plusne
1061 2154 1255 2226 aliquis
1282 2155 1462 2211 dicere
1495 2156 1665 2225 potuit
1688 2172 1847 2227 quam
1895 2158 2032 2211 idem

448 2244 600 2316 ipse!
630 2244 771 2313 quod
798 2245 852 2300 in
877 2243 976 2299 hac
1003 2246 1295 2313 sententia,
1333 2258 1437 2301 non
1472 2254 1675 2302 tantum
1706 2248 1875 2304 semel
1897 2292 1910 2317 ,
1941 2246 2036 2304 sed

448 2335 643 2392 iterum
685 2337 817 2392 dicit
844 2338 1109 2409 :ideoque
1138 2338 1401 2409 sequitur,
1430 2338 1621 2397 dicens
1662 2340 1772 2396 sic:
1802 2360 1823 2394 ‹
1855 2340 2038 2412 Neque

452 2439 765 2485 naturarum
815 2428 906 2486 lict
954 2431 1243 2499 confusio,
1288 2446 1464 2501 neque
1519 2447 1764 2504 persona:
1792 2433 2035 2503 quaedam

451 2535 612 2592 prava
663 2519 884 2575 divisio.
918 2538 937 2573 ι
969 2521 1107 2589 Quid
1138 2522 1439 2577 evidentius
1485 2537 1748 2592 quaerere,
1778 2522 1865 2578 vel
1908 2518 2035 2592 quid

451 2610 685 2683 amplius
711 2612 778 2667 de
819 2608 914 2667 illo
950 2621 1265 2680 exspectare
1294 2613 1610 2682 possemus?
1639 2622 1694 2668 et
1733 2623 1909 2667 tamen
1946 2611 2037 2666 ille

448 2704 633 2758 adhuc
670 2702 820 2757 addit
858 2710 913 2758 et
957 2701 1127 2758 dicit:
1154 2721 1177 2756 ‹
1214 2703 1425 2760 Maneat
1461 2706 1605 2761 enim
1636 2714 1691 2761 et
1722 2713 2036 2760 naturarum

451 2793 596 2847 ratio
634 2793 941 2861 inconfusa,
986 2800 1041 2849 et
1081 2793 1309 2851 indivisa
1355 2805 1713 2867 cognoscatur
1753 2811 1874 2853 esse
1917 2811 2043 2867 pcr-

455 2899 605 2940 sena.
636 2904 655 2938 ι
701 2885 770 2940 Et
792 2886 984 2941 iterum
1008 2888 1300 2952 cumulata,
1325 2883 1370 2943 si
1400 2889 1683 2945 dicendum
1714 2897 1815 2958 est,
1851 2903 2039 2957 super-

449 2976 821 3041 accumulans,
846 2975 923 3030 ait
948 2993 961 3029 :
996 2994 1016 3029 t
1047 2977 1180 3033 Illud
1208 2979 1422 3049 quidem
1452 2981 1777 3051 proprietate
1808 2992 2034 3049 naturze,

447 3069 626 3123 diviso
656 3070 797 3139 quod
830 3079 1160 3140 assumptum
1197 3080 1280 3126 cst
1310 3072 1377 3128 ab
1410 3084 1739 3129 assumente.
1762 3073 1901 3128 illud
1940 3084 2037 3129 au-‘

354 3199 367 3211 .
447 3170 562 3217 tem
591 3162 915 3218 adunatione
943 3178 1212 3234 personae,
1238 3165 1293 3219 in
1339 3180 1444 3220 una
1474 3166 1831 3236 appellatione
1874 3166 2036 3222 tetius

450 3253 798 3309 considerata
832 3256 950 3311 sive
974 3258 1306 3312 assumcntis
1335 3258 1449 3314 sive
1477 3257 1637 3313 etiam
1660 3259 1921 3328 assumpti
1947 3272 2037 3312 na-
2062 3232 2111 3294 (ἶ

459 3353 601 3411 tura,
633 3356 687 3401 et
709 3346 872 3400 veluti
904 3348 980 3401 sic
1015 3348 1188 3403 dicam
1224 3350 1277 3403 in
1307 3347 1439 3421 Filii,
1466 3349 1850 3420 appellatione.
1883 3349 2055 3407 simul

458 3446 513 3493 et
540 3437 706 3493 Deum
755 3437 989 3494 Verbum
1030 3440 1383 3510 appellamus,
1410 3450 1464 3497 et
1512 3450 1841 3513 assumptam
1888 3452 2043 3497 natu-

458 3544 614 3599 ratn,
662 3548 998 3604 quaecunque
1039 3536 1127 3590 illa
1176 3535 1282 3602 sit,
1330 3537 1819 3607 consigniﬁcamus.
1864 3554 1882 3590 ι
1919 3537 2045 3592 ideo

457 3635 587 3677 vero
628 3624 791 3692 dicit,
842 3642 1174 3699 quaecunque
1223 3628 1312 3683 illa
1361 3626 1451 3693 sit,
1501 3629 1754 3698 quoniam
1804 3628 2044 3685 haeretici

458 3723 649 3769 contra
675 3730 810 3785 quos
857 3716 999 3787 agit,
1024 3720 1186 3773 etiam
1215 3735 1243 3773 a
1281 3734 1340 3774 se
1377 3719 1597 3775 diverso
1632 3734 1817 3777 errore
1848 3720 1917 3777 de
1962 3724 2045 3777 in-

457 3807 769 3863 carnatione
823 3809 1164 3867 dissentiunt.
1213 3812 1345 3869 Nam
1407 3815 1782 3885 Apoliuarista:
1826 3812 2043 3886 quidem

459 3896 636 3951 carnis
656 3908 709 3954 et
736 3903 927 3956 animae
972 3911 1216 3959 naturam
1245 3915 1270 3943 ³
1316 3906 1432 3962 sine
1467 3912 1648 3962 mente
1678 3910 2040 3977 assumpsisse

467 3986 754 4045 Dominum
786 3990 1040 4058 credunt;
1074 3992 1257 4048 Ariani
1294 4009 1423 4050 vero
1449 3996 1626 4051 carnis
1652 3994 2040 4055 tantummodo.

463 4076 667 4134 Idcirco
719 4081 876 4136 etiam
928 4085 1174 4152 superius
1215 4084 1328 4141 ait:
1363 4088 1592 4142 alterum
1630 4088 1771 4143 Deus
1813 4089 2041 4146 Verbum

462 4178 675 4234 usura,
698 4171 926 4225 alterum
950 4181 1127 4229 autem
1151 4176 1291 4245 quod
1315 4188 1644 4247 assumptum
1668 4191 1767 4247 est,
1790 4181 2044 4254 quidquid

462 4258 590 4314 illud
617 4262 707 4314 sit.
742 4262 847 4318 Sed
879 4265 1122 4333 nunquid
1172 4275 1292 4335 post
1337 4267 1475 4324 hanc
1518 4272 1859 4326 manifestam
1888 4274 2045 4330 nobis

464 4352 533 4405 ab
562 4367 635 4407 eo
650 4354 1293 4425 regulam‘constitutam,
1322 4371 1503 4416 etnon
1527 4366 1691 4419 semel
1714 4377 1805 4419 aut
1828 4367 2042 4436 iterum,
2074 4416 2079 4419 .

462 4442 556 4496 sed
594 4445 789 4512 sacpius
816 4448 1208 4517 conculcatam,
1256 4452 1560 4525 ubicunque
1593 4455 1856 4512 dictorum
1919 4475 2045 4515 suo-

462 4545 578 4585 rum
604 4534 875 4590 invenitur
892 4534 962 4592 de
998 4537 1210 4594 Christo
1253 4541 1480 4612 loquens
1510 4544 1739 4601 alterum
1774 4549 1840 4604 ab
1870 4551 2042 4607 altero

2136 1967 2456 2023 inconcusse
2508 1969 2797 2024 tenendum
2847 1970 3131 2038 multiplici
3183 1972 3339 2026 nobis
3391 1973 3721 2041 repetitione

2133 2058 2537 2115 commendant.
2568 2058 2706 2113 Illud
2730 2073 2866 2130 ergo
2891 2060 3048 2115 nobis
3080 2061 3255 2129 potius
3280 2062 3511 2130 probent
3539 2069 3583 2119 si
3606 2080 3730 2133 pos-

2137 2160 2289 2217 sunt,
2324 2153 2417 2209 ubi
2468 2151 2764 2208 secundum
2818 2168 3104 2223 personam
3155 2167 3261 2208 non
3291 2156 3539 2210 eumdem
3586 2173 3728 2226 esse,

2137 2244 2221 2301 vel
2249 2244 2479 2301 alterum
2500 2258 2623 2300 esse
2649 2245 2862 2309 dixerit,
2890 2253 2947 2300 ut
2964 2260 3088 2301 eum
3116 2261 3217 2302 nos
3236 2262 3449 2317 quoque
3473 2251 3731 2304 fateamur

2135 2350 2367 2394 errasse.
2399 2336 2625 2392 Probari
2656 2344 2833 2393 autem
2880 2337 2980 2392 hoc
3009 2340 3335 2407 expetimus,
3369 2356 3474 2395 non
3505 2357 3602 2411 pro
3631 2359 3729 2396 ηυ-

2140 2430 2258 2484 scio
2292 2430 2447 2498 cujus
2475 2428 2783 2497 suspicione
2828 2438 2922 2485 aut
2968 2430 3241 2491 voluntate
3275 2430 3503 2500 jactari,
3539 2440 3731 2493 utnon

2136 2535 2201 2576 ex
2230 2521 2457 2576 aliorum
2503 2520 2818 2591 conjectura
2867 2521 2981 2576 sive
3027 2521 3295 2576 calumnia
3321 2563 3336 2589 ,
3370 2525 3466 2579 sed
3510 2540 3583 2581 ex
3616 2527 3733 2582 suis

2140 2613 2318 2669 verbis
2350 2615 2546 2669 merito
2579 2612 2872 2684 jiidieetur.
2904 2596 2962 2670 Si
3008 2629 3138 2670 vere
3184 2616 3316 2671 nihil
3366 2618 3421 2672 in
3471 2634 3592 2675 eum
3624 2622 3732 2675 tale

2142 2705 2359 2775 probari
2390 2716 2587 2775 potest,
2621 2705 2895 2777 quomodo
2922 2720 3044 2761 eum
3075 2705 3262 2763 dicunt
3285 2723 3313 2763 a
3344 2709 3553 2780 synodo
3573 2708 3733 2766 Chal-

2140 2795 2432 2853 cedonensi
2462 2805 2711 2866 tanquam
2752 2795 3055 2853 Nestoriani
3091 2796 3358 2867 dogmatis
3400 2799 3732 2858 inventorem

2140 2886 2391 2943 debuisse
2410 2886 2696 2941 damnari?
2723 2885 2822 2954 Qui
2851 2901 3038 2942 rursus
3076 2895 3232 2943 serto
3263 2888 3504 2958 ejusdem
3551 2891 3730 2960 operis

2135 2980 2310 3044 libro,
2342 2978 2576 3049 capitulo
2632 2978 2702 3034 54
2743 2978 3003 3034 adversus
3040 2979 3266 3036 eosdem
3298 2981 3727 3051 Apolinaristas,

2140 3076 2233 3145 qni
2263 3090 2363 3132 nos
2390 3074 2563 3131 videri
2603 3074 2786 3130 volunt
2833 3074 3188 3131 hominicolas
3216 3074 3265 3141 δ,
3293 3076 3372 3133 sic
3410 3076 3728 3147 respondit:

2147 3190 2164 3223 ι
2203 3170 2263 3227 Si
2307 3185 2436 3240 ergo
2463 3170 2735 3225 hominem
2784 3169 3027 3225 dicentes
3068 3168 3344 3233 Christum
3387 3170 3728 3228 hominicolm

2147 3261 2324 3315 vocari
2348 3258 2499 3328 juste
2526 3259 2605 3314 eis
2634 3259 2902 3325 videmur,
2937 3258 3038 3314 hoc
3076 3267 3362 3330 antequam
3393 3275 3491 3315 nos
3523 3267 3736 3317 dicere-

2146 3365 2266 3405 mus
2294 3348 2582 3420 Scriptura
2613 3348 2798 3404 docuit
2825 3363 3015 3404 omnes
3046 3349 3294 3406 homines
3324 3365 3417 3421 per
3439 3366 3508 3407 ea
3544 3352 3734 3423 quibus

2148 3439 2420 3494 hominem
2451 3453 2647 3494 vocare
2677 3453 2783 3495 non
2813 3447 3049 3503 recti-at,
3080 3440 3217 3494 sicut
3246 3441 3496 3510 superius
3522 3442 3577 3496 in
3620 3443 3734 3513 ple-

2146 3530 2327 3601 risque
2353 3531 2488 3587 locis
2508 3531 2690 3587 vocari
2716 3533 2817 3586 hoc
2837 3532 3060 3587 nomine
3084 3532 3355 3588 Christum
3376 3535 3729 3591 ostendimus.

2145 3624 2253 3680 Sed
2282 3624 2586 3691 hominem,
2619 3623 2903 3694 inquiunt,
2937 3640 3129 3693 purum
3163 3624 3404 3681 dicentes
3430 3641 3553 3685 esse
3578 3627 3734 3683 Chri-

2146 3724 2290 3770 stum
2318 3713 2668 3770 hominicolas
2707 3721 2919 3783 oportet
2948 3715 3173 3769 vocari:
3208 3716 3309 3770 hoc
3341 3714 3455 3786 jam
3487 3728 3729 3785 apertqu

2146 3807 2482 3862 mendacium
2541 3814 2664 3873 est,
2711 3806 2975 3876 siquidem
3031 3806 3136 3863 hoc
3177 3807 3358 3864 dicere
3422 3811 3729 3868 voluerunt.

2147 3897 2335 3955 Nullus
2362 3899 2509 3954 enim
2552 3897 2838 3965 aliquando
2882 3896 2998 3954 haec
3044 3913 3144 3953 nos
3189 3898 3371 3954 dicere
3400 3901 3640 3967 audivit;
3673 3914 3729 3958 et

2148 4001 2277 4063 puto
2308 4007 2484 4062 neque
2511 3992 2645 4047 istos
2668 3991 2949 4060 suscipere
2972 4006 3132 4061 posse
3154 3992 3369 4047 mentiri
3394 3993 3732 4053 mendacium

2148 4095 2257 4139 tam
2286 4092 2531 4155 apertum
2561 4101 2574 4135 :
2601 4099 2706 4138 non
2738 4082 2861 4154 quia
2892 4099 2999 4138 non
3029 4085 3246 4154 cognite
3267 4086 3287 4118 ²
3325 4100 3384 4141 se
3412 4086 3639 4141 habeant
3664 4086 3731 4143 ad

2148 4175 2509 4244 mendacium,
2550 4175 2646 4231 sed
2673 4176 2795 4244 quia
2824 4176 3073 4246 redargui
3102 4190 3161 4232 se
3191 4176 3629 4247 possefacillime
3652 4180 3730 4247 vi:

2146 4269 2276 4324 deut
2298 4286 2312 4321 :
2336 4283 2638 4339 quanquam
2669 4267 2715 4322 si
2744 4267 2923 4321 minus
2952 4266 3069 4340 ejus
3089 4267 3109 4298 ³
3136 4277 3309 4333 curet,
3338 4278 3394 4324 et
3430 4267 3533 4323 hoc
3562 4267 3722 4324 forsi-

2148 4380 2237 4425 tan
2267 4368 2556 4438 contingat.
2578 4367 2688 4422 Nos
2710 4367 2852 4422 enim
2881 4366 2997 4421 haec
3023 4367 3227 4435 dicere,
3261 4367 3313 4423 id
3339 4378 3421 4424 est
3455 4367 3726 4438 Unigeniti

2149 4475 2345 4532 negare
2386 4460 2715 4515 divinitatem
2736 4497 2752 4523 ,
2780 4472 3011 4514 summa:
3041 4457 3190 4513 furiae
3223 4473 3347 4515 esse
3375 4460 3729 4528 arbitramur,

2147 4563 2240 4607 aut
2288 4549 2413 4620 quid
2457 4548 2565 4618 jam
2615 4558 2782 4603 restat
2825 4563 2923 4603 cur
2952 4547 3021 4603 ab
3052 4547 3329 4605 haereticis
3372 4553 3732 4621 separemuri

462 4636 769 4692 secernere,
794 4636 849 4681 et
878 4640 1245 4686 assumentem
1270 4610 1343 4689 ita
1381 4635 1715 4707 distinguere
1741 4639 1810 4694 ab
1836 4655 2046 4696 assum—
2072 4610 2120 4673 ί)
2146 4610 2403 4711 cujus-rei
2426 4610 2594 4710 gratia
2618 4648 2672 4694 et
2702 4639 2835 4696 tales
2859 4646 2913 4693 et
2938 4645 3119 4694 tantas
3146 4610 3551 4708 persecutidnes
3572 4641 3735 4698 susti-

460 4723 572 4782 pte,
601 4726 657 4771 ut
677 4724 734 4773 et
762 4717 864 4773 hoc
888 4729 945 4775 et
976 4720 1105 4777 illud
1138 4723 1279 4780 idem
1308 4739 1413 4780 non
1441 4740 1561 4783 esse
1600 4731 1905 4798 confirmet,
1945 4749 2047 4803 pro

460 4806 721 4863 diuisione
764 4813 922 4867 unius
963 4830 1209 4883 personae
1232 4819 1459 4887 dictum,
1505 4827 1561 4875 et
1597 4837 1703 4876 non
1744 4822 1921 4892 potius
1951 4842 2046 4895 pro

459 4900 772 4959 diversitate
812 4904 1039 4961 duarum
1090 4919 1402 4965 naturarum
1453 4911 1717 4970 debemus
1757 4918 2041 4988 accipere,

457 5003 582 5045 cum
632 4992 773 5049 dicat
817 4996 938 5065 quia
995 5013 1222 5065 persona
1280 5001 1423 5056 idem
1470 5002 1585 5073 ipse
1631 5014 1717 5059 est
1756 5008 2046 5065 assumens

459 5091 619 5154 atque
647 5096 974 5156 assumptus,
1006 5098 1073 5143 et.
1100 5088 1203 5144 hoc
1224 5090 1401 5161 ipsum
1425 5102 1657 5162 repetat,
1697 5103 1750 5149 et
1779 5097 1927 5151 vario
1964 5097 2043 5152 di-

496 5228 559 5300 ,ἡ
602 5218 711 5274 lloc
752 5236 963 5300 quoque
1009 5222 1295 5300 discrimen
1326 5236 1756 5300 Arianorumget
1791 5231 2043 5299 Apoiinao

465 5293 715 5368 ristarum
741 5293 1387 5368 observal_Tli§odoret_us
1408 5298 1617 5368 dialogo
1647 5298 1701 5352 2.
1732 5299 1802 5354 At
1822 5293 2041 5361 sanctus

461 5360 787 5439 angustinus
821 5364 1015 5442 inci-esi
1063 5365 1131 5419 55
1159 5365 1420 5442 significat
1453 5360 1843 5442 Apdlinaristas
1896 5360 2043 5442 prin?-

460 5431 602 5496 cipio
648 5445 775 5485 cum
808 5434 1017 5488 Arianis
1068 5431 1303 5490 sensisse
1346 5431 1617 5492 Christum
1662 5431 2044 5501 carnem'sine

462 5502 1006 5582 aniinaosuscepisse:
1042 5509 1582 5582 postea_e_vang_elicis
1614 5512 1934 5569 testimoniis
1960 5519 2042 5570 via

460 5569 807 5651 ctos_dixi_sse
831 5569 1068 5651 mentem
1099 5592 1202 5651 non
1235 5569 1468 5651 fuisse'in
1495 5581 1671 5651 anima
1699 5582 1922 5651 Christi,
1946 5569 2043 5643 sed

464 5653 560 5708 pro
590 5638 689 5694 hae
717 5638 889 5708 ipsum
917 5644 1005 5699 Vel
1022 5646 1145 5701 bum
1169 5649 1218 5703 in
1241 5662 1308 5703 ea
1334 5647 1514 5706 fuisse.
1539 5649 1707 5719 Quam
1732 5653 1800 5708 ob
1824 5638 2039 5714 causam

534 5748 554 5821 ᾳ
591 5753 722 5821 βοά.
752 5750 979 5821 Veron.,
1007 5758 1147 5813 dicit.

535 5820 557 5852 '
590 5820 737 5881 Idem
763 5828 906 5896 cod.,
933 5839 1164 5901 cognata.

2150 4728 2417 4789 nemus"?
2446 4739 2540 4784 aut
2567 4730 2686 4799 quis
2725 4730 2938 4800 ignorat
2966 4744 3183 4798 semper
3223 4730 3508 4786 adversum
3531 4746 3639 4811 .nos
3663 4733 3732 4799 ab

2144 4823 2414 4878 hereticis
2464 4822 2664 4877 bellum
2716 4820 2840 4891 agi?
2897 4834 3058 4875 omne
3105 4821 3414 4888 metallum,
3465 4832 3521 4877 et
3572 4837 3735 4882 omne

2149 4917 2324 4972 locum
2356 4914 2632 4971 desertum
2658 4914 2923 4984 repletum
2952 4922 3034 4967 est
3060 4927 3126 4968 ex
3169 4913 3374 4968 nostris
3417 4913 3730 4972 hominibus

2151 5019 2369 5080 pr0pter
2414 5006 2712 5063 doctrinam
2782 5006 3014 5077 pietatis.
3066 5024 3089 5058 ι»
3136 5005 3205 5060 Ει
3255 5013 3374 5076 post
3418 5007 3731 5076 aliquanta:

2153 5119 2175 5154 ι
2210 5101 2337 5156 Ηιεο
2361 5108 2566 5165 autem,
2598 5098 2789 5169 inquit,
2813 5098 2994 5154 omnia
3020 5096 3234 5168 quando
3264 5097 3455 5155 beatus
3483 5099 3731 5156 Meletius

2153 5252 2181 5290 υ
2214 5234 2505 5316 nonnullis,
2530 5233 2652 5302 quia
2677 5246 2780 5286 non
2801 5240 2973 5316 totum
2997 5232 3267 5316 hominem
3297 5250 3326 5316 a
3356 5234 3529 5291 Verbo
3547 5248 3733 5292 susce-

2153 5314 2299 5376 ptum
2323 5304 2590 5366 dicebant,
2621 5311 2905 5377 Διμοιρῑι-αι
2926 5305 3176 5371 appellati
3203 5315 3352 5361 sunt.

2220 5374 2250 5413 ῢ
2290 5374 2756 5433 ’Δνθρωπολάτραςο
2787 5375 3114 5429 Athanasius
3159 5377 3262 5431 sub
3305 5377 3464 5433 linem
3512 5376 3632 5431 libri
3662 5377 3731 5433 de

2221 5394 2250 5413 υ
2307 5394 2756 5449 Δνυρωπολατρας.
2787 5394 3114 5429 Attiunasms
3159 5394 3262 5431 suo
3305 5394 3464 5433 nnem
3512 5394 3632 5431 llDl'l
3662 5394 3730 5433 σε

2151 5444 2522 5522 Ῐηοτπῃεξιὶῳιβ
2547 5444 2751 5522 Domini
2778 5461 2792 5495 :
2822 5445 2911 5498 Καὶ
2931 5446 3083 5522 tingi;
3106 5457 3537 5522 συκςεφᾳντοῦντες
3564 5447 3730 5522 Myer:

2150 5520 2285 5602 ira?“
2314 5514 2405 5597 δύ9
2444 5515 2601 5598 λέγειν
2637 5515 2812 5580 vim)"
2861 5517 2944 5602 κςκε
2965 5514 3415 5602 Ἵάνέρωπεὲἀτρετς
3444 5514 3730 5602 mitiu-

2136 5586 2481 5641 ‘Caluntm'am
2510 5588 2563 5638 in
2592 5600 2684 5656 nos
2713 5593 2980 5656 struentes,
3024 5586 3152 5641 duos
3176 5586 3621 5656 ﬁlios-dicerem:
3650 5591 3731 5644 dic

2150 5658 2291 5722 citis,
2322 5668 2369 5709 et
2407 5654 2744 5711 hominicolas
2773 5652 3066 5725 appellatis.

2220 5770 2243 5801 ³
2280 5768 2423 5823 Idem
2445 5769 2591 5835 cod.,
2619 5771 2714 5825 eis.

2219 5839 2241 5869 ‘
2280 5842 2424 5895 Idem
2451 5843 2594 5905 cod.,
2626 5840 2979 5899 sustinuimus.
