  <div class='ocr_page' id='page_1' title='image "/cluster/home/n/w/nwhite01/storage/ocr_20150623/67/umn.31951002477360y/390.png"; bbox 0 0 4094 6544; ppageno 0'>
   <div class='ocr_carea' id='block_1_1' title="bbox 389 494 496 574">
    <p class='ocr_par' dir='ltr' id='par_1_1' title="bbox 389 494 496 574">
     <span class='ocr_line' id='line_1_1' title="bbox 389 494 496 574; baseline -0.037 1"><span class='ocrx_word' id='word_1_1' title='bbox 389 494 496 574; x_wconf 72' lang='lat'><strong>753</strong></span> 
     </span>
    </p>
   </div>
   <div class='ocr_carea' id='block_1_2' title="bbox 1273 506 2774 571">
    <p class='ocr_par' dir='ltr' id='par_1_2' title="bbox 1273 506 2774 571">
     <span class='ocr_line' id='line_1_2' title="bbox 1273 506 2774 571; baseline -0.007 0"><span class='ocrx_word' id='word_1_2' title='bbox 1273 512 1404 571; x_wconf 76' lang='lat' dir='ltr'><strong>PRO</strong></span> <span class='ocrx_word' id='word_1_3' title='bbox 1441 508 1870 570; x_wconf 77' lang='lat' dir='ltr'><strong>DEFENSIONE</strong></span> <span class='ocrx_word' id='word_1_4' title='bbox 1907 506 2122 567; x_wconf 77' lang='lat' dir='ltr'><strong>TRIUM</strong></span> <span class='ocrx_word' id='word_1_5' title='bbox 2161 508 2476 567; x_wconf 79' lang='lat' dir='ltr'><strong>CAPITUL.</strong></span> <span class='ocrx_word' id='word_1_6' title='bbox 2520 508 2649 566; x_wconf 83' lang='lat' dir='ltr'><strong>LIB.</strong></span> <span class='ocrx_word' id='word_1_7' title='bbox 2682 511 2774 566; x_wconf 75' lang='lat' dir='ltr'><strong>lx.</strong></span> 
     </span>
    </p>
   </div>
   <div class='ocr_carea' id='block_1_3' title="bbox 3572 510 3677 564">
    <p class='ocr_par' dir='ltr' id='par_1_3' title="bbox 3572 510 3677 564">
     <span class='ocr_line' id='line_1_3' title="bbox 3572 510 3677 564; baseline 0 0"><span class='ocrx_word' id='word_1_8' title='bbox 3572 510 3677 564; x_wconf 61' lang='lat'><strong>7&#39;54</strong></span> 
     </span>
    </p>
   </div>
   <div class='ocr_carea' id='block_1_4' title="bbox 392 620 3680 698">
    <p class='ocr_par' dir='ltr' id='par_1_4' title="bbox 392 620 3680 698">
     <span class='ocr_line' id='line_1_4' title="bbox 392 620 3680 698; baseline -0.003 -11"><span class='ocrx_word' id='word_1_9' title='bbox 392 646 580 687; x_wconf 89' lang='lat' dir='ltr'><strong>omnes</strong></span> <span class='ocrx_word' id='word_1_10' title='bbox 610 630 661 685; x_wconf 91' lang='lat' dir='ltr'><strong>in</strong></span> <span class='ocrx_word' id='word_1_11' title='bbox 683 628 898 685; x_wconf 99' lang='lat' dir='ltr'><strong>Christo</strong></span> <span class='ocrx_word' id='word_1_12' title='bbox 922 626 1087 683; x_wconf 85' lang='lat' dir='ltr'><strong>factas</strong></span> <span class='ocrx_word' id='word_1_13' title='bbox 1116 627 1445 698; x_wconf 80' lang='lat' dir='ltr'><strong>pmphetias.</strong></span> <span class='ocrx_word' id='word_1_14' title='bbox 1486 627 1676 683; x_wconf 82' lang='lat' dir='ltr'><strong>Omnia</strong></span> <span class='ocrx_word' id='word_1_15' title='bbox 1707 626 1849 681; x_wconf 89' lang='lat' dir='ltr'><strong>enim</strong></span> <span class='ocrx_word' id='word_1_16' title='bbox 1890 639 1979 680; x_wconf 82' lang='lat' dir='ltr'><strong>eo-</strong></span> <span class='ocrx_word' id='word_1_17' title='bbox 2010 625 2062 684; x_wconf 78' lang='grc' dir='ltr'>Α</span> <span class='ocrx_word' id='word_1_18' title='bbox 2088 622 2389 679; x_wconf 81' lang='lat' dir='ltr'><strong>videbatur.</strong></span> <span class='ocrx_word' id='word_1_19' title='bbox 2418 621 2551 679; x_wconf 85' lang='lat' dir='ltr'><strong>Nam</strong></span> <span class='ocrx_word' id='word_1_20' title='bbox 2588 623 2675 677; x_wconf 87' lang='lat' dir='ltr'><strong>cui</strong></span> <span class='ocrx_word' id='word_1_21' title='bbox 2713 625 2851 679; x_wconf 84' lang='lat' dir='ltr'><strong>bene</strong></span> <span class='ocrx_word' id='word_1_22' title='bbox 2897 621 3085 677; x_wconf 79' lang='lat' dir='ltr'><strong>scienti</strong></span> <span class='ocrx_word' id='word_1_23' title='bbox 3113 620 3141 652; x_wconf 73' lang='grc'><strong><em>⁸</em></strong></span> <span class='ocrx_word' id='word_1_24' title='bbox 3165 637 3271 676; x_wconf 82' lang='lat' dir='ltr'><strong>non</strong></span> <span class='ocrx_word' id='word_1_25' title='bbox 3314 621 3585 677; x_wconf 85' lang='lat' dir='ltr'><strong>sumceret</strong></span> <span class='ocrx_word' id='word_1_26' title='bbox 3613 622 3680 678; x_wconf 87' lang='lat' dir='ltr'><strong>ad</strong></span> 
     </span>
    </p>
   </div>
   <div class='ocr_carea' id='block_1_5' title="bbox 391 715 1986 791">
    <p class='ocr_par' dir='ltr' id='par_1_5' title="bbox 391 715 1986 791">
     <span class='ocr_line' id='line_1_5' title="bbox 391 715 1986 791; baseline -0.004 -13"><span class='ocrx_word' id='word_1_27' title='bbox 391 738 508 778; x_wconf 90' lang='lat' dir='ltr'><strong>rum</strong></span> <span class='ocrx_word' id='word_1_28' title='bbox 540 721 825 791; x_wconf 76' lang='lat' dir='ltr'><strong>sapientiae</strong></span> <span class='ocrx_word' id='word_1_29' title='bbox 863 719 1048 785; x_wconf 86' lang='lat' dir='ltr'><strong>licent,</strong></span> <span class='ocrx_word' id='word_1_30' title='bbox 1079 728 1132 773; x_wconf 89' lang='lat' dir='ltr'><strong>et</strong></span> <span class='ocrx_word' id='word_1_31' title='bbox 1153 717 1286 773; x_wconf 87' lang='lat' dir='ltr'><strong>nihil</strong></span> <span class='ocrx_word' id='word_1_32' title='bbox 1313 727 1394 772; x_wconf 89' lang='lat' dir='ltr'><strong>est</strong></span> <span class='ocrx_word' id='word_1_33' title='bbox 1419 717 1558 787; x_wconf 91' lang='lat' dir='ltr'><strong>quod</strong></span> <span class='ocrx_word' id='word_1_34' title='bbox 1590 718 1781 782; x_wconf 90' lang='lat' dir='ltr'><strong>libeat,</strong></span> <span class='ocrx_word' id='word_1_35' title='bbox 1807 725 1860 772; x_wconf 90' lang='lat' dir='ltr'><strong>et</strong></span> <span class='ocrx_word' id='word_1_36' title='bbox 1884 715 1986 771; x_wconf 90' lang='lat' dir='ltr'><strong>sibi</strong></span> 
     </span>
    </p>
   </div>
   <div class='ocr_carea' id='block_1_6' title="bbox 391 811 1987 888">
    <p class='ocr_par' dir='ltr' id='par_1_6' title="bbox 391 811 1987 888">
     <span class='ocr_line' id='line_1_6' title="bbox 391 811 1987 888; baseline -0.007 -15"><span class='ocrx_word' id='word_1_37' title='bbox 391 832 499 873; x_wconf 91' lang='lat' dir='ltr'><strong>non</strong></span> <span class='ocrx_word' id='word_1_38' title='bbox 528 816 782 888; x_wconf 87' lang='lat' dir='ltr'><strong>expedire</strong></span> <span class='ocrx_word' id='word_1_39' title='bbox 837 812 1079 867; x_wconf 82' lang='lat' dir='ltr'><strong>credant.</strong></span> <span class='ocrx_word' id='word_1_40' title='bbox 1132 811 1282 866; x_wconf 87' lang='lat' dir='ltr'><strong>Sicut</strong></span> <span class='ocrx_word' id='word_1_41' title='bbox 1330 818 1507 864; x_wconf 89' lang='lat' dir='ltr'><strong>autem</strong></span> <span class='ocrx_word' id='word_1_42' title='bbox 1555 825 1661 864; x_wconf 84' lang='lat' dir='ltr'><strong>non</strong></span> <span class='ocrx_word' id='word_1_43' title='bbox 1705 818 1987 878; x_wconf 83' lang='lat' dir='ltr'><strong>propterea</strong></span> 
     </span>
    </p>
   </div>
   <div class='ocr_carea' id='block_1_7' title="bbox 398 900 1988 976">
    <p class='ocr_par' dir='ltr' id='par_1_7' title="bbox 398 900 1988 976">
     <span class='ocr_line' id='line_1_7' title="bbox 398 900 1988 976; baseline -0.006 -13"><span class='ocrx_word' id='word_1_44' title='bbox 398 908 672 963; x_wconf 88' lang='lat' dir='ltr'><strong>hominem</strong></span> <span class='ocrx_word' id='word_1_45' title='bbox 704 907 933 976; x_wconf 84' lang='lat' dir='ltr'><strong>denegat</strong></span> <span class='ocrx_word' id='word_1_46' title='bbox 959 906 1140 961; x_wconf 82' lang='lat' dir='ltr'><strong>Jesum</strong></span> <span class='ocrx_word' id='word_1_47' title='bbox 1170 903 1463 969; x_wconf 84' lang='lat' dir='ltr'><strong>Christum,</strong></span> <span class='ocrx_word' id='word_1_48' title='bbox 1489 904 1608 974; x_wconf 88' lang='lat' dir='ltr'><strong>quia</strong></span> <span class='ocrx_word' id='word_1_49' title='bbox 1649 902 1715 957; x_wconf 91' lang='lat' dir='ltr'><strong>de</strong></span> <span class='ocrx_word' id='word_1_50' title='bbox 1738 900 1988 956; x_wconf 89' lang='lat' dir='ltr'><strong>humani-</strong></span> 
     </span>
    </p>
   </div>
   <div class='ocr_carea' id='block_1_8' title="bbox 396 992 1990 1069">
    <p class='ocr_par' dir='ltr' id='par_1_8' title="bbox 396 992 1990 1069">
     <span class='ocr_line' id='line_1_8' title="bbox 396 992 1990 1069; baseline -0.007 -14"><span class='ocrx_word' id='word_1_51' title='bbox 396 1009 508 1055; x_wconf 84' lang='lat' dir='ltr'><strong>tate</strong></span> <span class='ocrx_word' id='word_1_52' title='bbox 538 999 656 1069; x_wconf 90' lang='lat' dir='ltr'><strong>ejus</strong></span> <span class='ocrx_word' id='word_1_53' title='bbox 689 1010 871 1054; x_wconf 88' lang='lat' dir='ltr'><strong>tacens</strong></span> <span class='ocrx_word' id='word_1_54' title='bbox 916 997 1078 1053; x_wconf 89' lang='lat' dir='ltr'><strong>Deum</strong></span> <span class='ocrx_word' id='word_1_55' title='bbox 1107 996 1256 1051; x_wconf 91' lang='lat' dir='ltr'><strong>illum</strong></span> <span class='ocrx_word' id='word_1_56' title='bbox 1286 993 1651 1050; x_wconf 85' lang='lat' dir='ltr'><strong>tantummodo</strong></span> <span class='ocrx_word' id='word_1_57' title='bbox 1676 992 1767 1047; x_wconf 92' lang='lat' dir='ltr'><strong>hic</strong></span> <span class='ocrx_word' id='word_1_58' title='bbox 1796 992 1990 1045; x_wconf 82' lang='lat' dir='ltr'><strong>fatetur</strong></span> 
     </span>
    </p>
   </div>
   <div class='ocr_carea' id='block_1_9' title="bbox 395 1084 1989 1156">
    <p class='ocr_par' dir='ltr' id='par_1_9' title="bbox 395 1084 1989 1156">
     <span class='ocr_line' id='line_1_9' title="bbox 395 1084 1989 1156; baseline -0.006 -9"><span class='ocrx_word' id='word_1_59' title='bbox 395 1101 451 1147; x_wconf 83' lang='lat' dir='ltr'><strong>et</strong></span> <span class='ocrx_word' id='word_1_60' title='bbox 481 1090 677 1145; x_wconf 85' lang='lat' dir='ltr'><strong>Filium</strong></span> <span class='ocrx_word' id='word_1_61' title='bbox 713 1089 806 1144; x_wconf 89' lang='lat' dir='ltr'><strong>Dei</strong></span> <span class='ocrx_word' id='word_1_62' title='bbox 840 1105 853 1143; x_wconf 74' lang='grc' dir='ltr'><strong>ε</strong></span> <span class='ocrx_word' id='word_1_63' title='bbox 886 1089 957 1143; x_wconf 92' lang='lat' dir='ltr'><strong>ita</strong></span> <span class='ocrx_word' id='word_1_64' title='bbox 991 1088 1155 1143; x_wconf 89' lang='lat' dir='ltr'><strong>etiam</strong></span> <span class='ocrx_word' id='word_1_65' title='bbox 1191 1102 1296 1142; x_wconf 92' lang='lat' dir='ltr'><strong>non</strong></span> <span class='ocrx_word' id='word_1_66' title='bbox 1345 1087 1509 1141; x_wconf 85' lang='lat' dir='ltr'><strong>Deum</strong></span> <span class='ocrx_word' id='word_1_67' title='bbox 1546 1085 1772 1156; x_wconf 78' lang='lat' dir='ltr'><strong>denegat</strong></span> <span class='ocrx_word' id='word_1_68' title='bbox 1809 1084 1989 1139; x_wconf 85' lang='lat' dir='ltr'><strong>Jesum</strong></span> 
     </span>
    </p>
   </div>
   <div class='ocr_carea' id='block_1_10' title="bbox 398 1175 1991 1249">
    <p class='ocr_par' dir='ltr' id='par_1_10' title="bbox 398 1175 1991 1249">
     <span class='ocr_line' id='line_1_10' title="bbox 398 1175 1991 1249; baseline -0.006 -9"><span class='ocrx_word' id='word_1_69' title='bbox 398 1184 692 1249; x_wconf 83' lang='lat' dir='ltr'><strong>Christum,</strong></span> <span class='ocrx_word' id='word_1_70' title='bbox 720 1183 810 1238; x_wconf 90' lang='lat' dir='ltr'><strong>ubi</strong></span> <span class='ocrx_word' id='word_1_71' title='bbox 834 1183 902 1237; x_wconf 89' lang='lat' dir='ltr'><strong>de</strong></span> <span class='ocrx_word' id='word_1_72' title='bbox 927 1181 1208 1236; x_wconf 85' lang='lat' dir='ltr'><strong>divinitate</strong></span> <span class='ocrx_word' id='word_1_73' title='bbox 1238 1181 1355 1249; x_wconf 85' lang='lat' dir='ltr'><strong>ejus</strong></span> <span class='ocrx_word' id='word_1_74' title='bbox 1386 1189 1590 1246; x_wconf 87' lang='lat' dir='ltr'><strong>tacens,</strong></span> <span class='ocrx_word' id='word_1_75' title='bbox 1633 1185 1728 1233; x_wconf 90' lang='lat' dir='ltr'><strong>aut</strong></span> <span class='ocrx_word' id='word_1_76' title='bbox 1772 1175 1991 1231; x_wconf 85' lang='lat' dir='ltr'><strong>natura—</strong></span> 
     </span>
    </p>
   </div>
   <div class='ocr_carea' id='block_1_11' title="bbox 399 1267 1995 1340">
    <p class='ocr_par' dir='ltr' id='par_1_11' title="bbox 399 1267 1995 1340">
     <span class='ocr_line' id='line_1_11' title="bbox 399 1267 1995 1340; baseline -0.008 -7"><span class='ocrx_word' id='word_1_77' title='bbox 399 1292 517 1334; x_wconf 89' lang='lat' dir='ltr'><strong>rum</strong></span> <span class='ocrx_word' id='word_1_78' title='bbox 569 1274 949 1331; x_wconf 90' lang='lat' dir='ltr'><strong>discretionem</strong></span> <span class='ocrx_word' id='word_1_79' title='bbox 1004 1272 1226 1340; x_wconf 87' lang='lat' dir='ltr'><strong>faciens,</strong></span> <span class='ocrx_word' id='word_1_80' title='bbox 1282 1272 1474 1326; x_wconf 91' lang='lat' dir='ltr'><strong>reticet</strong></span> <span class='ocrx_word' id='word_1_81' title='bbox 1523 1269 1667 1340; x_wconf 91' lang='lat' dir='ltr'><strong>quod</strong></span> <span class='ocrx_word' id='word_1_82' title='bbox 1723 1268 1866 1323; x_wconf 90' lang='lat' dir='ltr'><strong>idem</strong></span> <span class='ocrx_word' id='word_1_83' title='bbox 1923 1267 1995 1323; x_wconf 85' lang='lat' dir='ltr'><strong>sit</strong></span> 
     </span>
    </p>
   </div>
   <div class='ocr_carea' id='block_1_12' title="bbox 396 1360 1995 1427">
    <p class='ocr_par' dir='ltr' id='par_1_12' title="bbox 396 1360 1995 1427">
     <span class='ocr_line' id='line_1_12' title="bbox 396 1360 1995 1427; baseline -0.008 -4"><span class='ocrx_word' id='word_1_84' title='bbox 396 1368 560 1423; x_wconf 90' lang='lat' dir='ltr'><strong>etiam</strong></span> <span class='ocrx_word' id='word_1_85' title='bbox 591 1366 737 1421; x_wconf 88' lang='lat' dir='ltr'><strong>Deus</strong></span> <span class='ocrx_word' id='word_1_86' title='bbox 762 1373 816 1420; x_wconf 91' lang='lat' dir='ltr'><strong>et</strong></span> <span class='ocrx_word' id='word_1_87' title='bbox 855 1364 1023 1419; x_wconf 88' lang='lat' dir='ltr'><strong>Filius</strong></span> <span class='ocrx_word' id='word_1_88' title='bbox 1056 1364 1169 1419; x_wconf 87' lang='lat' dir='ltr'><strong>Dei.</strong></span> <span class='ocrx_word' id='word_1_89' title='bbox 1200 1362 1315 1417; x_wconf 88' lang='lat' dir='ltr'><strong>Non</strong></span> <span class='ocrx_word' id='word_1_90' title='bbox 1351 1362 1495 1417; x_wconf 91' lang='lat' dir='ltr'><strong>enim</strong></span> <span class='ocrx_word' id='word_1_91' title='bbox 1545 1371 1601 1417; x_wconf 89' lang='lat' dir='ltr'><strong>et</strong></span> <span class='ocrx_word' id='word_1_92' title='bbox 1647 1360 1837 1415; x_wconf 87' lang='lat' dir='ltr'><strong>Petrus</strong></span> <span class='ocrx_word' id='word_1_93' title='bbox 1865 1373 1995 1427; x_wconf 87' lang='lat' dir='ltr'><strong>apo-</strong></span> 
     </span>
    </p>
   </div>
   <div class='ocr_carea' id='block_1_13' title="bbox 399 1450 1994 1524">
    <p class='ocr_par' dir='ltr' id='par_1_13' title="bbox 399 1450 1994 1524">
     <span class='ocr_line' id='line_1_13' title="bbox 399 1450 1994 1524; baseline -0.006 -10"><span class='ocrx_word' id='word_1_94' title='bbox 399 1458 571 1514; x_wconf 88' lang='lat' dir='ltr'><strong>stolus</strong></span> <span class='ocrx_word' id='word_1_95' title='bbox 618 1457 788 1511; x_wconf 90' lang='lat' dir='ltr'><strong>Deum</strong></span> <span class='ocrx_word' id='word_1_96' title='bbox 831 1454 1128 1524; x_wconf 82' lang='lat' dir='ltr'><strong>denegabat</strong></span> <span class='ocrx_word' id='word_1_97' title='bbox 1176 1452 1472 1519; x_wconf 85' lang='lat' dir='ltr'><strong>Christum,</strong></span> <span class='ocrx_word' id='word_1_98' title='bbox 1503 1467 1624 1507; x_wconf 91' lang='lat' dir='ltr'><strong>eum</strong></span> <span class='ocrx_word' id='word_1_99' title='bbox 1671 1450 1870 1507; x_wconf 83' lang='lat' dir='ltr'><strong>Judaeis</strong></span> <span class='ocrx_word' id='word_1_100' title='bbox 1915 1450 1994 1506; x_wconf 83' lang='lat' dir='ltr'><strong>lo-</strong></span> 
     </span>
    </p>
   </div>
   <div class='ocr_carea' id='block_1_14' title="bbox 400 1547 1995 1622">
    <p class='ocr_par' dir='ltr' id='par_1_14' title="bbox 400 1547 1995 1622">
     <span class='ocr_line' id='line_1_14' title="bbox 400 1547 1995 1622; baseline -0.005 -17"><span class='ocrx_word' id='word_1_101' title='bbox 400 1564 574 1622; x_wconf 86' lang='lat' dir='ltr'><strong>quens</strong></span> <span class='ocrx_word' id='word_1_102' title='bbox 602 1548 672 1604; x_wconf 88' lang='lat' dir='ltr'><strong>de</strong></span> <span class='ocrx_word' id='word_1_103' title='bbox 710 1548 990 1603; x_wconf 82' lang='lat' dir='ltr'><strong>divinitate</strong></span> <span class='ocrx_word' id='word_1_104' title='bbox 1018 1548 1135 1617; x_wconf 92' lang='lat' dir='ltr'><strong>ejus</strong></span> <span class='ocrx_word' id='word_1_105' title='bbox 1175 1547 1535 1618; x_wconf 88' lang='lat' dir='ltr'><strong>dispensative</strong></span> <span class='ocrx_word' id='word_1_106' title='bbox 1584 1552 1806 1611; x_wconf 88' lang='lat' dir='ltr'><strong>taceret,</strong></span> <span class='ocrx_word' id='word_1_107' title='bbox 1833 1558 1995 1615; x_wconf 87' lang='lat' dir='ltr'><strong>quam</strong></span> 
     </span>
    </p>
   </div>
   <div class='ocr_carea' id='block_1_15' title="bbox 408 1640 1991 1712">
    <p class='ocr_par' dir='ltr' id='par_1_15' title="bbox 408 1640 1991 1712">
     <span class='ocr_line' id='line_1_15' title="bbox 408 1640 1991 1712; baseline -0.003 -14"><span class='ocrx_word' id='word_1_108' title='bbox 408 1644 493 1699; x_wconf 91' lang='lat' dir='ltr'><strong>vel</strong></span> <span class='ocrx_word' id='word_1_109' title='bbox 524 1642 630 1699; x_wconf 83' lang='lat' dir='ltr'><strong>levi</strong></span> <span class='ocrx_word' id='word_1_110' title='bbox 676 1642 862 1698; x_wconf 90' lang='lat' dir='ltr'><strong>auditu</strong></span> <span class='ocrx_word' id='word_1_111' title='bbox 907 1642 983 1696; x_wconf 88' lang='lat' dir='ltr'><strong>illi</strong></span> <span class='ocrx_word' id='word_1_112' title='bbox 1028 1643 1166 1698; x_wconf 86' lang='lat' dir='ltr'><strong>ferre</strong></span> <span class='ocrx_word' id='word_1_113' title='bbox 1211 1657 1317 1697; x_wconf 92' lang='lat' dir='ltr'><strong>non</strong></span> <span class='ocrx_word' id='word_1_114' title='bbox 1368 1649 1616 1712; x_wconf 89' lang='lat' dir='ltr'><strong>possent;</strong></span> <span class='ocrx_word' id='word_1_115' title='bbox 1649 1648 1703 1696; x_wconf 91' lang='lat' dir='ltr'><strong>et</strong></span> <span class='ocrx_word' id='word_1_116' title='bbox 1744 1640 1991 1695; x_wconf 90' lang='lat' dir='ltr'><strong>diceret:</strong></span> 
     </span>
    </p>
   </div>
   <div class='ocr_carea' id='block_1_16' title="bbox 411 1728 1994 1799">
    <p class='ocr_par' dir='ltr' id='par_1_16' title="bbox 411 1728 1994 1799">
     <span class='ocr_line' id='line_1_16' title="bbox 411 1728 1994 1799; baseline -0.005 -10"><span class='ocrx_word' id='word_1_117' title='bbox 411 1731 526 1789; x_wconf 81' lang='lat' dir='ltr'><strong>Viri</strong></span> <span class='ocrx_word' id='word_1_118' title='bbox 554 1731 827 1799; x_wconf 74' lang='lat' dir='ltr'><strong>Israelitm,</strong></span> <span class='ocrx_word' id='word_1_119' title='bbox 862 1731 1037 1786; x_wconf 79' lang='lat' dir='ltr'><strong>audite</strong></span> <span class='ocrx_word' id='word_1_120' title='bbox 1079 1732 1229 1786; x_wconf 80' lang='lat' dir='ltr'><strong>verba</strong></span> <span class='ocrx_word' id='word_1_121' title='bbox 1266 1733 1394 1786; x_wconf 72' lang='lat' dir='ltr'><strong>lucc.</strong></span> <span class='ocrx_word' id='word_1_122' title='bbox 1435 1729 1614 1784; x_wconf 80' lang='lat' dir='ltr'><strong>Jesum</strong></span> <span class='ocrx_word' id='word_1_123' title='bbox 1644 1728 1994 1793; x_wconf 73' lang='lat' dir='ltr'><strong>Nazarenam,</strong></span> 
     </span>
    </p>
   </div>
   <div class='ocr_carea' id='block_1_17' title="bbox 404 1820 2000 1895">
    <p class='ocr_par' dir='ltr' id='par_1_17' title="bbox 404 1820 2000 1895">
     <span class='ocr_line' id='line_1_17' title="bbox 404 1820 2000 1895; baseline -0.004 -15"><span class='ocrx_word' id='word_1_124' title='bbox 404 1825 570 1881; x_wconf 78' lang='lat' dir='ltr'><strong>uirum</strong></span> <span class='ocrx_word' id='word_1_125' title='bbox 594 1824 932 1895; x_wconf 76' lang='lat' dir='ltr'><strong>approbatum</strong></span> <span class='ocrx_word' id='word_1_126' title='bbox 961 1840 993 1877; x_wconf 93' lang='lat' dir='ltr'><strong>a</strong></span> <span class='ocrx_word' id='word_1_127' title='bbox 1024 1822 1129 1879; x_wconf 87' lang='lat' dir='ltr'><strong>Deo</strong></span> <span class='ocrx_word' id='word_1_128' title='bbox 1156 1824 1210 1879; x_wconf 85' lang='lat' dir='ltr'><strong>in</strong></span> <span class='ocrx_word' id='word_1_129' title='bbox 1252 1824 1390 1878; x_wconf 80' lang='lat' dir='ltr'><strong>vobis</strong></span> <span class='ocrx_word' id='word_1_130' title='bbox 1422 1822 1693 1878; x_wconf 74' lang='lat' dir='ltr'><strong>uirtutibus</strong></span> <span class='ocrx_word' id='word_1_131' title='bbox 1734 1830 1781 1876; x_wconf 88' lang='lat' dir='ltr'><strong>et</strong></span> <span class='ocrx_word' id='word_1_132' title='bbox 1822 1820 2000 1890; x_wconf 75' lang='lat' dir='ltr'><strong>prodi-</strong></span> 
     </span>
    </p>
   </div>
   <div class='ocr_carea' id='block_1_18' title="bbox 296 1910 1995 1999">
    <p class='ocr_par' dir='ltr' id='par_1_18' title="bbox 296 1910 1995 1999">
     <span class='ocr_line' id='line_1_18' title="bbox 296 1910 1995 1999; baseline -0.004 -29"><span class='ocrx_word' id='word_1_133' title='bbox 296 1984 309 1999; x_wconf 39' lang='grc' dir='ltr'><em>ν</em></span> <span class='ocrx_word' id='word_1_134' title='bbox 405 1918 502 1990; x_wconf 81' lang='lat' dir='ltr'><strong>giis</strong></span> <span class='ocrx_word' id='word_1_135' title='bbox 529 1924 577 1970; x_wconf 89' lang='lat' dir='ltr'><strong>et</strong></span> <span class='ocrx_word' id='word_1_136' title='bbox 598 1915 781 1987; x_wconf 80' lang='lat' dir='ltr'><strong>signis,</strong></span> <span class='ocrx_word' id='word_1_137' title='bbox 812 1930 928 1985; x_wconf 71' lang='lat' dir='ltr'><strong>qua:</strong></span> <span class='ocrx_word' id='word_1_138' title='bbox 948 1914 1064 1985; x_wconf 76' lang='lat' dir='ltr'><strong>fecit</strong></span> <span class='ocrx_word' id='word_1_139' title='bbox 1091 1932 1181 1985; x_wconf 85' lang='lat' dir='ltr'><strong>per</strong></span> <span class='ocrx_word' id='word_1_140' title='bbox 1206 1913 1353 1969; x_wconf 79' lang='lat' dir='ltr'><strong>illum</strong></span> <span class='ocrx_word' id='word_1_141' title='bbox 1382 1913 1521 1968; x_wconf 85' lang='lat' dir='ltr'><strong>Deus</strong></span> <span class='ocrx_word' id='word_1_142' title='bbox 1550 1914 1604 1967; x_wconf 87' lang='lat' dir='ltr'><strong>in</strong></span> <span class='ocrx_word' id='word_1_143' title='bbox 1631 1912 1796 1967; x_wconf 86' lang='lat' dir='ltr'><strong>medio</strong></span> <span class='ocrx_word' id='word_1_144' title='bbox 1822 1910 1995 1977; x_wconf 80' lang='lat' dir='ltr'><strong>uestri,</strong></span> 
     </span>
    </p>
   </div>
   <div class='ocr_carea' id='block_1_19' title="bbox 2090 712 3680 785">
    <p class='ocr_par' dir='ltr' id='par_1_19' title="bbox 2090 712 3680 785">
     <span class='ocr_line' id='line_1_19' title="bbox 2090 712 3680 785; baseline -0.001 -16"><span class='ocrx_word' id='word_1_145' title='bbox 2090 715 2517 785; x_wconf 81' lang='lat' dir='ltr'><strong>cognoscendam</strong></span> <span class='ocrx_word' id='word_1_146' title='bbox 2546 714 2817 769; x_wconf 81' lang='lat' dir='ltr'><strong>Theodori</strong></span> <span class='ocrx_word' id='word_1_147' title='bbox 2868 714 3026 768; x_wconf 84' lang='lat' dir='ltr'><strong>fidem</strong></span> <span class='ocrx_word' id='word_1_148' title='bbox 3089 713 3204 783; x_wconf 90' lang='lat' dir='ltr'><strong>ipse</strong></span> <span class='ocrx_word' id='word_1_149' title='bbox 3252 713 3399 768; x_wconf 82' lang='lat' dir='ltr'><strong>solus</strong></span> <span class='ocrx_word' id='word_1_150' title='bbox 3439 712 3680 783; x_wconf 87' lang='lat' dir='ltr'><strong>ejusdem</strong></span> 
     </span>
    </p>
   </div>
   <div class='ocr_carea' id='block_1_20' title="bbox 2091 806 3685 878">
    <p class='ocr_par' dir='ltr' id='par_1_20' title="bbox 2091 806 3685 878">
     <span class='ocr_line' id='line_1_20' title="bbox 2091 806 3685 878; baseline -0.001 -15"><span class='ocrx_word' id='word_1_151' title='bbox 2091 811 2271 878; x_wconf 87' lang='lat' dir='ltr'><strong>operis</strong></span> <span class='ocrx_word' id='word_1_152' title='bbox 2302 809 2521 865; x_wconf 76' lang='lat' dir='ltr'><strong>titulus?</strong></span> <span class='ocrx_word' id='word_1_153' title='bbox 2553 808 2686 876; x_wconf 85' lang='lat' dir='ltr'><strong>Quis</strong></span> <span class='ocrx_word' id='word_1_154' title='bbox 2738 809 2882 863; x_wconf 92' lang='lat' dir='ltr'><strong>enim</strong></span> <span class='ocrx_word' id='word_1_155' title='bbox 2934 822 3056 862; x_wconf 89' lang='lat' dir='ltr'><strong>eum</strong></span> <span class='ocrx_word' id='word_1_156' title='bbox 3104 807 3331 861; x_wconf 88' lang='lat' dir='ltr'><strong>audiens</strong></span> <span class='ocrx_word' id='word_1_157' title='bbox 3377 806 3685 862; x_wconf 89' lang='lat' dir='ltr'><strong>condidisse</strong></span> 
     </span>
    </p>
   </div>
   <div class='ocr_carea' id='block_1_21' title="bbox 2092 901 3685 972">
    <p class='ocr_par' dir='ltr' id='par_1_21' title="bbox 2092 901 3685 972">
     <span class='ocr_line' id='line_1_21' title="bbox 2092 901 3685 972; baseline -0.002 -15"><span class='ocrx_word' id='word_1_158' title='bbox 2092 903 2260 959; x_wconf 88' lang='lat' dir='ltr'><strong>libros</strong></span> <span class='ocrx_word' id='word_1_159' title='bbox 2306 904 2373 959; x_wconf 89' lang='lat' dir='ltr'><strong>de</strong></span> <span class='ocrx_word' id='word_1_160' title='bbox 2424 904 2825 970; x_wconf 86' lang='lat' dir='ltr'><strong>lncarnatioue,</strong></span> <span class='ocrx_word' id='word_1_161' title='bbox 2863 911 2986 972; x_wconf 89' lang='lat' dir='ltr'><strong>aut,</strong></span> <span class='ocrx_word' id='word_1_162' title='bbox 3021 912 3079 957; x_wconf 92' lang='lat' dir='ltr'><strong>ut</strong></span> <span class='ocrx_word' id='word_1_163' title='bbox 3119 902 3335 972; x_wconf 86' lang='lat' dir='ltr'><strong>proprie</strong></span> <span class='ocrx_word' id='word_1_164' title='bbox 3362 901 3462 957; x_wconf 86' lang='lat' dir='ltr'><strong>hoc</strong></span> <span class='ocrx_word' id='word_1_165' title='bbox 3508 902 3685 971; x_wconf 83' lang='lat' dir='ltr'><strong>expri-</strong></span> 
     </span>
    </p>
   </div>
   <div class='ocr_carea' id='block_1_22' title="bbox 2094 994 3679 1067">
    <p class='ocr_par' dir='ltr' id='par_1_22' title="bbox 2094 994 3679 1067">
     <span class='ocr_line' id='line_1_22' title="bbox 2094 994 3679 1067; baseline -0.001 -15"><span class='ocrx_word' id='word_1_166' title='bbox 2094 1012 2252 1063; x_wconf 89' lang='lat' dir='ltr'><strong>mam,</strong></span> <span class='ocrx_word' id='word_1_167' title='bbox 2286 997 2463 1052; x_wconf 92' lang='lat' dir='ltr'><strong>minus</strong></span> <span class='ocrx_word' id='word_1_168' title='bbox 2512 996 2723 1067; x_wconf 88' lang='lat' dir='ltr'><strong>quidem</strong></span> <span class='ocrx_word' id='word_1_169' title='bbox 2767 996 2975 1061; x_wconf 88' lang='lat' dir='ltr'><strong>Latino,</strong></span> <span class='ocrx_word' id='word_1_170' title='bbox 3021 995 3114 1051; x_wconf 90' lang='lat' dir='ltr'><strong>sed</strong></span> <span class='ocrx_word' id='word_1_171' title='bbox 3145 994 3450 1052; x_wconf 86' lang='lat' dir='ltr'><strong>necessario</strong></span> <span class='ocrx_word' id='word_1_172' title='bbox 3493 995 3679 1061; x_wconf 88' lang='lat' dir='ltr'><strong>verbo,</strong></span> 
     </span>
    </p>
   </div>
   <div class='ocr_carea' id='block_1_23' title="bbox 2094 1084 3681 1155">
    <p class='ocr_par' dir='ltr' id='par_1_23' title="bbox 2094 1084 3681 1155">
     <span class='ocr_line' id='line_1_23' title="bbox 2094 1084 3681 1155; baseline -0.003 -12"><span class='ocrx_word' id='word_1_173' title='bbox 2094 1089 2234 1144; x_wconf 87' lang='lat' dir='ltr'><strong>sicut</strong></span> <span class='ocrx_word' id='word_1_174' title='bbox 2260 1104 2291 1143; x_wconf 91' lang='lat' dir='ltr'><strong>a</strong></span> <span class='ocrx_word' id='word_1_175' title='bbox 2322 1089 2523 1145; x_wconf 56' lang='lat' dir='ltr'><strong>Graecis</strong></span> <span class='ocrx_word' id='word_1_176' title='bbox 2548 1088 2765 1155; x_wconf 87' lang='lat' dir='ltr'><strong>dicitur,</strong></span> <span class='ocrx_word' id='word_1_177' title='bbox 2794 1088 2864 1143; x_wconf 91' lang='lat' dir='ltr'><strong>de</strong></span> <span class='ocrx_word' id='word_1_178' title='bbox 2893 1087 3336 1142; x_wconf 89' lang='lat' dir='ltr'><strong>luhumanatione</strong></span> <span class='ocrx_word' id='word_1_179' title='bbox 3365 1094 3391 1122; x_wconf 80' lang='grc' dir='ltr'><strong>ι</strong></span> <span class='ocrx_word' id='word_1_180' title='bbox 3424 1086 3540 1140; x_wconf 84' lang='lat' dir='ltr'><strong>Filii</strong></span> <span class='ocrx_word' id='word_1_181' title='bbox 3564 1084 3681 1149; x_wconf 87' lang='lat' dir='ltr'><strong>Dei,</strong></span> 
     </span>
    </p>
   </div>
   <div class='ocr_carea' id='block_1_24' title="bbox 2095 1174 3686 1251">
    <p class='ocr_par' dir='ltr' id='par_1_24' title="bbox 2095 1174 3686 1251">
     <span class='ocr_line' id='line_1_24' title="bbox 2095 1174 3686 1251; baseline -0.003 -16"><span class='ocrx_word' id='word_1_182' title='bbox 2095 1181 2229 1237; x_wconf 89' lang='lat' dir='ltr'><strong>duos</strong></span> <span class='ocrx_word' id='word_1_183' title='bbox 2257 1196 2379 1236; x_wconf 89' lang='lat' dir='ltr'><strong>eum</strong></span> <span class='ocrx_word' id='word_1_184' title='bbox 2410 1188 2561 1251; x_wconf 90' lang='lat' dir='ltr'><strong>putet</strong></span> <span class='ocrx_word' id='word_1_185' title='bbox 2599 1180 2737 1235; x_wconf 79' lang='lat' dir='ltr'><strong>ﬁlios</strong></span> <span class='ocrx_word' id='word_1_186' title='bbox 2785 1179 3144 1247; x_wconf 78' lang='lat' dir='ltr'><strong>praedicasse?</strong></span> <span class='ocrx_word' id='word_1_187' title='bbox 3172 1178 3303 1232; x_wconf 89' lang='lat' dir='ltr'><strong>Nam</strong></span> <span class='ocrx_word' id='word_1_188' title='bbox 3335 1178 3563 1246; x_wconf 85' lang='lat' dir='ltr'><strong>qualiter</strong></span> <span class='ocrx_word' id='word_1_189' title='bbox 3600 1174 3686 1230; x_wconf 89' lang='lat' dir='ltr'><strong>Fi-</strong></span> 
     </span>
    </p>
   </div>
   <div class='ocr_carea' id='block_1_25' title="bbox 2095 1268 3689 1339">
    <p class='ocr_par' dir='ltr' id='par_1_25' title="bbox 2095 1268 3689 1339">
     <span class='ocr_line' id='line_1_25' title="bbox 2095 1268 3689 1339; baseline -0.005 -10"><span class='ocrx_word' id='word_1_190' title='bbox 2095 1274 2224 1329; x_wconf 92' lang='lat' dir='ltr'><strong>lium</strong></span> <span class='ocrx_word' id='word_1_191' title='bbox 2248 1272 2367 1339; x_wconf 89' lang='lat' dir='ltr'><strong>Dei,</strong></span> <span class='ocrx_word' id='word_1_192' title='bbox 2399 1273 2450 1327; x_wconf 92' lang='lat' dir='ltr'><strong>id</strong></span> <span class='ocrx_word' id='word_1_193' title='bbox 2477 1282 2559 1329; x_wconf 89' lang='lat' dir='ltr'><strong>est</strong></span> <span class='ocrx_word' id='word_1_194' title='bbox 2595 1271 2762 1327; x_wconf 86' lang='lat' dir='ltr'><strong>Deum</strong></span> <span class='ocrx_word' id='word_1_195' title='bbox 2792 1270 3057 1336; x_wconf 78' lang='lat' dir='ltr'><strong>Verbum,</strong></span> <span class='ocrx_word' id='word_1_196' title='bbox 3098 1286 3205 1325; x_wconf 91' lang='lat' dir='ltr'><strong>non</strong></span> <span class='ocrx_word' id='word_1_197' title='bbox 3238 1268 3512 1325; x_wconf 88' lang='lat' dir='ltr'><strong>hominem</strong></span> <span class='ocrx_word' id='word_1_198' title='bbox 3554 1283 3689 1337; x_wconf 89' lang='lat' dir='ltr'><strong>quo-</strong></span> 
     </span>
    </p>
   </div>
   <div class='ocr_carea' id='block_1_26' title="bbox 2095 1360 3685 1436">
    <p class='ocr_par' dir='ltr' id='par_1_26' title="bbox 2095 1360 3685 1436">
     <span class='ocr_line' id='line_1_26' title="bbox 2095 1360 3685 1436; baseline -0.004 -17"><span class='ocrx_word' id='word_1_199' title='bbox 2095 1380 2202 1436; x_wconf 89' lang='lat' dir='ltr'><strong>que</strong></span> <span class='ocrx_word' id='word_1_200' title='bbox 2226 1365 2452 1431; x_wconf 87' lang='lat' dir='ltr'><strong>diceret,</strong></span> <span class='ocrx_word' id='word_1_201' title='bbox 2483 1379 2644 1435; x_wconf 90' lang='lat' dir='ltr'><strong>quem</strong></span> <span class='ocrx_word' id='word_1_202' title='bbox 2673 1364 2876 1419; x_wconf 89' lang='lat' dir='ltr'><strong>diceret</strong></span> <span class='ocrx_word' id='word_1_203' title='bbox 2908 1361 3354 1418; x_wconf 85' lang='lat' dir='ltr'><strong>inhumanatum&#39;t</strong></span> <span class='ocrx_word' id='word_1_204' title='bbox 3385 1360 3509 1416; x_wconf 85' lang='lat' dir='ltr'><strong>Non</strong></span> <span class='ocrx_word' id='word_1_205' title='bbox 3542 1360 3685 1415; x_wconf 86' lang='lat' dir='ltr'><strong>enim</strong></span> 
     </span>
    </p>
   </div>
   <div class='ocr_carea' id='block_1_27' title="bbox 2096 1454 3687 1530">
    <p class='ocr_par' dir='ltr' id='par_1_27' title="bbox 2096 1454 3687 1530">
     <span class='ocr_line' id='line_1_27' title="bbox 2096 1454 3687 1530; baseline -0.005 -15"><span class='ocrx_word' id='word_1_206' title='bbox 2096 1460 2303 1530; x_wconf 79' lang='lat' dir='ltr'><strong>refugio</strong></span> <span class='ocrx_word' id='word_1_207' title='bbox 2346 1459 2601 1526; x_wconf 82' lang='lat' dir='ltr'><strong>verbum,</strong></span> <span class='ocrx_word' id='word_1_208' title='bbox 2658 1458 2800 1529; x_wconf 91' lang='lat' dir='ltr'><strong>quod</strong></span> <span class='ocrx_word' id='word_1_209' title='bbox 2842 1472 2873 1512; x_wconf 90' lang='lat' dir='ltr'><strong>a</strong></span> <span class='ocrx_word' id='word_1_210' title='bbox 2902 1472 2989 1513; x_wconf 90' lang='lat' dir='ltr'><strong>me</strong></span> <span class='ocrx_word' id='word_1_211' title='bbox 3021 1456 3145 1512; x_wconf 87' lang='lat' dir='ltr'><strong>lldei</strong></span> <span class='ocrx_word' id='word_1_212' title='bbox 3184 1457 3321 1511; x_wconf 85' lang='lat' dir='ltr'><strong>ratio</strong></span> <span class='ocrx_word' id='word_1_213' title='bbox 3369 1462 3529 1524; x_wconf 84' lang='lat' dir='ltr'><strong>atque</strong></span> <span class='ocrx_word' id='word_1_214' title='bbox 3579 1454 3687 1508; x_wconf 90' lang='lat' dir='ltr'><strong>uti-</strong></span> 
     </span>
    </p>
   </div>
   <div class='ocr_carea' id='block_1_28' title="bbox 2096 1546 3688 1625">
    <p class='ocr_par' dir='ltr' id='par_1_28' title="bbox 2096 1546 3688 1625">
     <span class='ocr_line' id='line_1_28' title="bbox 2096 1546 3688 1625; baseline -0.005 -18"><span class='ocrx_word' id='word_1_215' title='bbox 2096 1554 2221 1609; x_wconf 89' lang='lat' dir='ltr'><strong>litas</strong></span> <span class='ocrx_word' id='word_1_216' title='bbox 2253 1553 2483 1625; x_wconf 84' lang='lat' dir='ltr'><strong>ﬂagitat,</strong></span> <span class='ocrx_word' id='word_1_217' title='bbox 2511 1552 2773 1608; x_wconf 89' lang='lat' dir='ltr'><strong>adversus</strong></span> <span class='ocrx_word' id='word_1_218' title='bbox 2805 1565 2901 1607; x_wconf 89' lang='lat' dir='ltr'><strong>eos</strong></span> <span class='ocrx_word' id='word_1_219' title='bbox 2923 1550 3027 1623; x_wconf 43' lang='lat' dir='ltr'><strong>qui.</strong></span> <span class='ocrx_word' id='word_1_220' title='bbox 3047 1564 3155 1604; x_wconf 88' lang='lat' dir='ltr'><strong>non</strong></span> <span class='ocrx_word' id='word_1_221' title='bbox 3184 1546 3458 1603; x_wconf 88' lang='lat' dir='ltr'><strong>hominem</strong></span> <span class='ocrx_word' id='word_1_222' title='bbox 3492 1554 3688 1609; x_wconf 82' lang='lat' dir='ltr'><strong>totum,</strong></span> 
     </span>
    </p>
   </div>
   <div class='ocr_carea' id='block_1_29' title="bbox 2056 1636 3685 1704">
    <p class='ocr_par' dir='ltr' id='par_1_29' title="bbox 2056 1636 3685 1704">
     <span class='ocr_line' id='line_1_29' title="bbox 2056 1636 3685 1704; baseline -0.007 -2"><span class='ocrx_word' id='word_1_223' title='bbox 2056 1700 2057 1703; x_wconf 42' lang='grc' dir='ltr'><strong>η</strong></span> <span class='ocrx_word' id='word_1_224' title='bbox 2099 1645 2154 1701; x_wconf 97' lang='lat' dir='ltr'><strong>id</strong></span> <span class='ocrx_word' id='word_1_225' title='bbox 2201 1654 2285 1701; x_wconf 89' lang='lat' dir='ltr'><strong>est</strong></span> <span class='ocrx_word' id='word_1_226' title='bbox 2337 1661 2556 1701; x_wconf 88' lang='lat' dir='ltr'><strong>carnem</strong></span> <span class='ocrx_word' id='word_1_227' title='bbox 2617 1653 2669 1700; x_wconf 92' lang='lat' dir='ltr'><strong>et</strong></span> <span class='ocrx_word' id='word_1_228' title='bbox 2707 1645 2940 1698; x_wconf 89' lang='lat' dir='ltr'><strong>animam</strong></span> <span class='ocrx_word' id='word_1_229' title='bbox 3011 1640 3360 1704; x_wconf 87' lang='lat' dir='ltr'><strong>rationalem,</strong></span> <span class='ocrx_word' id='word_1_230' title='bbox 3391 1638 3485 1694; x_wconf 87' lang='lat' dir='ltr'><strong>sed</strong></span> <span class='ocrx_word' id='word_1_231' title='bbox 3517 1636 3685 1692; x_wconf 87' lang='lat' dir='ltr'><strong>solam</strong></span> 
     </span>
    </p>
   </div>
   <div class='ocr_carea' id='block_1_30' title="bbox 2099 1728 3691 1799">
    <p class='ocr_par' dir='ltr' id='par_1_30' title="bbox 2099 1728 3691 1799">
     <span class='ocr_line' id='line_1_30' title="bbox 2099 1728 3691 1799; baseline -0.007 -8"><span class='ocrx_word' id='word_1_232' title='bbox 2099 1750 2346 1799; x_wconf 88' lang='lat' dir='ltr'><strong>carnem,</strong></span> <span class='ocrx_word' id='word_1_233' title='bbox 2401 1742 2493 1789; x_wconf 90' lang='lat' dir='ltr'><strong>aut</strong></span> <span class='ocrx_word' id='word_1_234' title='bbox 2530 1748 2745 1790; x_wconf 88' lang='lat' dir='ltr'><strong>carnem</strong></span> <span class='ocrx_word' id='word_1_235' title='bbox 2786 1742 2993 1788; x_wconf 91' lang='lat' dir='ltr'><strong>tantum</strong></span> <span class='ocrx_word' id='word_1_236' title='bbox 3040 1740 3096 1787; x_wconf 89' lang='lat' dir='ltr'><strong>et</strong></span> <span class='ocrx_word' id='word_1_237' title='bbox 3139 1730 3374 1786; x_wconf 88' lang='lat' dir='ltr'><strong>animam</strong></span> <span class='ocrx_word' id='word_1_238' title='bbox 3425 1728 3544 1783; x_wconf 86' lang='lat' dir='ltr'><strong>sine</strong></span> <span class='ocrx_word' id='word_1_239' title='bbox 3597 1741 3691 1781; x_wconf 82' lang='lat' dir='ltr'><strong>ra-</strong></span> 
     </span>
    </p>
   </div>
   <div class='ocr_carea' id='block_1_31' title="bbox 2101 1818 3689 1897">
    <p class='ocr_par' dir='ltr' id='par_1_31' title="bbox 2101 1818 3689 1897">
     <span class='ocr_line' id='line_1_31' title="bbox 2101 1818 3689 1897; baseline -0.007 -14"><span class='ocrx_word' id='word_1_240' title='bbox 2101 1827 2267 1890; x_wconf 87' lang='lat' dir='ltr'><strong>tione,</strong></span> <span class='ocrx_word' id='word_1_241' title='bbox 2325 1827 2628 1897; x_wconf 85' lang='lat' dir='ltr'><strong>suscepisse</strong></span> <span class='ocrx_word' id='word_1_242' title='bbox 2656 1825 2842 1881; x_wconf 91' lang='lat' dir='ltr'><strong>dicunt</strong></span> <span class='ocrx_word' id='word_1_243' title='bbox 2888 1824 3081 1879; x_wconf 87' lang='lat' dir='ltr'><strong>Filium</strong></span> <span class='ocrx_word' id='word_1_244' title='bbox 3113 1822 3232 1878; x_wconf 85' lang='lat' dir='ltr'><strong>Dei.</strong></span> <span class='ocrx_word' id='word_1_245' title='bbox 3290 1819 3531 1890; x_wconf 84' lang='lat' dir='ltr'><strong>Qualiter</strong></span> <span class='ocrx_word' id='word_1_246' title='bbox 3583 1818 3689 1873; x_wconf 79' lang='lat' dir='ltr'><strong>ita-</strong></span> 
     </span>
    </p>
   </div>
   <div class='ocr_carea' id='block_1_32' title="bbox 2102 1914 3689 1988">
    <p class='ocr_par' dir='ltr' id='par_1_32' title="bbox 2102 1914 3689 1988">
     <span class='ocr_line' id='line_1_32' title="bbox 2102 1914 3689 1988; baseline -0.007 -15"><span class='ocrx_word' id='word_1_247' title='bbox 2102 1933 2206 1988; x_wconf 86' lang='lat' dir='ltr'><strong>que</strong></span> <span class='ocrx_word' id='word_1_248' title='bbox 2241 1918 2409 1973; x_wconf 79' lang='lat' dir='ltr'><strong>Deum</strong></span> <span class='ocrx_word' id='word_1_249' title='bbox 2453 1918 2718 1986; x_wconf 79' lang='lat' dir='ltr'><strong>Verbum,</strong></span> <span class='ocrx_word' id='word_1_250' title='bbox 2775 1931 2935 1987; x_wconf 86' lang='lat' dir='ltr'><strong>quem</strong></span> <span class='ocrx_word' id='word_1_251' title='bbox 2982 1915 3207 1971; x_wconf 83' lang='lat' dir='ltr'><strong>docebat</strong></span> <span class='ocrx_word' id='word_1_252' title='bbox 3256 1914 3689 1974; x_wconf 86' lang='lat' dir='ltr'><strong>iuhumanatum,</strong></span> 
     </span>
    </p>
   </div>
   <div class='ocr_carea' id='block_1_33' title="bbox 408 1997 3695 2080">
    <p class='ocr_par' dir='ltr' id='par_1_33' title="bbox 408 1997 3695 2080">
     <span class='ocr_line' id='line_1_33' title="bbox 408 1997 3695 2080; baseline -0.004 -18"><span class='ocrx_word' id='word_1_253' title='bbox 408 2008 544 2063; x_wconf 84' lang='lat' dir='ltr'><strong>sicut</strong></span> <span class='ocrx_word' id='word_1_254' title='bbox 574 2023 662 2060; x_wconf 82' lang='lat' dir='ltr'><strong>vos</strong></span> <span class='ocrx_word' id='word_1_255' title='bbox 687 2006 846 2071; x_wconf 88' lang='lat' dir='ltr'><strong>scitis,</strong></span> <span class='ocrx_word' id='word_1_256' title='bbox 893 2005 1027 2059; x_wconf 84' lang='lat' dir='ltr'><strong>hunc</strong></span> <span class='ocrx_word' id='word_1_257' title='bbox 1065 2004 1277 2073; x_wconf 77' lang='lat' dir='ltr'><strong>deﬁnito</strong></span> <span class='ocrx_word' id='word_1_258' title='bbox 1323 2003 1539 2058; x_wconf 82' lang='lat' dir='ltr'><strong>consilio</strong></span> <span class='ocrx_word' id='word_1_259' title='bbox 1583 2011 1629 2057; x_wconf 89' lang='lat' dir='ltr'><strong>et</strong></span> <span class='ocrx_word' id='word_1_260' title='bbox 1678 2000 1999 2074; x_wconf 68' lang='lat' dir='ltr'><strong>praescientia</strong></span> <span class='ocrx_word' id='word_1_261' title='bbox 2031 1997 2077 2057; x_wconf 85' lang='grc' dir='ltr'><strong>Β</strong></span> <span class='ocrx_word' id='word_1_262' title='bbox 2103 2026 2210 2065; x_wconf 80' lang='lat' dir='ltr'><strong>non</strong></span> <span class='ocrx_word' id='word_1_263' title='bbox 2255 2009 2430 2080; x_wconf 80' lang='lat' dir='ltr'><strong>ipsum</strong></span> <span class='ocrx_word' id='word_1_264' title='bbox 2459 2017 2514 2064; x_wconf 76' lang='lat' dir='ltr'><strong>et</strong></span> <span class='ocrx_word' id='word_1_265' title='bbox 2559 2008 2832 2063; x_wconf 83' lang='lat' dir='ltr'><strong>hominem</strong></span> <span class='ocrx_word' id='word_1_266' title='bbox 2864 2004 3221 2061; x_wconf 63' lang='lat' dir='ltr'><strong>dicerenam</strong></span> <span class='ocrx_word' id='word_1_267' title='bbox 3262 2001 3532 2074; x_wconf 87' lang='lat' dir='ltr'><strong>quomodo</strong></span> <span class='ocrx_word' id='word_1_268' title='bbox 3560 2000 3695 2056; x_wconf 77' lang='lat' dir='ltr'><strong>duos</strong></span> 
     </span>
    </p>
   </div>
   <div class='ocr_carea' id='block_1_34' title="bbox 407 2091 2001 2166">
    <p class='ocr_par' dir='ltr' id='par_1_34' title="bbox 407 2091 2001 2166">
     <span class='ocr_line' id='line_1_34' title="bbox 407 2091 2001 2166; baseline -0.004 -14"><span class='ocrx_word' id='word_1_269' title='bbox 407 2096 504 2152; x_wconf 91' lang='lat' dir='ltr'><strong>Dei</strong></span> <span class='ocrx_word' id='word_1_270' title='bbox 533 2096 784 2151; x_wconf 81' lang='lat' dir='ltr'><strong>traditum</strong></span> <span class='ocrx_word' id='word_1_271' title='bbox 809 2113 900 2166; x_wconf 85' lang='lat' dir='ltr'><strong>per</strong></span> <span class='ocrx_word' id='word_1_272' title='bbox 920 2112 1099 2151; x_wconf 86' lang='lat' dir='ltr'><strong>manus</strong></span> <span class='ocrx_word' id='word_1_273' title='bbox 1137 2097 1429 2165; x_wconf 87' lang='lat' dir='ltr'><strong>iniquorum</strong></span> <span class='ocrx_word' id='word_1_274' title='bbox 1454 2095 1708 2165; x_wconf 70' lang='lat' dir='ltr'><strong>aﬂigentes</strong></span> <span class='ocrx_word' id='word_1_275' title='bbox 1743 2091 2001 2147; x_wconf 84' lang='lat' dir='ltr'><strong>interemi-</strong></span> 
     </span>
    </p>
   </div>
   <div class='ocr_carea' id='block_1_35' title="bbox 406 2180 1998 2259">
    <p class='ocr_par' dir='ltr' id='par_1_35' title="bbox 406 2180 1998 2259">
     <span class='ocr_line' id='line_1_35' title="bbox 406 2180 1998 2259; baseline -0.006 -15"><span class='ocrx_word' id='word_1_276' title='bbox 406 2189 532 2254; x_wconf 89' lang='lat' dir='ltr'><strong>stis,</strong></span> <span class='ocrx_word' id='word_1_277' title='bbox 585 2203 734 2259; x_wconf 84' lang='lat' dir='ltr'><strong>quem</strong></span> <span class='ocrx_word' id='word_1_278' title='bbox 780 2185 925 2242; x_wconf 87' lang='lat' dir='ltr'><strong>Deus</strong></span> <span class='ocrx_word' id='word_1_279' title='bbox 971 2185 1226 2241; x_wconf 83' lang='lat' dir='ltr'><strong>suscitavit</strong></span> <span class='ocrx_word' id='word_1_280' title='bbox 1271 2186 1456 2241; x_wconf 81' lang='lat' dir='ltr'><strong>solutis</strong></span> <span class='ocrx_word' id='word_1_281' title='bbox 1495 2184 1759 2239; x_wconf 79' lang='lat' dir='ltr'><strong>doloribus</strong></span> <span class='ocrx_word' id='word_1_282' title='bbox 1802 2180 1998 2253; x_wconf 80' lang='lat' dir='ltr'><strong>inferni</strong></span> 
     </span>
    </p>
   </div>
   <div class='ocr_carea' id='block_1_36' title="bbox 417 2273 2003 2352">
    <p class='ocr_par' dir='ltr' id='par_1_36' title="bbox 417 2273 2003 2352">
     <span class='ocr_line' id='line_1_36' title="bbox 417 2273 2003 2352; baseline -0.004 -18"><span class='ocrx_word' id='word_1_283' title='bbox 417 2278 556 2352; x_wconf 83' lang='lat' dir='ltr'><strong>(Act.</strong></span> <span class='ocrx_word' id='word_1_284' title='bbox 588 2293 649 2348; x_wconf 90' lang='grc' dir='ltr'>ιι,</span> <span class='ocrx_word' id='word_1_285' title='bbox 671 2277 791 2349; x_wconf 73' lang='lat'><strong>2‘2),</strong></span> <span class='ocrx_word' id='word_1_286' title='bbox 818 2287 873 2333; x_wconf 91' lang='lat' dir='ltr'><strong>et</strong></span> <span class='ocrx_word' id='word_1_287' title='bbox 903 2277 1032 2333; x_wconf 90' lang='lat' dir='ltr'><strong>talia</strong></span> <span class='ocrx_word' id='word_1_288' title='bbox 1071 2286 1288 2342; x_wconf 86' lang='lat' dir='ltr'><strong>caetera,</strong></span> <span class='ocrx_word' id='word_1_289' title='bbox 1313 2290 1433 2347; x_wconf 73' lang='lat' dir='ltr'><strong>quae</strong></span> <span class='ocrx_word' id='word_1_290' title='bbox 1460 2284 1774 2346; x_wconf 86' lang='lat' dir='ltr'><strong>sequuntur.</strong></span> <span class='ocrx_word' id='word_1_291' title='bbox 1817 2273 2003 2344; x_wconf 84' lang='lat' dir='ltr'><strong>Neque</strong></span> 
     </span>
    </p>
   </div>
   <div class='ocr_carea' id='block_1_37' title="bbox 412 2366 1997 2441">
    <p class='ocr_par' dir='ltr' id='par_1_37' title="bbox 412 2366 1997 2441">
     <span class='ocr_line' id='line_1_37' title="bbox 412 2366 1997 2441; baseline -0.004 -15"><span class='ocrx_word' id='word_1_292' title='bbox 412 2371 608 2427; x_wconf 86' lang='lat' dir='ltr'><strong>Paulus</strong></span> <span class='ocrx_word' id='word_1_293' title='bbox 654 2369 773 2441; x_wconf 86' lang='lat' dir='ltr'><strong>ejus</strong></span> <span class='ocrx_word' id='word_1_294' title='bbox 824 2369 1140 2439; x_wconf 69' lang='lat' dir='ltr'><strong>apostolus1</strong></span> <span class='ocrx_word' id='word_1_295' title='bbox 1192 2369 1358 2424; x_wconf 91' lang='lat' dir='ltr'><strong>Deum</strong></span> <span class='ocrx_word' id='word_1_296' title='bbox 1406 2367 1631 2438; x_wconf 75' lang='lat' dir='ltr'><strong>negabat</strong></span> <span class='ocrx_word' id='word_1_297' title='bbox 1689 2366 1997 2436; x_wconf 82' lang='lat' dir='ltr'><strong>Christum,</strong></span> 
     </span>
    </p>
   </div>
   <div class='ocr_carea' id='block_1_38' title="bbox 344 2454 1996 2525">
    <p class='ocr_par' dir='ltr' id='par_1_38' title="bbox 344 2454 1996 2525">
     <span class='ocr_line' id='line_1_38' title="bbox 344 2454 1996 2525; baseline -0.004 -8"><span class='ocrx_word' id='word_1_298' title='bbox 344 2512 345 2517; x_wconf 46' lang='grc' dir='ltr'><strong>η</strong></span> <span class='ocrx_word' id='word_1_299' title='bbox 407 2474 529 2516; x_wconf 86' lang='lat' dir='ltr'><strong>cum</strong></span> <span class='ocrx_word' id='word_1_300' title='bbox 559 2459 801 2515; x_wconf 90' lang='lat' dir='ltr'><strong>diceret:</strong></span> <span class='ocrx_word' id='word_1_301' title='bbox 830 2458 978 2514; x_wconf 85' lang='lat' dir='ltr'><strong>Unus</strong></span> <span class='ocrx_word' id='word_1_302' title='bbox 1011 2454 1167 2525; x_wconf 84' lang='lat' dir='ltr'><strong>Deus,</strong></span> <span class='ocrx_word' id='word_1_303' title='bbox 1190 2476 1327 2514; x_wconf 85' lang='lat' dir='ltr'><strong>unus</strong></span> <span class='ocrx_word' id='word_1_304' title='bbox 1351 2467 1399 2514; x_wconf 88' lang='lat' dir='ltr'><strong>et</strong></span> <span class='ocrx_word' id='word_1_305' title='bbox 1421 2459 1673 2514; x_wconf 84' lang='lat' dir='ltr'><strong>mediator</strong></span> <span class='ocrx_word' id='word_1_306' title='bbox 1705 2458 1800 2512; x_wconf 85' lang='lat' dir='ltr'><strong>Dei</strong></span> <span class='ocrx_word' id='word_1_307' title='bbox 1828 2464 1876 2511; x_wconf 84' lang='lat' dir='ltr'><strong>et</strong></span> <span class='ocrx_word' id='word_1_308' title='bbox 1906 2457 1996 2510; x_wconf 79' lang='lat' dir='ltr'><strong>Ito-</strong></span> 
     </span>
    </p>
   </div>
   <div class='ocr_carea' id='block_1_39' title="bbox 2105 2091 3695 2170">
    <p class='ocr_par' dir='ltr' id='par_1_39' title="bbox 2105 2091 3695 2170">
     <span class='ocr_line' id='line_1_39' title="bbox 2105 2091 3695 2170; baseline -0.007 -14"><span class='ocrx_word' id='word_1_309' title='bbox 2105 2099 2247 2157; x_wconf 85' lang='lat' dir='ltr'><strong>tilios</strong></span> <span class='ocrx_word' id='word_1_310' title='bbox 2276 2100 2497 2167; x_wconf 87' lang='lat' dir='ltr'><strong>docens,</strong></span> <span class='ocrx_word' id='word_1_311' title='bbox 2526 2108 2777 2170; x_wconf 87' lang='lat' dir='ltr'><strong>tanquam</strong></span> <span class='ocrx_word' id='word_1_312' title='bbox 2808 2096 3032 2154; x_wconf 86' lang='lat' dir='ltr'><strong>alterius</strong></span> <span class='ocrx_word' id='word_1_313' title='bbox 3070 2109 3316 2166; x_wconf 85' lang='lat' dir='ltr'><strong>personae</strong></span> <span class='ocrx_word' id='word_1_314' title='bbox 3364 2095 3441 2149; x_wconf 77' lang='lat' dir='ltr'><strong>sit</strong></span> <span class='ocrx_word' id='word_1_315' title='bbox 3463 2091 3695 2147; x_wconf 70' lang='lat' dir='ltr'><strong>verbum</strong></span> 
     </span>
    </p>
   </div>
   <div class='ocr_carea' id='block_1_40' title="bbox 2103 2183 3695 2260">
    <p class='ocr_par' dir='ltr' id='par_1_40' title="bbox 2103 2183 3695 2260">
     <span class='ocr_line' id='line_1_40' title="bbox 2103 2183 3695 2260; baseline -0.009 -9"><span class='ocrx_word' id='word_1_316' title='bbox 2103 2193 2223 2260; x_wconf 87' lang='lat' dir='ltr'><strong>Dei,</strong></span> <span class='ocrx_word' id='word_1_317' title='bbox 2247 2193 2469 2249; x_wconf 87' lang='lat' dir='ltr'><strong>alterius</strong></span> <span class='ocrx_word' id='word_1_318' title='bbox 2498 2206 2629 2249; x_wconf 90' lang='lat' dir='ltr'><strong>vero</strong></span> <span class='ocrx_word' id='word_1_319' title='bbox 2669 2192 2832 2248; x_wconf 90' lang='lat' dir='ltr'><strong>homo</strong></span> <span class='ocrx_word' id='word_1_320' title='bbox 2884 2196 3190 2260; x_wconf 88' lang='lat' dir='ltr'><strong>susceptus,</strong></span> <span class='ocrx_word' id='word_1_321' title='bbox 3220 2194 3276 2244; x_wconf 90' lang='lat' dir='ltr'><strong>et</strong></span> <span class='ocrx_word' id='word_1_322' title='bbox 3316 2200 3433 2242; x_wconf 83' lang='lat' dir='ltr'><strong>non</strong></span> <span class='ocrx_word' id='word_1_323' title='bbox 3466 2184 3609 2240; x_wconf 88' lang='lat' dir='ltr'><strong>idem</strong></span> <span class='ocrx_word' id='word_1_324' title='bbox 3640 2183 3695 2238; x_wconf 81' lang='lat' dir='ltr'><strong>in</strong></span> 
     </span>
    </p>
   </div>
   <div class='ocr_carea' id='block_1_41' title="bbox 2106 2274 3693 2358">
    <p class='ocr_par' dir='ltr' id='par_1_41' title="bbox 2106 2274 3693 2358">
     <span class='ocr_line' id='line_1_41' title="bbox 2106 2274 3693 2358; baseline -0.008 -17"><span class='ocrx_word' id='word_1_325' title='bbox 2106 2300 2337 2358; x_wconf 88' lang='lat' dir='ltr'><strong>persona</strong></span> <span class='ocrx_word' id='word_1_326' title='bbox 2359 2286 2500 2342; x_wconf 90' lang='lat' dir='ltr'><strong>Deus</strong></span> <span class='ocrx_word' id='word_1_327' title='bbox 2521 2284 2755 2340; x_wconf 81' lang='lat' dir='ltr'><strong>Verbum</strong></span> <span class='ocrx_word' id='word_1_328' title='bbox 2786 2282 2878 2353; x_wconf 88' lang='lat' dir='ltr'><strong>qui</strong></span> <span class='ocrx_word' id='word_1_329' title='bbox 2903 2281 3086 2348; x_wconf 87' lang='lat' dir='ltr'><strong>homo,</strong></span> <span class='ocrx_word' id='word_1_330' title='bbox 3118 2281 3293 2351; x_wconf 86' lang='lat' dir='ltr'><strong>ipsum</strong></span> <span class='ocrx_word' id='word_1_331' title='bbox 3333 2278 3429 2335; x_wconf 91' lang='lat' dir='ltr'><strong>Dei</strong></span> <span class='ocrx_word' id='word_1_332' title='bbox 3458 2274 3693 2332; x_wconf 80' lang='lat' dir='ltr'><strong>Verbum</strong></span> 
     </span>
    </p>
   </div>
   <div class='ocr_carea' id='block_1_42' title="bbox 2106 2372 3697 2437">
    <p class='ocr_par' dir='ltr' id='par_1_42' title="bbox 2106 2372 3697 2437">
     <span class='ocr_line' id='line_1_42' title="bbox 2106 2372 3697 2437; baseline -0.008 -4"><span class='ocrx_word' id='word_1_333' title='bbox 2106 2377 2310 2434; x_wconf 88' lang='lat' dir='ltr'><strong>diceret</strong></span> <span class='ocrx_word' id='word_1_334' title='bbox 2368 2375 2811 2432; x_wconf 79' lang='lat' dir='ltr'><strong>inhumanatum?</strong></span> <span class='ocrx_word' id='word_1_335' title='bbox 2871 2374 3213 2429; x_wconf 89' lang='lat' dir='ltr'><strong>Contrariutn</strong></span> <span class='ocrx_word' id='word_1_336' title='bbox 3261 2372 3363 2427; x_wconf 87' lang='lat' dir='ltr'><strong>sibi</strong></span> <span class='ocrx_word' id='word_1_337' title='bbox 3410 2378 3697 2437; x_wconf 82' lang='lat' dir='ltr'><strong>utrumque</strong></span> 
     </span>
    </p>
   </div>
   <div class='ocr_carea' id='block_1_43' title="bbox 2106 2458 3697 2537">
    <p class='ocr_par' dir='ltr' id='par_1_43' title="bbox 2106 2458 3697 2537">
     <span class='ocr_line' id='line_1_43' title="bbox 2106 2458 3697 2537; baseline -0.008 -14"><span class='ocrx_word' id='word_1_338' title='bbox 2106 2477 2212 2533; x_wconf 81' lang='lat' dir='ltr'><strong>est,</strong></span> <span class='ocrx_word' id='word_1_339' title='bbox 2243 2477 2299 2524; x_wconf 89' lang='lat' dir='ltr'><strong>et</strong></span> <span class='ocrx_word' id='word_1_340' title='bbox 2345 2467 2550 2537; x_wconf 91' lang='lat' dir='ltr'><strong>pudere</strong></span> <span class='ocrx_word' id='word_1_341' title='bbox 2604 2464 2791 2522; x_wconf 90' lang='lat' dir='ltr'><strong>debuit</strong></span> <span class='ocrx_word' id='word_1_342' title='bbox 2845 2464 2971 2519; x_wconf 89' lang='lat' dir='ltr'><strong>hinc</strong></span> <span class='ocrx_word' id='word_1_343' title='bbox 3014 2475 3299 2519; x_wconf 87' lang='lat' dir='ltr'><strong>accusasse</strong></span> <span class='ocrx_word' id='word_1_344' title='bbox 3324 2458 3697 2516; x_wconf 81' lang='lat' dir='ltr'><strong>doctissimum</strong></span> 
     </span>
    </p>
   </div>
   <div class='ocr_carea' id='block_1_44' title="bbox 409 2550 2001 2627">
    <p class='ocr_par' dir='ltr' id='par_1_44' title="bbox 409 2550 1998 2622">
     <span class='ocr_line' id='line_1_44' title="bbox 409 2550 1998 2622; baseline -0.002 -16"><span class='ocrx_word' id='word_1_345' title='bbox 409 2555 623 2622; x_wconf 71' lang='lat' dir='ltr'><strong>mitium,</strong></span> <span class='ocrx_word' id='word_1_346' title='bbox 655 2554 806 2607; x_wconf 84' lang='lat' dir='ltr'><strong>homo</strong></span> <span class='ocrx_word' id='word_1_347' title='bbox 852 2550 1087 2607; x_wconf 81' lang='lat' dir='ltr'><strong>Christus</strong></span> <span class='ocrx_word' id='word_1_348' title='bbox 1134 2552 1307 2618; x_wconf 72' lang='lat' dir='ltr'><strong>Iesus,</strong></span> <span class='ocrx_word' id='word_1_349' title='bbox 1354 2551 1444 2621; x_wconf 86' lang='lat' dir='ltr'><strong>qui</strong></span> <span class='ocrx_word' id='word_1_350' title='bbox 1498 2551 1641 2606; x_wconf 85' lang='lat' dir='ltr'><strong>dedit</strong></span> <span class='ocrx_word' id='word_1_351' title='bbox 1674 2550 1998 2618; x_wconf 86' lang='lat' dir='ltr'><strong>semetipsum</strong></span> 
     </span>
    </p>
   </div>
   <div class='ocr_carea' id='block_1_45' title="bbox 2105 2550 3697 2627">
    <p class='ocr_par' dir='ltr' id='par_1_45' title="bbox 2105 2552 3697 2627">
     <span class='ocr_line' id='line_1_45' title="bbox 2105 2552 3697 2627; baseline -0.009 -10"><span class='ocrx_word' id='word_1_352' title='bbox 2105 2563 2301 2627; x_wconf 88' lang='lat' dir='ltr'><strong>virum,</strong></span> <span class='ocrx_word' id='word_1_353' title='bbox 2352 2569 2467 2627; x_wconf 91' lang='lat' dir='ltr'><strong>aut,</strong></span> <span class='ocrx_word' id='word_1_354' title='bbox 2518 2559 2563 2615; x_wconf 88' lang='lat' dir='ltr'><strong>si</strong></span> <span class='ocrx_word' id='word_1_355' title='bbox 2610 2559 2713 2614; x_wconf 88' lang='lat' dir='ltr'><strong>hoc</strong></span> <span class='ocrx_word' id='word_1_356' title='bbox 2763 2557 2952 2613; x_wconf 90' lang='lat' dir='ltr'><strong>nolunt</strong></span> <span class='ocrx_word' id='word_1_357' title='bbox 3003 2556 3209 2622; x_wconf 91' lang='lat' dir='ltr'><strong>dicere,</strong></span> <span class='ocrx_word' id='word_1_358' title='bbox 3263 2552 3697 2609; x_wconf 82' lang='lat' dir='ltr'><strong>doctissimorum</strong></span> 
     </span>
    </p>
   </div>
   <div class='ocr_carea' id='block_1_46' title="bbox 409 2642 2004 2713">
    <p class='ocr_par' dir='ltr' id='par_1_46' title="bbox 409 2642 2004 2713">
     <span class='ocr_line' id='line_1_46' title="bbox 409 2642 2004 2713; baseline 0 -15"><span class='ocrx_word' id='word_1_359' title='bbox 409 2644 803 2713; x_wconf 84' lang='lat' dir='ltr'><strong>redemptionem</strong></span> <span class='ocrx_word' id='word_1_360' title='bbox 849 2658 946 2713; x_wconf 84' lang='lat' dir='ltr'><strong>pro</strong></span> <span class='ocrx_word' id='word_1_361' title='bbox 995 2643 1245 2708; x_wconf 87' lang='lat' dir='ltr'><strong>omnibus,</strong></span> <span class='ocrx_word' id='word_1_362' title='bbox 1300 2643 1643 2697; x_wconf 85' lang='lat' dir='ltr'><strong>testimonium</strong></span> <span class='ocrx_word' id='word_1_363' title='bbox 1689 2642 2004 2710; x_wconf 83' lang='lat' dir='ltr'><strong>temporibus</strong></span> 
     </span>
    </p>
   </div>
   <div class='ocr_carea' id='block_1_47' title="bbox 410 2731 1994 2802">
    <p class='ocr_par' dir='ltr' id='par_1_47' title="bbox 410 2731 1994 2802">
     <span class='ocr_line' id='line_1_47' title="bbox 410 2731 1994 2802; baseline -0.001 -14"><span class='ocrx_word' id='word_1_364' title='bbox 410 2736 515 2788; x_wconf 70' lang='lat' dir='ltr'><strong>ruis</strong></span> <span class='ocrx_word' id='word_1_365' title='bbox 545 2731 600 2801; x_wconf 87' lang='grc'><strong>(1</strong></span> <span class='ocrx_word' id='word_1_366' title='bbox 625 2732 759 2790; x_wconf 88' lang='lat' dir='ltr'><strong>Tim.</strong></span> <span class='ocrx_word' id='word_1_367' title='bbox 783 2748 843 2799; x_wconf 85' lang='lat' dir='ltr'><strong>ti,</strong></span> <span class='ocrx_word' id='word_1_368' title='bbox 872 2731 932 2801; x_wconf 87' lang='lat'><strong>5)</strong></span> <span class='ocrx_word' id='word_1_369' title='bbox 963 2749 977 2784; x_wconf 90' lang='lat'><strong>:</strong></span> <span class='ocrx_word' id='word_1_370' title='bbox 1016 2733 1165 2802; x_wconf 90' lang='lat' dir='ltr'><strong>quasi</strong></span> <span class='ocrx_word' id='word_1_371' title='bbox 1208 2731 1455 2788; x_wconf 88' lang='lat' dir='ltr'><strong>Christus</strong></span> <span class='ocrx_word' id='word_1_372' title='bbox 1495 2732 1636 2788; x_wconf 89' lang='lat' dir='ltr'><strong>Deus</strong></span> <span class='ocrx_word' id='word_1_373' title='bbox 1679 2748 1785 2788; x_wconf 93' lang='lat' dir='ltr'><strong>non</strong></span> <span class='ocrx_word' id='word_1_374' title='bbox 1828 2742 1994 2801; x_wconf 89' lang='lat' dir='ltr'><strong>esset,</strong></span> 
     </span>
    </p>
   </div>
   <div class='ocr_carea' id='block_1_48' title="bbox 412 2823 2004 2894">
    <p class='ocr_par' dir='ltr' id='par_1_48' title="bbox 412 2823 2004 2894">
     <span class='ocr_line' id='line_1_48' title="bbox 412 2823 2004 2894; baseline 0.001 -15"><span class='ocrx_word' id='word_1_375' title='bbox 412 2823 506 2879; x_wconf 88' lang='lat' dir='ltr'><strong>sed</strong></span> <span class='ocrx_word' id='word_1_376' title='bbox 539 2832 743 2879; x_wconf 85' lang='lat' dir='ltr'><strong>tantum</strong></span> <span class='ocrx_word' id='word_1_377' title='bbox 778 2823 1043 2879; x_wconf 88' lang='lat' dir='ltr'><strong>mediator</strong></span> <span class='ocrx_word' id='word_1_378' title='bbox 1064 2823 1161 2878; x_wconf 90' lang='lat' dir='ltr'><strong>Dei</strong></span> <span class='ocrx_word' id='word_1_379' title='bbox 1193 2833 1248 2879; x_wconf 91' lang='lat' dir='ltr'><strong>et</strong></span> <span class='ocrx_word' id='word_1_380' title='bbox 1285 2824 1583 2894; x_wconf 86' lang='lat' dir='ltr'><strong>hominum,</strong></span> <span class='ocrx_word' id='word_1_381' title='bbox 1625 2832 1719 2880; x_wconf 91' lang='lat' dir='ltr'><strong>aut</strong></span> <span class='ocrx_word' id='word_1_382' title='bbox 1755 2825 2004 2880; x_wconf 91' lang='lat' dir='ltr'><strong>conditor</strong></span> 
     </span>
    </p>
   </div>
   <div class='ocr_carea' id='block_1_49' title="bbox 410 2917 2002 2987">
    <p class='ocr_par' dir='ltr' id='par_1_49' title="bbox 410 2917 2002 2987">
     <span class='ocr_line' id='line_1_49' title="bbox 410 2917 2002 2987; baseline -0.001 -14"><span class='ocrx_word' id='word_1_383' title='bbox 410 2930 516 2973; x_wconf 88' lang='lat' dir='ltr'><strong>non</strong></span> <span class='ocrx_word' id='word_1_384' title='bbox 545 2926 691 2974; x_wconf 82' lang='lat' dir='ltr'><strong>esset</strong></span> <span class='ocrx_word' id='word_1_385' title='bbox 716 2925 771 2974; x_wconf 90' lang='lat' dir='ltr'><strong>et</strong></span> <span class='ocrx_word' id='word_1_386' title='bbox 800 2925 978 2973; x_wconf 90' lang='lat' dir='ltr'><strong>rector</strong></span> <span class='ocrx_word' id='word_1_387' title='bbox 1004 2918 1245 2971; x_wconf 90' lang='lat' dir='ltr'><strong>omnium</strong></span> <span class='ocrx_word' id='word_1_388' title='bbox 1274 2924 1574 2987; x_wconf 87' lang='lat' dir='ltr'><strong>temporum</strong></span> <span class='ocrx_word' id='word_1_389' title='bbox 1599 2956 1615 2983; x_wconf 94' lang='lat'><strong>,</strong></span> <span class='ocrx_word' id='word_1_390' title='bbox 1648 2925 1706 2971; x_wconf 92' lang='lat' dir='ltr'><strong>ut</strong></span> <span class='ocrx_word' id='word_1_391' title='bbox 1753 2917 2002 2987; x_wconf 59' lang='lat' dir='ltr'><strong>quaedam</strong></span> 
     </span>
    </p>
   </div>
   <div class='ocr_carea' id='block_1_50' title="bbox 410 3007 2001 3079">
    <p class='ocr_par' dir='ltr' id='par_1_50' title="bbox 410 3007 2001 3079">
     <span class='ocr_line' id='line_1_50' title="bbox 410 3007 2001 3079; baseline 0.001 -15"><span class='ocrx_word' id='word_1_392' title='bbox 410 3009 562 3079; x_wconf 87' lang='lat' dir='ltr'><strong>quasi</strong></span> <span class='ocrx_word' id='word_1_393' title='bbox 585 3010 700 3079; x_wconf 87' lang='lat' dir='ltr'><strong>ejus</strong></span> <span class='ocrx_word' id='word_1_394' title='bbox 727 3016 969 3077; x_wconf 88' lang='lat' dir='ltr'><strong>tempora</strong></span> <span class='ocrx_word' id='word_1_395' title='bbox 999 3010 1328 3074; x_wconf 87' lang='lat' dir='ltr'><strong>dicerentur,</strong></span> <span class='ocrx_word' id='word_1_396' title='bbox 1359 3007 1499 3064; x_wconf 88' lang='lat' dir='ltr'><strong>sicut</strong></span> <span class='ocrx_word' id='word_1_397' title='bbox 1530 3008 1597 3063; x_wconf 91' lang='lat' dir='ltr'><strong>de</strong></span> <span class='ocrx_word' id='word_1_398' title='bbox 1625 3022 1734 3063; x_wconf 90' lang='lat' dir='ltr'><strong>uno</strong></span> <span class='ocrx_word' id='word_1_399' title='bbox 1760 3008 2001 3079; x_wconf 84' lang='lat' dir='ltr'><strong>quolibet</strong></span> 
     </span>
    </p>
   </div>
   <div class='ocr_carea' id='block_1_51' title="bbox 410 3099 2003 3170">
    <p class='ocr_par' dir='ltr' id='par_1_51' title="bbox 410 3099 2003 3170">
     <span class='ocr_line' id='line_1_51' title="bbox 410 3099 2003 3170; baseline 0.001 -15"><span class='ocrx_word' id='word_1_400' title='bbox 410 3101 585 3156; x_wconf 87' lang='lat' dir='ltr'><strong>simile</strong></span> <span class='ocrx_word' id='word_1_401' title='bbox 616 3102 783 3157; x_wconf 89' lang='lat' dir='ltr'><strong>nostri</strong></span> <span class='ocrx_word' id='word_1_402' title='bbox 812 3100 1031 3156; x_wconf 90' lang='lat' dir='ltr'><strong>homine</strong></span> <span class='ocrx_word' id='word_1_403' title='bbox 1060 3100 1204 3170; x_wconf 90' lang='lat' dir='ltr'><strong>loqui</strong></span> <span class='ocrx_word' id='word_1_404' title='bbox 1225 3100 1484 3168; x_wconf 90' lang='lat' dir='ltr'><strong>solemus,</strong></span> <span class='ocrx_word' id='word_1_405' title='bbox 1515 3109 1569 3156; x_wconf 89' lang='lat' dir='ltr'><strong>et</strong></span> <span class='ocrx_word' id='word_1_406' title='bbox 1594 3100 1773 3156; x_wconf 89' lang='lat' dir='ltr'><strong>dicere</strong></span> <span class='ocrx_word' id='word_1_407' title='bbox 1792 3140 1808 3169; x_wconf 92' lang='lat'><strong>,</strong></span> <span class='ocrx_word' id='word_1_408' title='bbox 1842 3099 2003 3156; x_wconf 85' lang='lat' dir='ltr'><strong>Tem-</strong></span> 
     </span>
    </p>
   </div>
   <div class='ocr_carea' id='block_1_52' title="bbox 2105 2641 3829 2719">
    <p class='ocr_par' dir='ltr' id='par_1_52' title="bbox 2105 2641 3829 2719">
     <span class='ocr_line' id='line_1_52' title="bbox 2105 2641 3829 2719; baseline -0.01 -8"><span class='ocrx_word' id='word_1_409' title='bbox 2105 2661 2254 2711; x_wconf 86' lang='lat' dir='ltr'><strong>certe</strong></span> <span class='ocrx_word' id='word_1_410' title='bbox 2284 2654 2521 2707; x_wconf 91' lang='lat' dir='ltr'><strong>virorum</strong></span> <span class='ocrx_word' id='word_1_411' title='bbox 2553 2650 2861 2706; x_wconf 86' lang='lat' dir='ltr'><strong>testimonio</strong></span> <span class='ocrx_word' id='word_1_412' title='bbox 2906 2648 3251 2719; x_wconf 78' lang='lat' dir='ltr'><strong>przedicatum</strong></span> <span class='ocrx_word' id='word_1_413' title='bbox 3284 2664 3296 2699; x_wconf 88' lang='lat'>:</span> <span class='ocrx_word' id='word_1_414' title='bbox 3327 2644 3478 2714; x_wconf 90' lang='lat' dir='ltr'><strong>cujus</strong></span> <span class='ocrx_word' id='word_1_415' title='bbox 3519 2641 3696 2711; x_wconf 83' lang='lat' dir='ltr'><strong>impu-</strong></span> <span class='ocrx_word' id='word_1_416' title='bbox 3772 2664 3775 2669; x_wconf 59' lang='grc' dir='ltr'><em>ν</em></span> <span class='ocrx_word' id='word_1_417' title='bbox 3826 2672 3829 2681; x_wconf 67' lang='grc' dir='ltr'><strong>ι</strong></span> 
     </span>
    </p>
   </div>
   <div class='ocr_carea' id='block_1_53' title="bbox 2105 2734 3698 2813">
    <p class='ocr_par' dir='ltr' id='par_1_53' title="bbox 2105 2734 3698 2813">
     <span class='ocr_line' id='line_1_53' title="bbox 2105 2734 3698 2813; baseline -0.009 -12"><span class='ocrx_word' id='word_1_418' title='bbox 2105 2744 2302 2801; x_wconf 68' lang='lat' dir='ltr'><strong>dentim</strong></span> <span class='ocrx_word' id='word_1_419' title='bbox 2322 2758 2429 2799; x_wconf 91' lang='lat' dir='ltr'><strong>non</strong></span> <span class='ocrx_word' id='word_1_420' title='bbox 2463 2744 2627 2799; x_wconf 89' lang='lat' dir='ltr'><strong>fuisse</strong></span> <span class='ocrx_word' id='word_1_421' title='bbox 2666 2740 2936 2813; x_wconf 89' lang='lat' dir='ltr'><strong>particeps</strong></span> <span class='ocrx_word' id='word_1_422' title='bbox 2969 2740 3211 2813; x_wconf 82' lang='lat' dir='ltr'><strong>synodus</strong></span> <span class='ocrx_word' id='word_1_423' title='bbox 3236 2734 3698 2795; x_wconf 87' lang='lat' dir='ltr'><strong>Chalcedonensis</strong></span> 
     </span>
    </p>
   </div>
   <div class='ocr_carea' id='block_1_54' title="bbox 2106 2827 3698 2909">
    <p class='ocr_par' dir='ltr' id='par_1_54' title="bbox 2106 2827 3698 2909">
     <span class='ocr_line' id='line_1_54' title="bbox 2106 2827 3698 2909; baseline -0.008 -16"><span class='ocrx_word' id='word_1_424' title='bbox 2106 2839 2368 2908; x_wconf 86' lang='lat' dir='ltr'><strong>arguitur,</strong></span> <span class='ocrx_word' id='word_1_425' title='bbox 2401 2852 2561 2907; x_wconf 90' lang='lat' dir='ltr'><strong>quam</strong></span> <span class='ocrx_word' id='word_1_426' title='bbox 2614 2836 2913 2909; x_wconf 88' lang='lat' dir='ltr'><strong>intelligere</strong></span> <span class='ocrx_word' id='word_1_427' title='bbox 2941 2835 3199 2905; x_wconf 89' lang='lat' dir='ltr'><strong>oportuit,</strong></span> <span class='ocrx_word' id='word_1_428' title='bbox 3228 2832 3350 2904; x_wconf 90' lang='lat' dir='ltr'><strong>quia</strong></span> <span class='ocrx_word' id='word_1_429' title='bbox 3398 2829 3492 2886; x_wconf 91' lang='lat' dir='ltr'><strong>ubi</strong></span> <span class='ocrx_word' id='word_1_430' title='bbox 3522 2827 3698 2883; x_wconf 64' lang='lat' dir='ltr'><strong>The0&lt;</strong></span> 
     </span>
    </p>
   </div>
   <div class='ocr_carea' id='block_1_55' title="bbox 2105 2927 3701 2996">
    <p class='ocr_par' dir='ltr' id='par_1_55' title="bbox 2105 2927 3701 2996">
     <span class='ocr_line' id='line_1_55' title="bbox 2105 2927 3701 2996; baseline -0.009 -9"><span class='ocrx_word' id='word_1_431' title='bbox 2105 2930 2291 2996; x_wconf 88' lang='lat' dir='ltr'><strong>dorus,</strong></span> <span class='ocrx_word' id='word_1_432' title='bbox 2320 2928 2627 2986; x_wconf 88' lang='lat' dir='ltr'><strong>necessario</strong></span> <span class='ocrx_word' id='word_1_433' title='bbox 2665 2939 2852 2984; x_wconf 88' lang='lat' dir='ltr'><strong>contra</strong></span> <span class='ocrx_word' id='word_1_434' title='bbox 2892 2927 3176 2983; x_wconf 61' lang='lat' dir='ltr'><strong>haereticos</strong></span> <span class='ocrx_word' id='word_1_435' title='bbox 3216 2932 3529 2980; x_wconf 89' lang='lat' dir='ltr'><strong>naturarum</strong></span> <span class='ocrx_word' id='word_1_436' title='bbox 3577 2935 3701 2990; x_wconf 84' lang='lat' dir='ltr'><strong>pro-</strong></span> 
     </span>
    </p>
   </div>
   <div class='ocr_carea' id='block_1_56' title="bbox 2104 3017 3700 3092">
    <p class='ocr_par' dir='ltr' id='par_1_56' title="bbox 2104 3017 3700 3092">
     <span class='ocr_line' id='line_1_56' title="bbox 2104 3017 3700 3092; baseline -0.008 -13"><span class='ocrx_word' id='word_1_437' title='bbox 2104 3022 2363 3092; x_wconf 87' lang='lat' dir='ltr'><strong>prietates</strong></span> <span class='ocrx_word' id='word_1_438' title='bbox 2391 3021 2617 3092; x_wconf 86' lang='lat' dir='ltr'><strong>amplius</strong></span> <span class='ocrx_word' id='word_1_439' title='bbox 2641 3019 2907 3089; x_wconf 89' lang='lat' dir='ltr'><strong>dividens,</strong></span> <span class='ocrx_word' id='word_1_440' title='bbox 2939 3026 3302 3075; x_wconf 90' lang='lat' dir='ltr'><strong>assumentem</strong></span> <span class='ocrx_word' id='word_1_441' title='bbox 3335 3017 3403 3071; x_wconf 92' lang='lat' dir='ltr'><strong>ab</strong></span> <span class='ocrx_word' id='word_1_442' title='bbox 3424 3020 3700 3083; x_wconf 88' lang='lat' dir='ltr'><strong>assumpto</strong></span> 
     </span>
    </p>
   </div>
   <div class='ocr_carea' id='block_1_57' title="bbox 2106 3102 3702 3180">
    <p class='ocr_par' dir='ltr' id='par_1_57' title="bbox 2106 3102 3702 3180">
     <span class='ocr_line' id='line_1_57' title="bbox 2106 3102 3702 3180; baseline -0.009 -11"><span class='ocrx_word' id='word_1_443' title='bbox 2106 3115 2338 3171; x_wconf 84' lang='lat' dir='ltr'><strong>alterum</strong></span> <span class='ocrx_word' id='word_1_444' title='bbox 2363 3128 2487 3170; x_wconf 84' lang='lat' dir='ltr'><strong>esse</strong></span> <span class='ocrx_word' id='word_1_445' title='bbox 2512 3118 2802 3180; x_wconf 88' lang='lat' dir='ltr'><strong>assereret,</strong></span> <span class='ocrx_word' id='word_1_446' title='bbox 2832 3120 3020 3166; x_wconf 88' lang='lat' dir='ltr'><strong>natura</strong></span> <span class='ocrx_word' id='word_1_447' title='bbox 3054 3124 3214 3173; x_wconf 89' lang='lat' dir='ltr'><strong>eum,</strong></span> <span class='ocrx_word' id='word_1_448' title='bbox 3245 3107 3386 3163; x_wconf 88' lang='lat' dir='ltr'><strong>sicut</strong></span> <span class='ocrx_word' id='word_1_449' title='bbox 3417 3120 3573 3175; x_wconf 82' lang='lat' dir='ltr'><strong>supra</strong></span> <span class='ocrx_word' id='word_1_450' title='bbox 3606 3102 3702 3156; x_wconf 91' lang='lat' dir='ltr'><strong>do-</strong></span> 
     </span>
    </p>
   </div>
   <div class='ocr_carea' id='block_1_58' title="bbox 412 3189 2001 3274">
    <p class='ocr_par' dir='ltr' id='par_1_58' title="bbox 412 3189 2001 3264">
     <span class='ocr_line' id='line_1_58' title="bbox 412 3189 2001 3264; baseline -0.001 -17"><span class='ocrx_word' id='word_1_451' title='bbox 412 3193 633 3264; x_wconf 89' lang='lat' dir='ltr'><strong>poribus</strong></span> <span class='ocrx_word' id='word_1_452' title='bbox 651 3194 764 3250; x_wconf 89' lang='lat' dir='ltr'><strong>suis</strong></span> <span class='ocrx_word' id='word_1_453' title='bbox 800 3193 904 3249; x_wconf 90' lang='lat' dir='ltr'><strong>hoc</strong></span> <span class='ocrx_word' id='word_1_454' title='bbox 942 3195 1025 3249; x_wconf 86' lang='lat' dir='ltr'><strong>vel</strong></span> <span class='ocrx_word' id='word_1_455' title='bbox 1076 3192 1206 3248; x_wconf 91' lang='lat' dir='ltr'><strong>illud</strong></span> <span class='ocrx_word' id='word_1_456' title='bbox 1250 3193 1415 3259; x_wconf 91' lang='lat' dir='ltr'><strong>dicit,</strong></span> <span class='ocrx_word' id='word_1_457' title='bbox 1464 3200 1557 3247; x_wconf 90' lang='lat' dir='ltr'><strong>aut</strong></span> <span class='ocrx_word' id='word_1_458' title='bbox 1599 3191 1742 3246; x_wconf 89' lang='lat' dir='ltr'><strong>facit.</strong></span> <span class='ocrx_word' id='word_1_459' title='bbox 1776 3189 1880 3248; x_wconf 90' lang='lat' dir='ltr'><strong>Sed</strong></span> <span class='ocrx_word' id='word_1_460' title='bbox 1907 3206 2001 3262; x_wconf 86' lang='lat' dir='ltr'><strong>pro</strong></span> 
     </span>
    </p>
   </div>
   <div class='ocr_carea' id='block_1_59' title="bbox 2105 3189 3702 3274">
    <p class='ocr_par' dir='ltr' id='par_1_59' title="bbox 2105 3193 3702 3274">
     <span class='ocr_line' id='line_1_59' title="bbox 2105 3193 3702 3274; baseline -0.008 -14"><span class='ocrx_word' id='word_1_461' title='bbox 2105 3203 2337 3271; x_wconf 89' lang='lat' dir='ltr'><strong>cuimus,</strong></span> <span class='ocrx_word' id='word_1_462' title='bbox 2368 3220 2476 3261; x_wconf 91' lang='lat' dir='ltr'><strong>non</strong></span> <span class='ocrx_word' id='word_1_463' title='bbox 2499 3217 2730 3274; x_wconf 89' lang='lat' dir='ltr'><strong>persona</strong></span> <span class='ocrx_word' id='word_1_464' title='bbox 2761 3202 2967 3258; x_wconf 88' lang='lat' dir='ltr'><strong>diceret</strong></span> <span class='ocrx_word' id='word_1_465' title='bbox 2993 3200 3244 3256; x_wconf 87' lang='lat' dir='ltr'><strong>alterum.</strong></span> <span class='ocrx_word' id='word_1_466' title='bbox 3285 3198 3454 3254; x_wconf 81' lang='lat' dir='ltr'><strong>Porro</strong></span> <span class='ocrx_word' id='word_1_467' title='bbox 3501 3195 3569 3249; x_wconf 91' lang='lat' dir='ltr'><strong>ab</strong></span> <span class='ocrx_word' id='word_1_468' title='bbox 3599 3193 3702 3248; x_wconf 86' lang='lat' dir='ltr'><strong>hoc</strong></span> 
     </span>
    </p>
   </div>
   <div class='ocr_carea' id='block_1_60' title="bbox 411 3284 2001 3369">
    <p class='ocr_par' dir='ltr' id='par_1_60' title="bbox 411 3284 2001 3355">
     <span class='ocr_line' id='line_1_60' title="bbox 411 3284 2001 3355; baseline -0.001 -14"><span class='ocrx_word' id='word_1_469' title='bbox 411 3285 726 3342; x_wconf 81' lang='lat' dir='ltr'><strong>diversitate</strong></span> <span class='ocrx_word' id='word_1_470' title='bbox 753 3300 1033 3343; x_wconf 88' lang='lat' dir='ltr'><strong>causarum</strong></span> <span class='ocrx_word' id='word_1_471' title='bbox 1061 3284 1272 3341; x_wconf 91' lang='lat' dir='ltr'><strong>diversa</strong></span> <span class='ocrx_word' id='word_1_472' title='bbox 1305 3298 1519 3355; x_wconf 88' lang='lat' dir='ltr'><strong>semper</strong></span> <span class='ocrx_word' id='word_1_473' title='bbox 1547 3293 1631 3340; x_wconf 91' lang='lat' dir='ltr'><strong>est</strong></span> <span class='ocrx_word' id='word_1_474' title='bbox 1653 3284 1887 3341; x_wconf 89' lang='lat' dir='ltr'><strong>dicentis</strong></span> <span class='ocrx_word' id='word_1_475' title='bbox 1920 3284 2001 3340; x_wconf 89' lang='lat' dir='ltr'><strong>in-</strong></span> 
     </span>
    </p>
   </div>
   <div class='ocr_carea' id='block_1_61' title="bbox 2105 3284 3700 3369">
    <p class='ocr_par' dir='ltr' id='par_1_61' title="bbox 2106 3286 3700 3369">
     <span class='ocr_line' id='line_1_61' title="bbox 2106 3286 3700 3369; baseline -0.009 -16"><span class='ocrx_word' id='word_1_476' title='bbox 2106 3311 2273 3369; x_wconf 87' lang='lat' dir='ltr'><strong>opere</strong></span> <span class='ocrx_word' id='word_1_477' title='bbox 2299 3296 2366 3353; x_wconf 92' lang='lat' dir='ltr'><strong>de</strong></span> <span class='ocrx_word' id='word_1_478' title='bbox 2394 3286 2781 3351; x_wconf 86' lang='lat' dir='ltr'><strong>Incarnatione-</strong></span> <span class='ocrx_word' id='word_1_479' title='bbox 2811 3294 2878 3348; x_wconf 90' lang='lat' dir='ltr'><strong>ad</strong></span> <span class='ocrx_word' id='word_1_480' title='bbox 2929 3292 3074 3348; x_wconf 84' lang='lat' dir='ltr'><strong>aliud</strong></span> <span class='ocrx_word' id='word_1_481' title='bbox 3114 3289 3255 3362; x_wconf 90' lang='lat' dir='ltr'><strong>quod</strong></span> <span class='ocrx_word' id='word_1_482' title='bbox 3305 3299 3491 3345; x_wconf 88' lang='lat' dir='ltr'><strong>contra</strong></span> <span class='ocrx_word' id='word_1_483' title='bbox 3527 3286 3700 3342; x_wconf 83' lang='lat' dir='ltr'><strong>Euno-</strong></span> 
     </span>
    </p>
   </div>
   <div class='ocr_carea' id='block_1_62' title="bbox 411 3372 2001 3451">
    <p class='ocr_par' dir='ltr' id='par_1_62' title="bbox 411 3375 2001 3448">
     <span class='ocr_line' id='line_1_62' title="bbox 411 3375 2001 3448; baseline 0.003 -16"><span class='ocrx_word' id='word_1_484' title='bbox 411 3378 599 3433; x_wconf 88' lang='lat' dir='ltr'><strong>tentio.</strong></span> <span class='ocrx_word' id='word_1_485' title='bbox 649 3377 783 3433; x_wconf 83' lang='lat' dir='ltr'><strong>Nam</strong></span> <span class='ocrx_word' id='word_1_486' title='bbox 830 3386 887 3434; x_wconf 91' lang='lat' dir='ltr'><strong>et</strong></span> <span class='ocrx_word' id='word_1_487' title='bbox 930 3378 1045 3447; x_wconf 88' lang='lat' dir='ltr'><strong>ipse</strong></span> <span class='ocrx_word' id='word_1_488' title='bbox 1088 3378 1343 3432; x_wconf 92' lang='lat' dir='ltr'><strong>Dominus</strong></span> <span class='ocrx_word' id='word_1_489' title='bbox 1386 3376 1441 3432; x_wconf 91' lang='lat' dir='ltr'><strong>in</strong></span> <span class='ocrx_word' id='word_1_490' title='bbox 1480 3375 1776 3448; x_wconf 86' lang='lat' dir='ltr'><strong>Evangelio</strong></span> <span class='ocrx_word' id='word_1_491' title='bbox 1802 3377 2001 3436; x_wconf 76' lang='lat' dir='ltr'><strong>Judteis</strong></span> 
     </span>
    </p>
   </div>
   <div class='ocr_carea' id='block_1_63' title="bbox 2105 3372 3700 3451">
    <p class='ocr_par' dir='ltr' id='par_1_63' title="bbox 2116 3378 3700 3451">
     <span class='ocr_line' id='line_1_63' title="bbox 2116 3378 3700 3451; baseline -0.01 -5"><span class='ocrx_word' id='word_1_492' title='bbox 2116 3390 2284 3446; x_wconf 90' lang='lat' dir='ltr'><strong>mium</strong></span> <span class='ocrx_word' id='word_1_493' title='bbox 2340 3388 2510 3445; x_wconf 86' lang='lat' dir='ltr'><strong>edidit</strong></span> <span class='ocrx_word' id='word_1_494' title='bbox 2567 3397 2950 3451; x_wconf 85' lang='lat' dir='ltr'><strong>transeamus,</strong></span> <span class='ocrx_word' id='word_1_495' title='bbox 2993 3384 3081 3441; x_wconf 91' lang='lat' dir='ltr'><strong>ubi</strong></span> <span class='ocrx_word' id='word_1_496' title='bbox 3132 3383 3343 3440; x_wconf 89' lang='lat' dir='ltr'><strong>decimo</strong></span> <span class='ocrx_word' id='word_1_497' title='bbox 3389 3380 3528 3437; x_wconf 88' lang='lat' dir='ltr'><strong>libro</strong></span> <span class='ocrx_word' id='word_1_498' title='bbox 3582 3378 3700 3433; x_wconf 87' lang='lat' dir='ltr'><strong>ait:</strong></span> 
     </span>
    </p>
   </div>
   <div class='ocr_carea' id='block_1_64' title="bbox 411 3475 2003 3548">
    <p class='ocr_par' dir='ltr' id='par_1_64' title="bbox 411 3475 2003 3548">
     <span class='ocr_line' id='line_1_64' title="bbox 411 3475 2003 3548; baseline 0.001 -18"><span class='ocrx_word' id='word_1_499' title='bbox 411 3477 581 3531; x_wconf 86' lang='lat' dir='ltr'><strong>dicit:</strong></span> <span class='ocrx_word' id='word_1_500' title='bbox 611 3475 665 3532; x_wconf 87' lang='grc' dir='ltr'><strong><em>Ν</em></strong></span> <span class='ocrx_word' id='word_1_501' title='bbox 672 3494 768 3532; x_wconf 78' lang='lat' dir='ltr'><strong>uno</strong></span> <span class='ocrx_word' id='word_1_502' title='bbox 803 3488 972 3533; x_wconf 89' lang='lat' dir='ltr'><strong>autem</strong></span> <span class='ocrx_word' id='word_1_503' title='bbox 1001 3476 1228 3548; x_wconf 60' lang='lat' dir='ltr'><strong>quaeritis</strong></span> <span class='ocrx_word' id='word_1_504' title='bbox 1267 3492 1348 3530; x_wconf 89' lang='lat' dir='ltr'><strong>me</strong></span> <span class='ocrx_word' id='word_1_505' title='bbox 1382 3476 1705 3545; x_wconf 78' lang='lat' dir='ltr'><strong>interﬁcere,</strong></span> <span class='ocrx_word' id='word_1_506' title='bbox 1742 3475 2003 3532; x_wconf 80' lang='lat' dir='ltr'><strong>hominem</strong></span> 
     </span>
    </p>
   </div>
   <div class='ocr_carea' id='block_1_65' title="bbox 411 3566 2009 3638">
    <p class='ocr_par' dir='ltr' id='par_1_65' title="bbox 411 3566 2009 3638">
     <span class='ocr_line' id='line_1_65' title="bbox 411 3566 2009 3638; baseline 0.002 -17"><span class='ocrx_word' id='word_1_507' title='bbox 411 3570 496 3638; x_wconf 76' lang='lat' dir='ltr'><strong>qui</strong></span> <span class='ocrx_word' id='word_1_508' title='bbox 526 3569 783 3623; x_wconf 85' lang='lat' dir='ltr'><strong>veritatem</strong></span> <span class='ocrx_word' id='word_1_509' title='bbox 817 3569 955 3622; x_wconf 71' lang='lat' dir='ltr'><strong>vobis</strong></span> <span class='ocrx_word' id='word_1_510' title='bbox 1002 3566 1201 3621; x_wconf 81' lang='lat' dir='ltr'><strong>locutus</strong></span> <span class='ocrx_word' id='word_1_511' title='bbox 1245 3583 1380 3633; x_wconf 87' lang='lat' dir='ltr'><strong>sum,</strong></span> <span class='ocrx_word' id='word_1_512' title='bbox 1421 3583 1578 3637; x_wconf 89' lang='lat' dir='ltr'><strong>quam</strong></span> <span class='ocrx_word' id='word_1_513' title='bbox 1624 3566 1798 3620; x_wconf 80' lang='lat' dir='ltr'><strong>audivi</strong></span> <span class='ocrx_word' id='word_1_514' title='bbox 1825 3584 1858 3620; x_wconf 93' lang='lat' dir='ltr'><strong>a</strong></span> <span class='ocrx_word' id='word_1_515' title='bbox 1897 3566 2009 3624; x_wconf 88' lang='lat' dir='ltr'><strong>Deo</strong></span> 
     </span>
    </p>
   </div>
   <div class='ocr_carea' id='block_1_66' title="bbox 412 3656 2011 3733">
    <p class='ocr_par' dir='ltr' id='par_1_66' title="bbox 412 3656 2011 3733">
     <span class='ocr_line' id='line_1_66' title="bbox 412 3656 2011 3733; baseline 0.001 -20"><span class='ocrx_word' id='word_1_516' title='bbox 412 3658 593 3733; x_wconf 81' lang='lat' dir='ltr'><strong>(Ioan.</strong></span> <span class='ocrx_word' id='word_1_517' title='bbox 626 3675 745 3725; x_wconf 89' lang='lat' dir='ltr'><strong>vm,</strong></span> <span class='ocrx_word' id='word_1_518' title='bbox 776 3659 890 3718; x_wconf 69' lang='lat'><strong>40).</strong></span> <span class='ocrx_word' id='word_1_519' title='bbox 921 3659 1170 3727; x_wconf 83' lang='lat' dir='ltr'><strong>Nunquid</strong></span> <span class='ocrx_word' id='word_1_520' title='bbox 1207 3657 1323 3712; x_wconf 76' lang='lat' dir='ltr'><strong>haec</strong></span> <span class='ocrx_word' id='word_1_521' title='bbox 1362 3656 1547 3713; x_wconf 90' lang='lat' dir='ltr'><strong>dicens</strong></span> <span class='ocrx_word' id='word_1_522' title='bbox 1585 3657 1755 3712; x_wconf 90' lang='lat' dir='ltr'><strong>Deum</strong></span> <span class='ocrx_word' id='word_1_523' title='bbox 1799 3673 1858 3713; x_wconf 93' lang='lat' dir='ltr'><strong>se</strong></span> <span class='ocrx_word' id='word_1_524' title='bbox 1887 3674 2011 3715; x_wconf 88' lang='lat' dir='ltr'><strong>esse</strong></span> 
     </span>
    </p>
   </div>
   <div class='ocr_carea' id='block_1_67' title="bbox 413 3748 2011 3823">
    <p class='ocr_par' dir='ltr' id='par_1_67' title="bbox 413 3748 2011 3823">
     <span class='ocr_line' id='line_1_67' title="bbox 413 3748 2011 3823; baseline -0.002 -16"><span class='ocrx_word' id='word_1_525' title='bbox 413 3751 624 3823; x_wconf 87' lang='lat' dir='ltr'><strong>negavit</strong></span> <span class='ocrx_word' id='word_1_526' title='bbox 650 3760 702 3807; x_wconf 89' lang='lat' dir='ltr'><strong>et</strong></span> <span class='ocrx_word' id='word_1_527' title='bbox 729 3750 1000 3806; x_wconf 86' lang='lat' dir='ltr'><strong>Christum</strong></span> <span class='ocrx_word' id='word_1_528' title='bbox 1030 3750 1089 3804; x_wconf 70' lang='lat'><strong>&#39;7</strong></span> <span class='ocrx_word' id='word_1_529' title='bbox 1119 3748 1347 3805; x_wconf 90' lang='lat' dir='ltr'><strong>Proinde</strong></span> <span class='ocrx_word' id='word_1_530' title='bbox 1388 3749 1684 3804; x_wconf 87' lang='lat' dir='ltr'><strong>secundum</strong></span> <span class='ocrx_word' id='word_1_531' title='bbox 1724 3749 1865 3805; x_wconf 89' lang='lat' dir='ltr'><strong>hanc</strong></span> <span class='ocrx_word' id='word_1_532' title='bbox 1901 3749 2011 3806; x_wconf 81' lang='lat' dir='ltr'><strong>for-</strong></span> 
     </span>
    </p>
   </div>
   <div class='ocr_carea' id='block_1_68' title="bbox 415 3838 2008 3911">
    <p class='ocr_par' dir='ltr' id='par_1_68' title="bbox 415 3838 2008 3911">
     <span class='ocr_line' id='line_1_68' title="bbox 415 3838 2008 3911; baseline 0.001 -16"><span class='ocrx_word' id='word_1_533' title='bbox 415 3857 557 3895; x_wconf 87' lang='lat' dir='ltr'><strong>mam</strong></span> <span class='ocrx_word' id='word_1_534' title='bbox 583 3850 638 3896; x_wconf 88' lang='lat' dir='ltr'><strong>et</strong></span> <span class='ocrx_word' id='word_1_535' title='bbox 663 3840 932 3910; x_wconf 90' lang='lat' dir='ltr'><strong>apostolos</strong></span> <span class='ocrx_word' id='word_1_536' title='bbox 974 3840 1129 3909; x_wconf 86' lang='lat' dir='ltr'><strong>ejus,</strong></span> <span class='ocrx_word' id='word_1_537' title='bbox 1171 3847 1226 3894; x_wconf 89' lang='lat' dir='ltr'><strong>et</strong></span> <span class='ocrx_word' id='word_1_538' title='bbox 1262 3838 1513 3893; x_wconf 90' lang='lat' dir='ltr'><strong>doctores</strong></span> <span class='ocrx_word' id='word_1_539' title='bbox 1559 3838 1815 3895; x_wconf 85' lang='lat' dir='ltr'><strong>Ecclesiae</strong></span> <span class='ocrx_word' id='word_1_540' title='bbox 1858 3856 2008 3911; x_wconf 76' lang='lat' dir='ltr'><strong>qua:-</strong></span> 
     </span>
    </p>
   </div>
   <div class='ocr_carea' id='block_1_69' title="bbox 414 3928 2012 3998">
    <p class='ocr_par' dir='ltr' id='par_1_69' title="bbox 414 3928 2012 3998">
     <span class='ocr_line' id='line_1_69' title="bbox 414 3928 2012 3998; baseline -0.001 -11"><span class='ocrx_word' id='word_1_541' title='bbox 414 3931 538 3987; x_wconf 80' lang='lat' dir='ltr'><strong>dam</strong></span> <span class='ocrx_word' id='word_1_542' title='bbox 565 3931 774 3986; x_wconf 91' lang='lat' dir='ltr'><strong>locutos</strong></span> <span class='ocrx_word' id='word_1_543' title='bbox 814 3943 934 3985; x_wconf 90' lang='lat' dir='ltr'><strong>esse</strong></span> <span class='ocrx_word' id='word_1_544' title='bbox 977 3929 1278 3996; x_wconf 88' lang='lat' dir='ltr'><strong>credamus,</strong></span> <span class='ocrx_word' id='word_1_545' title='bbox 1338 3938 1589 3998; x_wconf 85' lang='lat' dir='ltr'><strong>tanquam</strong></span> <span class='ocrx_word' id='word_1_546' title='bbox 1620 3928 1787 3983; x_wconf 91' lang='lat' dir='ltr'><strong>divini</strong></span> <span class='ocrx_word' id='word_1_547' title='bbox 1830 3943 2012 3985; x_wconf 88' lang='lat' dir='ltr'><strong>sacra-</strong></span> 
     </span>
    </p>
   </div>
   <div class='ocr_carea' id='block_1_70' title="bbox 412 4017 2011 4087">
    <p class='ocr_par' dir='ltr' id='par_1_70' title="bbox 412 4017 2011 4087">
     <span class='ocr_line' id='line_1_70' title="bbox 412 4017 2011 4087; baseline 0 -10"><span class='ocrx_word' id='word_1_548' title='bbox 412 4021 577 4077; x_wconf 91' lang='lat' dir='ltr'><strong>menti</strong></span> <span class='ocrx_word' id='word_1_549' title='bbox 624 4020 1045 4087; x_wconf 76' lang='lat' dir='ltr'><strong>dispensatores,</strong></span> <span class='ocrx_word' id='word_1_550' title='bbox 1095 4034 1202 4074; x_wconf 91' lang='lat' dir='ltr'><strong>non</strong></span> <span class='ocrx_word' id='word_1_551' title='bbox 1249 4017 1496 4073; x_wconf 90' lang='lat' dir='ltr'><strong>omnibus</strong></span> <span class='ocrx_word' id='word_1_552' title='bbox 1526 4018 1736 4087; x_wconf 88' lang='lat' dir='ltr'><strong>eadem,</strong></span> <span class='ocrx_word' id='word_1_553' title='bbox 1772 4035 1872 4077; x_wconf 91' lang='lat' dir='ltr'><strong>nec</strong></span> <span class='ocrx_word' id='word_1_554' title='bbox 1914 4036 2011 4078; x_wconf 89' lang='lat' dir='ltr'><strong>eo-</strong></span> 
     </span>
    </p>
   </div>
   <div class='ocr_carea' id='block_1_71' title="bbox 413 4110 2012 4184">
    <p class='ocr_par' dir='ltr' id='par_1_71' title="bbox 413 4110 2012 4184">
     <span class='ocr_line' id='line_1_71' title="bbox 413 4110 2012 4184; baseline 0 -16"><span class='ocrx_word' id='word_1_555' title='bbox 413 4115 534 4168; x_wconf 92' lang='lat' dir='ltr'><strong>dem</strong></span> <span class='ocrx_word' id='word_1_556' title='bbox 566 4112 727 4168; x_wconf 80' lang='lat' dir='ltr'><strong>modo</strong></span> <span class='ocrx_word' id='word_1_557' title='bbox 758 4112 1052 4167; x_wconf 84' lang='lat' dir='ltr'><strong>tradentes.</strong></span> <span class='ocrx_word' id='word_1_558' title='bbox 1092 4110 1237 4179; x_wconf 84' lang='lat' dir='ltr'><strong>Quos</strong></span> <span class='ocrx_word' id='word_1_559' title='bbox 1267 4111 1323 4166; x_wconf 90' lang='lat' dir='ltr'><strong>in</strong></span> <span class='ocrx_word' id='word_1_560' title='bbox 1366 4111 1624 4167; x_wconf 64' lang='lat' dir='ltr'><strong>Ecclesiae</strong></span> <span class='ocrx_word' id='word_1_561' title='bbox 1673 4128 1806 4184; x_wconf 83' lang='lat' dir='ltr'><strong>pace</strong></span> <span class='ocrx_word' id='word_1_562' title='bbox 1827 4114 2012 4169; x_wconf 88' lang='lat' dir='ltr'><strong>defun-</strong></span> 
     </span>
    </p>
   </div>
   <div class='ocr_carea' id='block_1_72' title="bbox 413 4202 2011 4275">
    <p class='ocr_par' dir='ltr' id='par_1_72' title="bbox 413 4202 2011 4275">
     <span class='ocr_line' id='line_1_72' title="bbox 413 4202 2011 4275; baseline 0.001 -16"><span class='ocrx_word' id='word_1_563' title='bbox 413 4214 529 4260; x_wconf 88' lang='lat' dir='ltr'><strong>ctos</strong></span> <span class='ocrx_word' id='word_1_564' title='bbox 571 4208 654 4273; x_wconf 87' lang='lat' dir='ltr'><strong>pie</strong></span> <span class='ocrx_word' id='word_1_565' title='bbox 683 4218 748 4260; x_wconf 91' lang='lat' dir='ltr'><strong>ac</strong></span> <span class='ocrx_word' id='word_1_566' title='bbox 793 4203 1047 4273; x_wconf 84' lang='lat' dir='ltr'><strong>religiose</strong></span> <span class='ocrx_word' id='word_1_567' title='bbox 1086 4202 1313 4258; x_wconf 85' lang='lat' dir='ltr'><strong>facimus</strong></span> <span class='ocrx_word' id='word_1_568' title='bbox 1344 4204 1391 4258; x_wconf 91' lang='lat' dir='ltr'><strong>si</strong></span> <span class='ocrx_word' id='word_1_569' title='bbox 1427 4204 1622 4260; x_wconf 90' lang='lat' dir='ltr'><strong>melius</strong></span> <span class='ocrx_word' id='word_1_570' title='bbox 1666 4206 2011 4275; x_wconf 88' lang='lat' dir='ltr'><strong>interpretari</strong></span> 
     </span>
    </p>
   </div>
   <div class='ocr_carea' id='block_1_73' title="bbox 414 4293 2013 4363">
    <p class='ocr_par' dir='ltr' id='par_1_73' title="bbox 414 4293 2013 4363">
     <span class='ocr_line' id='line_1_73' title="bbox 414 4293 2013 4363; baseline 0.001 -12"><span class='ocrx_word' id='word_1_571' title='bbox 414 4296 663 4363; x_wconf 79' lang='lat' dir='ltr'><strong>velimus,</strong></span> <span class='ocrx_word' id='word_1_572' title='bbox 696 4295 776 4350; x_wconf 91' lang='lat' dir='ltr'><strong>sic</strong></span> <span class='ocrx_word' id='word_1_573' title='bbox 797 4304 1118 4351; x_wconf 81' lang='lat' dir='ltr'><strong>excusantes</strong></span> <span class='ocrx_word' id='word_1_574' title='bbox 1154 4293 1401 4350; x_wconf 86' lang='lat' dir='ltr'><strong>homines</strong></span> <span class='ocrx_word' id='word_1_575' title='bbox 1422 4336 1438 4362; x_wconf 95' lang='lat'><strong>,</strong></span> <span class='ocrx_word' id='word_1_576' title='bbox 1474 4304 1534 4350; x_wconf 91' lang='lat' dir='ltr'><strong>ut</strong></span> <span class='ocrx_word' id='word_1_577' title='bbox 1570 4310 1885 4353; x_wconf 86' lang='lat' dir='ltr'><strong>accusemus</strong></span> <span class='ocrx_word' id='word_1_578' title='bbox 1925 4312 2013 4353; x_wconf 91' lang='lat' dir='ltr'><strong>er-</strong></span> 
     </span>
    </p>
   </div>
   <div class='ocr_carea' id='block_1_74' title="bbox 416 4384 2013 4457">
    <p class='ocr_par' dir='ltr' id='par_1_74' title="bbox 416 4384 2013 4457">
     <span class='ocr_line' id='line_1_74' title="bbox 416 4384 2013 4457; baseline 0.001 -15"><span class='ocrx_word' id='word_1_579' title='bbox 416 4401 588 4442; x_wconf 88' lang='lat' dir='ltr'><strong>rores.</strong></span> <span class='ocrx_word' id='word_1_580' title='bbox 620 4386 728 4441; x_wconf 80' lang='lat' dir='ltr'><strong>Nec</strong></span> <span class='ocrx_word' id='word_1_581' title='bbox 748 4400 853 4440; x_wconf 91' lang='lat' dir='ltr'><strong>non</strong></span> <span class='ocrx_word' id='word_1_582' title='bbox 881 4395 936 4440; x_wconf 91' lang='lat' dir='ltr'><strong>et</strong></span> <span class='ocrx_word' id='word_1_583' title='bbox 961 4400 1028 4440; x_wconf 86' lang='lat' dir='ltr'><strong>xv</strong></span> <span class='ocrx_word' id='word_1_584' title='bbox 1052 4384 1211 4451; x_wconf 89' lang='lat' dir='ltr'><strong>libro,</strong></span> <span class='ocrx_word' id='word_1_585' title='bbox 1244 4400 1354 4455; x_wconf 92' lang='lat' dir='ltr'><strong>quo</strong></span> <span class='ocrx_word' id='word_1_586' title='bbox 1381 4385 1557 4455; x_wconf 89' lang='lat' dir='ltr'><strong>ipsum</strong></span> <span class='ocrx_word' id='word_1_587' title='bbox 1592 4393 1761 4441; x_wconf 91' lang='lat' dir='ltr'><strong>totum</strong></span> <span class='ocrx_word' id='word_1_588' title='bbox 1788 4401 1923 4457; x_wconf 89' lang='lat' dir='ltr'><strong>opus</strong></span> <span class='ocrx_word' id='word_1_589' title='bbox 1944 4386 2013 4443; x_wconf 86' lang='lat' dir='ltr'><strong>de</strong></span> 
     </span>
    </p>
   </div>
   <div class='ocr_carea' id='block_1_75' title="bbox 416 4475 2011 4545">
    <p class='ocr_par' dir='ltr' id='par_1_75' title="bbox 416 4475 2011 4545">
     <span class='ocr_line' id='line_1_75' title="bbox 416 4475 2011 4545; baseline 0.001 -13"><span class='ocrx_word' id='word_1_590' title='bbox 416 4477 786 4533; x_wconf 88' lang='lat' dir='ltr'><strong>lncarnatione</strong></span> <span class='ocrx_word' id='word_1_591' title='bbox 813 4475 1108 4543; x_wconf 88' lang='lat' dir='ltr'><strong>conclusit,</strong></span> <span class='ocrx_word' id='word_1_592' title='bbox 1138 4482 1417 4545; x_wconf 90' lang='lat' dir='ltr'><strong>utramque</strong></span> <span class='ocrx_word' id='word_1_593' title='bbox 1458 4486 1713 4531; x_wconf 87' lang='lat' dir='ltr'><strong>naturam</strong></span> <span class='ocrx_word' id='word_1_594' title='bbox 1750 4477 1805 4532; x_wconf 84' lang='lat' dir='ltr'><strong>in</strong></span> <span class='ocrx_word' id='word_1_595' title='bbox 1851 4478 2011 4535; x_wconf 86' lang='lat' dir='ltr'><strong>unius</strong></span> 
     </span>
    </p>
   </div>
   <div class='ocr_carea' id='block_1_76' title="bbox 417 4566 2013 4639">
    <p class='ocr_par' dir='ltr' id='par_1_76' title="bbox 417 4566 2013 4639">
     <span class='ocr_line' id='line_1_76' title="bbox 417 4566 2013 4639; baseline 0.001 -16"><span class='ocrx_word' id='word_1_596' title='bbox 417 4569 538 4623; x_wconf 83' lang='lat' dir='ltr'><strong>Filii</strong></span> <span class='ocrx_word' id='word_1_597' title='bbox 566 4582 847 4639; x_wconf 88' lang='lat' dir='ltr'><strong>personam</strong></span> <span class='ocrx_word' id='word_1_598' title='bbox 877 4567 1192 4623; x_wconf 81' lang='lat' dir='ltr'><strong>convenisse</strong></span> <span class='ocrx_word' id='word_1_599' title='bbox 1220 4566 1544 4634; x_wconf 78' lang='lat' dir='ltr'><strong>testificaris,</strong></span> <span class='ocrx_word' id='word_1_600' title='bbox 1574 4567 1650 4623; x_wconf 89' lang='lat' dir='ltr'><strong>ait</strong></span> <span class='ocrx_word' id='word_1_601' title='bbox 1676 4582 1693 4623; x_wconf 91' lang='lat'><strong>:</strong></span> <span class='ocrx_word' id='word_1_602' title='bbox 1731 4585 1751 4622; x_wconf 80' lang='grc' dir='ltr'><strong>ι</strong></span> <span class='ocrx_word' id='word_1_603' title='bbox 1785 4567 2013 4639; x_wconf 88' lang='lat' dir='ltr'><strong>Propter</strong></span> 
     </span>
    </p>
   </div>
   <div class='ocr_carea' id='block_1_77' title="bbox 414 4656 2009 4730">
    <p class='ocr_par' dir='ltr' id='par_1_77' title="bbox 414 4656 2009 4730">
     <span class='ocr_line' id='line_1_77' title="bbox 414 4656 2009 4730; baseline 0.003 -17"><span class='ocrx_word' id='word_1_604' title='bbox 414 4659 556 4727; x_wconf 90' lang='lat' dir='ltr'><strong>quod</strong></span> <span class='ocrx_word' id='word_1_605' title='bbox 598 4667 884 4728; x_wconf 90' lang='lat' dir='ltr'><strong>utrumque</strong></span> <span class='ocrx_word' id='word_1_606' title='bbox 926 4656 1070 4730; x_wconf 89' lang='lat' dir='ltr'><strong>juste</strong></span> <span class='ocrx_word' id='word_1_607' title='bbox 1100 4657 1270 4711; x_wconf 79' lang='lat' dir='ltr'><strong>Filius</strong></span> <span class='ocrx_word' id='word_1_608' title='bbox 1317 4664 1561 4723; x_wconf 83' lang='lat' dir='ltr'><strong>vocatur,</strong></span> <span class='ocrx_word' id='word_1_609' title='bbox 1612 4673 1718 4712; x_wconf 89' lang='lat' dir='ltr'><strong>una</strong></span> <span class='ocrx_word' id='word_1_610' title='bbox 1764 4668 2009 4718; x_wconf 80' lang='lat' dir='ltr'><strong>exstante</strong></span> 
     </span>
    </p>
   </div>
   <div class='ocr_carea' id='block_1_78' title="bbox 2119 3470 3702 3542">
    <p class='ocr_par' dir='ltr' id='par_1_78' title="bbox 2119 3470 3702 3542">
     <span class='ocr_line' id='line_1_78' title="bbox 2119 3470 3702 3542; baseline -0.004 -10"><span class='ocrx_word' id='word_1_611' title='bbox 2119 3498 2140 3532; x_wconf 85' lang='lat' dir='ltr'><strong>s</strong></span> <span class='ocrx_word' id='word_1_612' title='bbox 2175 3479 2376 3536; x_wconf 85' lang='lat' dir='ltr'><strong>Omnes</strong></span> <span class='ocrx_word' id='word_1_613' title='bbox 2406 3480 2550 3534; x_wconf 90' lang='lat' dir='ltr'><strong>enim</strong></span> <span class='ocrx_word' id='word_1_614' title='bbox 2573 3477 2744 3534; x_wconf 65' lang='lat' dir='ltr'><strong>Judaei</strong></span> <span class='ocrx_word' id='word_1_615' title='bbox 2767 3485 3049 3532; x_wconf 91' lang='lat' dir='ltr'><strong>venturum</strong></span> <span class='ocrx_word' id='word_1_616' title='bbox 3079 3472 3351 3530; x_wconf 89' lang='lat' dir='ltr'><strong>Christum</strong></span> <span class='ocrx_word' id='word_1_617' title='bbox 3384 3488 3445 3528; x_wconf 86' lang='lat' dir='ltr'><strong>ex</strong></span> <span class='ocrx_word' id='word_1_618' title='bbox 3471 3470 3702 3542; x_wconf 85' lang='lat' dir='ltr'><strong>prophe-</strong></span> 
     </span>
    </p>
   </div>
   <div class='ocr_carea' id='block_1_79' title="bbox 2113 3562 3703 3640">
    <p class='ocr_par' dir='ltr' id='par_1_79' title="bbox 2113 3562 3703 3640">
     <span class='ocr_line' id='line_1_79' title="bbox 2113 3562 3703 3640; baseline -0.008 -12"><span class='ocrx_word' id='word_1_619' title='bbox 2113 3572 2235 3629; x_wconf 87' lang='lat' dir='ltr'><strong>ticis</strong></span> <span class='ocrx_word' id='word_1_620' title='bbox 2277 3571 2498 3626; x_wconf 90' lang='lat' dir='ltr'><strong>vocibus</strong></span> <span class='ocrx_word' id='word_1_621' title='bbox 2540 3569 2944 3640; x_wconf 80' lang='lat' dir='ltr'><strong>exspectabant,</strong></span> <span class='ocrx_word' id='word_1_622' title='bbox 3002 3582 3258 3637; x_wconf 87' lang='lat' dir='ltr'><strong>magnum</strong></span> <span class='ocrx_word' id='word_1_623' title='bbox 3310 3562 3595 3635; x_wconf 85' lang='lat' dir='ltr'><strong>quemdam</strong></span> <span class='ocrx_word' id='word_1_624' title='bbox 3649 3571 3703 3617; x_wconf 88' lang='lat' dir='ltr'><strong>et</strong></span> 
     </span>
    </p>
   </div>
   <div class='ocr_carea' id='block_1_80' title="bbox 2112 3656 3703 3723">
    <p class='ocr_par' dir='ltr' id='par_1_80' title="bbox 2112 3656 3703 3723">
     <span class='ocr_line' id='line_1_80' title="bbox 2112 3656 3703 3723; baseline -0.008 -4"><span class='ocrx_word' id='word_1_625' title='bbox 2112 3664 2405 3719; x_wconf 90' lang='lat' dir='ltr'><strong>multorum</strong></span> <span class='ocrx_word' id='word_1_626' title='bbox 2435 3663 2697 3716; x_wconf 91' lang='lat' dir='ltr'><strong>bonorum</strong></span> <span class='ocrx_word' id='word_1_627' title='bbox 2741 3660 2821 3716; x_wconf 91' lang='lat' dir='ltr'><strong>eis</strong></span> <span class='ocrx_word' id='word_1_628' title='bbox 2860 3666 3133 3715; x_wconf 88' lang='lat' dir='ltr'><strong>auctorem</strong></span> <span class='ocrx_word' id='word_1_629' title='bbox 3166 3656 3427 3712; x_wconf 84' lang='lat' dir='ltr'><strong>futurum.</strong></span> <span class='ocrx_word' id='word_1_630' title='bbox 3461 3656 3703 3723; x_wconf 84' lang='lat' dir='ltr'><strong>Quapro-</strong></span> 
     </span>
    </p>
   </div>
   <div class='ocr_carea' id='block_1_81' title="bbox 2111 3746 3702 3827">
    <p class='ocr_par' dir='ltr' id='par_1_81' title="bbox 2111 3746 3702 3827">
     <span class='ocr_line' id='line_1_81' title="bbox 2111 3746 3702 3827; baseline -0.009 -16"><span class='ocrx_word' id='word_1_631' title='bbox 2111 3764 2232 3827; x_wconf 91' lang='lat' dir='ltr'><strong>pter</strong></span> <span class='ocrx_word' id='word_1_632' title='bbox 2253 3756 2619 3824; x_wconf 88' lang='lat' dir='ltr'><strong>interrogante</strong></span> <span class='ocrx_word' id='word_1_633' title='bbox 2651 3752 2865 3808; x_wconf 85' lang='lat' dir='ltr'><strong>Herode</strong></span> <span class='ocrx_word' id='word_1_634' title='bbox 2895 3758 3019 3821; x_wconf 89' lang='lat' dir='ltr'><strong>post</strong></span> <span class='ocrx_word' id='word_1_635' title='bbox 3044 3763 3323 3819; x_wconf 88' lang='lat' dir='ltr'><strong>magorum</strong></span> <span class='ocrx_word' id='word_1_636' title='bbox 3364 3746 3702 3817; x_wconf 66' lang='lat' dir='ltr'><strong>prmsentiam</strong></span> 
     </span>
    </p>
   </div>
   <div class='ocr_carea' id='block_1_82' title="bbox 2112 3843 3702 3910">
    <p class='ocr_par' dir='ltr' id='par_1_82' title="bbox 2112 3843 3702 3910">
     <span class='ocr_line' id='line_1_82' title="bbox 2112 3843 3702 3910; baseline -0.009 -6"><span class='ocrx_word' id='word_1_637' title='bbox 2112 3847 2330 3904; x_wconf 86' lang='lat' dir='ltr'><strong>Scribas</strong></span> <span class='ocrx_word' id='word_1_638' title='bbox 2358 3854 2413 3901; x_wconf 90' lang='lat' dir='ltr'><strong>et</strong></span> <span class='ocrx_word' id='word_1_639' title='bbox 2441 3845 2768 3910; x_wconf 69' lang='lat' dir='ltr'><strong>Pharismos,</strong></span> <span class='ocrx_word' id='word_1_640' title='bbox 2808 3843 2898 3899; x_wconf 89' lang='lat' dir='ltr'><strong>ubi</strong></span> <span class='ocrx_word' id='word_1_641' title='bbox 2941 3843 3186 3897; x_wconf 87' lang='lat' dir='ltr'><strong>Christus</strong></span> <span class='ocrx_word' id='word_1_642' title='bbox 3214 3847 3526 3895; x_wconf 87' lang='lat' dir='ltr'><strong>nasceretur</strong></span> <span class='ocrx_word' id='word_1_643' title='bbox 3548 3881 3562 3905; x_wconf 92' lang='lat'><strong>,</strong></span> <span class='ocrx_word' id='word_1_644' title='bbox 3616 3852 3702 3891; x_wconf 85' lang='lat' dir='ltr'><strong>re-</strong></span> 
     </span>
    </p>
   </div>
   <div class='ocr_carea' id='block_1_83' title="bbox 2113 3929 3704 4009">
    <p class='ocr_par' dir='ltr' id='par_1_83' title="bbox 2113 3929 3704 4009">
     <span class='ocr_line' id='line_1_83' title="bbox 2113 3929 3704 4009; baseline -0.009 -14"><span class='ocrx_word' id='word_1_645' title='bbox 2113 3937 2451 4009; x_wconf 81' lang='lat' dir='ltr'><strong>sponderunt</strong></span> <span class='ocrx_word' id='word_1_646' title='bbox 2479 3937 2579 4002; x_wconf 90' lang='lat' dir='ltr'><strong>illi,</strong></span> <span class='ocrx_word' id='word_1_647' title='bbox 2609 3944 2664 3992; x_wconf 91' lang='lat' dir='ltr'><strong>et</strong></span> <span class='ocrx_word' id='word_1_648' title='bbox 2694 3935 2869 3990; x_wconf 91' lang='lat' dir='ltr'><strong>locum</strong></span> <span class='ocrx_word' id='word_1_649' title='bbox 2898 3933 3165 3997; x_wconf 88' lang='lat' dir='ltr'><strong>dixerunt,</strong></span> <span class='ocrx_word' id='word_1_650' title='bbox 3200 3932 3323 4003; x_wconf 87' lang='lat' dir='ltr'><strong>quia</strong></span> <span class='ocrx_word' id='word_1_651' title='bbox 3347 3931 3398 3985; x_wconf 90' lang='lat' dir='ltr'><strong>in</strong></span> <span class='ocrx_word' id='word_1_652' title='bbox 3431 3929 3704 3985; x_wconf 85' lang='lat' dir='ltr'><strong>Bethleem</strong></span> 
     </span>
    </p>
   </div>
   <div class='ocr_carea' id='block_1_84' title="bbox 2113 4022 3703 4098">
    <p class='ocr_par' dir='ltr' id='par_1_84' title="bbox 2113 4022 3703 4098">
     <span class='ocr_line' id='line_1_84' title="bbox 2113 4022 3703 4098; baseline -0.006 -12"><span class='ocrx_word' id='word_1_653' title='bbox 2113 4029 2285 4086; x_wconf 66' lang='lat' dir='ltr'><strong>Iudae.</strong></span> <span class='ocrx_word' id='word_1_654' title='bbox 2340 4029 2448 4088; x_wconf 88' lang='lat' dir='ltr'><strong>Sed</strong></span> <span class='ocrx_word' id='word_1_655' title='bbox 2499 4043 2606 4084; x_wconf 92' lang='lat' dir='ltr'><strong>non</strong></span> <span class='ocrx_word' id='word_1_656' title='bbox 2672 4035 2959 4098; x_wconf 86' lang='lat' dir='ltr'><strong>propterea</strong></span> <span class='ocrx_word' id='word_1_657' title='bbox 3024 4025 3294 4080; x_wconf 81' lang='lat' dir='ltr'><strong>Christum</strong></span> <span class='ocrx_word' id='word_1_658' title='bbox 3363 4022 3553 4078; x_wconf 83' lang='lat' dir='ltr'><strong>Filiqu</strong></span> <span class='ocrx_word' id='word_1_659' title='bbox 3612 4022 3703 4077; x_wconf 85' lang='lat' dir='ltr'><strong>Dei</strong></span> 
     </span>
    </p>
   </div>
   <div class='ocr_carea' id='block_1_85' title="bbox 2112 4113 3712 4189">
    <p class='ocr_par' dir='ltr' id='par_1_85' title="bbox 2112 4113 3712 4189">
     <span class='ocr_line' id='line_1_85' title="bbox 2112 4113 3712 4189; baseline -0.008 -10"><span class='ocrx_word' id='word_1_660' title='bbox 2112 4120 2282 4180; x_wconf 86' lang='lat' dir='ltr'><strong>Deum</strong></span> <span class='ocrx_word' id='word_1_661' title='bbox 2329 4122 2610 4189; x_wconf 87' lang='lat' dir='ltr'><strong>sciebant,</strong></span> <span class='ocrx_word' id='word_1_662' title='bbox 2663 4121 2935 4176; x_wconf 83' lang='lat' dir='ltr'><strong>hominem</strong></span> <span class='ocrx_word' id='word_1_663' title='bbox 2992 4128 3169 4173; x_wconf 86' lang='lat' dir='ltr'><strong>autem</strong></span> <span class='ocrx_word' id='word_1_664' title='bbox 3222 4131 3412 4187; x_wconf 78' lang='lat' dir='ltr'><strong>purum</strong></span> <span class='ocrx_word' id='word_1_665' title='bbox 3467 4113 3712 4170; x_wconf 78' lang='lat' dir='ltr'><strong>arbitrati</strong></span> 
     </span>
    </p>
   </div>
   <div class='ocr_carea' id='block_1_86' title="bbox 2112 4204 3704 4279">
    <p class='ocr_par' dir='ltr' id='par_1_86' title="bbox 2112 4204 3704 4279">
     <span class='ocr_line' id='line_1_86' title="bbox 2112 4204 3704 4279; baseline -0.009 -8"><span class='ocrx_word' id='word_1_666' title='bbox 2112 4222 2238 4272; x_wconf 88' lang='lat' dir='ltr'><strong>sunt</strong></span> <span class='ocrx_word' id='word_1_667' title='bbox 2284 4213 2560 4269; x_wconf 87' lang='lat' dir='ltr'><strong>Christum</strong></span> <span class='ocrx_word' id='word_1_668' title='bbox 2619 4211 2915 4268; x_wconf 91' lang='lat' dir='ltr'><strong>secundum</strong></span> <span class='ocrx_word' id='word_1_669' title='bbox 2971 4208 3376 4279; x_wconf 86' lang='lat' dir='ltr'><strong>probatissimos</strong></span> <span class='ocrx_word' id='word_1_670' title='bbox 3412 4204 3704 4276; x_wconf 85' lang='lat' dir='ltr'><strong>propheta-</strong></span> 
     </span>
    </p>
   </div>
   <div class='ocr_carea' id='block_1_87' title="bbox 2112 4294 3706 4371">
    <p class='ocr_par' dir='ltr' id='par_1_87' title="bbox 2112 4294 3706 4371">
     <span class='ocr_line' id='line_1_87' title="bbox 2112 4294 3706 4371; baseline -0.009 -9"><span class='ocrx_word' id='word_1_671' title='bbox 2112 4321 2232 4363; x_wconf 83' lang='lat' dir='ltr'><strong>rum</strong></span> <span class='ocrx_word' id='word_1_672' title='bbox 2260 4305 2517 4369; x_wconf 82' lang='lat' dir='ltr'><strong>futurum,</strong></span> <span class='ocrx_word' id='word_1_673' title='bbox 2543 4303 2671 4359; x_wconf 88' lang='lat' dir='ltr'><strong>licet</strong></span> <span class='ocrx_word' id='word_1_674' title='bbox 2702 4317 2889 4371; x_wconf 89' lang='lat' dir='ltr'><strong>parum</strong></span> <span class='ocrx_word' id='word_1_675' title='bbox 2920 4299 3120 4371; x_wconf 89' lang='lat' dir='ltr'><strong>aliquid</strong></span> <span class='ocrx_word' id='word_1_676' title='bbox 3147 4298 3230 4353; x_wconf 89' lang='lat' dir='ltr'><strong>his</strong></span> <span class='ocrx_word' id='word_1_677' title='bbox 3253 4294 3706 4365; x_wconf 83' lang='lat' dir='ltr'><strong>tneliorem,quod</strong></span> 
     </span>
    </p>
   </div>
   <div class='ocr_carea' id='block_1_88' title="bbox 2114 4383 3708 4463">
    <p class='ocr_par' dir='ltr' id='par_1_88' title="bbox 2114 4383 3708 4463">
     <span class='ocr_line' id='line_1_88' title="bbox 2114 4383 3708 4463; baseline -0.009 -12"><span class='ocrx_word' id='word_1_678' title='bbox 2114 4396 2275 4452; x_wconf 89' lang='lat' dir='ltr'><strong>etiam</strong></span> <span class='ocrx_word' id='word_1_679' title='bbox 2304 4407 2449 4450; x_wconf 90' lang='lat' dir='ltr'><strong>nunc</strong></span> <span class='ocrx_word' id='word_1_680' title='bbox 2472 4400 2720 4463; x_wconf 90' lang='lat' dir='ltr'><strong>putantes</strong></span> <span class='ocrx_word' id='word_1_681' title='bbox 2747 4388 2966 4447; x_wconf 67' lang='lat' dir='ltr'><strong>Iudaeos</strong></span> <span class='ocrx_word' id='word_1_682' title='bbox 3011 4388 3240 4460; x_wconf 84' lang='lat' dir='ltr'><strong>quilibet</strong></span> <span class='ocrx_word' id='word_1_683' title='bbox 3283 4385 3515 4441; x_wconf 73' lang='lat' dir='ltr'><strong>videbit.</strong></span> <span class='ocrx_word' id='word_1_684' title='bbox 3540 4402 3559 4436; x_wconf 80' lang='grc' dir='ltr'><strong>ι</strong></span> <span class='ocrx_word' id='word_1_685' title='bbox 3588 4383 3708 4438; x_wconf 85' lang='lat' dir='ltr'><strong>Jus-</strong></span> 
     </span>
    </p>
   </div>
   <div class='ocr_carea' id='block_1_89' title="bbox 2113 4473 3708 4549">
    <p class='ocr_par' dir='ltr' id='par_1_89' title="bbox 2113 4473 3708 4549">
     <span class='ocr_line' id='line_1_89' title="bbox 2113 4473 3708 4549; baseline -0.009 -6"><span class='ocrx_word' id='word_1_686' title='bbox 2113 4494 2302 4542; x_wconf 88' lang='lat' dir='ltr'><strong>tumne</strong></span> <span class='ocrx_word' id='word_1_687' title='bbox 2352 4484 2569 4540; x_wconf 85' lang='lat' dir='ltr'><strong>videtur</strong></span> <span class='ocrx_word' id='word_1_688' title='bbox 2592 4482 2789 4549; x_wconf 89' lang='lat' dir='ltr'><strong>adhuc,</strong></span> <span class='ocrx_word' id='word_1_689' title='bbox 2825 4489 2884 4536; x_wconf 92' lang='lat' dir='ltr'><strong>ut</strong></span> <span class='ocrx_word' id='word_1_690' title='bbox 2912 4487 3097 4536; x_wconf 89' lang='lat' dir='ltr'><strong>sancta</strong></span> <span class='ocrx_word' id='word_1_691' title='bbox 3137 4486 3193 4534; x_wconf 89' lang='lat' dir='ltr'><strong>et</strong></span> <span class='ocrx_word' id='word_1_692' title='bbox 3235 4491 3426 4549; x_wconf 86' lang='lat' dir='ltr'><strong>magna</strong></span> <span class='ocrx_word' id='word_1_693' title='bbox 3465 4473 3708 4547; x_wconf 86' lang='lat' dir='ltr'><strong>synodus</strong></span> 
     </span>
    </p>
   </div>
   <div class='ocr_carea' id='block_1_90' title="bbox 2113 4566 3708 4650">
    <p class='ocr_par' dir='ltr' id='par_1_90' title="bbox 2113 4566 3708 4650">
     <span class='ocr_line' id='line_1_90' title="bbox 2113 4566 3708 4650; baseline -0.009 -15"><span class='ocrx_word' id='word_1_694' title='bbox 2113 4586 2392 4650; x_wconf 83' lang='lat' dir='ltr'><strong>arguatur,</strong></span> <span class='ocrx_word' id='word_1_695' title='bbox 2420 4575 2561 4647; x_wconf 87' lang='lat' dir='ltr'><strong>quod</strong></span> <span class='ocrx_word' id='word_1_696' title='bbox 2584 4588 2691 4630; x_wconf 90' lang='lat' dir='ltr'><strong>non</strong></span> <span class='ocrx_word' id='word_1_697' title='bbox 2711 4582 2766 4629; x_wconf 88' lang='lat' dir='ltr'><strong>et</strong></span> <span class='ocrx_word' id='word_1_698' title='bbox 2793 4572 2911 4643; x_wconf 90' lang='lat' dir='ltr'><strong>ipsa</strong></span> <span class='ocrx_word' id='word_1_699' title='bbox 2953 4568 3294 4627; x_wconf 85' lang='lat' dir='ltr'><strong>Theodorum</strong></span> <span class='ocrx_word' id='word_1_700' title='bbox 3329 4568 3491 4624; x_wconf 90' lang='lat' dir='ltr'><strong>simul</strong></span> <span class='ocrx_word' id='word_1_701' title='bbox 3529 4574 3586 4622; x_wconf 89' lang='lat' dir='ltr'><strong>et</strong></span> <span class='ocrx_word' id='word_1_702' title='bbox 3614 4566 3708 4622; x_wconf 81' lang='lat' dir='ltr'><strong>Ju-</strong></span> 
     </span>
    </p>
   </div>
   <div class='ocr_carea' id='block_1_91' title="bbox 2113 4660 3707 4732">
    <p class='ocr_par' dir='ltr' id='par_1_91' title="bbox 2113 4660 3707 4732">
     <span class='ocr_line' id='line_1_91' title="bbox 2113 4660 3707 4732; baseline -0.009 -7"><span class='ocrx_word' id='word_1_703' title='bbox 2113 4669 2283 4725; x_wconf 70' lang='lat' dir='ltr'><strong>daica:</strong></span> <span class='ocrx_word' id='word_1_704' title='bbox 2311 4664 2641 4722; x_wconf 82' lang='lat' dir='ltr'><strong>infidelitatis</strong></span> <span class='ocrx_word' id='word_1_705' title='bbox 2670 4672 2726 4720; x_wconf 92' lang='lat' dir='ltr'><strong>et</strong></span> <span class='ocrx_word' id='word_1_706' title='bbox 2765 4661 3076 4719; x_wconf 65' lang='lat' dir='ltr'><strong>Manichatae</strong></span> <span class='ocrx_word' id='word_1_707' title='bbox 3116 4660 3284 4732; x_wconf 88' lang='lat' dir='ltr'><strong>pestis</strong></span> <span class='ocrx_word' id='word_1_708' title='bbox 3320 4667 3603 4731; x_wconf 90' lang='lat' dir='ltr'><strong>argueret,</strong></span> <span class='ocrx_word' id='word_1_709' title='bbox 3650 4667 3707 4712; x_wconf 90' lang='lat' dir='ltr'><strong>ut</strong></span> 
     </span>
    </p>
   </div>
   <div class='ocr_carea' id='block_1_92' title="bbox 416 4745 3706 4821">
    <p class='ocr_par' dir='ltr' id='par_1_92' title="bbox 416 4745 3706 4821">
     <span class='ocr_line' id='line_1_92' title="bbox 416 4745 3706 4821; baseline 0.001 -18"><span class='ocrx_word' id='word_1_710' title='bbox 416 4763 663 4819; x_wconf 89' lang='lat' dir='ltr'><strong>persona,</strong></span> <span class='ocrx_word' id='word_1_711' title='bbox 696 4762 855 4819; x_wconf 91' lang='lat' dir='ltr'><strong>quam</strong></span> <span class='ocrx_word' id='word_1_712' title='bbox 882 4747 1140 4803; x_wconf 88' lang='lat' dir='ltr'><strong>adunatio</strong></span> <span class='ocrx_word' id='word_1_713' title='bbox 1182 4755 1492 4802; x_wconf 90' lang='lat' dir='ltr'><strong>naturarum</strong></span> <span class='ocrx_word' id='word_1_714' title='bbox 1520 4745 1717 4803; x_wconf 80' lang='lat' dir='ltr'><strong>eﬂ&#39;ecit.</strong></span> <span class='ocrx_word' id='word_1_715' title='bbox 1751 4765 1771 4801; x_wconf 79' lang='grc' dir='ltr'><strong>ι</strong></span> <span class='ocrx_word' id='word_1_716' title='bbox 1798 4748 2000 4807; x_wconf 80' lang='lat' dir='ltr'><strong>Verum</strong></span> <span class='ocrx_word' id='word_1_717' title='bbox 2032 4745 2085 4806; x_wconf 90' lang='lat' dir='ltr'><strong>D</strong></span> <span class='ocrx_word' id='word_1_718' title='bbox 2108 4773 2231 4817; x_wconf 76' lang='lat' dir='ltr'><strong>eum</strong></span> <span class='ocrx_word' id='word_1_719' title='bbox 2276 4768 2331 4815; x_wconf 76' lang='lat' dir='ltr'><strong>et</strong></span> <span class='ocrx_word' id='word_1_720' title='bbox 2375 4770 2498 4813; x_wconf 85' lang='lat' dir='ltr'><strong>cum</strong></span> <span class='ocrx_word' id='word_1_721' title='bbox 2549 4754 2749 4811; x_wconf 67' lang='lat' dir='ltr'><strong>Judaeis</strong></span> <span class='ocrx_word' id='word_1_722' title='bbox 2794 4752 3200 4817; x_wconf 89' lang='lat' dir='ltr'><strong>condemnaret,</strong></span> <span class='ocrx_word' id='word_1_723' title='bbox 3255 4751 3406 4821; x_wconf 84' lang='lat' dir='ltr'><strong>quasi</strong></span> <span class='ocrx_word' id='word_1_724' title='bbox 3436 4749 3706 4803; x_wconf 84' lang='lat' dir='ltr'><strong>hominem</strong></span> 
     </span>
    </p>
   </div>
   <div class='ocr_carea' id='block_1_93' title="bbox 413 4841 2007 4912">
    <p class='ocr_par' dir='ltr' id='par_1_93' title="bbox 413 4841 2007 4912">
     <span class='ocr_line' id='line_1_93' title="bbox 413 4841 2007 4912; baseline 0.004 -16"><span class='ocrx_word' id='word_1_725' title='bbox 413 4856 515 4912; x_wconf 88' lang='lat' dir='ltr'><strong>ego</strong></span> <span class='ocrx_word' id='word_1_726' title='bbox 546 4842 596 4896; x_wconf 93' lang='lat' dir='ltr'><strong>in</strong></span> <span class='ocrx_word' id='word_1_727' title='bbox 626 4842 729 4897; x_wconf 91' lang='lat' dir='ltr'><strong>hoc</strong></span> <span class='ocrx_word' id='word_1_728' title='bbox 770 4842 887 4911; x_wconf 88' lang='lat' dir='ltr'><strong>ejus</strong></span> <span class='ocrx_word' id='word_1_729' title='bbox 916 4856 1079 4910; x_wconf 89' lang='lat' dir='ltr'><strong>opere</strong></span> <span class='ocrx_word' id='word_1_730' title='bbox 1105 4841 1173 4897; x_wconf 88' lang='lat' dir='ltr'><strong>de</strong></span> <span class='ocrx_word' id='word_1_731' title='bbox 1203 4841 1577 4899; x_wconf 87' lang='lat' dir='ltr'><strong>lncarnatione</strong></span> <span class='ocrx_word' id='word_1_732' title='bbox 1604 4842 1807 4900; x_wconf 87' lang='lat' dir='ltr'><strong>diutius</strong></span> <span class='ocrx_word' id='word_1_733' title='bbox 1830 4860 2007 4902; x_wconf 88' lang='lat' dir='ltr'><strong>mora-</strong></span> 
     </span>
    </p>
   </div>
   <div class='ocr_carea' id='block_1_94' title="bbox 414 4931 2007 5008">
    <p class='ocr_par' dir='ltr' id='par_1_94' title="bbox 414 4931 2007 5008">
     <span class='ocr_line' id='line_1_94' title="bbox 414 4931 2007 5008; baseline 0.008 -24"><span class='ocrx_word' id='word_1_734' title='bbox 414 4939 501 4986; x_wconf 91' lang='lat' dir='ltr'><strong>tus</strong></span> <span class='ocrx_word' id='word_1_735' title='bbox 530 4945 681 4997; x_wconf 91' lang='lat' dir='ltr'><strong>sum,</strong></span> <span class='ocrx_word' id='word_1_736' title='bbox 712 4945 871 5000; x_wconf 89' lang='lat' dir='ltr'><strong>quam</strong></span> <span class='ocrx_word' id='word_1_737' title='bbox 911 4931 1032 4987; x_wconf 86' lang='lat' dir='ltr'><strong>lidei</strong></span> <span class='ocrx_word' id='word_1_738' title='bbox 1074 4940 1130 4989; x_wconf 92' lang='lat' dir='ltr'><strong>et</strong></span> <span class='ocrx_word' id='word_1_739' title='bbox 1169 4933 1397 5001; x_wconf 88' lang='lat' dir='ltr'><strong>rationi,</strong></span> <span class='ocrx_word' id='word_1_740' title='bbox 1439 4948 1503 4989; x_wconf 87' lang='lat' dir='ltr'><strong>ac</strong></span> <span class='ocrx_word' id='word_1_741' title='bbox 1533 4935 1583 4991; x_wconf 90' lang='lat' dir='ltr'><strong>si</strong></span> <span class='ocrx_word' id='word_1_742' title='bbox 1633 4950 1740 4991; x_wconf 93' lang='lat' dir='ltr'><strong>non</strong></span> <span class='ocrx_word' id='word_1_743' title='bbox 1782 4937 2007 5008; x_wconf 86' lang='lat' dir='ltr'><strong>diutius,</strong></span> 
     </span>
    </p>
   </div>
   <div class='ocr_carea' id='block_1_95' title="bbox 412 5019 2006 5094">
    <p class='ocr_par' dir='ltr' id='par_1_95' title="bbox 412 5019 2006 5094">
     <span class='ocr_line' id='line_1_95' title="bbox 412 5019 2006 5094; baseline 0.006 -19"><span class='ocrx_word' id='word_1_744' title='bbox 412 5034 572 5092; x_wconf 89' lang='lat' dir='ltr'><strong>quam</strong></span> <span class='ocrx_word' id='word_1_745' title='bbox 610 5030 800 5075; x_wconf 87' lang='lat' dir='ltr'><strong>contra</strong></span> <span class='ocrx_word' id='word_1_746' title='bbox 828 5019 1122 5076; x_wconf 88' lang='lat' dir='ltr'><strong>calumnias</strong></span> <span class='ocrx_word' id='word_1_747' title='bbox 1162 5036 1225 5077; x_wconf 86' lang='lat' dir='ltr'><strong>ac</strong></span> <span class='ocrx_word' id='word_1_748' title='bbox 1252 5023 1602 5094; x_wconf 85' lang='lat' dir='ltr'><strong>pertinaciam</strong></span> <span class='ocrx_word' id='word_1_749' title='bbox 1641 5030 2006 5086; x_wconf 87' lang='lat' dir='ltr'><strong>necessarium</strong></span> 
     </span>
    </p>
   </div>
   <div class='ocr_carea' id='block_1_96' title="bbox 483 5157 2013 5242">
    <p class='ocr_par' dir='ltr' id='par_1_96' title="bbox 483 5157 2013 5242">
     <span class='ocr_line' id='line_1_96' title="bbox 483 5157 2013 5242; baseline 0.017 -45"><span class='ocrx_word' id='word_1_750' title='bbox 483 5168 508 5197; x_wconf 69' lang='grc' dir='ltr'>α</span> <span class='ocrx_word' id='word_1_751' title='bbox 538 5161 655 5242; x_wconf 62' lang='grc' dir='ltr'><strong>Περὲ</strong></span> <span class='ocrx_word' id='word_1_752' title='bbox 684 5160 1126 5242; x_wconf 57' lang='grc' dir='ltr'><strong>ἐνοξνθρωτςήρεωξ.</strong></span> <span class='ocrx_word' id='word_1_753' title='bbox 1161 5157 1402 5242; x_wconf 80' lang='lat' dir='ltr'><strong>Edictum</strong></span> <span class='ocrx_word' id='word_1_754' title='bbox 1434 5160 1740 5242; x_wconf 57' lang='lat' dir='ltr'><strong>iustiniani,</strong></span> <span class='ocrx_word' id='word_1_755' title='bbox 1767 5165 2013 5242; x_wconf 66' lang='grc' dir='ltr'><strong>Θεᾳδῶρῳ</strong></span> 
     </span>
    </p>
   </div>
   <div class='ocr_carea' id='block_1_97' title="bbox 412 5227 2013 5310">
    <p class='ocr_par' dir='ltr' id='par_1_97' title="bbox 412 5227 2013 5310">
     <span class='ocr_line' id='line_1_97' title="bbox 412 5227 2013 5310; baseline 0.006 -28"><span class='ocrx_word' id='word_1_756' title='bbox 412 5227 673 5310; x_wconf 39' lang='lat' dir='ltr'><strong>aboleri}?</strong></span> <span class='ocrx_word' id='word_1_757' title='bbox 690 5236 797 5310; x_wconf 70' lang='grc' dir='ltr'>τοζς</span> <span class='ocrx_word' id='word_1_758' title='bbox 810 5227 960 5310; x_wconf 30' lang='lat' dir='ltr'><strong>nit-api</strong></span> <span class='ocrx_word' id='word_1_759' title='bbox 969 5230 1384 5310; x_wconf 44' lang='grc' dir='ltr'><strong>ξνανθρωπ-ῃξσεως</strong></span> <span class='ocrx_word' id='word_1_760' title='bbox 1399 5234 1552 5310; x_wconf 49' lang='lat' dir='ltr'><strong>«tiro?</strong></span> <span class='ocrx_word' id='word_1_761' title='bbox 1577 5232 1830 5308; x_wconf 77' lang='grc' dir='ltr'><strong>διαφόροις</strong></span> 
     </span>
    </p>
   </div>
   <div class='ocr_carea' id='block_1_98' title="bbox 412 5298 2007 5374">
    <p class='ocr_par' dir='ltr' id='par_1_98' title="bbox 412 5298 2007 5374">
     <span class='ocr_line' id='line_1_98' title="bbox 412 5298 2007 5374; baseline -0.003 -20"><span class='ocrx_word' id='word_1_762' title='bbox 412 5298 615 5374; x_wconf 46' lang='lat' dir='ltr'><strong>eluserit:</strong></span> <span class='ocrx_word' id='word_1_763' title='bbox 642 5298 910 5374; x_wconf 53' lang='grc' dir='ltr'><strong>ἔκτξθιῑῖσιξΔ</strong></span> <span class='ocrx_word' id='word_1_764' title='bbox 929 5300 1019 5353; x_wconf 91' lang='lat' dir='ltr'><strong>Sic</strong></span> <span class='ocrx_word' id='word_1_765' title='bbox 1040 5298 1199 5374; x_wconf 77' lang='lat' dir='ltr'><strong>enim</strong></span> <span class='ocrx_word' id='word_1_766' title='bbox 1216 5298 1386 5355; x_wconf 69' lang='lat' dir='ltr'><strong>Gratci</strong></span> <span class='ocrx_word' id='word_1_767' title='bbox 1424 5303 1493 5356; x_wconf 88' lang='lat' dir='ltr'><strong>dc</strong></span> <span class='ocrx_word' id='word_1_768' title='bbox 1531 5298 1923 5374; x_wconf 64' lang='lat' dir='ltr'><strong>hocinysterio&#39;</strong></span> <span class='ocrx_word' id='word_1_769' title='bbox 1952 5298 2007 5363; x_wconf 47' lang='lat' dir='ltr'><strong>li&#39;.</strong></span> 
     </span>
    </p>
   </div>
   <div class='ocr_carea' id='block_1_99' title="bbox 416 5369 2008 5439">
    <p class='ocr_par' dir='ltr' id='par_1_99' title="bbox 416 5369 2008 5439">
     <span class='ocr_line' id='line_1_99' title="bbox 416 5369 2008 5439; baseline 0.005 -15"><span class='ocrx_word' id='word_1_770' title='bbox 416 5370 544 5424; x_wconf 88' lang='lat' dir='ltr'><strong>hros</strong></span> <span class='ocrx_word' id='word_1_771' title='bbox 580 5385 709 5424; x_wconf 85' lang='lat' dir='ltr'><strong>suos</strong></span> <span class='ocrx_word' id='word_1_772' title='bbox 733 5370 1029 5424; x_wconf 81' lang='lat' dir='ltr'><strong>inscribere</strong></span> <span class='ocrx_word' id='word_1_773' title='bbox 1068 5369 1345 5436; x_wconf 85' lang='lat' dir='ltr'><strong>solebant,</strong></span> <span class='ocrx_word' id='word_1_774' title='bbox 1375 5386 1509 5439; x_wconf 90' lang='lat' dir='ltr'><strong>quos</strong></span> <span class='ocrx_word' id='word_1_775' title='bbox 1539 5369 1801 5429; x_wconf 45' lang='lat' dir='ltr'><strong>Latiui‘de</strong></span> <span class='ocrx_word' id='word_1_776' title='bbox 1830 5375 2008 5432; x_wconf 88' lang='lat' dir='ltr'><strong>lncar-</strong></span> 
     </span>
    </p>
   </div>
   <div class='ocr_carea' id='block_1_100' title="bbox 415 5440 2007 5512">
    <p class='ocr_par' dir='ltr' id='par_1_100' title="bbox 415 5440 2007 5512">
     <span class='ocr_line' id='line_1_100' title="bbox 415 5440 2007 5512; baseline 0.006 -19"><span class='ocrx_word' id='word_1_777' title='bbox 415 5443 635 5494; x_wconf 83' lang='lat' dir='ltr'><strong>natione</strong></span> <span class='ocrx_word' id='word_1_778' title='bbox 657 5441 1054 5512; x_wconf 76' lang='lat' dir='ltr'><strong>appellabant:</strong></span> <span class='ocrx_word' id='word_1_779' title='bbox 1083 5450 1143 5494; x_wconf 86' lang='lat' dir='ltr'><strong>ut</strong></span> <span class='ocrx_word' id='word_1_780' title='bbox 1177 5440 1537 5508; x_wconf 83' lang='lat' dir='ltr'><strong>Athanasius,</strong></span> <span class='ocrx_word' id='word_1_781' title='bbox 1576 5443 1729 5512; x_wconf 90' lang='lat' dir='ltr'><strong>cujus</strong></span> <span class='ocrx_word' id='word_1_782' title='bbox 1769 5447 1942 5501; x_wconf 89' lang='lat' dir='ltr'><strong>oratio</strong></span> <span class='ocrx_word' id='word_1_783' title='bbox 1971 5447 2007 5502; x_wconf 82' lang='grc'>2</span> 
     </span>
    </p>
   </div>
   <div class='ocr_carea' id='block_1_101' title="bbox 415 5510 2000 5589">
    <p class='ocr_par' dir='ltr' id='par_1_101' title="bbox 415 5510 2000 5589">
     <span class='ocr_line' id='line_1_101' title="bbox 415 5510 2000 5589; baseline 0.001 -26"><span class='ocrx_word' id='word_1_784' title='bbox 415 5514 622 5589; x_wconf 70' lang='lat' dir='ltr'><strong>titulum</strong></span> <span class='ocrx_word' id='word_1_785' title='bbox 655 5510 830 5575; x_wconf 85' lang='lat' dir='ltr'><strong>habet,</strong></span> <span class='ocrx_word' id='word_1_786' title='bbox 862 5512 1533 5589; x_wconf 47' lang='lat' dir='ltr'><strong>pepigitque-exubpmrrio’em;</strong></span> <span class='ocrx_word' id='word_1_787' title='bbox 1556 5510 1795 5589; x_wconf 58' lang='grc' dir='ltr'><strong>τρῦβεοῇ</strong></span> <span class='ocrx_word' id='word_1_788' title='bbox 1816 5517 2000 5589; x_wconf 66' lang='grc' dir='ltr'><strong>Λόγου·</strong></span> 
     </span>
    </p>
   </div>
   <div class='ocr_carea' id='block_1_102' title="bbox 414 5582 1998 5660">
    <p class='ocr_par' dir='ltr' id='par_1_102' title="bbox 414 5582 1998 5660">
     <span class='ocr_line' id='line_1_102' title="bbox 414 5582 1998 5660; baseline 0.004 -26"><span class='ocrx_word' id='word_1_789' title='bbox 414 5582 935 5660; x_wconf 36' lang='grc' dir='ltr'><strong>(ξωρθιιιαυθΑιιιο-ᾳσ</strong></span> <span class='ocrx_word' id='word_1_790' title='bbox 975 5582 1311 5660; x_wconf 45' lang='lat' dir='ltr'><strong>Cyrillusct</strong></span> <span class='ocrx_word' id='word_1_791' title='bbox 1354 5583 1443 5635; x_wconf 85' lang='lat' dir='ltr'><strong>alii</strong></span> <span class='ocrx_word' id='word_1_792' title='bbox 1493 5583 1801 5660; x_wconf 79' lang='lat' dir='ltr'><strong>orthodoxi.</strong></span> <span class='ocrx_word' id='word_1_793' title='bbox 1868 5582 1998 5660; x_wconf 49' lang='lat' dir='ltr'><strong>tiam</strong></span> 
     </span>
    </p>
   </div>
   <div class='ocr_carea' id='block_1_103' title="bbox 415 5650 1999 5717">
    <p class='ocr_par' dir='ltr' id='par_1_103' title="bbox 415 5650 1999 5717">
     <span class='ocr_line' id='line_1_103' title="bbox 415 5650 1999 5717; baseline 0.007 -14"><span class='ocrx_word' id='word_1_794' title='bbox 415 5651 599 5703; x_wconf 83' lang='lat' dir='ltr'><strong>Ariani</strong></span> <span class='ocrx_word' id='word_1_795' title='bbox 636 5660 692 5705; x_wconf 88' lang='lat' dir='ltr'><strong>et</strong></span> <span class='ocrx_word' id='word_1_796' title='bbox 720 5650 1113 5717; x_wconf 68' lang='lat' dir='ltr'><strong>Apolinaristte,</strong></span> <span class='ocrx_word' id='word_1_797' title='bbox 1146 5652 1266 5717; x_wconf 87' lang='lat' dir='ltr'><strong>quia</strong></span> <span class='ocrx_word' id='word_1_798' title='bbox 1298 5661 1467 5706; x_wconf 91' lang='lat' dir='ltr'><strong>totum</strong></span> <span class='ocrx_word' id='word_1_799' title='bbox 1491 5652 1762 5708; x_wconf 85' lang='lat' dir='ltr'><strong>hominem</strong></span> <span class='ocrx_word' id='word_1_800' title='bbox 1807 5669 1839 5709; x_wconf 88' lang='lat' dir='ltr'><strong>a</strong></span> <span class='ocrx_word' id='word_1_801' title='bbox 1868 5657 1999 5714; x_wconf 83' lang='lat' dir='ltr'><strong>Ver-</strong></span> 
     </span>
    </p>
   </div>
   <div class='ocr_carea' id='block_1_104' title="bbox 415 5720 1997 5799">
    <p class='ocr_par' dir='ltr' id='par_1_104' title="bbox 415 5720 1997 5799">
     <span class='ocr_line' id='line_1_104' title="bbox 415 5720 1997 5799; baseline 0.004 -23"><span class='ocrx_word' id='word_1_802' title='bbox 415 5720 484 5776; x_wconf 87' lang='lat' dir='ltr'><strong>bo</strong></span> <span class='ocrx_word' id='word_1_803' title='bbox 512 5728 819 5790; x_wconf 88' lang='lat' dir='ltr'><strong>susceptum</strong></span> <span class='ocrx_word' id='word_1_804' title='bbox 847 5723 1132 5790; x_wconf 88' lang='lat' dir='ltr'><strong>negabant,</strong></span> <span class='ocrx_word' id='word_1_805' title='bbox 1156 5724 1573 5799; x_wconf 72' lang='grc' dir='ltr'><strong>ἐνανθρωπήσεως</strong></span> <span class='ocrx_word' id='word_1_806' title='bbox 1612 5724 1821 5781; x_wconf 88' lang='lat' dir='ltr'><strong>titulum</strong></span> <span class='ocrx_word' id='word_1_807' title='bbox 1858 5730 1997 5785; x_wconf 78' lang='lat' dir='ltr'><strong>refu—</strong></span> 
     </span>
    </p>
   </div>
   <div class='ocr_carea' id='block_1_105' title="bbox 432 5850 1305 5927">
    <p class='ocr_par' dir='ltr' id='par_1_105' title="bbox 432 5850 1305 5927">
     <span class='ocr_line' id='line_1_105' title="bbox 432 5850 1305 5927; baseline 0.007 -15"><span class='ocrx_word' id='word_1_808' title='bbox 432 5850 433 5853; x_wconf 33' lang='grc'><em>“</em></span> <span class='ocrx_word' id='word_1_809' title='bbox 486 5861 505 5893; x_wconf 83' lang='grc' dir='ltr'>ί</span> <span class='ocrx_word' id='word_1_810' title='bbox 531 5858 668 5915; x_wconf 75' lang='lat' dir='ltr'><strong>Cod.</strong></span> <span class='ocrx_word' id='word_1_811' title='bbox 702 5859 922 5923; x_wconf 81' lang='lat' dir='ltr'><strong>Veron.,</strong></span> <span class='ocrx_word' id='word_1_812' title='bbox 956 5862 1305 5927; x_wconf 83' lang='lat' dir='ltr'><strong>coapostolus.</strong></span> 
     </span>
    </p>
   </div>
   <div class='ocr_carea' id='block_1_106' title="bbox 484 5931 1149 6001">
    <p class='ocr_par' dir='ltr' id='par_1_106' title="bbox 484 5931 1149 6001">
     <span class='ocr_line' id='line_1_106' title="bbox 484 5931 1149 6001; baseline 0.002 -16"><span class='ocrx_word' id='word_1_813' title='bbox 484 5932 506 5964; x_wconf 82' lang='grc'><strong><em>⁸</em></strong></span> <span class='ocrx_word' id='word_1_814' title='bbox 535 5931 678 5988; x_wconf 80' lang='lat' dir='ltr'><strong>Idem</strong></span> <span class='ocrx_word' id='word_1_815' title='bbox 708 5934 852 6001; x_wconf 87' lang='lat' dir='ltr'><strong>cod.,</strong></span> <span class='ocrx_word' id='word_1_816' title='bbox 883 5931 1149 5987; x_wconf 79' lang='lat' dir='ltr'><strong>Christus?</strong></span> 
     </span>
    </p>
   </div>
   <div class='ocr_carea' id='block_1_107' title="bbox 2111 4837 3705 4909">
    <p class='ocr_par' dir='ltr' id='par_1_107' title="bbox 2111 4837 3705 4909">
     <span class='ocr_line' id='line_1_107' title="bbox 2111 4837 3705 4909; baseline -0.008 -5"><span class='ocrx_word' id='word_1_817' title='bbox 2111 4857 2318 4905; x_wconf 77' lang='lat' dir='ltr'><strong>tantum</strong></span> <span class='ocrx_word' id='word_1_818' title='bbox 2378 4844 2674 4901; x_wconf 86' lang='lat' dir='ltr'><strong>crediderit</strong></span> <span class='ocrx_word' id='word_1_819' title='bbox 2720 4843 3026 4909; x_wconf 88' lang='lat' dir='ltr'><strong>Christum;</strong></span> <span class='ocrx_word' id='word_1_820' title='bbox 3082 4849 3139 4896; x_wconf 90' lang='lat' dir='ltr'><strong>et</strong></span> <span class='ocrx_word' id='word_1_821' title='bbox 3184 4856 3307 4896; x_wconf 90' lang='lat' dir='ltr'><strong>cum</strong></span> <span class='ocrx_word' id='word_1_822' title='bbox 3358 4837 3705 4902; x_wconf 69' lang='lat' dir='ltr'><strong>Manichaeis,</strong></span> 
     </span>
    </p>
   </div>
   <div class='ocr_carea' id='block_1_108' title="bbox 2111 4933 3705 5015">
    <p class='ocr_par' dir='ltr' id='par_1_108' title="bbox 2111 4933 3705 5015">
     <span class='ocr_line' id='line_1_108' title="bbox 2111 4933 3705 5015; baseline -0.009 -14"><span class='ocrx_word' id='word_1_823' title='bbox 2111 4943 2265 5015; x_wconf 80' lang='lat' dir='ltr'><strong>quasi</strong></span> <span class='ocrx_word' id='word_1_824' title='bbox 2306 4958 2416 4998; x_wconf 88' lang='lat' dir='ltr'><strong>non</strong></span> <span class='ocrx_word' id='word_1_825' title='bbox 2462 4940 2734 5010; x_wconf 89' lang='lat' dir='ltr'><strong>acceperit</strong></span> <span class='ocrx_word' id='word_1_826' title='bbox 2780 4937 3071 5008; x_wconf 80' lang='lat' dir='ltr'><strong>prophetas</strong></span> <span class='ocrx_word' id='word_1_827' title='bbox 3115 4935 3185 4991; x_wconf 91' lang='lat' dir='ltr'><strong>de</strong></span> <span class='ocrx_word' id='word_1_828' title='bbox 3219 4933 3433 4990; x_wconf 80' lang='lat' dir='ltr'><strong>Christo</strong></span> <span class='ocrx_word' id='word_1_829' title='bbox 3457 4933 3705 4987; x_wconf 78' lang='lat' dir='ltr'><strong>locutos?</strong></span> 
     </span>
    </p>
   </div>
   <div class='ocr_carea' id='block_1_109' title="bbox 2112 5022 3705 5103">
    <p class='ocr_par' dir='ltr' id='par_1_109' title="bbox 2112 5022 3705 5103">
     <span class='ocr_line' id='line_1_109' title="bbox 2112 5022 3705 5103; baseline -0.009 -10"><span class='ocrx_word' id='word_1_830' title='bbox 2112 5050 2235 5093; x_wconf 81' lang='lat' dir='ltr'><strong>eum</strong></span> <span class='ocrx_word' id='word_1_831' title='bbox 2263 5042 2319 5091; x_wconf 88' lang='lat' dir='ltr'><strong>et</strong></span> <span class='ocrx_word' id='word_1_832' title='bbox 2343 5033 2466 5090; x_wconf 88' lang='lat' dir='ltr'><strong>illos</strong></span> <span class='ocrx_word' id='word_1_833' title='bbox 2491 5037 2700 5103; x_wconf 74' lang='lat' dir='ltr'><strong>arguat,</strong></span> <span class='ocrx_word' id='word_1_834' title='bbox 2724 5029 2866 5099; x_wconf 87' lang='lat' dir='ltr'><strong>quod</strong></span> <span class='ocrx_word' id='word_1_835' title='bbox 2895 5028 3018 5083; x_wconf 84' lang='lat' dir='ltr'><strong>licet</strong></span> <span class='ocrx_word' id='word_1_836' title='bbox 3044 5024 3440 5096; x_wconf 84' lang='lat' dir='ltr'><strong>probatissimis</strong></span> <span class='ocrx_word' id='word_1_837' title='bbox 3468 5022 3705 5095; x_wconf 85' lang='lat' dir='ltr'><strong>prophe-</strong></span> 
     </span>
    </p>
   </div>
   <div class='ocr_carea' id='block_1_110' title="bbox 2114 5160 3706 5241">
    <p class='ocr_par' dir='ltr' id='par_1_110' title="bbox 2114 5160 3706 5241">
     <span class='ocr_line' id='line_1_110' title="bbox 2114 5160 3706 5241; baseline -0.003 -19"><span class='ocrx_word' id='word_1_838' title='bbox 2114 5166 2555 5241; x_wconf 81' lang='lat' dir='ltr'><strong>gientes,_altero</strong></span> <span class='ocrx_word' id='word_1_839' title='bbox 2599 5168 2722 5241; x_wconf 65' lang='grc' dir='ltr'><strong>περί</strong></span> <span class='ocrx_word' id='word_1_840' title='bbox 2761 5165 3076 5241; x_wconf 57' lang='grc' dir='ltr'><strong>ςαρκώσςως</strong></span> <span class='ocrx_word' id='word_1_841' title='bbox 3100 5160 3434 5241; x_wconf 79' lang='lat' dir='ltr'><strong>_ut_ebantnr,</strong></span> <span class='ocrx_word' id='word_1_842' title='bbox 3479 5160 3706 5241; x_wconf 49' lang='lat' dir='ltr'><strong>utnEu-</strong></span> 
     </span>
    </p>
   </div>
   <div class='ocr_carea' id='block_1_111' title="bbox 2114 5232 3703 5304">
    <p class='ocr_par' dir='ltr' id='par_1_111' title="bbox 2114 5232 3703 5304">
     <span class='ocr_line' id='line_1_111' title="bbox 2114 5232 3703 5304; baseline -0.005 -9"><span class='ocrx_word' id='word_1_843' title='bbox 2114 5232 2953 5304; x_wconf 76' lang='lat' dir='ltr'><strong>doxinsConstantinopolitanus</strong></span> <span class='ocrx_word' id='word_1_844' title='bbox 2997 5235 3050 5287; x_wconf 90' lang='lat' dir='ltr'><strong>in</strong></span> <span class='ocrx_word' id='word_1_845' title='bbox 3099 5232 3296 5299; x_wconf 80' lang='lat' dir='ltr'><strong>Ecloge</strong></span> <span class='ocrx_word' id='word_1_846' title='bbox 3320 5232 3617 5304; x_wconf 75' lang='lat' dir='ltr'><strong>Anastasii,</strong></span> <span class='ocrx_word' id='word_1_847' title='bbox 3650 5242 3703 5287; x_wconf 86' lang='lat' dir='ltr'><strong>ct</strong></span> 
     </span>
    </p>
   </div>
   <div class='ocr_carea' id='block_1_112' title="bbox 2114 5302 3704 5381">
    <p class='ocr_par' dir='ltr' id='par_1_112' title="bbox 2114 5302 3704 5381">
     <span class='ocr_line' id='line_1_112' title="bbox 2114 5302 3704 5381; baseline -0.004 -17"><span class='ocrx_word' id='word_1_848' title='bbox 2114 5310 2634 5381; x_wconf 59' lang='lat' dir='ltr'><strong>Apolinariugipse,</strong></span> <span class='ocrx_word' id='word_1_849' title='bbox 2662 5302 2817 5374; x_wconf 82' lang='lat' dir='ltr'><strong>cujus</strong></span> <span class='ocrx_word' id='word_1_850' title='bbox 2838 5307 2956 5381; x_wconf 54' lang='lat' dir='ltr'><strong>napi</strong></span> <span class='ocrx_word' id='word_1_851' title='bbox 2979 5302 3534 5381; x_wconf 57' lang='lat' dir='ltr'><strong>aapxéiataic_loyi&#39;3¢ov</strong></span> <span class='ocrx_word' id='word_1_852' title='bbox 3558 5318 3704 5381; x_wconf 78' lang='lat' dir='ltr'><strong>cotu-</strong></span> 
     </span>
    </p>
   </div>
   <div class='ocr_carea' id='block_1_113' title="bbox 2112 5372 3713 5444">
    <p class='ocr_par' dir='ltr' id='par_1_113' title="bbox 2112 5372 3713 5444">
     <span class='ocr_line' id='line_1_113' title="bbox 2112 5372 3713 5444; baseline -0.007 -8"><span class='ocrx_word' id='word_1_853' title='bbox 2112 5372 2378 5436; x_wconf 72' lang='lat' dir='ltr'><strong>memorat</strong></span> <span class='ocrx_word' id='word_1_854' title='bbox 2430 5372 2805 5433; x_wconf 77' lang='lat' dir='ltr'><strong>Theodoretus</strong></span> <span class='ocrx_word' id='word_1_855' title='bbox 2852 5372 3067 5444; x_wconf 79' lang='lat' dir='ltr'><strong>dialogo</strong></span> <span class='ocrx_word' id='word_1_856' title='bbox 3118 5372 3170 5428; x_wconf 76' lang='grc'><strong>5.</strong></span> <span class='ocrx_word' id='word_1_857' title='bbox 3229 5372 3552 5444; x_wconf 16' lang='grc' dir='ltr'><strong>υεὶνῐειηθιι</strong></span> <span class='ocrx_word' id='word_1_858' title='bbox 3602 5375 3713 5426; x_wconf 75' lang='lat' dir='ltr'><strong>Iino</strong></span> 
     </span>
    </p>
   </div>
   <div class='ocr_carea' id='block_1_114' title="bbox 2111 5443 3715 5511">
    <p class='ocr_par' dir='ltr' id='par_1_114' title="bbox 2111 5443 3715 5511">
     <span class='ocr_line' id='line_1_114' title="bbox 2111 5443 3715 5511; baseline -0.004 -5"><span class='ocrx_word' id='word_1_859' title='bbox 2111 5453 2272 5506; x_wconf 89' lang='lat' dir='ltr'><strong>etiam</strong></span> <span class='ocrx_word' id='word_1_860' title='bbox 2301 5447 2568 5504; x_wconf 87' lang='lat' dir='ltr'><strong>interdum</strong></span> <span class='ocrx_word' id='word_1_861' title='bbox 2596 5446 2869 5511; x_wconf 89' lang='lat' dir='ltr'><strong>catholici,</strong></span> <span class='ocrx_word' id='word_1_862' title='bbox 2903 5454 2960 5500; x_wconf 92' lang='lat' dir='ltr'><strong>ut</strong></span> <span class='ocrx_word' id='word_1_863' title='bbox 2988 5443 3314 5500; x_wconf 79' lang='lat' dir='ltr'><strong>Athanasius</strong></span> <span class='ocrx_word' id='word_1_864' title='bbox 3338 5443 3481 5498; x_wconf 89' lang='lat' dir='ltr'><strong>idem</strong></span> <span class='ocrx_word' id='word_1_865' title='bbox 3510 5444 3563 5498; x_wconf 93' lang='lat' dir='ltr'><strong>in</strong></span> <span class='ocrx_word' id='word_1_866' title='bbox 3585 5444 3715 5501; x_wconf 81' lang='lat' dir='ltr'><strong>aliis</strong></span> 
     </span>
    </p>
   </div>
   <div class='ocr_carea' id='block_1_115' title="bbox 2109 5515 3701 5588">
    <p class='ocr_par' dir='ltr' id='par_1_115' title="bbox 2109 5515 3701 5588">
     <span class='ocr_line' id='line_1_115' title="bbox 2109 5515 3701 5588; baseline -0.007 -14"><span class='ocrx_word' id='word_1_867' title='bbox 2109 5520 2260 5576; x_wconf 90' lang='lat' dir='ltr'><strong>libris</strong></span> <span class='ocrx_word' id='word_1_868' title='bbox 2289 5537 2301 5573; x_wconf 88' lang='lat'><strong>:</strong></span> <span class='ocrx_word' id='word_1_869' title='bbox 2326 5519 2453 5588; x_wconf 89' lang='lat' dir='ltr'><strong>quin</strong></span> <span class='ocrx_word' id='word_1_870' title='bbox 2499 5528 2553 5572; x_wconf 90' lang='lat' dir='ltr'><strong>et</strong></span> <span class='ocrx_word' id='word_1_871' title='bbox 2590 5526 2778 5588; x_wconf 87' lang='lat' dir='ltr'><strong>contra</strong></span> <span class='ocrx_word' id='word_1_872' title='bbox 2808 5516 3173 5588; x_wconf 79' lang='lat' dir='ltr'><strong>Apolinarium</strong></span> <span class='ocrx_word' id='word_1_873' title='bbox 3216 5515 3457 5571; x_wconf 88' lang='lat' dir='ltr'><strong>scribens</strong></span> <span class='ocrx_word' id='word_1_874' title='bbox 3498 5524 3701 5570; x_wconf 80' lang='lat' dir='ltr'><strong>utram.</strong></span> 
     </span>
    </p>
   </div>
   <div class='ocr_carea' id='block_1_116' title="bbox 2110 5587 3707 5661">
    <p class='ocr_par' dir='ltr' id='par_1_116' title="bbox 2110 5587 3707 5661">
     <span class='ocr_line' id='line_1_116' title="bbox 2110 5587 3707 5661; baseline -0.003 -15"><span class='ocrx_word' id='word_1_875' title='bbox 2110 5606 2216 5661; x_wconf 90' lang='lat' dir='ltr'><strong>que</strong></span> <span class='ocrx_word' id='word_1_876' title='bbox 2237 5587 2425 5644; x_wconf 88' lang='lat' dir='ltr'><strong>vocem</strong></span> <span class='ocrx_word' id='word_1_877' title='bbox 2454 5601 2556 5643; x_wconf 91' lang='lat' dir='ltr'><strong>una</strong></span> <span class='ocrx_word' id='word_1_878' title='bbox 2585 5587 2885 5661; x_wconf 67' lang='lat' dir='ltr'><strong>conjunxit.</strong></span> <span class='ocrx_word' id='word_1_879' title='bbox 2912 5596 3197 5659; x_wconf 83' lang='grc' dir='ltr'><strong>Μανιχαῖος</strong></span> <span class='ocrx_word' id='word_1_880' title='bbox 3223 5628 3237 5650; x_wconf 85' lang='grc'><em>,</em></span> <span class='ocrx_word' id='word_1_881' title='bbox 3268 5588 3458 5655; x_wconf 84' lang='lat' dir='ltr'><strong>inquit,</strong></span> <span class='ocrx_word' id='word_1_882' title='bbox 3492 5588 3707 5661; x_wconf 60' lang='grc' dir='ltr'><strong>ἀπιστή-</strong></span> 
     </span>
    </p>
   </div>
   <div class='ocr_carea' id='block_1_117' title="bbox 2109 5659 3699 5747">
    <p class='ocr_par' dir='ltr' id='par_1_117' title="bbox 2109 5659 3699 5747">
     <span class='ocr_line' id='line_1_117' title="bbox 2109 5659 3699 5747; baseline 0.001 -32"><span class='ocrx_word' id='word_1_883' title='bbox 2109 5659 2225 5747; x_wconf 37' lang='grc' dir='ltr'><strong>ἄας’</strong></span> <span class='ocrx_word' id='word_1_884' title='bbox 2364 5664 2622 5743; x_wconf 46' lang='lat' dir='ltr'><strong>captabat:</strong></span> <span class='ocrx_word' id='word_1_885' title='bbox 2668 5662 2756 5714; x_wconf 79' lang='grc' dir='ltr'><strong>καὶ</strong></span> <span class='ocrx_word' id='word_1_886' title='bbox 2795 5659 3118 5731; x_wconf 77' lang='grc' dir='ltr'><strong>ἀνθρωπήσει</strong></span> <span class='ocrx_word' id='word_1_887' title='bbox 3148 5667 3238 5716; x_wconf 83' lang='grc' dir='ltr'><strong>τοῦ</strong></span> <span class='ocrx_word' id='word_1_888' title='bbox 3273 5660 3699 5737; x_wconf 46' lang='lat' dir='ltr'><strong>Eumachus-san:</strong></span> 
     </span>
    </p>
   </div>
   <div class='ocr_carea' id='block_1_118' title="bbox 2108 5749 2646 5803">
    <p class='ocr_par' dir='ltr' id='par_1_118' title="bbox 2108 5749 2646 5803">
     <span class='ocr_line' id='line_1_118' title="bbox 2108 5749 2646 5803; baseline -0.017 -13"><span class='ocrx_word' id='word_1_889' title='bbox 2108 5754 2235 5789; x_wconf 79' lang='grc' dir='ltr'><strong>κατα</strong></span> <span class='ocrx_word' id='word_1_890' title='bbox 2254 5751 2417 5787; x_wconf 83' lang='grc' dir='ltr'><em>παντα</em></span> <span class='ocrx_word' id='word_1_891' title='bbox 2434 5749 2646 5803; x_wconf 74' lang='grc' dir='ltr'><strong>γεγονιν.</strong></span> 
     </span>
    </p>
   </div>
   <div class='ocr_carea' id='block_1_119' title="bbox 2186 5867 2834 5933">
    <p class='ocr_par' dir='ltr' id='par_1_119' title="bbox 2186 5867 2834 5933">
     <span class='ocr_line' id='line_1_119' title="bbox 2186 5867 2834 5933; baseline -0.005 -9"><span class='ocrx_word' id='word_1_892' title='bbox 2186 5868 2205 5899; x_wconf 88' lang='grc'>³</span> <span class='ocrx_word' id='word_1_893' title='bbox 2237 5867 2381 5925; x_wconf 82' lang='lat' dir='ltr'><strong>Idem</strong></span> <span class='ocrx_word' id='word_1_894' title='bbox 2409 5868 2558 5933; x_wconf 90' lang='lat' dir='ltr'><strong>cod.,</strong></span> <span class='ocrx_word' id='word_1_895' title='bbox 2580 5868 2834 5922; x_wconf 74' lang='lat' dir='ltr'><strong>sentienti.</strong></span> 
     </span>
    </p>
   </div>
  </div>
