4094 6478
379 315 480 372 757

1275 312 1410 368 PRO
1449 308 1874 365 DEFENSIONE
1915 309 2138 368 TRIUM
2169 313 2477 370 CAPITUL.
2513 315 2641 370 LIB.
2686 314 2773 370 IX.

3466 350 3468 352 τ
3549 318 3653 371 758

379 443 576 498 corpus
625 442 789 483 unum
843 429 1114 483 hominem
1145 425 1363 492 faciunt,
1397 427 1469 480 ita
1507 441 1572 481 ex
1603 425 1880 480 divinitate
1909 433 1967 479 et
1991 427 2042 485 A
2070 429 2507 486 Chalcedonense
2535 432 2841 498 concilium,
2874 432 2917 487 si
2941 443 2993 488 et
3019 433 3183 502 ipsos,
3208 439 3396 488 utnon
3422 435 3653 502 amplius

378 519 710 574 humanitate
736 534 874 574 unus
910 528 993 573 est
1029 517 1276 573 Christus
1299 534 1314 571 :
1337 517 1479 587 quod
1519 518 1622 572 hoc
1650 517 1718 571 ab
1746 517 1830 573 eis
1859 530 1966 570 non

378 611 446 665 ad
478 619 708 676 naturae,
734 610 831 666 sed
857 610 926 665 ad
956 625 1198 679 pet-sonte
1230 607 1405 679 potius
1429 611 1688 664 unitatem
1727 608 1966 674 dicatur;

379 703 594 772 quando
621 703 782 757 etiam
813 701 1148 768 Theodorus,
1177 717 1335 772 quem
1385 702 1759 758 Nestorianum
1793 703 1971 756 crimi-

379 805 592 860 nantes,
647 809 845 864 negare
901 810 1005 851 non
1057 803 1286 865 possunt
1338 797 1392 850 in
1443 795 1650 850 duabus
1693 792 1971 849 Christum

380 888 705 957 praedicasse
731 886 956 952 naturis,
979 888 1079 943 hac
1099 897 1280 942 utatur
1293 886 1666 953 similitudine,
1683 901 1842 956 quam
1861 899 1975 941 suae

382 987 567 1048 putant
591 979 881 1034 dementiae
930 979 1242 1035 convenire.
1272 980 1512 1050 Apparet
1540 993 1668 1050 ergo
1716 977 1976 1049 sapienti-

382 1074 482 1129 bus
515 1072 966 1142 quemadmodum
1009 1076 1207 1129 veritas
1253 1073 1490 1140 undique
1533 1071 1810 1162 fugacibus
1839 1070 1976 1126 suis

381 1175 652 1233 occurrat,
686 1175 741 1221 et
765 1180 1190 1236 quaquaversum
1224 1165 1633 1233 declinaverint,
1682 1166 1738 1219 in
1782 1164 1974 1221 faciem

382 1257 482 1313 sibi
509 1271 625 1311 eam
668 1257 944 1313 inveniant
977 1259 1342 1312 resistentem.
1373 1255 1524 1312 Unde
1565 1256 1709 1311 enim
1751 1256 1831 1311 eis
1867 1271 1974 1310 non

383 1348 536 1402 obvia
561 1349 763 1415 veniat,
792 1363 929 1419 quos
950 1363 1015 1404 ex
1036 1363 1133 1402 sua
1153 1362 1367 1418 quoque
1393 1346 1730 1402 accusatione
1752 1346 1979 1402 confun-

381 1439 498 1494 dit?
527 1439 659 1494 Nam
681 1439 1008 1512 refugientes
1029 1441 1148 1511 ejus
1176 1440 1476 1496 doctrinam
1503 1453 1662 1509 quam
1694 1453 1790 1506 per
1815 1438 1980 1494 Chal-

383 1531 690 1587 cedonense
731 1532 1021 1588 concilium
1053 1531 1256 1596 docuit,
1297 1531 1429 1586 duas
1460 1531 1616 1584 unius
1647 1530 1739 1585 Dei
1779 1528 1978 1584 Christi

383 1636 506 1674 esse
532 1633 785 1688 naturas;
810 1622 924 1678 sive
953 1623 1125 1692 ipsum
1148 1665 1160 1685 ,
1191 1624 1306 1677 sive
1335 1621 1700 1687 Theodorum,
1723 1620 1877 1690 cujus
1905 1620 1978 1676 ibi

386 1715 569 1769 laudes
592 1717 831 1770 recitatae
883 1725 1028 1781 sunt,
1077 1715 1146 1770 de
1188 1714 1506 1774 Nestoriana
1550 1713 1744 1768 haeresi
1795 1713 1981 1769 crimi-

2070 523 2263 588 dicam,
2289 524 2360 578 ita
2384 524 2664 593 loquentes
2689 525 3034 592 pronuntiare
3057 527 3325 580 audebunt
3347 527 3654 582 hmreticos.

2070 614 2161 669 Sic
2189 622 2367 670 autem
2396 616 2749 685 loquebantur
2774 616 2824 670 in
2863 618 3100 672 Ecclesia
3138 616 3370 681 Christi.
3406 627 3654 688 tanquam

2071 705 2218 772 nulla
2244 705 2474 762 Nestorii
2520 709 2814 776 quaestione
2865 709 3183 764 sollicitante
3214 710 3408 774 securi,
3442 725 3546 765 non
3603 719 3658 764 ut

2074 803 2330 857 unitatem
2358 815 2599 870 persona:
2625 799 2824 856 Christi
2848 800 3185 868 dividerent,
3219 818 3375 871 quant
3405 811 3456 856 et
3483 803 3658 856 Theo-

2075 895 2238 950 dorus
2268 895 2678 964 inseparabilem
2711 895 3010 965 profitetur,
3044 907 3097 951 et
3129 896 3422 949 secundum
3457 895 3660 951 nullum

2073 987 2293 1042 modum
2321 986 2482 1041 incidi
2509 987 2799 1042 valentem.
2833 986 3131 1041 Admodum
3162 1000 3292 1041 vero
3319 995 3524 1057 gratum
3554 999 3657 1052 est,

2077 1080 2218 1151 quod
2248 1094 2413 1134 vanas
2439 1089 2494 1135 et
2523 1080 2748 1133 invicem
2780 1092 2838 1133 se
2865 1077 3204 1134 destruentes
3233 1076 3421 1132 horum
3462 1077 3658 1131 calum-

2078 1174 2215 1237 nias,
2248 1174 2339 1243 qui
2379 1186 2499 1227 eum
2529 1172 2713 1226 dicunt
2759 1181 2812 1225 et
2841 1184 3004 1224 unam
3050 1171 3329 1226 Trinitatis
3367 1172 3661 1225 credidisse

2078 1281 2390 1335 personam,
2429 1274 2483 1320 et
2529 1261 2943 1332 quaternitatem
2983 1261 3312 1332 praedicasse
3347 1262 3484 1316 duos
3527 1259 3662 1314 illius

2079 1357 2390 1423 asserendo,
2421 1355 2693 1424 reciproce
2721 1354 2880 1409 simul
2910 1363 2963 1408 et
2992 1355 3106 1422 ipse
3130 1369 3197 1408 ex
3234 1353 3450 1408 alterius
3485 1354 3662 1422 repul—

2080 1451 2230 1506 sione
2259 1453 2479 1505 alteram
2513 1463 2722 1520 quoque
2746 1447 2975 1517 repellit,
2993 1462 3112 1501 cum
3129 1461 3194 1500 ex
3217 1446 3297 1499 his
3320 1461 3436 1514 quae
3462 1460 3663 1499 memo-

2081 1545 2313 1599 ravimus
2342 1543 2518 1608 docet,
2564 1541 2840 1612 quoniam,
2872 1541 3009 1594 sicut
3039 1548 3188 1608 pater
3218 1548 3272 1592 et
3315 1537 3452 1590 illius
3509 1535 3663 1589 unius

2081 1633 2294 1703 quidem
2326 1641 2526 1687 natura:
2555 1642 2701 1694 sunt,
2751 1631 2843 1685 sed
2877 1630 3029 1684 unius
3059 1642 3304 1697 person-.0
3343 1642 3445 1680 non
3494 1637 3618 1680 sunt
3647 1671 3658 1691 ,

2083 1727 2154 1782 ita
2189 1727 2244 1782 in
2277 1717 2624 1781 homine'una
2665 1725 2836 1779 anima
2886 1731 2940 1777 et
2969 1737 3195 1790 corpus,
3235 1720 3318 1774 vel
3362 1720 3411 1773 in
3451 1717 3665 1774 Clu-isto

390 1816 607 1873 nantur,
642 1816 890 1875 putantes
917 1807 1057 1876 quod
1088 1822 1194 1861 una
1225 1806 1294 1862 sit
1323 1805 1522 1860 Christi
1551 1804 1852 1860 confitenda
1881 1818 1978 1858 na-
2007 1797 2054 1856 B
2084 1820 2223 1874 Deus
2250 1828 2304 1874 ρι
2329 1818 2512 1881 homo,
2543 1819 2698 1872 unius
2720 1816 2932 1885 quidem
2959 1829 3198 1884 pel-50m
3223 1819 3365 1875 sum,
3395 1812 3487 1866 sed
3511 1812 3668 1864 uni“,

390 1908 528 1954 tura.
565 1900 674 1955 Hoc
705 1911 882 1956 autem
927 1915 994 1955 ex
1029 1915 1098 1956 eo
1129 1901 1373 1955 nituntur
1401 1908 1667 1967 astruere,
1727 1898 1980 1968 quoniam

390 1993 562 2046 sancti
594 1992 782 2047 Patres
805 1993 1080 2058 dixerunt,
1110 1993 1249 2047 sicut
1278 2006 1342 2048 ex
1366 1993 1542 2046 anima
1567 1998 1623 2047 et
1650 2005 1812 2046 carne
1841 2003 1980 2044 unus

385 2091 468 2136 est
502 2082 690 2145 homo,
731 2083 806 2137 ita
843 2084 899 2138 in
936 2085 1212 2139 divinitate
1239 2094 1294 2141 et
1328 2083 1659 2138 humanitate
1713 2096 1849 2136 unus
1897 2090 1984 2136 est

387 2172 662 2229 Christus.
695 2175 1044 2245 Suspicautes
1069 2190 1219 2247 ergo,
1261 2175 1407 2245 quod
1449 2175 1550 2230 hoc
1582 2189 1678 2241 pro
1709 2174 1865 2228 unius
1889 2187 1986 2228 na-

397 2273 553 2328 turae,
587 2275 642 2319 et
674 2281 778 2321 non
829 2268 1030 2335 potius,
1063 2268 1203 2323 sicut
1233 2267 1430 2323 veritas
1461 2266 1642 2332 habet,
1694 2279 1794 2335 pro
1825 2266 1984 2320 unius

389 2367 634 2421 personat
661 2357 968 2412 assertione
986 2356 1054 2410 ab
1077 2356 1155 2411 eis
1182 2355 1346 2412 fuerit
1369 2355 1609 2421 dictum;
1641 2369 1750 2410 non
1785 2364 1980 2423 negant
2032 2341 2044 2354 ’

391 2445 557 2498 errori
580 2445 900 2502 Nestoriano
934 2446 1155 2501 omnino
1183 2462 1304 2503 esse
1357 2447 1687 2502 contrarium
1715 2488 1731 2511 ,
1762 2454 1815 2500 et
1861 2447 1983 2502 ideo

391 2536 520 2601 suis,
569 2537 710 2592 sicut
750 2537 1006 2601 diximus,
1058 2536 1378 2592 refutantur.
1432 2536 1563 2592 Nam
1607 2538 1664 2591 in
1706 2545 1910 2590 tantum
1953 2551 1982 2590 a

390 2629 589 2682 sanctis
632 2627 880 2684 Patribus
927 2629 1016 2683 illa
1048 2629 1338 2683 similitudo
1366 2628 1433 2683 de
1462 2629 1656 2682 animae
1693 2628 1981 2695 carnisque

391 2718 742 2784 adunatione,
791 2734 900 2773 non
929 2721 994 2773 ad
1029 2720 1186 2773 unius
1222 2727 1428 2773 natura:
1456 2716 1658 2772 Christi
1693 2717 1984 2771 documen-

391 2819 501 2862 tum
541 2809 708 2863 relata
755 2819 862 2876 est,
913 2819 971 2864 ut
1011 2810 1112 2865 hac
1149 2811 1312 2866 etiam
1355 2808 1672 2864 Theodorus
1715 2813 1980 2873 uteretur,

391 2911 547 2966 quem
579 2912 685 2952 non
715 2899 887 2954 solum
919 2899 1052 2954 duas
1084 2899 1488 2968 naturas,quod
1519 2912 1705 2956 verum
1726 2911 1789 2952 ac
1814 2898 1986 2952 mani-

393 2986 592 3043 festum
625 2997 731 3054 est,
762 2990 856 3044 sed
888 2988 1073 3056 etiam,
1097 2991 1237 3059 quod
1263 2990 1455 3046 falsum
1481 2999 1588 3054 est,
1619 2988 1754 3044 duas
1785 2987 1984 3042 Christi

392 3079 572 3134 dicunt
601 3081 895 3136 credidisse
918 3098 1176 3152 personas
1200 3101 1213 3137 :
1239 3084 1422 3138 uthac
1441 3082 1791 3138 similitudine
1814 3090 1986 3137 utere-

395 3178 478 3226 tur
499 3187 603 3243 qua
636 3181 850 3229 sanctos
876 3173 1064 3229 Patres
1089 3174 1403 3230 existimant
1443 3188 1551 3228 non
1599 3173 1772 3228 solum
1818 3186 1979 3227 unam
2010 3177 2057 3242 ο

394 3277 700 3333 personam,
734 3281 919 3320 verum
944 3267 1103 3320 etiam
1135 3280 1294 3320 unam
1323 3265 1521 3321 Christi
1548 3264 1798 3320 docuisse
1825 3273 1980 3318 natu-

396 3369 530 3408 ram.
579 3353 732 3412 Sicut
763 3363 942 3410 autem
969 3355 1036 3410 de
1069 3354 1244 3409 anima
1273 3361 1332 3408 et
1365 3368 1528 3409 carne
1556 3352 1715 3407 unius
1753 3352 1984 3408 hominis

395 3446 589 3501 dicitur
617 3446 660 3513 ί,
683 3447 821 3517 quod
859 3461 956 3502 nos
1001 3447 1422 3516 promiseramus
1452 3444 1762 3511 ostendere,
1803 3453 1985 3500 manet

397 3544 704 3591 naturarum
727 3538 936 3603 divisio,
959 3546 1015 3592 et
1033 3538 1137 3592 alia
1163 3535 1380 3606 quidem
1407 3535 1588 3590 anima
1607 3543 1716 3599 est,
1733 3534 1837 3588 alia
1857 3547 1986 3588 vero

397 3641 546 3692 caro,
601 3638 791 3682 natura
844 3628 1049 3697 utique,
1105 3641 1213 3681 non
1253 3639 1505 3695 persona,
1553 3623 1805 3694 quoniam
1855 3621 1986 3678 illud

399 3716 614 3787 quidem
664 3717 948 3783 rationale,
980 3717 1106 3771 illud
1156 3725 1334 3770 autem
1378 3714 1687 3770 irrationale
1715 3721 1833 3778 est,
1865 3726 1987 3766 nam

400 3825 540 3865 unus
569 3809 730 3864 homo
752 3821 1074 3882 utrumque:
1107 3809 1179 3863 ita
1209 3809 1372 3864 etiam
1403 3806 1732 3874 ubicunque,
1761 3817 1989 3872 praeser-

402 3903 495 3956 titn
524 3911 649 3957 ante
679 3891 920 3958 errorem
967 3902 1198 3958 Nestorii
1237 3899 1588 3970 divulgatum,
1616 3897 1685 3952 ab
1721 3895 1991 3966 aliquibus

401 3992 653 4050 Ecclesiae
681 3994 961 4051 catholicae
992 3993 1303 4049 doctoribus
1335 3990 1641 4047 invenimus
1681 3990 1846 4045 alium
1884 3988 1990 4043 dici

402 4099 785 4156 assumentem,
814 4090 979 4143 alium
999 4101 1128 4142 vero
1147 4093 1506 4154 assumptum,
1535 4097 1642 4137 non
1664 4096 1891 4151 persona
1910 4079 1994 4135 vel

403 4180 751 4236 subsistentia
791 4181 812 4211 ²
865 4179 1000 4245 alia,
1052 4176 1148 4232 sed
1184 4186 1373 4231 natura
1413 4173 1674 4229 debemus
1719 4171 1997 4241 accipere,

403 4272 544 4325 sicut
569 4271 618 4324 in
645 4285 749 4326 uno
773 4269 990 4326 homine
1009 4269 1146 4324 alius
1172 4267 1421 4332 interior,
1445 4265 1582 4321 alius
1603 4265 1840 4320 exterior
1865 4263 1999 4320 dici-

407 4373 493 4418 tur
521 4365 702 4430 homo,
735 4365 780 4419 si
810 4378 984 4433 neque
1014 4376 1115 4416 nos
1143 4374 1329 4416 errare
1359 4359 1630 4424 volumus,
1661 4371 1838 4425 neque
1867 4356 1997 4425 ipsis

404 4455 742 4522 calumniari,
765 4470 938 4524 neque
951 4454 1207 4508 Ecclesia:
1227 4451 1428 4506 Christi
1446 4448 1752 4524 detrahere,
1779 4448 1830 4503 in
1847 4449 1999 4518 cujus

409 4561 539 4616 pace
561 4555 720 4616 atque
746 4545 950 4599 honore
976 4541 1212 4598 defuncti
1241 4551 1364 4596 sunt
1389 4556 1401 4593 :
1429 4553 1602 4609 neque
1626 4538 1995 4593 auctoritatem

406 4638 578 4690 errori
609 4636 925 4690 Nestoriano
953 4633 1218 4696 tribuere,
1251 4638 1309 4686 ut
1335 4630 1428 4685 his
1453 4629 1543 4699 qui
1571 4629 1856 4683 maximam
1884 4627 1997 4682 lau-

407 4728 528 4782 dem
563 4728 629 4782 de
652 4727 858 4798 judicio
893 4726 1146 4781 Ecclesia:
1184 4728 1532 4787 meruerunt,
1573 4719 1769 4774 similia
1808 4719 1997 4774 Nestov

407 4821 520 4874 rius
567 4819 889 4888 praedicasse
949 4818 1176 4872 dicatur.
1219 4814 1372 4882 Quod
1410 4812 1624 4884 quidem
1674 4827 1704 4865 a
1755 4810 1999 4866 ﬁdelibus

407 4912 556 4968 credi
587 4913 783 4966 veritas
808 4910 1110 4965 nullatenus
1137 4909 1297 4973 sinit,
1329 4921 1448 4978 quae
1469 4903 1872 4959 maledictorum
1905 4918 1998 4957 ca--

411 5005 642 5060 lumnias
671 5018 737 5059 ex
767 5003 884 5056 aliis
914 5014 1098 5055 eorum
1129 4999 1285 5053 dictis
1306 5038 1318 5058 .
1360 4995 1556 5067 quibus
1605 4993 1882 5049 evidenter
1932 4992 2000 5047 de

411 5096 618 5153 unitate
647 5109 894 5166 personae
923 5090 1122 5146 Christi
1153 5087 1314 5144 locuti
1345 5093 1489 5152 sunt,
1522 5085 1640 5140 sine
1669 5083 2002 5138 dubitatione

412 5189 674 5246 confutat.
713 5187 829 5240 Non
855 5183 997 5240 enim
1017 5227 1030 5251 ,
1061 5181 1200 5236 sicut
1227 5180 1397 5250 ignari
1433 5183 1657 5247 putant,
1689 5176 1770 5230 vel
1813 5174 2003 5229 adver-

412 5283 539 5336 sarii
569 5279 841 5344 simulant,
873 5277 1020 5331 solus
1050 5271 1367 5330 Theodorus
1408 5269 1483 5324 ita
1512 5269 1724 5323 locutus
1769 5273 1872 5332 est,
1906 5264 2001 5319 sed

415 5374 568 5429 multi
597 5373 682 5426 alii
707 5370 913 5432 Patres,
948 5381 1172 5437 quorum
1201 5360 1479 5431 sequentia
1499 5405 1514 5430 ,
1547 5366 1605 5411 ut
1636 5355 1994 5425 promisimus,

418 5465 736 5536 proferimus
776 5461 1014 5528 exempla
1050 5476 1062 5511 :
1107 5457 1158 5510 in
1201 5454 1393 5525 quibus
1422 5449 1878 5520 Eutychianorum
1917 5447 2001 5501 vel

419 5556 708 5611 satellitum
757 5566 942 5607 eorum
999 5549 1299 5604 libertatem
1349 5545 1598 5598 volumus
1646 5538 1900 5609 experiri,
1950 5545 2005 5591 et

417 5648 594 5703 zelum
649 5643 768 5698 fidei
821 5655 979 5712 quem
1028 5646 1299 5695 ostentant
1348 5636 1401 5692 ih
1468 5631 1750 5689 Theodoro
1817 5636 2004 5686 contra

494 5827 509 5860 ‘
537 5822 650 5880 Cod
679 5822 898 5889 Veram,
921 5817 1061 5871 dicit.

2082 1913 2329 1965 essentia:
2353 1925 2457 1963 non
2488 1918 2644 1972 sunt;
2666 1909 2791 1978 quia
2815 1923 2985 1976 neque
3011 1905 3178 1960 forma
3209 1904 3302 1959 Dei
3327 1904 3495 1958 forma
3524 1905 3665 1957 servi

2081 2011 2184 2066 est,
2217 2000 2592 2070 nequcfortna
2647 2003 2787 2055 servi
2823 1999 2990 2053 forma
3027 1998 3118 2052 Dei
3150 2005 3250 2061 cst,
3281 1998 3523 2066 quamvis
3555 1993 3668 2048 uni-

2084 2103 2165 2150 tas
2193 2109 2436 2162 personae
2465 2101 2680 2147 maneat
2727 2074 3102 2161 iﬁseparabilis
3137 2089 3430 2146 secundum
3464 2087 3667 2142 nullum

2085 2188 2301 2242 modum
2329 2185 2492 2240 incidi
2527 2187 2728 2240 valens.

2721 2337 2960 2393 CAPUT
2989 2337 3052 2391 ν.

2089 2481 2242 2552 Quod
2269 2479 2481 2535 obscura
2511 2484 2558 2552 et
2581 2474 2832 2552 ambigua‘
2852 2471 3071 2552 Patrum
3102 2469 3239 2523 dirta
3281 2486 3344 2552 es
3368 2469 3560 2539 apertis
3588 2486 3671 2552 so-

2155 2569 2268 2607 rum
2312 2552 2463 2604 dictis
2508 2541 2832 2614 interpretari
2883 2550 3153 2612 oporteat,
3206 2541 3344 2613 quod
3392 2541 3670 2613 propositis

2149 2626 2351 2694 aliquot
2381 2619 2626 2690 exemplis
2653 2616 2903 2669 declarat.

2160 2760 2236 2815 Ex
2267 2758 2351 2813 his
2379 2771 2508 2826 ergo
2525 2755 2687 2810 certis
2707 2761 2762 2810 et
2790 2750 3128 2808 evidentibus
3153 2749 3421 2807 Theodori
3453 2761 3672 2808 senten-

2087 2854 2200 2919 tiis,
2230 2848 2573 2917 intelligenda
2597 2845 2752 2902 nobis
2780 2853 2905 2899 sunt
2933 2844 3056 2909 alia,
3104 2859 3221 2912 qua:
3254 2845 3304 2898 in
3355 2844 3473 2913 ejus
3520 2845 3674 2899 dictis

2089 2945 2336 3002 videntur
2370 2939 2686 3014 quibusdam
2737 2937 2896 2993 dubia
2945 2935 3030 2990 vel
3074 2935 3323 3002 obscura,
3371 2936 3413 2990 si
3445 2950 3565 2990 cum
3596 2935 3674 2990 eis

2089 3041 2261 3096 notari
2293 3038 2564 3100 nolumus,
2594 3032 2662 3088 de
2690 3032 2882 3102 quibus
2905 3029 2978 3083 ait
3018 3027 3206 3084 beatus
3235 3027 3500 3098 Cyrillus,
3533 3028 3681 3096 quod-

2089 3112 2147 3189 se
2171 3131 2376 3188 infense
2403 3129 2666 3183 haberent
2690 3125 2830 3180 circa
2871 3121 3119 3177 eumdem
3157 3120 3330 3175 virum
3386 3119 3674 3174 admirabi-

2089 3229 2215 3293 lem,
2259 3234 2313 3280 et
2354 3223 2641 3278 maximam
2688 3217 2912 3290 gloriam
2966 3224 3264 3271 merentem
3304 3213 3674 3278 Theodorum,

2088 3320 2427 3378 occasionem
2459 3313 2719 3369 facientes
2759 3309 3036 3366 contrario
3082 3307 3318 3378 dogmati
3369 3320 3476 3376 quo
3528 3315 3676 3360 tene-

2087 3415 2304 3480 bantur,
2333 3421 2390 3466 ut
2421 3414 2727 3480 quaererent
2758 3404 3000 3476 quaedam
3043 3402 3161 3472 ejus
3199 3400 3429 3470 capitula
3464 3414 3571 3453 non
3611 3415 3673 3452 ex

2089 3504 2402 3562 melioribus
2454 3501 2728 3555 intellecta
2794 3497 3060 3552 damnari.
3116 3495 3243 3550 Haec
3313 3509 3420 3549 vox
3482 3492 3680 3563 Cyrillo

2089 3596 2247 3668 digna
2278 3614 2290 3649 :
2324 3596 2401 3650 sic
2431 3595 2700 3662 integrum
2731 3589 2993 3644 Ecclesiae
3017 3587 3294 3642 doctorem
3327 3585 3471 3654 loqui
3521 3586 3681 3640 dece—

2088 3689 2201 3746 bat.
2242 3687 2374 3742 Natn
2419 3680 2868 3754 quemadmodum
2914 3678 3353 3732 calumniantium
3402 3675 3681 3730 haeretico-

2005 3775 2016 3792 ί
2093 3795 2213 3836 rum
2239 3786 2340 3842 est,
2369 3791 2435 3832 ex
2458 3773 2634 3830 dubiis
2657 3777 2714 3827 et
2737 3769 2980 3825 obscuris
2998 3782 3116 3836 quae
3142 3776 3288 3822 certa
3317 3779 3367 3820 et
3399 3766 3679 3820 manifesta

2093 3879 2222 3930 sunt
2250 3870 2388 3926 male
2414 3861 2790 3934 interpretari,
2838 3862 2910 3916 ita
2940 3858 3154 3913 solitum
3187 3867 3269 3912 est
3301 3856 3590 3925 prudentiae
3617 3873 3681 3912 ac

2094 3963 2309 4035 pietatis
2351 3955 2649 4020 catholicae,
2681 3969 2745 4009 ex
2784 3948 3097 4007 indubitatis
3122 3957 3284 4017 atque
3312 3945 3656 4001 evidentibus

2095 4065 2151 4114 et
2181 4055 2398 4110 firmare
2437 4051 2704 4119 ambigua,
2745 4053 2799 4101 et
2843 4042 3062 4099 latentia
3109 4040 3404 4095 declarare.
3449 4035 3683 4105 Ideoque.

2097 4147 2290 4204 melius
2319 4145 2564 4207 facimus,
2603 4141 2648 4195 si
2689 4139 2927 4192 virorum
2969 4133 3402 4189 doctissimorum
3446 4131 3498 4183 iu
3553 4145 3684 4199 paco

2099 4240 2355 4298 Ecclesiae
2406 4243 2633 4292 mortem
2676 4230 2988 4288 obeuntiutn
3020 4228 3226 4295 scripta
3276 4224 3466 4279 melius
3517 4223 3684 4277 inter-

2101 4343 2401 4406 pretemur,
2457 4327 2544 4382 vel
2578 4327 2619 4379 si
2657 4324 2832 4378 minus
2867 4323 2919 4375 in
2959 4321 3037 4376 eis
3078 4319 3338 4373 haercsum
3385 4316 3682 4370 futurarum

2101 4423 2394 4482 calumnias
2427 4420 2596 4474 vitare
2645 4422 2951 4485 potuerunt.
2983 4412 3038 4467 Si
3079 4412 3171 4481 qui
3221 4425 3348 4465 vero
3398 4406 3683 4464 orthodoxi

2102 4519 2264 4575 etiam
2287 4514 2429 4570 aliud
2452 4509 2754 4567 faciendum
2786 4508 3113 4577 putaverint,
3147 4519 3252 4559 non
3279 4513 3400 4558 sunt
3431 4503 3483 4557 in
3517 4502 3618 4556 hoc
3655 4516 3683 4555 a

2106 4607 2457 4683 prudentibus
2497 4600 2758 4658 imitandi.
2801 4599 2903 4667 Qui
2945 4598 2989 4652 si
3039 4596 3317 4665 utriusque
3361 4593 3525 4662 partis
3573 4608 3687 4683 mo-

2105 4681 2283 4758 menta
2310 4687 2659 4770 perpendant,
2692 4692 2848 4747 facile
2887 4689 3202 4760 dignosceut
3243 4700 3468 4756 quorum
3515 4681 3686 4751 magis

2106 4791 2437 4865 propositum
2469 4788 2698 4843 debeant
2727 4783 3047 4853 approbare,
3076 4790 3252 4833 utrutn
3298 4776 3684 4837 accusantium,

2105 4899 2172 4939 an
2204 4881 2595 4944 excusantium,
2630 4877 2683 4930 in
2715 4874 2966 4929 Ecclesia:
2998 4885 3128 4940 pace
3158 4879 3212 4922 et
3254 4868 3472 4935 Patrum
3503 4865 3688 4920 lauda-

2105 4977 2250 5032 tione
2279 4973 2577 5029 defunctos.
2603 4968 2840 5023 Primum
2867 4965 3048 5033 itaque
3069 4961 3411 5018 considerare
3431 4958 3684 5022 debeant,

2104 5067 2230 5140 quid
2258 5067 2328 5122 sit
2357 5065 2511 5119 nobis
2539 5061 2774 5128 utrisque
2796 5068 3094 5117 commune,
3123 5053 3210 5122 qui
3243 5067 3347 5122 quo
3373 5051 3582 5107 similes
3609 5050 3688 5105 eis

2104 5163 2172 5217 de
2224 5157 2537 5215 orthodoxis
2587 5149 2985 5209 accusatoribus
3040 5159 3256 5211 sumus,
3308 5153 3362 5198 et
3414 5142 3570 5211 quale
3620 5142 3689 5195 sit

2103 5252 2364 5321 cujusque
2388 5248 2682 5318 proprium,
2728 5245 2779 5298 in
2809 5256 2918 5312 quo
2955 5241 3022 5296 ab
3057 5239 3285 5293 invicem
3326 5235 3683 5291 dissonamus.

2104 5343 2264 5401 Fides
2291 5343 2471 5409 itaque
2493 5340 2646 5394 nobis
2669 5339 2719 5392 in
2746 5337 2911 5391 Deum
2943 5330 3238 5389 communis
3264 5337 3380 5394 est;
3407 5327 3684 5396 proprium

2107 5452 2236 5493 vero
2266 5442 2349 5490 est
2374 5433 2566 5502 cuique
2597 5429 2754 5500 parti,
2780 5430 2831 5482 in
2860 5443 2967 5497 quo
2986 5425 3322 5479 dissonamus
3347 5419 3414 5474 ab
3437 5418 3684 5481 invicem,

2108 5528 2251 5600 quod
2281 5527 2354 5580 illi
2375 5523 2661 5579 crudeliter
2690 5530 2744 5574 et
2765 5520 3015 5574 audacter
3039 5518 3397 5573 condemnant
3425 5513 3476 5568 in
3505 5512 3688 5567 Eccle~

2108 5622 2202 5676 sise
2229 5617 2432 5673 unitate
2475 5613 2752 5682 gloriaque
2780 5611 3084 5677 defunctos,
3118 5623 3248 5679 quos
3283 5606 3373 5662 Dei
3418 5606 3584 5662 solius
3610 5614 3690 5660 est

2181 5799 2199 5828 '
2233 5793 2376 5850 ldcm
2400 5789 2540 5852 cod,
2576 5788 2747 5842 alium.
