4094 6488
446 294 549 349 759

1554 280 1851 341 FACUNDI
1885 276 2098 336 EPlSC.
2141 275 2648 336 HERMIANENSIS

3637 281 3747 338 760

437 399 681 469 judicare
710 415 725 453 :
760 414 860 456 nos
899 415 1048 465 vero,
1090 402 1214 471 quia
1257 415 1359 459 nec
1399 401 1583 472 pietati
1616 415 1718 458 nec
1758 398 2036 455 modestiae
2065 403 2115 457 Α
2142 393 2437 465 redigentis
2460 394 2517 450 in
2542 392 2857 450 servitutem
2884 408 3059 462 suam,
3093 404 3149 453 et
3175 395 3335 452 aliam
3376 396 3567 467 ipsius.
3599 397 3741 453 Illud

443 493 716 557 convenit,
743 492 1148 549 considerantes
1174 508 1273 551 nos
1295 494 1543 552 homines
1572 509 1715 561 esse,
1742 493 1877 550 nihil
1898 492 2044 562 quod

439 582 682 638 divinum
714 592 797 641 est
827 585 1201 655 praesumimus
1228 601 1514 659 usurpare.
1535 587 1615 642 Illi
1636 587 1747 641 alta
1765 585 2073 680 sapientes.

446 684 730 745 respuunt,
764 684 819 731 et
848 675 980 731 nihil
1015 678 1256 747 pendunt
1293 688 1605 735 sanctorum
1650 677 1868 733 Patrum
1918 692 2045 732 sen—

445 768 661 834 tentias,
707 783 735 822 a
765 770 961 840 quibus
993 773 1276 841 approbati
1308 781 1473 841 atque
1508 772 1707 829 laudati
1747 779 1911 828 sunt:
1943 784 2046 827 nos

447 859 737 915 humilibus
767 863 1174 920 consentientes
1193 905 1209 929 ,
1237 864 1560 921 oltedienter
1591 879 1683 919 eas
1710 873 1764 920 et
1795 879 1919 920 cum
1950 862 2049 920 dea

446 951 557 1008 bita
587 953 939 1009 veneratione
966 955 1315 1024 suscipimus.
1341 956 1420 1011 Illi
1452 957 1827 1035 auctoritatem
1857 955 2046 1011 incon-

446 1045 582 1101 sulte
612 1046 857 1102 tribuunt
886 1048 1267 1105 haereticorum
1296 1050 1593 1117 erroribus,
1615 1058 1922 1106 asserentes
1950 1063 2048 1106 eos

447 1134 829 1191 honoratorum
858 1136 1096 1192 virorum
1130 1139 1503 1209 praedicationi
1532 1140 1727 1195 similia
1754 1139 2004 1195 docuisse
2030 1157 2044 1194 :

448 1243 546 1283 nos
571 1238 775 1294 autem,
815 1229 1017 1285 nullam
1059 1230 1327 1286 donantes
1371 1231 1639 1287 haereticis
1681 1233 2043 1301 occasionem,

448 1318 667 1391 provide
695 1319 1107 1390 respondemus,
1149 1323 1293 1393 quod
1341 1322 1479 1378 tales
1520 1324 1885 1394 blasphemias
1912 1340 2049 1380 nun-

447 1425 608 1480 quam
642 1411 882 1467 Ecclesia
912 1412 1113 1469 Christi
1149 1415 1469 1485 susceperit,
1498 1415 1594 1472 sed
1626 1431 1843 1472 omnem
1899 1416 2050 1471 novi-

448 1511 636 1563 tatem.
683 1518 808 1559 mox
864 1513 923 1560 ut
977 1514 1164 1561 exorta
1213 1517 1315 1573 est,
1365 1507 1631 1562 rel‘utarit.
1691 1506 1770 1562 illi
1819 1508 2050 1577 denique

449 1592 619 1662 ipsam
679 1609 800 1665 quae
856 1611 956 1651 nos
997 1598 1220 1668 genuit,
1278 1599 1637 1655 criminantur
1687 1607 1745 1654 et
1789 1598 2051 1654 infamant

451 1687 781 1755 Ecclesiam,
824 1689 973 1745 velut
1010 1690 1333 1748 adulterinis
1370 1691 1713 1762 dogmatibus
1758 1691 2049 1764 aliquando

2154 495 2338 542 autem
2367 484 2601 556 amplius
2648 484 2862 540 videtur
2905 500 3048 555 esse,
3075 486 3218 558 quod
3250 486 3328 543 ait
3354 486 3553 544 Tobith
3583 505 3597 542 :
3630 489 3746 560 Ego

2150 586 2201 633 et
2225 577 2401 632 anima
2442 593 2558 632 mea
2596 576 2726 648 Regi
2752 578 2997 633 calorum
3037 578 3269 634 laetitiam
3315 580 3533 635 dicimus
3573 580 3747 649 (Teir.

2150 686 2266 739 xtn,
2298 670 2392 743 9);
2422 680 2477 726 et
2501 672 2670 726 multa
2695 671 2914 737 similia,
2942 686 3048 730 non
3073 673 3272 729 divinis
3296 682 3505 729 tantum
3534 672 3750 739 litteris,

2148 763 2245 819 sed
2274 764 2435 819 etiam
2464 763 2518 817 in
2543 763 2665 819 aliis
2684 804 2701 830 ,
2751 773 2806 818 et
2836 765 2891 819 in
2922 764 3038 835 ipse
3065 774 3252 821 nostro
3279 765 3593 836 quoﬁdiano
3634 779 3753 820 ser-

2149 870 2333 923 mone,
2360 855 2405 910 si
2432 856 2554 926 quis
2577 855 2842 920 attcndat,
2877 856 3132 914 inveniet.
3158 857 3216 914 Si
3238 857 3541 913 autemhoc
3562 857 3630 913 de
3654 858 3753 912 lto-

2145 948 2313 1009 mine.
2343 946 2498 1014 cujus
2528 953 2679 1002 recte
2701 953 2879 1016 potest
2900 961 3028 1014 una,
3059 945 3114 1003 id
3134 955 3217 1005 est
3239 949 3495 1014 humana,
3522 947 3630 1002 dici
3654 961 3753 1001 na-

2150 1046 2292 1102 tura,
2319 1036 2469 1092 nulla
2497 1038 2796 1107 quaestione
2824 1046 3073 1109 cogente,
3106 1039 3175 1094 ab
3203 1038 3462 1109 Apostolo
3480 1049 3533 1094 et
3554 1038 3753 1093 Tobith

2150 1127 2350 1184 dicitur
2382 1144 2399 1182 :
2426 1113 2634 1200 quanto
2672 1129 2843 1201 magis
2870 1130 2940 1188 de
2974 1128 3214 1200 Christo,
3246 1145 3404 1201 quem
3449 1131 3504 1187 in
3534 1130 3749 1185 duabus

2150 1223 2424 1279 credimus
2455 1238 2580 1280 esse
2600 1224 2829 1292 naturis,
2854 1232 3041 1281 contra
3064 1224 3452 1295 Apolinaristas
3472 1234 3619 1280 recte
3637 1223 3751 1279 dici

2153 1319 2348 1386 potuit,
2378 1316 2524 1387 quod
2553 1316 2694 1372 Deus
2721 1316 2953 1374 Verbum
2984 1325 3318 1387 assumptum
3350 1316 3622 1375 hominem
3650 1329 3753 1385 pro

2150 1410 2308 1464 nobis
2338 1409 2499 1464 morti
2531 1408 2843 1475 tradiderit;
2870 1425 2995 1466 cum
3019 1409 3261 1466 dicamus
3300 1409 3445 1480 quod
3491 1424 3611 1465 eum
3646 1419 3756 1464 tra-

2152 1502 2353 1559 diderit
2381 1502 2568 1571 Pater,
2595 1510 2652 1559 et
2676 1502 3057 1573 inseparabilia
3077 1503 3365 1560 credamus
3390 1517 3552 1571 opera
3580 1502 3757 1557 Trini-

2152 1594 2315 1650 tatis?
2356 1593 2434 1649 ita
2456 1594 2478 1625 ⁸
2504 1609 2627 1650 cum
2674 1594 2933 1666 propheta
2958 1594 3103 1650 dicat
3129 1612 3143 1650 :
3174 1593 3276 1649 Cor
3302 1608 3469 1650 meum
3489 1593 3760 1662 dereliquit

2152 1708 2233 1747 me
2258 1691 2434 1762 (Psai.
2486 1702 2671 1757 sunt,
2706 1692 2818 1763 l5),
2851 1706 2951 1747 nec
2987 1704 3048 1747 se
3097 1690 3152 1746 in
3200 1691 3337 1747 duas
3383 1704 3643 1761 personas
3674 1690 3760 1744 vel

451 1786 759 1848 corruptam
788 1797 800 1833 :
846 1795 945 1836 nos
985 1791 1164 1838 autem
1208 1784 1569 1853 virginitatem
1616 1791 1816 1838 nostra:
1863 1783 2054 1838 matris
2086 1783 2132 1842 Β
2158 1787 2539 1844 subsistentias
2563 1788 2856 1858 partiatur;
2885 1801 2982 1842 cur
3012 1787 3058 1843 si
3102 1789 3385 1857 quisquam
3412 1803 3479 1843 ex
3502 1785 3757 1841 Patribus

452 1871 715 1927 excidisse
741 1888 975 1943 unquam
1007 1888 1037 1926 a
1066 1874 1333 1930 charitate
1355 1890 1474 1946 quae
1503 1875 1557 1929 in
1588 1874 1807 1931 Christo
1827 1883 1935 1944 est,
1962 1875 2057 1929 de-

453 1979 736 2036 negamus,
759 1976 1068 2023 asserentes
1108 1981 1215 2022 non
1258 1967 1423 2022 fuisse
1464 1968 1750 2023 hazreticos
1792 1982 1924 2038 quos
1963 1968 2052 2023 ba-

452 2055 570 2112 buit
593 2057 908 2112 honoratos.
938 2058 1084 2124 Quas
1115 2058 1187 2114 ob
1218 2074 1337 2124 res,-
1367 2059 1415 2113 si
1445 2060 1690 2114 volumus
1714 2068 1767 2115 et
1797 2058 1909 2114 Deo
1936 2074 2057 2115 esse

454 2149 685 2220 subjecti
713 2159 766 2206 et
789 2150 991 2205 sanctis
1022 2150 1270 2205 Patribus
1300 2151 1694 2222 obsequentes;
1727 2150 1773 2206 si
1809 2146 2056 2207 volumus

454 2241 640 2308 etiam,
664 2242 806 2312 quod
834 2241 902 2295 ad
925 2252 1245 2311 prmsentem
1279 2245 1473 2299 attinet
1500 2258 1742 2308 causam,
1781 2243 2057 2300 Nestoria-

456 2348 650 2389 norum
682 2349 777 2389 ora
805 2348 1100 2399 consuere,
1137 2344 1190 2390 et
1231 2335 1527 2395 Ecclesiam
1565 2352 1686 2407 quae
1718 2352 1816 2393 nos
1870 2339 2058 2409 genuit

454 2427 522 2483 ab
568 2427 855 2495 impiorum
894 2427 1181 2484 calumniis
1231 2443 1530 2496 excusare,
1577 2444 1685 2484 non
1733 2429 1907 2486 solum
1948 2445 2055 2485 non

454 2518 880 2576 condemnemus
929 2520 983 2575 in
1036 2518 1293 2577 Ecclesiae
1360 2523 1747 2578 communione
1793 2523 2058 2597 laudeque

458 2611 758 2679 defunctos,
787 2612 882 2669 sed
914 2628 1015 2669 nec
1043 2612 1286 2671 dicamus
1312 2630 1409 2671 eos
1435 2623 1565 2672 ante
1591 2617 1898 2673 Nestorium
1930 2617 2055 2674 talia

455 2702 733 2771 docuisse;
764 2706 1039 2777 magisque
1053 2721 1117 2761 ex
1148 2707 1271 2762 aliis
1296 2722 1485 2764 eorum
1508 2710 1813 2776 sententiis,
1838 2710 2054 2767 eviden-

454 2804 541 2855 ter
567 2796 885 2855 Nestoriano
920 2801 1094 2857 errori
1143 2803 1451 2875 contrariis,
1493 2803 1913 2875 interpretemur
1949 2806 2058 2862 alia

455 2904 577 2961 quae
621 2893 674 2947 in
715 2907 907 2949 eorum
951 2893 1166 2964 scriptis
1210 2895 1463 2950 videntur
1508 2896 1738 2952 obscura
1772 2915 1787 2953 :
1823 2914 1891 2954 ne
1934 2897 2058 2969 jure

455 2983 760 3053 meritoque
787 2986 1273 3059 reprehendamur,
1304 2987 1448 3059 quod
1471 2999 1529 3047 et
1558 2990 1770 3045 cautela
1794 2999 1849 3047 et
1873 2991 2056 3046 studio

455 3075 588 3144 ipsis
617 3075 953 3132 Nestorianis
1000 3078 1234 3148 impares
1277 3078 1447 3133 simus
1470 3120 1485 3147 ,
1528 3087 1583 3135 et
1611 3080 1840 3152 amplius
1870 3081 1946 3137 illi
1976 3081 2055 3137 vi—

2160 1881 2467 1939 inveniatur
2505 1880 2710 1936 dixisse
2735 1919 2750 1945 ,
2779 1880 2921 1949 quod
2954 1880 3096 1936 Deus
3146 1879 3378 1935 Verbum
3429 1880 3621 1944 inerat,
3665 1879 3754 1933 vel

2157 1972 2342 2029 aderat
2372 1973 2611 2038 Christo,
2643 1973 2777 2027 duas
2801 1972 3004 2027 Christi
3025 1979 3243 2041 putetur
3266 1970 3540 2026 induxisse
3566 1984 3760 2039 perso-

2162 2064 2297 2119 nasl
2327 2063 2463 2119 Nam
2484 2065 2529 2119 si
2552 2062 2927 2133 derelinquere
2952 2062 3151 2118 dicitur
3174 2060 3444 2117 hominem
3465 2076 3561 2115 cor
3579 2076 3760 2126 suum,

2158 2164 2217 2211 et
2244 2155 2388 2210 nulla
2420 2154 2737 2225 intelligitur
2768 2155 2929 2210 unius
2965 2167 3210 2224 personae
3232 2153 3369 2208 facta
3398 2153 3607 2219 divisio,
3632 2167 3760 2207 cum

2159 2248 2538 2322 derelinquere
2554 2249 2952 2320 separationem
2976 2248 3260 2318 quamdam
3280 2246 3573 2317 signiﬁcet;
3595 2246 3723 2315 quia
3739 2246 3760 2276 ⁸

2160 2357 2386 2400 necesse
2409 2350 2514 2413 est,
2541 2356 2664 2397 cum
2693 2342 2873 2397 inesse
2914 2341 3001 2396 vel
3041 2340 3231 2395 adesse
3256 2338 3474 2407 dicitur,
3502 2337 3636 2392 duas
3660 2351 3760 2406 pu-

2160 2444 2276 2490 tare
2304 2434 2635 2505 signiﬁcatas
2674 2448 2797 2490 esse
2824 2447 3112 2504 personas,
3143 2446 3264 2487 cum
3295 2441 3350 2488 et
3376 2431 3551 2485 anima
3600 2431 3759 2485 carni

2159 2539 2273 2581 suae
2300 2526 2481 2582 inesse
2507 2526 2721 2581 dicatur
2748 2533 2803 2580 et
2829 2525 3043 2593 adesse,
3076 2539 3197 2580 cum
3228 2539 3348 2580 eam
3378 2523 3547 2579 nutrit
3583 2537 3647 2578 ac
3681 2522 3762 2578 io-

2164 2626 2273 2682 vet,
2304 2623 2362 2672 et
2388 2632 2420 2671 a
2452 2615 2658 2673 morbis
2701 2615 3152 2686 passionibusque
3179 2615 3440 2671 defendit.
3471 2614 3668 2670 Verum
3708 2622 3762 2671 et

2161 2709 2267 2763 hoc
2294 2707 2719 2775 constituamus,
2749 2707 2893 2777 quod
2941 2707 3147 2778 antiqui
3197 2707 3448 2763 doctores
3499 2706 3763 2763 Ecclesiae

2161 2798 2439 2866 dixerunt,
2462 2800 2716 2871 quoniam
2750 2799 2893 2855 Deus
2922 2800 3156 2855 Verbum
3182 2796 3255 2854 sit
3295 2798 3668 2870 principaliter
3704 2802 3763 2853 et

2160 2891 2458 2947 secundum
2487 2893 2777 2947 essentiam
2819 2891 3126 2963 unigenitus
3178 2891 3345 2948 Filius
3389 2889 3568 2959 Deii;
3597 2890 3764 2947 homo

2160 2999 2294 3042 vero
2337 2994 2649 3054 assumptus
2696 2999 2763 3040 ex
2791 2984 3001 3041 unitate
3031 3000 3277 3056 personae
3322 2988 3439 3055 ejus
3467 2986 3677 3054 accepit
3709 2996 3765 3041 ut

2161 3079 2470 3150 unigenitus
2513 3078 2684 3134 Filius
2728 3093 2946 3149 semper
2986 3087 3131 3135 esset
3175 3093 3239 3134 ac
3287 3078 3585 3143 diceretur,
3614 3090 3675 3135 et
3712 3080 3765 3135 in

458 3166 690 3223 deantur
718 3176 904 3223 contra
926 3169 1233 3235 veritatem,
1264 3185 1423 3240 quam
1457 3184 1556 3225 nos
1577 3185 1675 3241 pro
1697 3173 1920 3229 veritate
1941 3182 2052 3229 sat-
2081 3183 2128 3245 ο
2166 3170 2325 3225 unius
2348 3169 2468 3225 Filii
2494 3168 2855 3241 appellatione
2876 3169 3356 3240 cointeliigeretur.
3384 3169 3630 3241 Nunquid
3663 3171 3766 3226 hoc

457 3273 640 3329 agere.
688 3259 819 3314 Nam
844 3260 887 3314 si
920 3259 997 3313 illi
1026 3260 1359 3316 clarissimos
1387 3260 1645 3317 Ecclesia:
1670 3262 1919 3319 doctores
1941 3279 2056 3319 suae

457 3351 596 3421 parti
614 3350 858 3405 volentes
880 3350 1175 3419 applicare,
1190 3352 1482 3407 sententias
1505 3366 1716 3421 eorum,
1739 3353 2057 3410 Nestoriano

457 3440 697 3511 dogmati
743 3439 1032 3496 manifeste
1062 3443 1382 3511 contrarias,
1418 3457 1485 3498 ex
1515 3442 1635 3498 aliis
1656 3444 1834 3500 minus
1858 3445 2057 3511 apertis

458 3532 753 3590 obscurare
780 3542 1063 3599 conantur,
1089 3543 1143 3589 et
1172 3534 1225 3589 in
1269 3549 1422 3590 suam
1467 3535 1793 3605 detorquere
1841 3546 2056 3591 senten-

458 3626 587 3681 tiam
612 3641 626 3690 ;
654 3624 830 3679 multo
857 3626 1027 3695 magis
1051 3639 1151 3680 nos
1179 3640 1242 3681 ea
1271 3641 1392 3695 quae
1420 3626 1580 3683 dubia
1610 3627 1860 3684 videntur
1888 3630 1943 3684 in
1962 3645 2060 3685 eo-

458 3732 577 3774 rum
605 3718 765 3775 dictis
785 3758 800 3786 ,
832 3719 1025 3775 melius
1070 3719 1493 3789 interpretamur
1540 3735 1605 3776 ex
1652 3721 1738 3776 bis
1764 3736 1883 3791 qua:
1913 3730 2057 3776 certa

458 3822 605 3880 sunt,
634 3827 701 3869 ex
729 3827 836 3883 quo
864 3811 1146 3869 Nestorius
1189 3813 1524 3881 ostendatur,
1549 3821 1610 3868 ut
1639 3814 1764 3868 novi
1792 3813 2062 3883 dogmatis

458 3901 744 3969 inventor,
793 3915 902 3956 non
952 3902 1223 3956 immerito
1271 3901 1434 3957 fuisse
1483 3902 1793 3956 damnatus.
1838 3899 2064 3956 Constat

459 4004 591 4063 ergo
602 3991 810 4061 aliquos
824 3993 839 4022 ¹
854 4006 917 4046 ex
939 3992 1169 4061 antiquis
1188 3990 1442 4046 Ecclesiae
1462 3991 1777 4047 doctoribus
1790 3990 1996 4047 dixisse
2012 4001 2061 4059 ι,

459 4087 712 4157 quoniam
736 4085 879 4141 Deus
903 4083 1141 4141 Verbum
1172 4093 1504 4154 assumptum
1538 4083 1811 4140 hominem
1844 4086 2065 4142 tradidit

460 4180 640 4235 morti.
670 4177 922 4247 Nunquid
954 4177 1002 4232 si
1031 4177 1134 4232 hoc
1170 4176 1472 4233 Nestoriani
1518 4176 1661 4232 male
1704 4176 2066 4248 intelligentes

460 4272 693 4329 dixerint
722 4272 866 4344 quod
908 4272 1043 4329 duas
1092 4270 1364 4327 voluerint
1410 4270 1720 4342 signiﬁcare
1766 4285 2063 4343 personas,

463 4366 617 4435 quasi
647 4365 812 4420 altera
841 4364 910 4418 sit
940 4364 1035 4419 Dei
1070 4363 1228 4419 Verbi
1272 4361 1552 4430 tradentis,
1580 4371 1635 4418 et
1664 4363 1831 4419 altera
1856 4363 1880 4397 ⁸
1906 4378 2064 4433 quem

461 4458 660 4513 dicitur
689 4455 976 4512 tradidisse
996 4494 1011 4521 ,
1039 4469 1138 4510 nos
1160 4454 1182 4486 ³
1204 4470 1418 4525 quoque
1439 4454 1737 4510 calumnias
1762 4470 1946 4511 eorum
1974 4455 2068 4509 ad-

2161 3276 2381 3333 quoque
2404 3276 2511 3317 non
2538 3276 2824 3332 possumus
2849 3277 2946 3330 pro
2974 3263 3318 3320 distinctione
3341 3264 3515 3333 potius
3547 3273 3765 3319 natura-

2160 3369 2313 3420 rum,
2371 3368 2531 3424 quant
2588 3352 2858 3409 divisione
2911 3369 3158 3422 personae
3209 3355 3417 3410 dictum
3473 3356 3767 3427 accipere;

2160 3444 2303 3499 sicut
2332 3443 2562 3499 dicimus
2589 3484 2605 3511 ,
2634 3444 2860 3499 interior
2892 3444 3056 3501 homo
3085 3446 3456 3515 principaliter
3487 3448 3650 3503 homo
3679 3447 3765 3502 di-

2161 3537 2334 3602 citur,
2378 3535 2531 3606 cujus
2576 3537 2810 3591 essentia
2850 3536 2990 3592 facta
3048 3546 3132 3593 est
3187 3538 3255 3592 ad
3295 3539 3577 3609 imaginem
3615 3538 3762 3596 Dei:

2164 3628 2326 3684 homo
2369 3643 2501 3685 vero
2556 3631 2794 3687 exterior
2842 3630 2911 3686 de
2957 3631 3087 3687 limo
3132 3632 3427 3702 plasmatus
3464 3647 3530 3689 ex
3563 3634 3766 3689 unita'e

2162 3737 2408 3793 personae
2438 3724 2555 3793 ejus
2580 3726 2789 3794 accepit
2815 3734 2872 3780 ut
2899 3727 3250 3796 ipse'quoque
3279 3724 3439 3780 homo
3467 3724 3765 3792 diceretur,

2164 3824 2219 3868 et
2265 3815 2317 3869 in
2370 3814 2528 3870 unius
2585 3815 2819 3873 hominis
2869 3816 3230 3887 appellatione
3278 3816 3765 3886 cointeliigeretur,

2164 3918 2470 3975 quanquam
2494 3904 2612 3976 ipse
2639 3921 2745 3962 non
2772 3906 2935 3975 sitad
2968 3906 3254 3977 imaginem
3277 3915 3332 3962 et
3356 3906 3766 3962 similitudinem

2166 3996 2262 4053 Dei
2293 3997 2488 4065 tactus,
2516 3999 2611 4054 sed
2641 3999 2926 4068 pecoribus
2954 3998 3188 4054 similior
3214 4014 3336 4054 esse
3360 3998 3644 4053 videatur?
3674 3999 3768 4053 iti—

2167 4088 2339 4143 cimus
2384 4087 2568 4155 etiam,
2623 4089 2744 4143 sine
2792 4089 2948 4145 unius
2997 4088 3261 4145 divisione
3307 4103 3571 4159 personae,
3618 4090 3767 4161 quod

2169 4181 2329 4238 homo
2360 4182 2586 4238 interior
2615 4183 2809 4238 merito
2838 4199 2950 4238 suae
2976 4182 3103 4238 ﬁdei
3125 4182 3449 4254 justiﬁcatus
3478 4184 3672 4241 transit
3710 4184 3765 4239 in

2167 4273 2511 4346 adoptionem
2539 4275 2769 4331 ﬁliorum
2791 4275 2924 4343 Dei;
2948 4259 3190 4331 exterior
3213 4284 3390 4331 autem
3418 4290 3511 4345 per
3541 4275 3765 4330 interio-

2167 4367 2242 4423 ris
2269 4367 2655 4435 adhtesionem,
2683 4380 3027 4423 communem
3058 4380 3179 4421 cum
3209 4365 3305 4420 illo
3333 4364 3559 4435 suscipit
3585 4365 3765 4435 digni-

2168 4468 2355 4524 tatem,
2383 4459 2643 4530 Apostolo
2672 4473 2887 4529 quoque
2913 4458 3166 4513 dicente:
3194 4455 3263 4510 Et
3291 4458 3337 4512 si
3363 4459 3583 4511 exterior
3610 4456 3765 4511 homo

464 4569 654 4611 versus
681 4552 978 4609 Ecclesiam
1030 4554 1247 4610 ﬁrmare
1293 4553 1588 4620 debemus,
1618 4561 1674 4610 et
1700 4549 1886 4608 testari
1917 4549 2059 4620 quod
2090 4574 2142 4635 υ
2168 4565 2336 4609 noster
2364 4554 2749 4623 corrumpitur,
2789 4554 2880 4607 sed
2917 4554 3132 4607 interior
3168 4561 3445 4606 renovatur
3487 4552 3550 4606 de
3589 4552 3673 4605 die
3708 4554 3763 4606 in

463 4648 598 4706 tales
617 4645 905 4717 aliquando
931 4645 1177 4701 doctores
1208 4644 1490 4714 habuerit,
1521 4646 1612 4716 qui
1634 4660 1740 4701 non
1769 4657 1930 4699 unam
1963 4640 2059 4697 Dei

464 4750 625 4812 atque
674 4739 908 4795 hominis
959 4738 1373 4809 praedicaverint
1424 4753 1545 4795 esse
1592 4742 1902 4808 personam,
1935 4747 2057 4788 cum

464 4834 634 4888 multa
685 4830 880 4886 similia
932 4830 1227 4885 habeamus
1275 4827 1567 4898 exempla?
1596 4826 1748 4882 Unde
1798 4824 1931 4880 illud
1977 4832 2061 4879 est

465 4921 707 4992 Apostoii
735 4921 878 4991 quod
906 4919 1037 4976 dicit
1064 4937 1078 4973 :
1110 4919 1350 4973 Lividum
1396 4919 1532 4989 facio
1577 4931 1762 4985 corpus
1794 4930 1979 4978 meum,
2013 4923 2061 4967 et

462 5015 637 5085 redigo
664 5012 893 5067 servituti
915 5009 986 5085 (1
1027 5012 1147 5067 Cor.
1181 5025 1256 5076 ix,
1288 5009 1405 5080 27),
1436 5023 1543 5063 non
1571 5007 1729 5062 aliam
1757 5006 1948 5061 volens
1978 5007 2059 5061 in-

467 5105 632 5176 telligi
661 5116 945 5175 personam
976 5101 1196 5157 lividum
1254 5100 1497 5155 facientis
1543 5111 1742 5168 corpus
1794 5110 1970 5164 suum,
2002 5105 2059 5151 et

535 5270 562 5298 α
603 5261 733 5327 Quae
774 5259 1167 5331 subjiciuntur,
1217 5258 1558 5331 pronuntiata
1592 5255 1862 5331 Theodori
1894 5256 2059 5331 fuisse

466 5332 599 5401 satis
628 5341 841 5387 constat
876 5328 953 5401 ex
998 5330 1206 5401 synodo
1227 5346 1280 5395 v,
1306 5340 1361 5383 et
1386 5344 1453 5385 ex
1482 5330 1707 5385 Leontio
1741 5328 2056 5401 Byzantina.

467 5399 575 5457 Sed
605 5403 903 5456 consultius
948 5398 1200 5455 Facundo
1247 5403 1419 5454 visum
1467 5409 1549 5454 est
1589 5415 1653 5453 ea
1683 5399 1784 5453 sub
1827 5398 2057 5451 aliorum

467 5474 556 5539 qui
574 5474 766 5543 eodem
798 5473 958 5526 modo
982 5472 1140 5543 locuti
1169 5480 1376 5539 essent,
1395 5484 1554 5542 quam
1578 5471 1677 5543 sub
1698 5469 1856 5524 unius
1880 5467 2058 5523 Theo-

470 5541 585 5596 dori
616 5545 832 5598 nomine
860 5542 1097 5598 defendi.

544 5698 561 5728 ¹
747 5698 970 5770 Verum,
1004 5700 1383 5755 Constituamus
1403 5700 1579 5770 igitur,
1606 5699 1826 5768 aliquos.

541 5770 562 5799 ¹
589 5768 728 5839 idem
750 5768 897 5833 cod.,
928 5772 1090 5823 altera
1122 5770 1344 5823 hominis
1372 5768 1541 5839 quem.

539 5840 558 5872 '
586 5838 730 5897 Idem
757 5841 900 5910 cod.,
933 5842 1044 5896 ideo
1076 5858 1183 5896 nos.

2163 4646 2297 4700 diem
2320 4642 2408 4716 (II
2428 4643 2548 4699 Cor.
2582 4660 2654 4711 tv,
2688 4642 2803 4717 l6).
2830 4643 2887 4701 Si
2909 4643 3174 4708 dicamus,
3202 4658 3308 4698 non
3329 4642 3555 4699 interior
3581 4646 3758 4708 homo,

2162 4736 2259 4793 sed
2288 4736 2526 4793 exterior
2574 4736 2738 4790 homo
2786 4737 3184 4805 corrumpitur;
3231 4745 3323 4789 aut
3370 4751 3477 4789 non
3527 4736 3763 4791 exterior

2162 4831 2348 4896 homo,
2398 4831 2495 4888 sed
2538 4830 2765 4886 interior
2810 4837 3100 4886 renovatur
3128 4829 3195 4884 de
3224 4828 3313 4885 die
3343 4828 3399 4884 in
3425 4827 3590 4896 diem,
3622 4844 3764 4883 nun-

2162 4922 2289 4994 quid
2317 4924 2370 4978 in
2400 4923 2535 4979 duas
2563 4922 2936 4978 subsistentias
2963 4937 2995 4975 a
3021 4922 3316 4991 semetipso
3353 4921 3625 4976 hominem
3671 4934 3763 4974 se—

2165 5012 2455 5084 paramus?
2479 5013 2619 5085 Ergo
2648 5012 2696 5069 si
2728 5012 2863 5067 tales
2892 5011 3235 5068 inveniantur
3264 5012 3334 5067 de
3373 5011 3588 5067 Christo
3616 5026 3765 5082 qna:—

2159 5109 2282 5163 dam
2307 5108 2603 5164 locutiones
2630 5107 2873 5176 Patrum,
2896 5106 2964 5161 ad
2986 5105 3211 5161 duarum
3239 5104 3416 5176 potius
3441 5114 3761 5160 naturarum

2231 5257 2261 5298 δ
2292 5260 2671 5333 ῌρωςοτύπωςτ
2691 5257 2804 5313 Hac
2829 5257 2973 5312 enim
3006 5270 3141 5312 voce
3154 5270 3298 5333 usus
3320 5254 3635 5333 Theodorus
3665 5255 3761 5310 lib.

2161 5346 2239 5386 xu
2290 5326 2357 5385 de
2409 5330 2805 5393 incarnatione,
2835 5343 2956 5383 cum
2998 5342 3065 5382 ex
3117 5327 3326 5395 placitis
3376 5328 3490 5381 suis
3536 5326 3764 5381 doceret

2162 5401 2332 5455 Deum
2380 5400 2613 5455 Verbum
2661 5415 2844 5454 verum
2895 5413 3017 5453 esse
3069 5397 3261 5451 Filium
3310 5397 3403 5452 Dei
3441 5416 3451 5448 :
3487 5397 3762 5449 hominem

2166 5486 2295 5525 vero
2324 5480 2659 5538 assumptum
2696 5469 3150 5540 σννεπιδέχεσθᾳι,
3184 5478 3238 5522 et
3282 5468 3609 5540 participare
3637 5465 3761 5523 Filii

2167 5542 2479 5614 dignitatem
2508 5541 2708 5596 unione
2732 5556 2855 5598 cum
2888 5542 3061 5597 Verbo
3082 5539 3243 5596 facta.

2240 5700 2264 5735 ⁸
2291 5702 2433 5757 idem
2460 5698 2606 5767 cod.,
2632 5697 2761 5750 Item
2793 5712 2926 5752 cum.

2243 5774 2265 5805 '
2290 5773 2433 5830 idem
2457 5769 2601 5841 cod.,
2633 5770 2776 5840 quid.
