4094 6538
319 390 418 451 761

1208 388 1344 447 PRO
1381 386 1809 447 DEFENSIONE
1844 384 2065 444 ratust
2102 381 2418 441 CAPITUL.
2461 382 2591 439 LIB.
2633 381 2727 443 lx.

3513 385 3615 441 769

323 504 701 566 discretionem
730 516 891 575 quam
918 502 991 558 ad
1014 515 1171 559 unius
1196 516 1440 572 persona:
1470 500 1793 557 divisionem
1820 513 1916 555 eas
1944 501 1993 559 Δ
2023 496 2092 552 de
2110 495 2486 554 lncarnatioue
2510 496 2654 553 libro
2674 495 2935 553 adversa
2957 497 3177 554 eosdem
3220 498 3617 568 Apolinatistas

322 601 524 658 referre
551 597 835 655 debemus.
886 595 1089 653 Deinde
1128 610 1252 651 cum
1304 594 1542 651 haeretici
1588 592 1917 665 Synusiastm

320 700 570 761 putarent
612 689 885 745 Christum
921 687 1078 743 unius
1122 687 1372 744 essentia:
1401 695 1584 743 natum
1617 688 1668 754 ⁸,
1713 701 1815 742 nec
1847 700 1918 741 ex

320 793 477 840 utero
505 782 744 853 Virginis
791 781 1045 837 habuisse
1086 795 1303 837 carnem
1328 822 1343 845 ,
1376 781 1470 837 sed
1515 781 1689 849 potius
1716 781 1769 835 in
1800 779 1920 848 ejus

320 886 477 933 utero
506 878 677 932 Deum
711 875 946 931 Verbum
982 883 1188 944 partem
1218 889 1329 930 sua:
1357 875 1689 941 substantiae,
1737 874 1791 928 id
1834 882 1922 929 est

324 969 556 1035 deitatis,
587 969 643 1024 in
669 981 890 1025 carnem
916 967 1019 1022 sibi
1052 969 1309 1033 vertisse;
1362 977 1415 1021 et
1462 967 1517 1021 in
1553 966 1642 1021 illa
1678 965 1917 1031 quidem,

323 1060 418 1117 sed
443 1076 549 1115 non
572 1074 639 1116 ex
668 1060 759 1115 illa
790 1060 1129 1115 incarnatum
1156 1072 1278 1113 esse
1305 1057 1590 1114 credentes
1612 1102 1628 1126 ,
1678 1072 1787 1113 non
1831 1071 1921 1111 sos

324 1150 433 1205 lum
477 1151 532 1205 in
570 1150 873 1214 divinitate,
906 1164 1091 1205 verum
1122 1148 1284 1203 etiam
1338 1149 1391 1202 in
1437 1162 1602 1202 carne
1630 1188 1647 1208 ,
1686 1146 1922 1201 consub-

323 1239 628 1295 stantialem
659 1238 905 1295 dicerent
946 1237 1129 1302 Patri;
1166 1237 1259 1292 sed
1304 1247 1490 1292 contra
1520 1237 1769 1292 catholici
1800 1237 1923 1307 qui-

329 1345 432 1400 que
456 1330 710 1386 doctores
738 1338 1065 1393 assererem,
1096 1326 1239 1397 quod
1261 1325 1506 1382 Christus
1529 1342 1595 1381 ex
1624 1325 1921 1381 substantia

332 1422 564 1491 Virginis
617 1430 775 1477 natus
846 1431 1010 1477 esset.
1072 1419 1450 1492 Apolinaristte
1502 1434 1731 1483 rursus,
1785 1418 1924 1474 hanc

329 1496 914 1569 doctrinam/veritatis
953 1511 1308 1575 infamantes,
1335 1511 1611 1581 iactabant
1637 1511 1777 1581 quod
1814 1510 1925 1565 Ec-

333 1602 494 1660 clesia
522 1605 603 1659 sic
626 1602 848 1660 doceret
874 1602 1148 1658 Christum
1180 1612 1363 1659 natum
1389 1619 1455 1658 ex
1487 1602 1702 1671 Virgine
1725 1642 1740 1667 ,
1772 1602 1924 1671 quasi

331 1696 490 1753 etiam
520 1695 818 1752 secundum
846 1695 1102 1751 deitatem
1130 1711 1200 1751 ex
1228 1696 1314 1751 illa
1344 1698 1664 1764 sumpsisset
1690 1695 1923 1760 initium,

330 1789 648 1858 praedicaret
675 1788 845 1842 Deum
883 1787 1116 1842 Verbum
1148 1802 1254 1841 non
1298 1796 1422 1842 ante
1447 1787 1642 1843 saecula
1672 1800 1737 1840 ex
1768 1785 1926 1847 Patre

2020 588 2150 644 dicit
2177 605 2190 641 :
2252 606 2272 641 ι
2304 589 2359 646 Si
2390 590 2577 658 utique
2598 588 2740 659 quod
2770 588 2971 645 dictum
3014 598 3099 645 est
3134 590 3360 646 Verbum
3378 608 3506 646 caro
3536 594 3616 662 {a-

2019 690 2157 736 ctum
2203 690 2314 748 est,
2359 680 2654 739 secundum
2684 682 3371 751 aliquamconversionem
3412 685 3617 742 dictum

2020 782 2122 837 est,
2161 773 2432 842 quomodo
2476 774 2781 829 inhabth
2828 775 3229 842 suscipiendum
3267 777 3393 830 est?
3433 776 3619 835 Palam

2020 876 2104 924 est
2143 868 2288 922 enim
2332 867 2620 937 omnibus,
2661 869 2785 939 quia
2831 868 2972 939 quod
3016 869 3308 938 inhabitat,
3342 870 3488 925 aliud
3531 881 3620 930 est

2021 974 2180 1030 quam
2229 959 2372 1029 quod
2421 958 2772 1015 inhabitatur.
2812 978 2832 1012 ι
2887 960 2994 1015 Sed
3045 961 3185 1014 idem
3236 961 3501 1031 interpres
3534 956 3620 1019 est

2023 1052 2223 1121 proprii
2255 1050 2427 1115 verbi,
2452 1060 2509 1107 et
2541 1053 2880 1120 praeveniens
2908 1067 3125 1108 omnem
3154 1053 3476 1109 calumniam
3519 1055 3619 1110 tibi

2022 1143 2276 1199 claudet:
2312 1160 2332 1194 ι
2361 1141 2684 1198 lnhabitavit
2710 1144 2853 1198 enim
2885 1143 2937 1197 in
2982 1143 3159 1208 nobis,
3193 1154 3432 1198 nostram
3465 1154 3622 1198 natu-

2024 1248 2139 1289 ram
2166 1248 2386 1290 sumens
2405 1240 2461 1289 ct
2479 1233 2747 1300 habitans,
2768 1244 2819 1288 et
2841 1234 2897 1288 in
2919 1248 2981 1289 ea
3008 1236 3186 1289 omnia
3209 1235 3398 1290 salutis
3423 1244 3621 1292 nostrae

2023 1327 2362 1396 dispensans.
2420 1324 2705 1393 Quomodo
2740 1339 2869 1395 ergo
2912 1325 3219 1381 inhabitans
3253 1341 3382 1381 caro
3421 1327 3619 1384 factum

2025 1427 2111 1474 est
2134 1418 2227 1473 Dei
2253 1418 2273 1449 ³
2304 1418 2572 1472 Verbum?
2614 1417 2796 1473 Palam
2840 1426 2927 1474 est
2970 1419 3095 1488 quia
3145 1434 3251 1474 non
3293 1435 3618 1490 conversus,

2027 1525 2203 1580 neque
2247 1510 2566 1577 translatus;
2623 1524 2729 1565 non
2758 1511 2903 1565 enim
2933 1509 3232 1568 inhabitare
3260 1511 3555 1569 diceretur.
3596 1533 3620 1567 ι

2028 1602 2366 1659 Manifestum
2410 1611 2495 1657 est
2538 1617 2670 1673 ergo
2696 1618 2763 1659 ex
2813 1603 2901 1659 bis
2947 1603 3213 1661 Theodori
3244 1607 3449 1673 verbis,
3480 1608 3623 1678 quod

2027 1694 2232 1763 antiqui
2280 1694 2532 1750 doctores
2600 1696 2857 1752 Ecclesia:
2923 1697 3087 1753 Deum
3149 1697 3383 1754 Verbum
3437 1711 3624 1761 contra

2033 1784 2378 1856 Evangelium
2410 1799 2519 1839 non
2573 1787 2889 1859 negaverint
2933 1802 3152 1843 carnem
3194 1787 3436 1844 factum:
3485 1804 3629 1861 quo-

331 1878 446 1933 sino
469 1878 642 1943 initio,
672 1878 766 1932 sed
794 1892 858 1932 ex
892 1876 1010 1946 ejus
1033 1884 1186 1932 utero
1208 1885 1390 1932 natum
1419 1891 1561 1943 esse,
1589 1876 1641 1929 id
1670 1884 1756 1932 est
1784 1875 1928 1931 velut
1959 1877 2004 1937 Β
2032 1875 2192 1930 modo
2215 1876 2360 1931 enim
2389 1886 2611 1947 possent
2641 1878 2935 1947 Evangelia
2963 1888 3148 1947 aperte
3177 1880 3454 1948 resistere,
3482 1891 3537 1936 et
3564 1881 3622 1940 in

333 1971 421 2039 qui
470 1980 595 2027 ante
641 1986 747 2025 non
789 1979 958 2036 esset,
988 1972 1267 2027 exstitisse
1296 1972 1518 2027 diceret.
1556 1970 1723 2040 Cujus
1754 1984 1931 2025 remo-

333 2061 519 2118 venda:
547 2062 937 2117 criminationis
985 2065 1309 2119 necessitate
1333 2105 1349 2130 ,
1396 2063 1441 2118 si
1477 2064 1643 2132 aliqui
1672 2065 1930 2118 adversus

337 2168 427 2211 eos
456 2169 524 2209 ex
554 2153 787 2221 antiquis
824 2152 1079 2209 Ecclesia:
1121 2153 1433 2211 doctoribus
1458 2196 1473 2221 ,
1508 2154 1733 2209 necdum
1765 2169 1831 2208 ex
1851 2154 1929 2207 al-

336 2252 447 2299 tera
477 2253 626 2311 parte
656 2244 980 2298 sollicitante
1018 2243 1248 2299 Nestorii
1293 2244 1613 2315 quaestiune,
1650 2221 1970 2311 dixerupt,’

335 2347 443 2388 non
474 2334 612 2388 Deus
645 2334 877 2389 Verbum
907 2349 973 2389 ex
1000 2334 1227 2389 muliere
1255 2342 1413 2389 natus
1442 2344 1559 2390 est:
1594 2344 1846 2403 tanquam
1882 2336 1930 2390 si

335 2424 597 2492 dicerent,
630 2442 759 2491 non,
792 2435 851 2480 ut
877 2426 1281 2482 calumniamini
1302 2468 1316 2492 ,
1353 2426 1457 2483 hoc
1482 2429 1641 2482 docet
1670 2426 1926 2493 Ecclesia,

336 2520 478 2589 quod
508 2520 687 2575 divina
721 2520 816 2574 Dei
841 2519 999 2574 Verbi
1028 2528 1215 2575 natura
1244 2535 1309 2575 es
1341 2528 1495 2575 utero
1524 2522 1546 2552 ¹
1583 2519 1812 2589 Virginis
1833 2533 1930 2574 ex-

336 2611 494 2676 stitit,
534 2610 629 2666 sed
674 2610 926 2675 humana,
977 2625 1097 2679 qua:
1145 2626 1211 2665 ex
1258 2610 1465 2667 semine
1507 2610 1673 2665 David
1704 2610 1933 2679 sumpsit

339 2700 549 2756 initium
579 2720 592 2755 :
624 2701 815 2756 ideone
844 2714 1032 2756 causas
1056 2715 1152 2756 cur
1183 2699 1256 2755 ita
1290 2701 1453 2757 locuti
1482 2711 1629 2767 sunt,
1652 2716 1759 2757 non
1782 2702 1933 2756 inve-

340 2792 538 2861 stigare
568 2805 631 2845 ac
659 2790 1032 2846 demonstrare
1064 2788 1321 2846 debemus
1343 2833 1359 2859 ,
1390 2790 1485 2846 sed
1516 2790 1929 2847 condemnanda

339 2896 455 2949 eos,
482 2882 629 2937 velut
646 2881 952 2937 Nestoriani
978 2881 1180 2939 erroris
1207 2890 1476 2946 auctores,
1504 2878 1705 2937 Christi
1749 2882 1935 2939 Eccle-

339 2973 495 3039 siam,
524 2972 577 3028 in
605 2972 758 3042 cujus
787 2972 992 3027 honore
1018 2971 1258 3027 defuncti
1288 2980 1438 3039 sunt,
1479 2972 1789 3027 criminari?
1827 2974 1936 3029 Aut

339 3064 388 3122 si
414 3064 672 3120 adversus
711 3062 1023 3121 earumdem
1046 3064 1529 3135 Apolinaristarum
1557 3063 1932 3132 intentionem,

343 3152 483 3208 n‘ale
526 3152 995 3222 interpretantium
1043 3154 1208 3209 verba
1256 3151 1480 3208 Joannis
1547 3154 1930 3224 evangelista,

2035 1968 2123 2023 illa
2153 1969 2402 2025 honorati
2430 1971 2694 2026 manere?
2721 1972 2827 2027 Sed
2849 2016 2862 2036 .
2906 1974 3045 2028 sicut
3074 1974 3161 2029 hic
3190 1975 3367 2043 docet,
3400 1990 3623 2032 conver-

2032 2058 2237 2113 sionem
2270 2059 2537 2115 ‘carnem
2597 2063 2766 2116 factus
2829 2063 3094 2118 adversus
3142 2066 3624 2133 Apolinaristarum

2034 2150 2296 2205 insaniam
2324 2151 2660 2222 denegabant
2684 2170 2697 2206 ;
2727 2154 2867 2209 sicut
2894 2155 2947 2208 in
2975 2155 3263 2226 Evangelio
3295 2159 3506 2216 dicente
3530 2162 3625 2217 Do-

2036 2243 2203 2309 mino,
2234 2242 2390 2297 Pater
2417 2245 2588 2316 major
2626 2260 2705 2299 me
2749 2257 2824 2299 est
2863 2245 3042 2315 (Jaan.
3080 2263 3192 2317 xxv,
3243 2250 3324 2318 2),
3377 2253 3626 2319 quoniam

2035 2334 2216 2388 Ariani
2251 2334 2353 2388 hoc
2380 2334 2689 2390 testimonio
2713 2335 3029 2403 abutuntur,
3080 2340 3242 2393 etiam
3281 2355 3381 2395 nos
3416 2342 3626 2400 illorum

2032 2423 2316 2480 intentioni
2342 2439 2447 2479 non
2463 2425 2754 2495 Evangelia
2780 2427 3115 2493 resistentes,
3133 2443 3392 2500 negamus
3415 2431 3627 2488 Patrem

2033 2515 2169 2571 Filio
2210 2531 2331 2571 esse
2376 2516 2661 2587 majorem.
2700 2517 2765 2571 Et
2808 2517 2852 2572 si
2884 2519 3003 2588 quis
3030 2521 3189 2574 etiam
3224 2521 3311 2577 hic
3340 2524 3625 2579 verborum

2032 2620 2197 2663 sonos
2241 2616 2297 2661 et
2332 2623 2440 2663 non
2482 2610 2817 2678 propositum
2849 2612 3046 2665 mentis
3084 2613 3361 2678 attendat,
3396 2614 3626 2670 Arianos
3669 2627 3673 2630 ’

2036 2698 2213 2766 potius
2240 2712 2400 2767 quam
2430 2711 2531 2752 nos
2561 2697 2773 2766 putabit
2809 2698 3083 2768 Evangelii
3114 2701 3395 2756 sententia:
3432 2716 3628 2757 conve~

2035 2787 2172 2842 nire.
2220 2788 2504 2855 Quomodo
2542 2797 2719 2843 autem
2770 2788 3012 2845 dicerent
3063 2792 3459 2860 Apolinaristze,
3498 2793 3628 2849 Ver-

2035 2883 2153 2935 bum
2181 2897 2299 2934 caro
2326 2885 2522 2951 factum
2541 2890 2638 2949 est,
2667 2890 2720 2935 et
2741 2882 3011 2952 quomodo
3040 2884 3291 2940 catholici
3337 2888 3627 2955 respondes

2035 2980 2177 3039 rent,
2204 2972 2248 3026 si
2274 2979 2454 3027 tamen
2490 2970 2565 3027 ita
2594 2971 2943 3043 respondisse
2986 2984 3376 3042 monstrantur,
3415 2977 3631 3033 Verbum

2036 3080 2156 3119 caro
2193 3081 2295 3119 non
2334 3066 2527 3136 {actim
2567 3074 2659 3131 est,
2703 3066 2945 3123 Ecclesia
2978 3067 3253 3137 indicabit,
3283 3086 3402 3140 qua:
3427 3080 3482 3125 et
3511 3072 3629 3128 illos

2037 3157 2265 3229 expulit,
2294 3168 2348 3213 et
2373 3158 2497 3214 illos
2524 3159 2544 3191 '
2572 3158 2758 3214 habuit
2797 3159 3107 3216 honoratos.
3151 3160 3307 3217 Unde
3349 3164 3629 3231 consequi-

341 3245 533 3316 quibus
561 3245 673 3301 ait:
712 3242 937 3299 Verbum
980 3261 1101 3299 caro
1130 3246 1325 3316 factum
1353 3254 1429 3300 est
1452 3244 1632 3315 (Joan.
1663 3261 1703 3313 ι,
1738 3244 1849 3315 14),
1880 3256 1934 3303 et
1962 3243 2008 3306 C
2041 3259 2127 3305 tur
2164 3257 2223 3304 ut
2251 3249 2297 3305 si
2326 3249 2444 3319 quis
2470 3250 2540 3306 ab
2564 3249 2803 3307 Ecclesia
2823 3250 2958 3306 istos
3001 3250 3231 3306 noluerit
3254 3252 3276 3285 ⁸
3319 3252 3629 3322 expellere,

342 3337 654 3406 dicentium,
688 3337 828 3407 quod
857 3338 1285 3395 convertibiliter
1315 3336 1549 3393 Verbum
1581 3352 1710 3393 caro
1748 3338 1820 3394 sit
1857 3338 1941 3393 fas

338 3436 505 3493 ctum,
557 3428 958 3497 responderunt
995 3430 1159 3497 aliqui
1205 3428 1447 3483 dicentes
1482 3444 1497 3480 :
1533 3428 1672 3483 Deus
1705 3428 1937 3484 Verbum

344 3534 452 3575 non
482 3518 655 3575 factus
684 3529 767 3575 est
795 3536 921 3576 caro
948 3529 1011 3588 ει,
1059 3520 1112 3576 id
1139 3530 1223 3576 est
1249 3520 1693 3587 convertibiliter,
1727 3521 1822 3576 sed
1853 3536 1939 3577 as-

314 3650 321 3655 .
346 3612 574 3681 sumpsit
594 3625 807 3667 carnem
837 3626 1063 3667 manens
1091 3611 1233 3682 quod
1257 3619 1395 3678 erat,
1426 3610 1717 3679 Evangelio
1739 3609 1938 3666 debent

344 3704 596 3759 contrarii
621 3704 895 3775 judicarii
926 3704 1079 3773 Quod
1133 3703 1179 3759 si
1210 3704 1282 3758 ita
1310 3711 1414 3769 est,
1447 3701 1825 3773 Apolinaristaa
1855 3702 1937 3756 vi-

345 3794 612 3851 debuntur
640 3795 962 3866 evangelicae
991 3794 1365 3866 prazdicationi
1394 3806 1714 3863 congruere.
1747 3790 1806 3847 Si
1834 3807 1937 3849 au-

345 3895 457 3945 tem
486 3892 865 3960 Apolinarista:
894 3906 993 3962 pro
1042 3907 1153 3948 sum
1182 3892 1381 3947 mentis
1409 3889 1727 3957 intentione,
1751 3905 1939 3960 quam.

346 3985 426 4041 vis
453 3984 697 4041 dicerent
725 3985 960 4041 Verbum
991 4000 1119 4041 caro
1149 3984 1349 4041 factum
1374 3992 1458 4040 est
1482 4025 1498 4049 ,
1532 3984 1730 4039 inimici
1756 3991 1939 4039 tamen

346 4078 710 4148 pradicationi
752 4078 1079 4149 evangelica:
1122 4076 1464 4148 iudicantur;
1514 4077 1679 4132 etiam
1726 4076 1804 4131 illi
1849 4076 1939 4147 qui

348 4169 539 4225 talibus
568 4168 623 4225 in
652 4170 892 4226 Ecclesia
922 4178 1202 4226 manentes
1223 4168 1689 4233 contradixerunt,
1712 4182 1809 4236 pro
1830 4182 1941 4222 sua:

347 4259 542 4316 mentis
592 4260 892 4317 intentione
936 4262 1328 4316 convenientes
1374 4257 1739 4329 praedicationi
1768 4273 1944 4315 evan-

348 4351 537 4422 gelica:
563 4351 895 4422 iudicentur.
932 4351 1140 4409 idcirco
1184 4351 1502 4408 Theodorus
1544 4365 1758 4422 quoque
1798 4365 1942 4408 nouo

430 4539 458 4570 ⁸
497 4533 764 4589 Theodori
805 4533 968 4589 verba
1011 4548 1079 4589 ex
1118 4532 1215 4588 lib.
1251 4546 1305 4586 ιν
1360 4539 1547 4587 contra
1593 4528 1967 4598 Apolinarem'

348 4605 557 4680 profert
585 4605 850 4683 beantqu
874 4606 966 4683 lib.
1002 4620 1060 4658 ιιι
1079 4621 1098 4683 ξ
1136 4604 1262 4668 Quis
1298 4603 1936 4683 mente‘prreditus‘difat,
1969 4623 2016 4683 υ

350 4671 515 4734 ἱιευοδ
562 4675 750 4742 dicitis,
808 4674 1031 4728 Verbum
1068 4674 1258 4745 factum
1308 4689 1414 4727 esse
1470 4672 1766 4726 hominem?
1822 4671 1937 4745 Nos

348 4750 483 4804 enim
522 4746 860 4813 assumpsisse
898 4744 1100 4814 quidem
1144 4745 1400 4797 hominem
1438 4754 1780 4796 asseveranter
1810 4744 1938 4796 dici-

349 4836 486 4885 mus,
515 4816 709 4884 fuetum
728 4832 846 4869 vero
875 4832 982 4870 esse
1002 4816 1257 4869 hominem
1284 4829 1543 4879 nunquam
1563 4814 1731 4868 dicere
1756 4830 1939 4881 possu-

350 4907 484 4945 mus.
519 4888 595 4940 Ex
620 4886 816 4959 quibus
844 4895 992 4960 patet
1017 4901 1121 4960 non
1151 4886 1325 4960 solum
1352 4888 1483 4941 κατά
1520 4890 1714 4960 πέρ-οπῄν
1742 4885 1937 4960 factum

351 4972 578 5029 negasse
625 4954 812 5029 contra
842 4954 1145 5026 Apolinaris
1175 4957 1473 5029 d0gma,_ut
1504 4954 1669 5029 videri
1701 4955 1813 5029 vult
1838 4954 1937 5008 Fa-

350 5024 597 5093 cundus;
644 5027 742 5082 sed
791 5024 1054 5091 absolute,
1107 5036 1162 5079 ut
1195 5024 1285 5095 qui
1331 5025 1582 5079 unionem
1624 5024 1783 5095 Verbi
1827 5040 1934 5080 non

349 5101 511 5156 aliam
539 5109 855 5165 agnosceret
879 5112 1038 5167 quam
1062 5105 1153 5157 τῆς
1183 5094 1455 5155 διαθέσεως
1482 5098 1569 5167 δεᾳί
1590 5094 1839 5167 sudaria“.

424 5170 452 5209 ⁵
491 5164 778 5225 Theodoro
804 5164 945 5223 inter
974 5176 1169 5221 caetera
1196 5166 1384 5234 objicit
1407 5167 1459 5218 in
1482 5164 1659 5218 edicto
1679 5164 1937 5220 Justiniao

352 5256 476 5307 nus,
508 5240 646 5307 quod
677 5240 880 5293 diceret
906 5237 1176 5293 Christum
1208 5251 1302 5304 per
1324 5235 1649 5307 baptismum
1677 5238 1937 5307 uionaiar

350 5304 620 5377 ἀξιὼθῆναι
648 5352 661 5375 ,
694 5309 921 5362 filiorum
946 5307 1289 5372 adoptionem
1316 5304 1568 5377 adeptth
1598 5319 1737 5359 esse.
1767 5306 1936 5360 Leon-

351 5373 455 5436 tius
479 5396 542 5436 ex
571 5373 684 5446 ejus
717 5380 805 5432 lib.
834 5394 897 5433 ιιι
937 5378 1006 5432 de
1041 5377 1413 5431 lncarnatione
1440 5392 1452 5428 :
1489 5373 1693 5446 Etﬁego
1723 5377 1940 5445 gloriam

350 5468 504 5522 quam
529 5450 724 5522 dedisti
744 5451 889 5513 mihi,
924 5450 1041 5522 dedi
1070 5450 1160 5502 eis.
1196 5447 1485 5522 Quamnam
1502 5445 1751 5522 ?_Nempe
1782 5448 1943 5522 parti-

352 5517 526 5589 éipare
553 5521 894 5589 adOptionem.
943 5519 1092 5572 Hanc
1125 5519 1260 5589 enim
1302 5517 1634 5589 accepitjpse
1663 5518 1943 5589 secundum

350 5587 724 5647 humanitatem
772 5592 1060 5659 baptizatus
1104 5590 1157 5641 in
1199 5587 1448 5641 Jordane.
1485 5587 1654 5654 Quam
1691 5587 1941 5643 hmresim

423 5725 444 5761 ⁸
481 5724 612 5780 Cod.
651 5724 873 5790 Veron.,
899 5724 1049 5778 unius
1077 5738 1186 5777 esse
1206 5731 1425 5785 natum,
1455 5735 1568 5775 nec.

424 5799 445 5829 '
486 5796 627 5851 Idem
656 5793 804 5861 cod.,
837 5797 902 5849 de
932 5805 1117 5849 natura
1152 5793 1395 5863 Virginis.

414 5865 449 5952 ξ
486 5867 632 5924 ldcm
666 5864 807 5934 cod.,
832 5865 1000 5932 factus
1029 5875 1101 5920 est
1127 5862 1263 5921 Deus
1300 5862 1519 5918 Verbum
1551 5864 1575 5917 .’

2039 3340 2412 3396 stultissimam
2439 3356 2626 3396 eorum
2659 3343 2966 3412 progeniem
2998 3343 3359 3414 Eutychianos
3388 3360 3510 3400 cum
3534 3361 3630 3400 suo

2039 3446 2226 3488 errore
2252 3432 2416 3487 faciat
2442 3433 2688 3490 introire.
2720 3433 3074 3502 Adorttionem
3108 3450 3322 3506 quoque
3356 3436 3583 3491 filiorutn
3604 3436 3631 3476 ι’

2040 3523 2345 3591 suscepisse
2376 3520 2682 3590 Christum,
2733 3524 2778 3578 si
2826 3524 3029 3593 antiqui
3076 3523 3325 3579 doctores
3377 3526 3630 3583 Ecclesia

2039 3610 2246 3668 dixisse
2276 3621 2723 3679 monstrarentur,
2753 3628 2854 3668 nec
2884 3615 3021 3683 ipsi,
3054 3629 3155 3669 nec
3185 3616 3360 3671 omnis
3392 3618 3629 3674 Ecclesia

2041 3720 2161 3777 quae
2187 3706 2324 3762 tales
2354 3708 2606 3762 doctores
2647 3706 2873 3771 habuit,
2920 3707 3153 3777 iudicari
3202 3708 3423 3763 deberet
3461 3709 3631 3764 haere-

2042 3799 2167 3855 tica.
2198 3800 2328 3854 Nam
2360 3808 2756 3855 sacramentum
2803 3799 3107 3867 adoptionis
3137 3801 3415 3866 suscipere
3441 3802 3631 3870 digna-

2042 3901 2129 3949 tus
2176 3900 2259 3948 est
2310 3892 2587 3960 Christus,
2645 3901 2704 3947 et
2756 3892 2968 3961 quando
3022 3890 3371 3947 circumcisus
3422 3902 3531 3959 est,
3580 3903 3633 3949 et

2042 3986 2260 4056 quando
2291 3986 2590 4054 baptizatus
2616 3994 2737 4052 est;
2780 3995 2835 4041 et
2865 3994 3041 4055 potest
3072 3995 3465 4042 sacramentum
3506 3988 3632 4043 ado-

2043 4077 2240 4147 ptionis
2264 4077 2482 4146 adoptio
2509 4075 2844 4146 nuncupari:
2868 4078 3005 4132 sicut
3027 4086 3423 4132 sacramentum
3442 4093 3634 4148 corpo-

2042 4169 2119 4224 ris
2144 4179 2201 4224 et
2219 4170 2493 4239 sanguinis
2513 4170 2651 4238 ejus,
2676 4169 2819 4239 quod
2847 4179 2931 4224 est
2960 4170 3012 4224 in
3046 4185 3183 4240 pane
3208 4179 3262 4224 et
3290 4172 3483 4240 poculo
3503 4187 3633 4227 con-

2045 4271 2281 4327 secrato,
2304 4276 2499 4333 corpus
2522 4261 2642 4331 ejus
2664 4268 2719 4316 et
2740 4262 3052 4332 sanguinem
3080 4261 3339 4317 dicimus:
3366 4278 3471 4316 non
3494 4264 3633 4333 quod

2045 4353 2262 4423 proprie
2287 4332 2485 4421 corpus
2515 4353 2634 4421 ejus
2663 4351 2733 4405 sit
2758 4350 2928 4420 panis,
2960 4357 3013 4406 et
3035 4350 3281 4419 poculum
3310 4332 3527 4421 sanguis
3568 4362 3592 4394 ο
3620 4372 3634 4422 ς

2046 4528 2251 4599 aliquot
2280 4537 2402 4597 post
2426 4526 2642 4583 saeculis
2667 4528 2735 4583 ab
2764 4527 3015 4595 Elipanto
3038 4528 3294 4595 episcopo
3320 4537 3634 4586 renovatam

2045 4600 2319 4655 damnavit
2355 4608 2410 4655 et
2467 4599 2686 4666 copiose
2734 4600 2987 4653 refutavit
3026 4599 3266 4668 synodus
3313 4599 3637 4657 Francofor.

2043 4670 2288 4737 diensis,
2330 4669 2605 4724 Christum
2634 4679 2874 4739 statuens
2920 4685 3105 4724 verum
3135 4680 3190 4724 et
3234 4673 3508 4739 proprium
3554 4673 3637 4737 die

2042 4741 2267 4796 cendum
2299 4755 2418 4794 esse
2450 4739 2639 4793 Filium
2666 4738 2783 4806 Dei,
2813 4755 2919 4794 non
2950 4739 3280 4808 adoptivum.

2120 4823 2144 4852 ο
2186 4811 2345 4865 Panis
2373 4819 2745 4876 consecratus,
2791 4821 2981 4864 natura
3029 4821 3283 4874 mutatus,
3337 4810 3488 4880 panis
3531 4827 3636 4866 non

2045 4892 2159 4948 est;
2193 4882 2344 4951 panis
2371 4889 2550 4936 tamen
2578 4883 2902 4949 appellatur,
2932 4885 3053 4947 quia
3078 4882 3230 4950 panis
3258 4883 3377 4946 fuit,
3404 4895 3451 4935 et
3486 4886 3638 4949 panis

2043 4952 2278 5022 speciem
2311 4953 2542 5006 retinet:
2595 4952 2847 5022 idemque
2879 4953 3138 5018 judicium
3170 4962 3255 5005 est
3282 4952 3409 5007 vini.
3443 4953 3637 5006 Panem

2044 5020 2229 5078 rursus
2261 5023 2549 5090 vinumque
2583 5026 2779 5090 corpus
2815 5020 3014 5075 Christi
3057 5031 3111 5077 et
3150 5026 3463 5091 sanguinem
3504 5022 3639 5076 dici-

2045 5107 2186 5160 mus,
2219 5102 2277 5146 ut
2299 5092 2627 5163 Augustinus
2655 5108 2865 5163 quoque
2888 5092 3119 5163 affirmat
3154 5094 3246 5146 lib.
3282 5107 3340 5145 ιιι
3367 5094 3432 5147 de
3458 5091 3640 5146 Trini-

2047 5174 2180 5229 tate,
2202 5177 2326 5230 cap.
2348 5162 2406 5229 4,
2438 5178 2543 5217 non
2574 5162 2807 5229 proprie,
2842 5162 2935 5215 sed
2966 5162 3191 5229 figurate
3221 5180 3234 5217 :
3266 5163 3390 5230 quia
3421 5163 3523 5217 sub
3551 5177 3640 5230 pa-

2048 5234 2129 5289 nis
2153 5243 2211 5289 et
2229 5235 2337 5288 vini
2380 5236 2562 5303 specie
2586 5246 2784 5303 corpus
2817 5231 3015 5303 Christi
3042 5240 3097 5285 et
3126 5235 3347 5301 sanguis
3374 5234 3429 5287 in
3461 5250 3639 5287 sacra-

2048 5314 2230 5359 mento
2274 5301 2636 5358 continentur.
2679 5302 2789 5355 Nec
2834 5301 2958 5360 otia.
3005 5305 3218 5369 Opinor,
3265 5304 3316 5354 in
3349 5305 3433 5357 his
3465 5306 3641 5357 verbis

2048 5374 2314 5429 sententia
2348 5386 2427 5428 est
2460 5373 2723 5429 Facundi.
2754 5372 2883 5426 Nam
2912 5371 2982 5426 de
3003 5373 3228 5426 veritate
3250 5374 3424 5426 carnis
3448 5382 3502 5426 et
3523 5389 3642 5425 san-

2049 5447 2224 5514 guinis
2264 5443 2463 5499 Christi
2524 5446 2577 5498 in
2630 5444 2953 5497 cucharisﬁa
3005 5443 3253 5497 dubitate
3300 5459 3404 5495 non
3454 5445 3642 5514 potuit,

2051 5513 2175 5586 quia
2217 5524 2333 5584 post
2364 5515 2536 5586 ipsius,
2568 5514 2777 5586 Domini
2821 5515 3231 5580 professionem,
3270 5523 3327 5586 ut
3358 5514 3513 5568 docet
3554 5513 3643 5586 lli-

2053 5583 2222 5642 larius'
2248 5586 2340 5640 ιιι).
2375 5602 2468 5639 νιιι
2508 5585 2577 5640 de
2620 5584 2901 5652 Trinitate,
2944 5600 3049 5638 non
3093 5592 3178 5638 est
3222 5584 3449 5640 relictus
3476 5583 3643 5638 ambi-

2120 5717 2141 5746 ⁸
2182 5715 2323 5771 Idem
2355 5715 2503 5782 cod.,
2534 5715 2865 5770 conuersione
2894 5725 2939 5770 et
2972 5714 3307 5771 translatione
3334 5730 3564 5774 carnem.

2120 5789 2140 5819 '
2177 5787 2323 5841 ldem
2351 5786 2500 5853 cod.,
2531 5786 2676 5852 istos,
2709 5800 2906 5857 nempe
2935 5784 3256 5843 catholicos.

2122 5860 2141 5890 °
2181 5857 2323 5915 Idem
2357 5857 2506 5926 cod.,
2532 5857 2765 5913 voluerit.
