4094 6500
496 280 603 337 765

1560 284 1565 287 ’
1608 274 1905 334 FACUNDI
1944 272 2163 333 EPISC.
2202 272 2715 335 Βεηωιλκεκειε

3696 270 3818 327 764

498 395 593 451 seti
622 393 764 463 quod
793 393 848 449 in
876 408 937 450 se
960 392 1273 465 mysterium
1300 389 1547 461 corporis
1568 389 1687 460 eius
1709 389 2092 461 sanguinisque
2118 390 2168 447 Δ
2201 388 2387 444 eadem
2419 389 2589 459 gloria
2622 396 2678 443 et
2707 394 2953 457 potestas
2982 392 3102 457 post
3132 383 3585 441 resurmctionem
3633 387 3817 457 magis

499 487 833 543 contineant.
858 485 999 542 llinc
1023 490 1077 539 et
1104 484 1219 552 ipse
1247 481 1507 537 Dominus
1534 480 1878 536 benedictum
1902 492 2094 548 panem

500 591 555 636 rt
583 580 804 636 calicem
838 591 996 643 quem
1026 573 1307 645 discipulis
1341 571 1586 639 tradidit,
1628 586 1828 640 corpus
1874 580 1932 627 et
1972 585 2101 626 san—

490 672 716 741 guinem
747 685 903 725 suum
930 668 1165 722 vocavit.
1204 665 1468 734 Quocirca
1508 665 1651 720 sicut
1677 662 1880 719 Christi
1914 662 2100 719 ﬁdeles

501 773 894 817 sacramentum
922 759 1165 829 corporis
1190 766 1247 814 et
1281 757 1555 827 sanguinis
1591 756 1713 827 ejus
1747 755 2096 826 accipientes,

501 867 698 920 (unus
726 862 781 907 et
808 852 1122 923 sanguinem
1149 849 1353 907 Christi
1382 859 1531 908 recte
1551 850 1805 906 dicuntur
1826 849 2098 919 accipere,

500 946 577 1003 sic
601 954 659 1001 et
685 946 802 1015 ipse
826 945 1094 1010 Christus,
1121 952 1521 1000 sacramentum
1542 942 1848 1014 adoptionis
1867 940 2099 997 ﬁliorum

500 1054 622 1094 cum
651 1037 1006 1105 suscepisset,
1050 1037 1225 1106 potuit
1264 1044 1412 1093 recte
1446 1036 1553 1091 dici
1585 1034 1935 1105 adoptionem
1963 1031 2103 1088 ﬁlio-

500 1143 619 1183 rum
648 1129 953 1196 suscepisse
978 1144 993 1181 :
1032 1126 1269 1199 alioquin
1298 1141 1478 1198 neque
1506 1127 1577 1184 de
1614 1128 1771 1183 nobis
1804 1124 2117 1199 dicendum,

502 1229 588 1276 est
626 1220 881 1289 quoniam
930 1219 1276 1290 adoptionem
1330 1218 1668 1289 suscepimus
1713 1218 1979 1286 ﬁliorum,
2009 1225 2133 1311 aut?

2203 481 2469 537 innotuit:
2517 489 2647 537 tunc
2686 479 3023 551 gloriﬁcatus
3061 488 3117 535 et
3164 486 3489 549 potestatem
3525 479 3823 549 accepisse

2203 583 2476 641 narratur,
2502 573 2718 642 quando
2747 572 2863 628 haec
2888 572 2943 627 in
2970 570 3289 643 cognitione
3307 570 3642 627 credentium
3667 570 3819 627 facta

2202 676 2356 733 sunt,
2386 669 2528 724 sicut
2554 675 2609 721 et
2638 668 2689 720 in
2719 665 2965 722 oratione
2991 664 3222 720 dicimus
3262 682 3276 719 :
3307 663 3678 733 Sanctiﬁcetur
3711 680 3825 718 tro-

2201 774 2317 813 men
2346 768 2492 813 tuum
2516 756 2672 826 (Luc.
2698 772 2776 823 xt,
2808 756 2889 825 2),
2932 755 3140 811 scilicet
3165 763 3221 809 ut
3246 754 3301 810 in
3335 754 3640 825 cognitione
3669 753 3786 809 ﬁde
3806 785 3820 794 -

2204 850 2337 906 lium
2368 850 2461 906 ﬁat
2488 858 2754 905 sanctum.
2787 849 2915 904 Sive
2938 846 3062 917 quia
3088 846 3132 901 si
3155 846 3283 916 quid
3311 846 3593 917 potestatis
3614 854 3672 902 et
3689 845 3819 917 glo-

2202 941 2301 997 rite
2326 949 2449 1011 post
2482 944 2600 1011 ejus
2628 940 3080 997 resurrectionem
3114 938 3373 995 Ecclesiae
3398 938 3657 994 donatum
3696 945 3827 1003 est,

2205 1034 2322 1103 ipse
2346 1032 2546 1088 dicitur
2574 1032 2869 1102 accepisse,
2894 1040 3149 1102 tanquam
3172 1038 3335 1101 caput
3358 1031 3412 1085 in
3444 1031 3723 1093 membris,
3755 1028 3821 1082 id

2204 1136 2288 1183 est
2316 1127 2371 1183 in
2402 1127 2711 1182 hominibus
2741 1125 3012 1181 ﬁdelibus.
3045 1124 3200 1181 Unde
3235 1124 3447 1179 dictum
3482 1134 3564 1178 est
3604 1137 3638 1177 a
3684 1138 3828 1193 pro-

2174 1206 2405 1290 tpbeta:
2456 1218 2751 1273 Ascendens
2787 1217 2841 1271 in
2878 1217 3043 1271 altum
3072 1215 3332 1286 captivam
3357 1217 3507 1269 duxit
3533 1215 3817 1282 captiuita-

501 1313 626 1381 quia
649 1312 913 1382 redempti
943 1326 1131 1367 sumus
1159 1320 1321 1383 atque
1351 1312 1566 1377 salvati,
1589 1310 1841 1382 quoniam
1871 1306 2123 1381 Apostol
2206 1322 2329 1378 tem,
2347 1312 2591 1382 accepisti
2618 1310 2757 1365 dona
2785 1311 2842 1364 in
2867 1309 3158 1364 hominibus
3179 1308 3353 1380 (Psal.
3384 1323 3554 1376 xmr,
3578 1306 3692 1375 l9).
3716 1307 3821 1363 His

505 1406 589 1460 lus
610 1406 745 1461 dicit
774 1422 791 1461 :
824 1405 939 1461 Nos
967 1406 1067 1479 ipsi
1096 1405 1352 1476 primitias
1380 1406 1595 1475 spiritus
1620 1406 1862 1460 habentes
1886 1445 1903 1471 ,
1932 1412 1979 1457 et
2005 1403 2105 1474 ipsi
2206 1416 2263 1462 et
2299 1406 2423 1461 aliis
2452 1404 2822 1473 compluribus
2861 1404 3037 1459 modis
3062 1403 3202 1459 dicta
3236 1402 3655 1471 praecedentium
3703 1401 3818 1456 Pa-

502 1502 641 1555 intra
670 1515 765 1555 nos
793 1500 1046 1570 gemimus
1071 1498 1401 1568 adoptiuum
1424 1498 1654 1567 ﬁliorum
1682 1497 1776 1552 Dei
1801 1502 2105 1565 aspectan-
2208 1507 2351 1553 trum
2378 1497 2499 1568 pius
2520 1505 2684 1570 atque
2702 1495 2986 1552 exercitati
3008 1509 3200 1550 sensus
3224 1494 3392 1549 lector
3410 1503 3469 1549 et
3484 1493 3816 1562 intelligere,

506 1602 602 1659 tes,
631 1593 1027 1665 redemptionem
1062 1593 1295 1660 corporis
1322 1592 1519 1657 nostri;
1548 1607 1640 1658 spe
1659 1591 1795 1646 enim
1819 1588 1949 1645 salui
1979 1588 2107 1660 facti
2209 1600 2265 1647 et
2292 1590 2551 1646 adversus
2573 1589 2953 1646 haereticorum
2975 1588 3272 1644 calumnias
3290 1587 3582 1643 defendere
3606 1595 3816 1656 potest;

504 1700 715 1751 sumus;
764 1700 881 1753 spes
909 1695 1084 1739 autem
1118 1700 1233 1753 quae
1260 1684 1480 1751 videtur,
1523 1699 1626 1736 non
1659 1692 1736 1736 est
1771 1697 1885 1751 spes
1902 1680 2102 1768 .(Rom.
2211 1683 2495 1753 imperitus
2524 1691 2704 1736 autem
2735 1689 2785 1735 et
2818 1692 3099 1751 arrogans,
3125 1680 3215 1749 qui
3244 1693 3406 1734 omne
3433 1679 3573 1748 quod
3602 1693 3710 1733 non
3729 1678 3819 1732 in-

503 1789 622 1841 vni,
652 1774 747 1843 ‘25,
775 1775 892 1848 24).
922 1774 1073 1831 Sicut
1099 1790 1250 1845 ergo,
1282 1775 1528 1845 quamvis
1572 1773 1774 1842 adhuc,
1806 1771 2102 1828 secundum
2136 1770 2185 1832 B
2212 1770 2500 1839 tellexerit,
2533 1786 2640 1827 non
2666 1770 2901 1838 discere,
2933 1769 3027 1825 sed
3054 1768 3415 1825 condemnare
3448 1768 3689 1839 festinat,
3715 1783 3815 1822 ne-

508 1867 857 1935 Apostolum,
889 1874 1270 1936 exspectemus
1297 1866 1643 1935 adoptionem
1679 1874 1736 1920 et
1773 1861 2107 1931 rcdemptio—
2210 1877 2365 1920 cesso
2396 1870 2481 1918 est
2514 1870 2573 1917 ut
2614 1861 2965 1918 conturbetur
2992 1862 3047 1915 in
3076 1858 3310 1925 talibus;
3344 1867 3441 1929 et,
3474 1859 3520 1913 si
3550 1858 3814 1927 potuerit,

509 1971 656 2021 nem,
711 1965 766 2011 et
811 1955 1081 2021 salutem;
1125 1964 1326 2019 tamen,
1381 1954 1507 2023 quia
1553 1953 1666 2023 jam
1714 1959 2109 2007 sacramentum
2212 1957 2351 2011 alios
2374 1969 2589 2026 quoque
2618 1954 2928 2020 conturbet,
2963 1952 3093 2009 dum
3122 1952 3393 2007 rationem
3415 1964 3577 2022 quam
3598 1966 3699 2019 pro
3718 1966 3825 2007 sua

509 2049 841 2118 adoptionis,
869 2059 923 2104 et
952 2048 1364 2117 redemptionis,
1408 2056 1463 2102 et
1486 2046 1679 2102 salutis
1707 2046 2028 2115 accipimus,
2057 2051 2113 2100 et
2180 2120 2181 2123 η
2219 2048 2483 2118 imperitia
2514 2061 2623 2103 non
2670 2046 2844 2117 potuit
2871 2045 3141 2112 invenire,
3174 2045 3338 2101 etiam
3370 2058 3476 2114 pro
3505 2047 3817 2114 arrogantia

511 2143 604 2196 ﬁlii
638 2142 754 2205 Dei,
786 2152 839 2197 et
869 2156 910 2196 ra
932 2139 1158 2210 dempti,
1188 2146 1245 2194 et
1288 2138 1483 2194 salvati
1529 2148 1677 2193 recte
1705 2152 2004 2192 vocamur:
2036 2135 2109 2190 ita
2213 2140 2536 2210 dedignatur
2582 2140 2850 2208 accipere.
2894 2134 3030 2193 Illud
3064 2145 3245 2192 autem
3272 2136 3392 2208 quis
3434 2135 3573 2192 ferat
3596 2179 3612 2201 ,
3672 2134 3821 2205 quod

510 2232 760 2287 Christus
811 2247 1026 2303 quoque
1070 2238 1465 2287 sacramentum
1510 2228 1833 2298 adoptionis,
1883 2244 1991 2282 non
2042 2226 2109 2282 ad
2211 2232 2374 2302 aliqui
2398 2232 2641 2287 dicentes
2664 2230 2898 2286 credere
2920 2244 2980 2285 se
3009 2229 3297 2285 nobiscum
3319 2227 3456 2283 duas
3472 2227 3671 2283 Christi
3694 2241 3827 2282 esse

513 2324 803 2378 utilitatem
830 2337 1006 2388 suam,
1038 2321 1132 2377 sed
1163 2321 1231 2377 ad
1271 2321 1436 2391 ipsius
1469 2321 1796 2376 sacramenti
1824 2321 2114 2377 conﬁrma-

512 2415 754 2480 tionem,
799 2413 853 2469 in
901 2413 1311 2469 circumcisione
1359 2423 1414 2468 et
1456 2413 1725 2482 baptismo
1772 2413 2109 2482 suscipiens,

511 2506 650 2561 sicut
698 2504 986 2573 Apostolus
1027 2506 1137 2560 ait:
1183 2504 1316 2559 Dico
1358 2506 1492 2561 enim
1532 2504 1794 2560 Christum
1823 2505 2115 2560 ministrum

512 2596 673 2664 {uisse
700 2596 1106 2651 circumcisionis
1133 2605 1341 2664 prapter
1368 2596 1631 2651 veritatem
1660 2594 1777 2662 Dei,
1815 2596 1884 2649 ad
1920 2597 2136 2665 conﬁr-_

515 2687 734 2741 mandas
762 2688 1123 2759 promissiones
1149 2699 1355 2758 patrum
1398 2688 1578 2761 (Rom.
1609 2704 1700 2756 xv,
1732 2688 1812 2760 8),
1848 2690 2019 2757 potuit
2047 2688 2116 2743 ab

512 2776 751 2846 antiquis
779 2777 1032 2832 Ecclesiae
1053 2777 1364 2833 doctoribus
1392 2786 1538 2833 recte
1563 2777 1675 2833 dici
1702 2776 1848 2848 quod
1871 2777 2116 2848 adoptlo—

517 2885 643 2925 nem
668 2871 969 2940 susceperit
991 2868 1244 2925 ﬁliorum.
1273 2869 1425 2937 Quod
1454 2868 1502 2924 si
1525 2877 1581 2925 et
1610 2869 1716 2924 hoc
1740 2868 1943 2925 dixisse
1965 2869 2113 2924 inve»

516 2962 764 3028 niantur,
796 2962 920 3030 quia
960 2971 1083 3031 post
1111 2960 1415 3031 passionem
1443 3002 1459 3028 ,
1491 2960 1607 3017 sive
1638 2975 1928 3031 resurgens
1950 3001 1968 3028 ,
1999 2961 2117 3016 sive

517 3056 680 3110 etiam
713 3057 765 3109 in
795 3057 989 3111 ctelum
1020 3053 1337 3121 ascendens,
1368 3054 1696 3126 gloriﬁcatus
1716 3064 1801 3110 est
1836 3054 2114 3121 Dominus,

2214 2333 2455 2392 naturas,
2484 2333 2540 2381 et
2570 2323 2737 2378 Deum
2765 2322 2917 2378 illum
2952 2330 3117 2391 atque
3153 2318 3426 2375 hominem
3469 2333 3587 2373 non
3604 2333 3819 2388 negan-

2216 2424 2319 2482 tes,
2349 2417 2393 2471 si
2424 2414 2693 2471 audierint
2720 2413 2865 2484 quod
2892 2412 3062 2483 gratia
3100 2411 3171 2466 sit
3207 2409 3373 2466 Filius
3397 2410 3515 2473 Dei,
3552 2412 3634 2465 sic
3662 2410 3818 2464 dcte-

2216 2515 2429 2565 stanter
2457 2507 2559 2562 hoc
2589 2506 2808 2565 verbum
2837 2548 2853 2573 ,
2890 2515 3142 2574 tanquam
3177 2503 3223 2559 si
3246 2501 3315 2558 de
3342 2501 3434 2557 illo
3462 2502 3699 2567 dicatur,
3724 2502 3825 2571 qui

2220 2601 2363 2656 Deus
2389 2608 2596 2655 tantum
2624 2614 2734 2654 non
2756 2600 2916 2654 etiam
2947 2598 3111 2653 homo
3132 2597 3221 2651 sit.
3263 2595 3418 2652 Sicut
3442 2603 3629 2650 autem-
3649 2601 3705 2649 et
3726 2610 3825 2648 na-

2218 2699 2335 2747 tura
2359 2692 2505 2747 ﬁlius
2534 2702 2617 2747 est
2654 2690 2888 2746 hominis
2936 2698 3157 2761 propter
3194 2704 3376 2744 veram
3405 2687 3825 2753 humanitatem,

2218 2797 2273 2843 et
2300 2786 2612 2858 dignatione
2641 2786 2784 2842 ﬁlius
2831 2792 2917 2843 est
2967 2784 3203 2841 hominis
3236 2791 3460 2852 pr0pter
3490 2797 3676 2838 veram
3704 2781 3827 2838 dei-

2219 2888 2383 2935 tatem
2409 2920 2425 2943 ,
2453 2880 2526 2934 ita
2553 2879 2717 2934 etiam
2749 2887 2802 2933 et
2825 2886 3014 2933 natura
3046 2876 3216 2932 Filius
3246 2876 3342 2931 Dei
3374 2882 3459 2931 est
3485 2883 3711 2946 propter
3727 2889 3826 2930 ve-

2220 2985 2333 3025 ram
2365 2971 2644 3036 deitatem,
2672 2978 2730 3025 et
2751 2970 2922 3040 gratia
2957 2969 3123 3025 Filius
3151 2969 3246 3024 Dei
3278 2974 3364 3023 est
3391 2975 3609 3037 prapter
3636 2982 3827 3023 veram

2222 3063 2629 3117 humanitatem.
2665 3061 2722 3117 Si
2750 3076 2878 3118 vero
2901 3070 2957 3116 et
2986 3060 3281 3117 secundum
3314 3060 3698 3115 humanitatem
3727 3076 3827 3114 na-

516 3155 606 3199 ειιιι
646 3154 964 3214 potestatem
1013 3144 1260 3212 accepit;
1308 3144 1386 3199 sic
1427 3143 1498 3201 ab
1541 3141 1620 3198 eis
1650 3143 1853 3198 dictum
1884 3144 2110 3215 intellisi
2143 3157 2188 3222 c
2222 3165 2340 3212 tura
2367 3155 2534 3211 Filius
2558 3156 2649 3210 Dei
2680 3155 2911 3221 dicatur,
2956 3155 3006 3209 in
3043 3153 3175 3209 illud
3206 3151 3507 3222 Apnlinaris
3535 3152 3825 3220 inciditur,

517 3237 699 3304 debet,
730 3239 869 3293 sicut
906 3252 935 3290 a
974 3236 1134 3292 Petro
1160 3236 1407 3305 apostolo
1447 3236 1650 3291 dictum
1675 3244 1758 3290 est
1789 3253 1802 3289 :
1837 3234 2112 3306 Exquisita-

517 3338 637 3381 runt
665 3338 816 3395 atque
840 3327 1055 3381 scrutati
1079 3335 1196 3381 sunt
1221 3328 1503 3398 propheta,
1537 3327 1624 3397 qui
1645 3326 1710 3380 de
1736 3327 1917 3397 futura
1944 3334 1999 3382 tu
2024 3345 2115 3385 vos

519 3419 688 3490 gratia
735 3415 832 3471 Dei
883 3420 1346 3489 prophetauerunt,
1392 3428 1675 3475 scrutantes
1714 3420 1771 3474 in
1813 3422 1993 3490 quibus
2036 3422 2117 3476 vel

519 3509 671 3581 quale
697 3520 894 3580 tempus
917 3511 1226 3582 signiﬁcaret
1256 3511 1344 3581 qui
1372 3511 1422 3564 in
1444 3511 1516 3565 eis
1541 3518 1648 3565 erat
1670 3512 1880 3580 spiritus
1902 3510 2112 3579 Christi,

520 3604 608 3674 qui
636 3602 1014 3674 praenuntiabat
1037 3604 1090 3656 in
1119 3601 1323 3657 Christo
1345 3603 1629 3673 passiones,
1659 3613 1706 3657 et
1734 3614 1846 3674 post
1873 3605 1980 3659 Iure
2005 3605 2118 3676 glo-

522 3697 627 3750 rias
650 3694 700 3764 (ι
730 3693 875 3749 Petr.
902 3710 942 3762 ι,
975 3694 1085 3766 l0).
1112 3694 1181 3750 Et
1201 3695 1337 3750 sicut
1366 3694 1435 3749 ab
1464 3694 1582 3765 ipso
1623 3696 1850 3751 Domino
1877 3705 1999 3766 post
2028 3713 2115 3751 re-

520 3787 906 3843 surrectionem
956 3786 1158 3841 dictum
1209 3795 1330 3841 est:
1364 3786 1552 3842 Nonne
1589 3789 1698 3842 huic
1732 3790 1959 3856 oportuit
2009 3787 2120 3858 pati

524 3882 804 3950 Christum,
842 3895 889 3937 et
916 3884 992 3937 ita
1026 3883 1221 3937 intrare
1245 3883 1298 3935 in
1325 3883 1542 3953 gloriam
1583 3899 1730 3936 suam
1767 3878 1921 3951 (Luc.
1967 3898 2117 3950 xxiv,

522 3975 653 4045 26)?
675 3984 729 4029 et
755 3974 980 4029 iterum:
1006 3972 1143 4027 Data
1181 3983 1253 4026 cst
1282 3972 1407 4025 mihi
1433 3974 1597 4025 omnis
1623 3974 1909 4041 potestasin
1934 3973 2058 4027 caelo
2071 3986 2121 4032 et

522 4069 578 4119 in
608 4074 742 4119 terra
771 4064 991 4136 (Matth.
1020 4078 1211 4126 xxvut,
1231 4062 1316 4131 l8)
1335 4079 1350 4117 :
1370 4064 1494 4119 item
1509 4062 1578 4116 de
1592 4063 1972 4120 clariﬁcatione
2002 4074 2123 4134 post

523 4157 897 4211 ascensionem
918 4169 1070 4209 suam
1092 4152 1333 4207 facienda
1364 4153 1443 4206 sic
1471 4152 1573 4207 ait:
1597 4152 1724 4207 Cum
1744 4163 1915 4208 autem
1933 4156 2125 4212 venerit

525 4249 612 4301 ille
634 4246 860 4315 Spiritus
878 4246 1125 4311 veritatis,
1144 4244 1338 4298 docebit
1368 4260 1451 4298 vos
1476 4260 1674 4298 omnem
1702 4246 1983 4303 veritatem.
2000 4247 2124 4303 Non

524 4342 658 4391 mini
692 4343 923 4406 loquetur
958 4355 989 4391 a
1025 4338 1332 4407 semetipso;
1380 4337 1469 4390 sed
1497 4352 1810 4407 quwcunque
1841 4340 2017 4393 audiet
2046 4340 2124 4393 lo-

524 4438 729 4496 quetur,
760 4439 807 4481 et
832 4443 948 4499 quae
988 4435 1200 4481 uentura
1235 4435 1353 4480 sunt
1391 4426 1716 4496 annuntiabit
1742 4427 1879 4482 vobis
1901 4427 1917 4458 ί
1942 4426 2121 4499 (Joan.

2214 3243 2361 3316 quod
2386 3244 2619 3300 credidit
2646 3244 2814 3300 Deum
2844 3234 3081 3299 Verbum
3112 3259 3179 3299 ex
3215 3251 3367 3313 parte
3410 3258 3522 3298 suae
3562 3243 3826 3299 subeun-

2216 3337 2304 3392 tia!
2324 3335 2368 3403 ',
2399 3347 2520 3402 quas
2540 3342 2653 3389 tota
2679 3334 2878 3404 ubique
2905 3341 3008 3400 est,
3035 3341 3092 3389 et
3116 3334 3300 3403 partiri
3334 3347 3439 3388 non
3467 3342 3670 3402 potest,
3702 3348 3829 3388 car-

2216 3443 2340 3486 nem
2370 3428 2472 3484 sibi
2503 3426 2716 3484 lecisse.
2739 3427 2892 3495 Quod
2923 3426 2968 3482 si
2999 3428 3269 3482 veraciter
3304 3424 3440 3481 duas
3478 3424 3668 3480 dicunt
3697 3424 3821 3494 ejus

2217 3529 2457 3586 naturas,
2489 3528 2543 3577 et
2565 3520 2739 3576 amba:
2765 3520 2961 3576 divinae
2988 3534 3110 3575 esse
3139 3533 3243 3574 non
3274 3528 3516 3588 possunt,
3549 3518 3676 3589 quia
3718 3517 3828 3573 hu-

2220 3615 2495 3671 manitatis
2522 3629 2629 3671 una
2655 3624 2846 3670 natura
2877 3622 2992 3680 est;
3044 3612 3231 3682 procul
3259 3611 3444 3678 dubio,
3476 3626 3583 3666 non
3627 3626 3828 3680 quem-

2220 3706 2508 3762 admodum
2550 3705 2851 3761 secundum
2902 3703 3236 3759 divinitatem
3287 3710 3470 3757 natura
3524 3698 3693 3755 Filius
3726 3700 3828 3757 Dei

2221 3805 2309 3852 est
2329 3839 2343 3862 ,
2374 3797 2447 3851 ita
2488 3796 2652 3851 etiam
2682 3795 2978 3851 secundum
3011 3794 3417 3849 humanitatem‘
3434 3800 3623 3848 natura
3653 3791 3826 3848 Filius

2224 3887 2320 3942 Dei
2348 3894 2448 3941 est.
2484 3884 2541 3941 Si
2583 3895 2765 3941 autem
2807 3885 3102 3941 secundum
3152 3886 3540 3941 humanitatem
3595 3899 3705 3939 non
3743 3896 3827 3941 est

2223 3986 2408 4033 natura
2438 3977 2605 4032 Filius
2636 3977 2756 4041 Dei,
2786 3979 3097 4033 necessario
3117 3979 3361 4048 sequitur
3389 3987 3444 4032 ut
3471 3984 3565 4032 aut
3591 3978 3826 4044 meritis,

2224 4080 2317 4124 aut
2343 4068 2513 4139 gratia
2538 4071 2607 4124 sit
2632 4068 2801 4124 Filius
2815 4069 2909 4124 Dei
2932 4070 2976 4137 ⁸,
3001 4070 3111 4138 qui,
3140 4084 3205 4124 ex
3232 4082 3338 4137 quo
3361 4082 3485 4124 esse
3503 4068 3693 4136 cmpit,
3717 4083 3825 4123 non

2228 4160 2325 4216 fuit
2353 4160 2495 4216 aliud
2524 4175 2687 4231 quam
2720 4161 2888 4215 Filius
2916 4160 3036 4215 Dei.
3064 4160 3253 4215 Restat
3280 4172 3407 4229 ergo
3448 4166 3505 4213 ut
3527 4158 3827 4214 secundum

2228 4251 2617 4306 humanitatem
2647 4251 2817 4319 gratia
2849 4252 2921 4305 sit
2960 4250 3130 4306 Filius
3180 4250 3295 4306 Dei.
3341 4249 3423 4305 0b
3470 4249 3574 4305 hoc
3614 4264 3830 4321 quoque

2227 4344 2412 4399 beatus
2437 4343 2790 4412 Augustinus,
2826 4344 3130 4412 prtecipuus
3155 4340 3437 4397 catholicae
3466 4340 3589 4395 ﬁdei
3631 4340 3829 4409 praedi-

2229 4442 2378 4489 cator
2403 4474 2416 4498 ,
2464 4434 2711 4487 sorbens
2739 4432 2807 4487 ad
2850 4432 3172 4502 Prosperum
3204 4441 3259 4486 et
3289 4431 3553 4487 Hilarium
3583 4432 3651 4485 de
3685 4446 3826 4500 prze-

530 4536 641 4586 xvt,
680 4520 789 4590 l5).
823 4520 1061 4591 Itemque
1088 4521 1156 4575 de
1186 4521 1280 4574 illo
1308 4520 1507 4574 dictum
1539 4531 1661 4576 est:
1712 4521 1957 4576 Nondum
1988 4524 2121 4578 enim
2154 4543 2202 4604 ι)
2227 4524 2585 4580 destinatione
2616 4534 2922 4579 sanctorum
2948 4565 2963 4590 ,
3015 4532 3070 4579 et
3114 4523 3319 4579 docens
3350 4523 3496 4592 quod
3527 4524 3698 4593 gratia
3732 4522 3827 4579 Dei

526 4622 638 4666 erat
670 4610 895 4682 Spiritus
922 4613 1091 4676 datus,
1123 4612 1241 4680 quin
1281 4609 1432 4665 Jesus
1474 4612 1702 4667 nondum
1734 4615 1899 4685 fuerat
1919 4615 2119 4685 gloriﬁ-

528 4702 864 4775 catus(Joan.
891 4719 989 4770 vit,
1013 4702 1127 4774 59).
1154 4702 1381 4759 Proinde
1397 4704 1586 4760 melius
1610 4707 1853 4772 iacimus,
1873 4708 1917 4763 si
1933 4725 2121 4780 quem-

528 4798 820 4853 admodum
872 4798 1106 4853 divinam
1163 4798 1494 4866 Scripturam
1521 4841 1535 4866 ,
1583 4800 1663 4855 sic
1687 4800 1848 4855 etiam
1879 4804 2120 4871 ejusdem

530 4891 821 4959 Scriptum
845 4895 1163 4958 tractatores
1194 4889 1404 4945 locutos
1432 4898 1621 4947 contra
1652 4893 1933 4948 hazreticos
1957 4894 2124 4953 fuisse

528 4981 831 5036 credamus.
864 4980 994 5037 Sive
1038 4983 1291 5052 quoniam
1334 4983 1634 5053 resurgenti
1668 4982 1887 5039 Christo
1916 4987 2121 5058 aliquid

530 5075 583 5130 in
623 5084 810 5129 natura
838 5077 1016 5130 carnis
1044 5077 1309 5143 accessit,
1342 5092 1461 5147 qute
1499 5077 1554 5131 in
1597 5079 1918 5134 contumelia
1960 5082 2123 5137 semi-

531 5179 675 5236 nata,
720 5169 831 5237 jam
863 5177 1171 5223 surrexerat
1217 5170 1270 5223 iu
1312 5168 1519 5239 gloria;
1570 5168 1685 5224 sive
1713 5171 1835 5241 quia
1876 5171 2122 5232 ﬁdelibus

530 5298 686 5367 gendi
732 5298 903 5353 locus.
944 5299 1178 5355 lrenteus
1220 5300 1313 5353 lib.
1349 5316 1381 5352 v
1425 5299 1698 5357 Adversus
1740 5303 2014 5363 ltmreses:
2054 5312 2122 5367 Τὸ

530 5372 630 5448 σξπρ
654 5379 744 5429 τῆς
773 5374 992 5448 strideo);
1016 5376 1258 5448 ποτήριεῖ
1291 5368 1414 5444 οἶμα
1437 5369 1564 5448 {die}!
1592 5375 1902 5447 diuoléynas'
1928 5384 2014 5434 καὶ
2040 5383 2125 5436 τὸν

532 5442 640 5518 διπρ
658 5450 750 5518 τῆς
770 5445 983 5518 κτίᾳετιξς
1007 5439 1181 5513 ἆρτοῦ,
1205 5439 1504 5518 idmst-origani
1526 5439 1947 5506 διεϐὲεῗαιῶσατο.
1973 5452 2125 5518 Qttnd

532 5510 581 5562 si
609 5510 797 5565 durius
821 5512 906 5568 hic
939 5510 1166 5567 furuisse
1196 5515 1280 5567 vel
1323 5510 1603 5569 obscurius
1635 5517 1907 5588 quippiam
1940 5510 2124 5577 elocu-

610 5645 778 5727 ξεᾳιι.
807 5649 1029 5727 Veram,
1047 5650 1366 5727 narrantiabit
1391 5651 1549 5727 vobis.
1576 5650 1677 5727 Ille
1695 5672 1774 5709 me
1797 5657 2120 5727 clariﬁcabit,

538 5721 657 5799 quin
676 5721 746 5799 ,Δρ
777 5735 886 5771 meo
916 5723 1128 5799 accipiet
1141 5733 1201 5799 ⁸ενι
1229 5724 1549 5799 annuntiabit
1571 5725 1729 5799 vobis.
1762 5721 2009 5799 Itemque.

612 5785 634 5817 ³
673 5788 837 5842 ldum.
871 5785 1232 5856 ιοι1.,’(ιέυίηιτ
1264 5809 1368 5847 suae
1397 5794 1710 5850 substantiis.

2227 4629 2333 4668 non
2362 4613 2654 4669 secundum
2689 4621 2874 4668 nostra
2903 4615 3088 4669 merita
3128 4613 3308 4683 detur,
3361 4614 3501 4670 inter
3547 4614 3655 4670 alia
3697 4614 3829 4670 dicit

2229 4705 2367 4778 (Lib.
2393 4720 2432 4769 ι,
2459 4722 2574 4779 cap,
2601 4704 2727 4775 {5):
2766 4723 2783 4756 ι
2823 4705 2919 4760 Est
2943 4707 3106 4760 etiam
3131 4707 3609 4775 praeclarissimum
3647 4708 3829 4763 lumen

2230 4795 2715 4867 praedestinationis
2742 4804 2798 4851 et
2816 4797 3002 4866 gratiae
3029 4797 3144 4864 ipse
3180 4796 3448 4861 Salvator,
3474 4795 3595 4866 ipse
3622 4796 3828 4850 media-

2231 4892 2316 4942 tor
2343 4887 2435 4941 Dei
2461 4894 2515 4940 et
2535 4885 2836 4953 hominum,
2863 4885 3025 4941 homo
3044 4884 3291 4942 Christus
3312 4886 3469 4942 Jesus
3493 4904 3508 4941 :
3533 4889 3621 4957 qui
3648 4898 3706 4942 ut
3728 4889 3832 4947 hoc

2230 4986 2394 5044 esset,
2434 4976 2628 5047 quibus
2678 4977 2894 5032 tandem
2943 4976 3077 5046 suis,
3131 4976 3215 5034 vel
3264 4993 3509 5048 operum,
3567 4977 3649 5033 vel
3700 4978 3832 5036 ﬁdei

2224 5070 2651 5143 praecedentibus
2679 5071 2887 5126 meritis
2914 5078 3103 5125 natura
3137 5070 3370 5125 humana
3400 5085 3521 5142 quae
3546 5072 3601 5125 in
3623 5071 3716 5126 illo
3740 5083 3829 5127 est

2226 5163 2598 5232 comparavit?
2644 5161 3039 5232 respondeatur
3087 5177 3292 5233 quasso.
3343 5162 3438 5219 llle
3483 5161 3675 5227 homo,
3711 5173 3829 5218 uta

2229 5331 2314 5377 tus
2340 5320 2616 5385 videatur,
2636 5320 2832 5392 dignus
2858 5329 2943 5376 est
2968 5296 3145 5387 venia,
3180 5330 3235 5376 et
3262 5322 3353 5389 qui
3396 5337 3427 5376 a
3474 5322 3711 5391 benigno
3742 5324 3832 5378 in-

2230 5402 2464 5462 terprete
2497 5393 2665 5447 vicem
2705 5393 2867 5447 officii
2911 5393 3159 5463 recipiat,
3191 5392 3338 5462 quod
3386 5394 3504 5462 ipse
3542 5395 3665 5447 aliis
3706 5406 3829 5449 stu-

2229 5464 2406 5530 diose,
2438 5478 2664 5533 quorum
2690 5463 2830 5521 dicta
2860 5465 3207 5531 notabantur,
3234 5479 3339 5519 non
3369 5466 3535 5520 semel
3555 5464 3825 5522 exhibuit.

2298 5658 2319 5690 ³
2359 5659 2502 5713 Idem
2532 5660 2679 5724 cod.,
2730 5669 2819 5715 aut
2843 5662 3012 5733 gratia
3047 5663 3110 5716 sit
3143 5659 3311 5716 Filius
3344 5662 3436 5716 Dei
3464 5680 3482 5716 :
3531 5662 3678 5717 nulla
3708 5681 3825 5719 vero

2227 5731 2337 5801 ejus
2362 5734 2542 5784 merita
2561 5731 2948 5801 prtrjcesserunt,
2982 5749 3074 5800 pro
3102 5733 3285 5801 quibus
3315 5735 3597 5790 secundum
3636 5737 3822 5790 huma-

2226 5799 2433 5855 nitatem
2459 5799 2605 5862 ἦεν-ἐι
2630 5799 2802 5856 Filius
2836 5802 2948 5870 Dei,
2973 5799 3058 5873 qui
3092 5799 3151 5858 ex
3178 5822 3295 5873 quo.
