4094 6506
190 5284 197 5287 _
246 5260 251 5261 ν
294 5220 424 5276 dicit
473 5237 486 5272 :

266 371 375 427 755

1145 367 1280 425 PRO
1324 364 1757 424 DEFENSIONE
1794 362 2007 420 TRIUM
2042 363 2361 423 CAPITUL.
2396 366 2522 422 [ΛΒ.
2564 368 2627 426 X.

3443 372 3547 429 766

268 489 448 545 Verbo
475 484 620 544 Patri
668 495 939 542 comterno
986 486 1038 542 in
1085 486 1341 542 unitatem
1370 498 1614 553 personae
1642 494 1855 536 assum-
1883 483 1934 541 Α
1962 495 2065 551 qua
2111 482 2280 550 gratia
2324 482 2485 538 homo
2529 485 2619 541 ille
2663 485 2735 541 ab
2776 484 2929 540 initio
2965 498 3071 545 suo
3096 484 3267 541 factus
3293 493 3376 541 est
3405 485 3548 542 Deus

266 595 391 654 ptus
424 582 594 639 Filius
627 581 720 636 Dei
749 582 1056 651 unigenitus
1099 590 1261 649 esset,
1298 580 1442 635 unde
1482 577 1584 656 hoc
1613 578 1858 633 meruit?

268 675 412 750 quod
442 675 558 744 ejus
586 674 786 729 bonum
825 674 1193 746 qualecunque
1234 673 1545 743 prazcessit?
1585 672 1711 745 quid
1752 673 1860 743 egit

269 770 438 825 ante?
467 768 594 839 quid
623 767 885 824 credidit?
908 768 1034 839 quid
1065 769 1277 836 petivit.
1307 777 1364 823 ut
1392 767 1460 823 ad
1502 766 1641 821 hanc
1670 764 1856 820 inel‘l’a-

272 862 433 917 bilem
479 861 854 918 excellentiam
901 860 1242 931 perveniret?
1292 860 1480 915 Nonne
1528 858 1756 913 faciente
1796 872 1863 911 ac

273 953 596 1024 suscipiente
627 952 802 1007 Verbo
832 951 947 1021 ipse
974 950 1157 1015 homo,
1187 966 1248 1005 ex
1274 964 1382 1019 quo
1411 964 1531 1005 esse
1558 950 1739 1016 cmpit,
1767 948 1859 1003 Fi-

276 1043 382 1097 lius
410 1042 502 1096 Dci
534 1042 720 1097 unicus
750 1056 870 1096 esse
898 1042 1102 1111 cmpit?
1142 1040 1329 1095 Nonne
1375 1040 1564 1095 Filium
1595 1040 1691 1096 Dei
1736 1040 1861 1095 uni-
1918 1044 1921 1047 ⁴

277 1148 396 1188 cum
448 1133 643 1187 femina
693 1132 782 1187 illa
827 1133 993 1201 gratia
1046 1133 1196 1202 plena
1240 1133 1535 1203 concepit?
1569 1133 1756 1187 Nonne
1792 1130 1873 1189 de

279 1224 477 1290 Spiritu
522 1232 728 1290 sancto,
779 1231 832 1278 et
876 1224 1093 1295 Virgine
1137 1223 1302 1279 Maria
1344 1223 1439 1279 Dei
1479 1222 1645 1277 Filius
1674 1223 1864 1278 unicus

280 1324 435 1370 natus
484 1324 589 1381 est,
638 1331 743 1370 non
791 1316 967 1370 carnis
1011 1314 1294 1385 cupidine,
1325 1314 1422 1371 sed
1466 1315 1582 1369 solo
1611 1315 1702 1369 Dei
1746 1329 1866 1368 mu-

282 1407 447 1462 nere?
474 1407 721 1478 Nunquid
750 1408 1091 1463 metuendum
1117 1407 1215 1464 luit
1245 1422 1335 1475 ne,
1369 1408 1659 1464 accedente
1681 1416 1862 1475 aetate,

283 1499 444 1553 homo
474 1499 566 1553 ille
596 1500 763 1554 libero
787 1507 1031 1568 peccaret
1063 1500 1325 1555 arbitrio?
1368 1506 1463 1554 aut
1499 1499 1621 1554 ideo
1669 1500 1722 1554 in
1773 1498 1866 1554 illo

284 1602 387 1643 non
435 1587 600 1642 libera
646 1588 891 1643 voluntas
936 1597 1074 1655 erat,
1113 1604 1177 1644 ac
1221 1605 1326 1644 non
1356 1599 1506 1645 tanto
1535 1589 1704 1660 magis
1728 1597 1863 1657 erat,

284 1687 481 1751 quanto
512 1680 677 1749 magis
725 1691 948 1749 peccato
988 1682 1189 1737 servire
1229 1698 1336 1737 non
1378 1680 1622 1753 poterat?
1664 1680 1868 1752 Nempe

285 1774 382 1827 ista
413 1773 593 1827 omnia
622 1772 960 1843 singulariter
980 1773 1316 1840 admiranda,
1341 1786 1391 1829 et
1419 1775 1520 1829 alia
1553 1775 1595 1829 si
1627 1790 1728 1844 qua
1752 1774 1868 1844 ejus

1960 575 2232 632 Christus.
2265 575 2341 632 De
2371 578 2487 647 ipso
2516 576 2707 646 spiritu
2738 585 2792 633 et
2823 576 2911 632 hic
2941 585 3183 641 renatus,
3231 576 3302 633 de
3326 591 3434 646 quo
3465 587 3551 633 est

1961 669 2055 726 ille
2084 678 2241 726 natus
2266 688 2283 738 ;
2311 671 2503 727 eodem
2533 671 2724 742 spiritu
2757 672 2817 727 ﬁt
2843 671 2896 726 in
2924 671 3079 726 nobis
3103 670 3349 726 remissio
3370 684 3555 740 peccs-

1961 774 2161 831 torum,
2192 778 2300 833 quo
2324 763 2517 834 spiritu
2544 765 2741 821 factum
2768 774 2850 821 est
2874 771 2937 818 ut
2962 764 3163 819 nullum
3194 762 3418 818 haberet
3456 766 3553 817 bo-

1963 869 2054 911 mo
2083 854 2174 910 ille
2204 866 2507 926 peceatum.
2539 856 2665 912 Haec
2695 870 2757 911 se
2787 855 2930 911 Deus
2959 870 3082 910 esse
3118 854 3383 910 facturum
3428 869 3555 925 pro-

1963 946 2105 1003 lecto
2136 948 2431 1017 praescivit.
2459 948 2578 1019 ipsa
2608 957 2694 1004 est
2722 948 2882 1018 igitur
2913 947 3314 1017 praedestinatio
3340 957 3555 1002 sancto-

1964 1056 2106 1107 rum,
2134 1055 2256 1111 qua:
2304 1039 2359 1095 in
2409 1040 2610 1096 Sancto
2670 1048 2980 1095 sanctorum
3033 1040 3264 1094 maxime
3325 1038 3553 1093 claruit:

1963 1148 2122 1203 quam
2151 1146 2349 1203 negare
2368 1133 2489 1202 quis
2522 1139 2697 1202 potest
2724 1139 2870 1188 recte
2900 1130 3311 1200 intelligentiam
3336 1129 3555 1199 eloquia

1964 1226 2246 1283 veritatis?
2274 1245 2294 1280 ι
2336 1226 2490 1281 Hunc
2527 1225 2710 1294 itaque
2745 1224 3106 1294 apostolicum
3136 1223 3331 1287 virum,
3360 1222 3560 1278 docen-

1967 1328 2072 1376 tem
2113 1319 2259 1390 quod
2298 1319 2546 1375 Christus
2599 1317 2896 1373 secundum
2933 1315 3354 1381 humanitatem,
3399 1313 3562 1370 nullis

1967 1412 2394 1484 praecedentibus
2423 1411 2660 1480 meritis,
2710 1426 2778 1467 ex
2824 1424 2931 1481 quo
2964 1409 3129 1479 erepit
3156 1421 3282 1462 esse
3309 1420 3407 1475 per
3431 1420 3561 1474 gra-

1968 1507 2097 1563 tiam
2129 1506 2297 1562 Filius
2327 1505 2444 1570 Dei,
2476 1505 2665 1559 unicus
2693 1516 2815 1558 esse
2844 1501 3045 1570 cmpit,
3091 1514 3186 1569 per
3211 1511 3372 1567 quam
3400 1497 3561 1553 etiam

1969 1600 2147 1655 omnia
2176 1598 2522 1670 singulariter
2549 1595 2864 1652 admiranda
2895 1592 3238 1665 singulariter
3266 1590 3320 1647 in
3351 1588 3446 1643 illo
3473 1603 3565 1645 sc-

1971 1693 2113 1762 cepit
2137 1691 2388 1754 humana,
2422 1689 2523 1744 hoc
2543 1697 2627 1745 est
2652 1697 2836 1744 nostra
2860 1696 3085 1751 natura;
3114 1692 3170 1739 et
3198 1682 3354 1751 cujus
3374 1680 3565 1750 gratia:

1970 1786 2281 1842 diversitate
2307 1786 2506 1842 factum
2532 1793 2637 1850 est,
2661 1793 2722 1840 ut
2749 1783 2869 1845 talis
2890 1790 3036 1837 esset
3056 1797 3119 1835 ac
3144 1787 3354 1841 tantus,
3382 1785 3439 1832 et
3459 1790 3566 1830 non

287 1864 499 1934 propria
526 1864 810 1920 verissime
837 1864 941 1919 dici
972 1866 1202 1935 possint,
1227 1867 1278 1920 in
1305 1867 1397 1921 illo
1419 1864 1762 1937 singulariter
1782 1881 1868 1920 ac-

1977 1876 2166 1931 similis
2194 1878 2387 1946 nostri,
2411 1891 2532 1933 cum
2554 1875 2624 1929 sit
2645 1874 2805 1930 nobis
2827 1882 3017 1928 natura
3039 1871 3340 1928 communis
3364 1887 3379 1924 :
3408 1879 3568 1937 atque

288 1955 429 2020 cepit
458 1954 711 2019 humana,
744 1954 797 2009 id
826 1967 907 2011 est
935 1965 1121 2011 nostra
1154 1966 1375 2023 natura,
1406 1959 1566 2012 nullis
1595 1959 1706 2012 suis
1737 1972 1871 2026 prae-

288 2048 599 2102 celcntibus
649 2049 870 2103 meritis.
923 2048 1263 2119 Respondeat
1306 2049 1392 2103 hic
1437 2050 1598 2104 homo
1642 2049 1774 2116 Deo,
1826 2050 1871 2105 si

288 2136 466 2204 audet,
497 2148 551 2193 et
576 2138 739 2202 dicat,
766 2154 863 2194 cur
888 2155 995 2195 non
1044 2152 1097 2195 et
1142 2139 1279 2210 ego?
1323 2150 1378 2195 et
1424 2141 1467 2195 si
1518 2141 1784 2206 audierit,
1829 2141 1873 2194 0

290 2231 470 2296 homo,
498 2240 551 2282 tu
580 2231 691 2299 quis
727 2247 777 2285 es
816 2232 902 2301 qui
942 2232 1251 2300 respondeas
1283 2231 1393 2285 Deo
1423 2231 1600 2303 (Rom.
1634 2247 1709 2297 lx,
1740 2230 1874 2301 20)?

292 2334 390 2374 nec
415 2321 492 2374 sic
521 2321 791 2386 cohibeat,
826 2321 917 2376 sed
944 2333 1137 2393 augeat
1164 2321 1574 2391 imprudentiam
1591 2363 1606 2387 ,
1629 2331 1682 2377 et
1707 2323 1872 2389 dicat,

291 2410 555 2478 quomodo
587 2411 768 2477 audio,
800 2410 878 2465 Tu
902 2414 1016 2482 quis
1046 2429 1121 2477 es,
1169 2429 1199 2466 ο
1222 2413 1374 2466 homo
1396 2415 1422 2469 .9
1450 2428 1572 2468 cum
1601 2412 1701 2467 sim
1732 2412 1875 2483 quod

291 2498 467 2567 audio,
492 2499 545 2555 id
573 2510 654 2555 est
686 2501 871 2569 homo,
901 2504 1040 2572 quod
1074 2512 1155 2560 est
1183 2514 1238 2559 et
1267 2503 1360 2560 ille
1400 2506 1465 2560 de
1492 2520 1598 2575 quo
1629 2520 1752 2573 ago,
1781 2519 1876 2560 cur

293 2605 396 2644 non
427 2592 529 2646 sim
557 2591 702 2661 quod
748 2601 801 2649 et
849 2593 979 2647 ille?
1026 2593 1097 2648 At
1142 2595 1285 2650 enim
1333 2597 1499 2666 gratia
1539 2596 1626 2651 ille
1669 2596 1787 2650 tatis
1815 2611 1877 2651 ac

294 2692 473 2739 tantus
502 2694 602 2740 est.
634 2684 744 2740 Cur
771 2684 987 2742 diversa
1013 2696 1095 2742 est
1140 2688 1331 2758 gratia,
1362 2688 1448 2743 ubi
1503 2698 1689 2743 natura
1732 2704 1880 2744 con--

294 2776 468 2830 munis
496 2788 577 2831 est
598 2775 623 2830 ?
644 2789 792 2833 certe
823 2792 928 2833 non
975 2787 1059 2835 est
1089 2781 1327 2853 acceptio
1357 2796 1707 2851 personarum
1739 2780 1879 2849 apud

294 2865 483 2922 Deum.
515 2867 667 2935 Quis,
693 2883 800 2923 non
832 2869 955 2925 dico
983 2869 1322 2925 Christianus
1346 2913 1359 2935 ,
1392 2872 1488 2926 sed
1520 2872 1735 2927 insanus
1765 2872 1880 2927 haec

293 2958 479 3015 dicat?
527 2962 804 3031 Appareat
845 2959 1024 3030 itaque
1066 2961 1221 3016 nobis
1250 2963 1303 3016 in
1333 2970 1520 3016 nostro
1547 2962 1721 3031 capite
1764 2961 1878 3032 ipse

1975 1979 2311 2028 asserentem
2346 1971 2490 2041 quod
2531 1986 2593 2024 ea
2633 1968 2803 2035 gratia
2849 1968 2941 2021 ﬁat
2988 1967 3055 2019 ab
3096 1965 3252 2018 initio
3293 1963 3418 2017 ﬁdei
3458 1975 3571 2016 sua:

1977 2069 2139 2124 homo
2165 2070 2470 2138 quicunque
2495 2065 2862 2131 Christianus,
2909 2079 3014 2133 qua
3056 2063 3227 2133 gratia
3266 2062 3430 2115 homo
3476 2060 3571 2114 ille

1975 2161 2044 2217 ab
2090 2160 2242 2214 initio
2288 2174 2389 2213 suo
2429 2157 2600 2213 factus
2648 2162 2731 2210 est
2772 2153 3058 2209 Christus:
3102 2151 3340 2205 audeant
3381 2149 3499 2215 isti,
3526 2148 3574 2202 si

1978 2258 2225 2318 possunt,
2254 2248 2567 2304 haereticum
2598 2247 2777 2301 dicere
2796 2287 2812 2311 ,
2852 2243 3088 2299 audeant
3116 2242 3275 2297 solita
3305 2252 3571 2310 praesum.

1979 2342 2162 2410 ptione
2190 2339 2466 2394 damnare.
2498 2338 2569 2393 Et
2599 2346 2725 2392 tunc
2752 2352 2883 2392 vere
2925 2336 3136 2390 discent
3164 2348 3286 2403 quae
3312 2334 3382 2386 sit
3404 2334 3575 2402 pietas

1978 2440 2033 2486 et
2056 2431 2358 2485 constantia
2396 2428 2659 2484 Ecclesiae
2686 2428 2997 2482 Latinorum
3022 2467 3037 2491 ,
3077 2440 3238 2495 quam
3276 2423 3429 2477 Deus
3452 2435 3574 2475 ma-

1977 2524 2201 2595 gisterio
2225 2521 2342 2593 ejus
2370 2521 2608 2576 instituit
2637 2528 2799 2589 atque
2831 2518 3108 2573 ﬁrmarit:
3154 2530 3276 2569 cum
3304 2514 3372 2568 ab
3401 2511 3577 2565 omni-

1979 2615 2081 2670 bus
2120 2613 2403 2668 confestim
2450 2607 2891 2665 anathematizati
2940 2607 3171 2671 fuerint,
3220 2611 3279 2659 et
3320 2611 3574 2669 tanquam

1981 2708 2194 2777 putrida
2225 2716 2277 2761 et
2310 2702 2552 2759 morbida
2583 2701 2822 2757 membra
2867 2699 3102 2769 praecisi.
3146 2697 3202 2753 Si
3248 2694 3413 2764 igitur
3444 2693 3577 2748 libet

1981 2816 2078 2857 eos
2103 2802 2157 2855 in
2190 2814 2320 2867 pace
2346 2796 2738 2869 quiescentium
2767 2795 2925 2849 busta
2956 2792 3203 2848 ret‘odere
3230 2798 3284 2845 et
3309 2802 3431 2843 ossa
3456 2801 3578 2842 cor-

1980 2891 2177 2947 rodere
2204 2901 2570 2956 mortuorum;
2593 2888 2649 2943 in
2680 2888 2783 2942 hoc
2807 2885 3157 2941 adamantina
3186 2882 3300 2937 viro
3330 2894 3460 2936 suos
3479 2897 3578 2936 ex-

1984 2982 2263 3053 periantur
2291 2981 2505 3047 dentes,
2552 2988 2606 3035 et
2638 2985 2967 3049 cognoscent
2998 2978 3142 3048 quod
3182 2979 3250 3033 ita
3282 2979 3361 3033 eis
3396 2978 3451 3032 in
3479 2991 3581 3033 ore

296 3051 417 3107 fons
459 3052 666 3124 gratiae,
699 3052 844 3107 unde
887 3051 1185 3107 secundum
1218 3052 1633 3123 uniuscujusque
1667 3068 1877 3107 mensu-

1984 3051 2315 3142 irangentur,
2332 3081 2389 3128 ut
2414 3074 2550 3129 ultra
2581 3072 2851 3126 neminem
2892 3069 2994 3125 sub
3029 3070 3131 3126 hac
3155 3070 3335 3140 specie
3357 3069 3583 3141 pietatis

296 3160 408 3201 ram
438 3160 496 3200 se
525 3161 621 3215 per
649 3155 839 3200 cuncta
880 3145 998 3215 ejus
1023 3146 1262 3200 membra
1294 3144 1563 3199 diffundit.
1609 3146 1681 3199 Ea
1710 3144 1878 3214 gratia

296 3238 353 3294 lit
383 3238 450 3293 ab
486 3236 637 3291 initio
681 3236 804 3291 ﬁdei
851 3249 966 3291 sua:
1003 3237 1163 3291 homo
1191 3236 1495 3306 quicunque
1524 3235 1879 3301 Christianus,
1912 3225 1963 3288 C

1985 3164 2292 3221 mordeant.

296 3326 3570 3357 ____________________.___________———————-—-

1442 3396 1789 3479 LIBER
1846 3393 2419 3477 DECIMUS.

811 3555 1038 3613 CAPUT
1076 3518 1361 3610 putum.

299 3648 453 3720 Quod
481 3648 896 3718 reprehendenda
917 3647 1143 3720 synodus
1166 3660 1266 3720 non
1288 3646 1381 3720 sit,
1411 3644 1532 3720 quia
1555 3642 1880 3720 Theodorum

365 3738 465 3776 non
500 3714 778 3787 damnarit,
809 3714 1011 3775 tameisi
1033 3723 1085 3775 in
1124 3719 1237 3789 ejus
1262 3716 1470 3784 scriptis
1496 3716 1731 3783 quadam
1777 3714 1879 3789 sint

365 3788 622 3862 culpanda
651 3806 671 3847 :
701 3785 816 3844 cum
849 3791 966 3860 ﬁeri
995 3785 1213 3857 potuerit
1254 3796 1314 3862 ut
1356 3804 1467 3862 eam
1507 3789 1754 3862 laterent,
1791 3785 1880 3862 _vrl

366 3857 461 3917 illa
488 3863 666 3916 melius
693 3857 1098 3929 interpretanda,
1125 3868 1214 3915 aut
1263 3858 1326 3913 ab
1370 3859 1592 3912 inimicis
1634 3859 1749 3930 ejus
1784 3857 1881 3910 im-

367 3934 526 3987 missa
547 3932 889 3986 crederentur.

369 4022 578 4093 Siquid
608 4022 743 4077 mihi
768 4020 1040 4088 creditur,
1088 4020 1402 4092 imperator,
1452 4018 1679 4074 multum
1725 4016 1882 4073 doleo

298 4115 581 4185 praesentis
619 4115 724 4169 mei
776 4113 954 4182 operis
996 4122 1220 4179 sortem,
1257 4112 1326 4167 de
1370 4126 1476 4182 quo
1520 4126 1629 4164 non
1677 4119 1881 4164 tantum

296 4218 549 4279 exspecto
592 4207 847 4274 fructum,
882 4215 1141 4275 quantum
1184 4205 1397 4272 suscepi
1438 4203 1700 4259 laborem.
1746 4200 1882 4267 Quid

296 4304 440 4358 enim
473 4300 700 4368 amplius
728 4308 833 4355 tam
866 4297 1251 4367 multiplicibus
1279 4297 1613 4353 documentis
1643 4305 1695 4350 et
1720 4296 1886 4350 ratio-

297 4395 453 4451 nibus
482 4392 806 4466 persuadere
835 4391 1153 4447 mortalibus
1176 4405 1362 4456 conor,
1395 4404 1553 4461 quam
1585 4404 1651 4444 ne
1680 4403 1881 4458 praasu-

1983 3553 2260 3606 nescientes
2287 3551 2604 3606 intellectum
2635 3567 2655 3606 :
2686 3568 2860 3605 omnes
2888 3567 3009 3604 suas
3046 3550 3154 3603 rias
3191 3548 3411 3602 exsecuti
3436 3544 3577 3608 sunt,

1984 3646 2335 3714 unusquisque
2376 3644 2657 3698 secundum
2702 3660 2758 3697 se
2802 3641 2939 3715 (Isa.
2990 3639 3213 3706 LVI,10,
3250 3638 3363 3709 Η).
3406 3634 3582 3690 Videte

1981 3736 2239 3808 quomodo
2285 3736 2416 3806 perit
2450 3734 2644 3804 justus,
2674 3743 2724 3789 et
2768 3749 2918 3786 nemo
2947 3732 3345 3793 animadvertit;
3393 3736 3438 3781 rt
3482 3728 3582 3781 viri

1974 3830 2107 3900 justi
2154 3828 2448 3895 tolluntur,
2497 3834 2545 3881 et
2595 3840 2744 3880 nemo
2796 3822 3087 3876 considerat
3121 3819 3255 3891 (Isa.
3308 3832 3438 3883 Lvn,
3496 3819 3575 3888 1).

1984 3922 2147 3978 Putes
2176 3922 2281 3977 hoc
2318 3919 2387 3976 de
2428 3917 2677 3989 praesenti
2718 3932 2879 3971 causa
2914 3913 3129 3984 proprie
3171 3913 3394 3967 dictum.
3428 3910 3582 3978 Quo-

1951 4077 1969 4091 ,
1987 4020 2131 4074 niam
2155 4032 2286 4074 vero
2312 4031 2421 4072 non
2448 4024 2531 4071 est
2551 4013 2739 4069 eadem
2766 4009 3079 4080 quaestionis
3107 4005 3582 4076 responsionisque

1987 4111 2264 4179 conditio,
2316 4125 2417 4166 nec
2463 4108 2603 4180 quod
2659 4106 2896 4161 breviter
2942 4113 3267 4165 accusatur,
3324 4101 3581 4156 continuo

1991 4204 2152 4261 etiam
2179 4201 2427 4258 excusari
2473 4200 2712 4255 breviter
2743 4206 2953 4265 potest:
2983 4196 3122 4249 sicut
3161 4207 3259 4248 nec
3286 4201 3430 4245 tanta
3462 4204 3575 4243 ma-

1989 4293 2203 4350 culandi
2251 4302 2309 4347 et
2352 4289 2666 4345 vulnerandi
2714 4297 2791 4343 est
2825 4285 3115 4342 difﬁcultas
3160 4292 3355 4353 quanta
3398 4296 3497 4336 nos
3526 4281 3579 4335 in

1990 4384 2259 4440 abluendo
2281 4382 2656 4451 medendoque
2677 4377 3044 4446 consequitur,
3068 4389 3288 4430 necesse
3315 4382 3397 4428 est
3423 4371 3582 4428 nobis

296 4500 443 4544 mant
486 4501 607 4543 esse
633 4485 843 4555 judices
883 4482 1256 4539 mortuorum?
1287 4482 1397 4537 Hoc
1442 4483 1642 4552 quippe
1687 4480 1885 4535 nullius
1915 4478 2263 4552 Daliquanto
2306 4474 2603 4543 impensius
2647 4486 2829 4540 agere,
2859 4470 3093 4525 maxime
3140 4467 3373 4523 scientes
3420 4480 3581 4535 quam

294 4579 561 4634 suasionis
579 4586 661 4633 est
683 4577 950 4648 indigens,
968 4590 1068 4630 nec
1090 4576 1141 4629 in
1167 4574 1255 4628 tali
1275 4587 1435 4628 causa
1458 4573 1648 4627 vellem
1670 4580 1882 4641 tempus

293 4668 621 4738 expendere,
649 4670 802 4738 cujus
832 4682 992 4723 nemo
1028 4673 1206 4737 potest
1237 4677 1556 4730 recuperare
1594 4664 1881 4729 jacturam.

295 4761 402 4818 Sed
429 4762 570 4814 enirn
593 4774 713 4814 cum
743 4756 981 4813 viderem
1009 4756 1267 4824 quosdam
1291 4754 1396 4810 sub
1418 4752 1553 4809 falso
1577 4756 1879 4821 prepugnaé

296 4864 470 4908 torum
518 4852 736 4905 nomine
790 4850 1108 4920 impugnare
1170 4849 1398 4903 latenter
1444 4844 1776 4908 Ecclesiam,
1828 4851 1885 4899 et

295 4954 549 5015 tanquam
581 4944 632 4997 in
655 4944 772 5012 ejus
795 4940 1190 5011 purgationem,
1216 4950 1274 4994 ut
1301 4938 1584 4995 hrereticos
1627 4936 1884 4990 damnare

293 5053 430 5111 quos
476 5036 561 5091 illa
590 5050 804 5105 semper
832 5033 1022 5087 habuit
1048 5032 1338 5086 honoratos
1370 5049 1382 5085 :
1428 5030 1713 5085 tacendum
1753 5026 1883 5081 mihi

294 5143 416 5185 esse
446 5144 549 5185 non
580 5125 806 5193 credidi,
838 5138 906 5179 ne
954 5123 1085 5178 illud
1119 5123 1153 5159 “
1193 5122 1488 5177 inciderem
1530 5118 1673 5191 quod
1719 5119 1882 5174 Isaias

544 5217 725 5274 Videte
750 5216 874 5287 quia
920 5229 1094 5268 omnes
1136 5213 1376 5267 excrecati
1403 5220 1543 5276 sunt,
1592 5210 1882 5263 nescierunt

293 5325 473 5378 sapere
513 5324 721 5373 omnes;
749 5306 879 5360 muti
918 5320 1070 5359 canes
1112 5303 1200 5373 qui
1233 5317 1335 5354 non
1364 5306 1634 5370 potuerunt
1667 5299 1877 5365 latrare,

294 5402 606 5456 somniantes
656 5398 842 5464 cubile,
891 5404 1121 5449 amantes
1150 5393 1449 5447 dormitare.
1480 5388 1548 5443 Et
1587 5405 1738 5442 canes
1786 5388 1886 5440 im-

293 5496 442 5569 probi
470 5497 676 5549 omnino
702 5495 745 5560 ¹,
777 5492 1055 5547 nescientes
1083 5487 1418 5551 saturitatem,
1454 5493 1500 5538 et
1526 5491 1644 5536 sunt
1671 5479 1888 5551 maligni

368 5611 386 5645 ‘
426 5610 560 5665 Cod.
593 5608 815 5666 Verum.
844 5604 1060 5673 improbi
1095 5603 1289 5657 animo.
1323 5599 1474 5669 Legit
1507 5595 1748 5673 Vulgata,
1785 5598 1884 5647 im-

292 5682 683 5752 pudentissimi;
732 5667 1212 5752 textus'liebrazus,
1251 5667 1512 5739 trariis,
1549 5667 1733 5724 Graeca
1764 5680 1885 5722 ver-

296 5750 394 5824 sio,
427 5751 642 5815 ἀναιδεῖς
667 5758 728 5827 τῇ
756 5750 928 5825 ψυχῇ.

1990 4567 2209 4625 difﬁcile
2252 4565 2499 4635 rejiciant
2547 4562 2804 4619 obstinati
2848 4562 2990 4632 quod
3024 4569 3229 4615 temere
3273 4559 3439 4614 semel
3487 4573 3577 4612 as-

1990 4668 2353 4730 sumpserunt.
2402 4656 2509 4713 Sed
2558 4666 2725 4727 opto,
2777 4653 3203 4710 clementissime
3249 4653 3581 4721 imperator,

1992 4763 2098 4808 tam
2128 4762 2321 4808 vestrae
2364 4753 2644 4807 modestiae
2689 4765 2846 4819 quam
2880 4749 3009 4804 viris
3051 4750 3350 4819 quibusque
3376 4744 3568 4814 gravis-

1990 4844 2163 4912 simis,
2201 4845 2253 4898 in
2282 4859 2506 4913 quorum
2538 4858 2729 4898 manus
2759 4843 2874 4896 hmc
2924 4840 3062 4895 forte
3094 4838 3458 4908 pervenerint,
3492 4836 3577 4888 ni-

1989 4937 2130 4991 mius
2162 4936 2353 5001 videri,
2386 4950 2544 5006 quam
2579 4949 2647 4991 ne
2688 4933 2982 5004 pertinacia
3012 4930 3376 4987 resistentium
3409 4925 3581 4995 longi-

1988 5029 2231 5084 tudinem
2274 5029 2381 5084 mei
2425 5027 2692 5084 sermonis
2721 5031 2961 5081 excuset.
2997 5022 3055 5078 Si
3087 5022 3231 5077 enim
3272 5034 3372 5075 nec
3416 5017 3578 5072 tantis

1985 5120 2126 5190 apud
2174 5135 2269 5177 eos
2312 5120 2455 5190 quod
2483 5121 2731 5173 volumus
2770 5115 3062 5187 egerimus,
3115 5112 3366 5182 providus
3407 5108 3577 5180 magis

1984 5214 2228 5270 inveniar
2254 5229 2412 5284 quam
2451 5211 2715 5285 prolixus.
2755 5207 3010 5276 Quamvis
3037 5205 3227 5273 itaque
3246 5204 3300 5257 in
3331 5201 3572 5271 superio-

1984 5307 2133 5362 ribus
2159 5314 2434 5362 ostensum
2482 5302 2662 5366 luerit,
2707 5298 2949 5368 quaedam
2982 5312 3048 5351 ex
3094 5295 3253 5349 dictis
3278 5290 3575 5358 Theodori,

1992 5416 2088 5471 pro
2119 5399 2312 5469 quibus
2341 5406 2556 5467 putatur
2585 5411 2615 5449 a
2641 5394 2843 5466 synodo
2870 5385 3294 5447 Chalcedonensi
3322 5383 3578 5439 debuisse

1988 5494 2273 5561 damnari,
2320 5493 2389 5548 ab
2436 5489 2890 5559 Eutychianorum
2941 5482 3241 5541 fautoribus
3286 5492 3407 5534 esse
3451 5490 3575 5532 cor-

2054 5611 2087 5649 *
2118 5608 2298 5678 Forte,
2327 5625 2388 5662 ne
2409 5606 2464 5661 in
2491 5604 2646 5661 illud.
