4094 6462
532 316 633 373 167

1632 310 1926 369 FACL‘NDI
1968 308 2182 366 EPISC.
2223 307 2733 367 HERMIAVENSIS

3721 307 3833 362 763

532 435 721 497 rupta;
753 426 994 497 quaedam
1044 440 1179 483 vero
1225 432 1533 482 sanctorum
1585 425 1829 497 Patrum,
1881 438 2017 496 quos
2064 432 2120 479 et
2150 429 2200 485 Α
2230 431 2410 491 nterea
2441 423 2681 493 synodus
2708 420 3162 479 Chalcedonensis
3192 420 3461 493 iudicatur
3491 421 3689 478 similia
3733 437 3832 480 sa-

535 518 634 585 ipsi
665 521 923 573 venerari
955 534 1014 575 se
1056 519 1262 584 dicunt,
1292 517 1550 575 doctrinae
1582 518 1773 575 similia
1823 535 1837 571 :
1882 518 2128 586 quamvis

536 622 588 669 et
614 613 714 668 hoc
746 614 903 669 fuerit
930 613 1382 679 demonswatum,
1414 612 1555 684 quod
1590 613 1729 668 idem
1759 611 2077 668 Theodorus
2099 626 2130 666 a

538 705 804 776 praedictis
837 706 1038 761 sanctis
1068 706 1319 762 Patribus
1347 714 1401 762 et
1427 716 1725 776 superstes,
1755 713 1809 760 et
1840 714 1959 774 post
1987 716 2131 758 mor-

539 810 667 865 tem,
716 814 905 871 magna
937 798 1100 855 fuerit
1142 800 1522 870 prmdicatione
1550 798 1846 854 laudatus:
1887 796 2132 869 quamvis

539 905 635 959 pos
661 905 811 945 remo
851 888 1012 946 etiam
1070 890 1335 946 dictorum
1398 892 1516 961 ejus
1568 889 1908 946 evidentibus
1960 889 2131 943 docu—

540 982 734 1037 mentis
765 982 1048 1037 manifeste
1085 982 1360 1047 claruerit,
1404 983 1545 1053 quod
1578 982 1911 1037 calumniose
1940 981 2132 1037 adver-

540 1072 804 1127 sariorum
869 1073 1333 1129 criminationibus
1387 1074 1696 1145 impetatur.
1754 1073 1955 1129 Tamen
2002 1089 2136 1143 quo-

543 1167 682 1219 niam
716 1167 952 1237 religiosi
981 1168 1197 1223 lectoris
1227 1166 1456 1224 intentio
1485 1184 1592 1223 non
1624 1179 1730 1222 tam
1765 1166 2134 1236 purgationem

541 1257 835 1327 Theodori,
860 1259 912 1314 in
943 1275 1049 1328 quo
1078 1267 1251 1314 status
1272 1259 1526 1315 Ecclesiae
1550 1274 1654 1314 non
1683 1259 1945 1323 consistit,
1972 1270 2134 1327 quam

541 1350 843 1405 absolutam
894 1350 1264 1407 defensionem
1312 1351 1505 1424 synodi
1551 1350 2008 1407 Chalcedonensis
2037 1365 2136 1404 ex-

543 1449 753 1510 spectat
782 1459 795 1493 :
829 1442 1119 1497 ostendere
1148 1442 1427 1509 debemus,
1456 1443 1725 1513 quomodo
1752 1442 1834 1497 vel
1872 1442 1916 1497 si
1953 1440 2139 1510 culpa-

544 1533 670 1588 bilis
699 1535 943 1605 quaedam
989 1535 1041 1589 in
1090 1535 1241 1591 libris
1290 1535 1562 1592 Theodori
1587 1535 1916 1606 judicentur,
1949 1548 2136 1603 repre-

546 1626 828 1682 hendenda
868 1626 1106 1699 synodus
1149 1642 1257 1682 non
1298 1628 1388 1692 sit,
1419 1627 1562 1699 quod
1602 1642 1726 1684 eum
1768 1642 1877 1682 non
1918 1626 2139 1682 damna-

545 1722 700 1784 verit,
728 1735 850 1775 cum
878 1736 943 1775 ex
965 1721 1188 1791 epistola
1218 1720 1325 1776 lbze
1347 1722 1512 1792 relegi
1537 1721 1723 1777 laudes
1742 1720 1858 1791 ejus
1882 1719 2096 1774 audiret
2121 1736 2135 1772 :

2234 517 2413 585 puisse
2436 515 2706 583 Nestorio,
2736 517 2860 585 quia
2885 515 3233 572 Theodorum
3260 525 3527 571 mortuum
3558 532 3668 571 non
3694 531 3833 572 con-

2231 608 2527 678 demnavit,
2558 626 2717 681 quem
2760 611 3093 681 interrogare
3120 611 3204 665 vel
3233 611 3510 680 corripere
3542 622 3672 669 ante
3714 627 3835 668 non

2232 700 2404 770 potuit
2454 719 2469 756 :
2519 701 2792 772 quomodo
2848 702 3042 772 prioris
3095 704 3355 773 temporis
3416 703 3656 760 Ecclesia
3717 720 3836 761 non

2232 788 2421 843 eadem
2441 805 2559 856 qttre
2583 789 2862 846 Nestorius
2888 792 3133 861 sapuisse
3156 792 3476 859 firmabitur,
3501 810 3621 863 qua:
3650 794 3838 859 illum,

2233 880 2405 937 donec
2426 882 2650 949 viveret,
2679 884 2819 938 inter
2838 883 3174 940 clarissimos
3197 886 3477 956 episcopos
3504 886 3840 948 honoravit!

2233 971 2368 1027 Cum
2404 988 2536 1028 vero
2565 973 2761 1029 dicitur
2800 974 3042 1031 Ecclesia
3071 976 3273 1033 Christi
3322 978 3511 1034 eadem
3562 991 3692 1049 qua
3727 980 3840 1035 Ne-

2235 1064 2440 1121 storius
2468 1066 2647 1135 priore
2680 1073 2924 1137 tempore
2951 1068 3217 1139 sapuisse,
3248 1071 3431 1140 procul
3463 1071 3631 1126 dubio
3660 1087 3836 1127 excu-

2236 1167 2388 1214 satur
2414 1158 2730 1216 Nestoriana
2759 1162 3005 1229 hazresis,
3034 1163 3077 1217 si
3111 1171 3286 1220 tamen
3325 1165 3436 1234 jam
3479 1165 3691 1221 dicatur
3722 1168 3843 1223 ha-

2240 1252 2396 1319 resis,
2442 1252 2654 1321 quando
2692 1253 2933 1324 quisquis
2984 1253 3141 1310 aliter
3188 1255 3348 1324 sapit,
3380 1256 3495 1327 ipse
3524 1259 3705 1327 potius
3735 1260 3841 1313 ad-

2238 1358 2426 1398 versus
2455 1346 2731 1416 antiquam
2769 1346 3071 1402 doctrinam
3101 1351 3224 1404 novi
3266 1348 3531 1420 dogmatis
3561 1353 3841 1409 invenitur

2239 1446 2498 1493 assertor.
2543 1438 2655 1495 Hoc
2699 1448 2782 1495 est
2831 1449 3023 1508 totum,
3071 1441 3211 1512 quod
3269 1440 3588 1514 Eutychiani
3638 1461 3843 1515 magno

2242 1537 2459 1599 sumptu
2489 1545 2583 1600 per
2608 1545 2735 1587 suos
2766 1540 3052 1601 potuerunt
3077 1533 3340 1589 satellites
3369 1536 3634 1591 obtinere.
3666 1536 3781 1593 Sed
3810 1554 3844 1591 o

2241 1618 2680 1680 Nestorianorum
2709 1625 3011 1680 miseranda
3047 1624 3296 1689 felicitas,
3327 1625 3518 1697 quibus
3550 1627 3843 1699 Eutycbia-

2243 1727 2435 1769 norum
2465 1715 2747 1786 stipendiis
2785 1717 3077 1773 militatur!
3130 1716 3297 1773 Porro
3342 1733 3466 1774 cum
3515 1720 3843 1792 Eutychiani

544 1824 603 1867 ut
630 1824 955 1881 cognoscam
985 1814 1302 1887 Eutychum;
1333 1830 1491 1885 quam
1522 1814 1753 1869 inanim-
1778 1811 1897 1867 dies
1924 1819 2136 1867 ηοειεε-
2167 1801 2215 1867 Β
2246 1802 2536 1859 Ecclesiam
2602 1806 2923 1877 catholicam
2996 1816 3122 1862 ante
3176 1805 3621 1867 Chalcedonense
3679 1820 3846 1882 atque

544 1920 649 1974 que
680 1906 731 1959 in
762 1905 1008 1975 malignis
1036 1906 1275 1963 consiliis
1303 1906 1521 1972 ducant,
1552 1913 1606 1961 et
1637 1905 1799 1960 tantis
1837 1903 2138 1974 sumptibus

546 2011 684 2056 (tuos
715 1996 767 2050 in
821 2014 947 2054 suos
986 2001 1279 2069 complices
1325 2010 1486 2072 atque
1533 2000 1772 2056 fautores
1801 1998 2136 2068 expendunt,

546 2085 678 2139 nihil
710 2085 966 2142 efficiant.
1000 2089 1071 2143 Et
1109 2104 1208 2144 nos
1235 2104 1364 2161 ergo
1392 2105 1675 2159 ponamus,
1706 2098 1765 2144 ut
1803 2088 2001 2143 dictum
2032 2096 2137 2156 est,

548 2178 688 2242 quod
722 2180 772 2231 in
805 2180 953 2234 libris
989 2182 1347 2250 Mopsuesteni
1380 2181 1650 2237 Theodori
1681 2180 1925 2251 quaedam
1959 2192 2139 2247 repre-

551 2269 833 2325 hensibilia
864 2273 1165 2329 vidcantur.
1199 2274 1470 2343 Imprimis
1514 2273 1656 2329 unde
1688 2272 1902 2343 probari
1943 2281 2138 2341 potest,

550 2358 694 2426 quod
721 2360 822 2415 hoc
843 2362 1086 2432 synodus
1109 2362 1566 2423 Chalcedonensis
1588 2365 1933 2434 cognoverit?
1964 2364 2143 2417 Potuit

545 2450 690 2503 enim
726 2452 839 2506 fieri
882 2461 942 2506 ut
969 2468 1089 2508 eam
1132 2454 1342 2520 lateret,
1378 2455 1515 2509 sicut
1543 2463 1596 2510 et
1628 2455 1773 2524 ipsos
1803 2464 2141 2526 accusatores

551 2542 678 2606 fbre,
718 2545 966 2612 quamvis
997 2545 1359 2602 calumniosos
1390 2555 1444 2602 et
1472 2548 1776 2616 pertinaces
1802 2556 1961 2617 atque
1989 2562 2144 2601 excr-

543 2634 723 2688 citatte
771 2636 1011 2703 malitiae,
1042 2638 1213 2693 latuit.
1246 2639 1379 2694 Nam
1426 2655 1548 2695 cum
1578 2654 1952 2709 saepenumero
1990 2655 2143 2694 eum-

544 2726 669 2782 dem
702 2728 847 2782 Ibam
894 2739 1021 2785 ante
1062 2730 1502 2789 Chalcedonense
1530 2733 1904 2811 concilinmin
1930 2731 2143 2800 iudiciis

545 2821 943 2890 episcOpalibus
970 2834 1306 2891 accusarent,
1340 2826 1471 2879 nihil
1510 2827 1558 2881 ei
1585 2827 1653 2880 de
1688 2825 1842 2880 laude
1870 2825 1913 2878 Τ
1919 2824 2143 2880 heodorl

544 2910 785 2979 objicere
824 2921 1189 2970 tentuvcrunl.
1224 2915 1294 2970 At
1337 2914 1482 2970 enim
1528 2914 1671 2969 aliud
1701 2924 1785 2970 est
1825 2914 1871 2969 ei
1916 2928 2141 2970 accusa-

546 3011 747 3069 torum,
780 3005 925 3060 aliud
956 3008 1001 3060 si
1033 3007 1247 3063 concilii
1293 3010 1540 3063 notitiam
1573 3008 1771 3078 fugisse
1798 3007 2031 3063 dicatur.
2063 3007 2145 3062 Sit

548 3093 713 3163 aliud,
748 3096 1108 3152 concedamus
1153 3118 1165 3152 :
1208 3099 1302 3153 scd
1352 3116 1476 3154 num
1521 3098 1640 3155 ideo
1682 3113 1904 3154 necesse
1952 3108 2035 3154 est
2084 3106 2144 3153 ut

2246 1894 2574 1965 Ephesinum
2610 1899 2901 1954 concilium
2938 1899 3006 1955 de
3044 1899 3275 1955 Nestorii
3305 1901 3554 1971 dogmate
3583 1917 3845 1959 accusare

2247 2005 2354 2045 non
2393 1990 2621 2059 possint,
2674 1991 2729 2045 in
2779 1990 2932 2062 cujus
2974 1991 3353 2047 communione
3382 1992 3700 2050 Theodorus
3728 1997 3845 2065 epi-

2245 2100 2441 2157 scopus
2466 2095 2551 2142 est
2578 2086 2895 2152 defunctus;
2923 2103 3023 2143 nec
3051 2097 3291 2143 sanctam
3322 2090 3586 2159 synodum
3614 2090 3844 2148 Chalce-

2245 2176 2539 2234 donensem
2581 2181 2683 2233 nisi
2713 2180 3082 2248 imprudenter
3130 2190 3385 2251 poterunt
3411 2196 3696 2249 accusare,
3719 2202 3845 2253 qua:

2244 2277 2427 2321 contra
2460 2267 2628 2337 ipsius
2669 2268 2924 2324 Ecclesia:
2961 2268 3220 2339 judicium
3280 2272 3464 2326 venire
3494 2288 3602 2328 non
3633 2274 3840 2339 debuit,

2245 2358 2457 2411 etiamsi
2489 2369 2830 2414 accusatores
2880 2358 2983 2415 Ibat
3032 2361 3272 2432 episcopi
3314 2362 3521 2433 aliquas
3569 2365 3639 2420 de
3684 2366 3843 2422 laude

2246 2448 2515 2505 Theodori
2548 2453 2878 2521 quaestiones
2922 2463 3220 2510 moverent.
3252 2454 3435 2526 Itaque
3466 2457 3507 2510 si
3555 2470 3842 2527 propterea

2247 2543 2434 2599 dicunt
2465 2544 2659 2613 prioris
2692 2547 2949 2614 temporis
2989 2546 3281 2601 Ecclesiam
3319 2562 3425 2601 non
3456 2562 3577 2604 esse
3619 2551 3844 2619 culpan-

2246 2634 2397 2701 dam,
2428 2650 2547 2703 quae
2579 2650 2680 2689 nec
2707 2632 3073 2700 Theodorum,
3105 2650 3203 2689 nec
3226 2650 3295 2713 ea
3319 2651 3439 2704 quae
3468 2638 3520 2691 in
3552 2637 3701 2693 libris
3724 2640 3843 2709 ejus

2245 2726 2689 2795 reprehendenda
2737 2735 2863 2781 sunt
2905 2726 3105 2794 scripta
3149 2727 3442 2790 damnavit,
3474 2730 3727 2797 quoniam
3777 2747 3841 2786 ea

2248 2820 2505 2888 nescivit;
2560 2820 2784 2875 credant
2832 2820 2949 2875 hare
3006 2819 3165 2876 etiam
3221 2820 3483 2893 synodum
3539 2820 3843 2879 Chalcedo-

2246 2928 2467 2968 nensem
2496 2913 2736 2981 potuisse
2762 2914 2996 2968 nescire.
3022 2912 3078 2968 Si
3103 2927 3233 2967 vero
3254 2912 3456 2979 dicant,
3479 2914 3621 2983 quod
3649 2915 3838 2971 eadem

2244 3005 2446 3075 'scripta
2476 3004 2669 3076 quibus
2708 3020 2850 3060 nunc
2881 3005 3027 3060 abuti
3066 3004 3410 3063 Nestorianos
3455 3006 3719 3075 fecerunt,
3756 3010 3841 3065 di—

2245 3111 2403 3153 verso
2426 3107 2479 3151 et
2503 3098 2709 3153 meliori
2734 3098 3009 3153 intellectu
3033 3098 3329 3166 accipiebat
3354 3098 3591 3156 Ecclesia
3611 3103 3666 3156 in
3683 3104 3839 3173 cujus

549 3186 836 3239 concilium
882 3203 988 3242 non
1029 3188 1248 3243 latuisse
1296 3188 1577 3244 ﬁrmetur?
1618 3188 1887 3258 Quidquid
1936 3187 2136 3250 dicant,
2169 3197 2216 3261 ρ
2246 3190 2627 3245 communione
2659 3188 2940 3246 defunctus
2964 3198 3066 3257 est,
3099 3188 3592 3247 Chalcedonensem
3622 3210 3841 3267 quoque

548 3290 882 3347 quaecunque
930 3279 1091 3335 verba
1136 3280 1511 3346 multiplicent,
1561 3281 1721 3334 etiam
1770 3278 1899 3335 illud
1947 3278 2136 3349 procul

546 3363 715 3419 dubio
740 3369 1083 3436 concedetur,
1110 3373 1360 3440 quoniam
1394 3372 1536 3427 aliud
1566 3382 1647 3428 est
1683 3372 1965 3441 suspicari,
1998 3369 2140 3426 aliud

552 3466 699 3509 certa
738 3457 945 3514 ratione
973 3472 1277 3518 monstrare
1311 3464 1452 3533 quod
1494 3463 1597 3520 hoc
1625 3464 1887 3536 synodum
1918 3478 2024 3519 non
2056 3464 2140 3518 la-

554 3548 736 3602 tuerit.
769 3547 903 3603 Nam
935 3561 1064 3622 puto
1108 3554 1249 3624 quod
1300 3554 1385 3609 isti
1417 3570 1511 3625 pro
1554 3556 1863 3625 suSpicione
1900 3569 1997 3610 sua
2041 3566 2142 3609 nec

552 3644 703 3713 ipsos
734 3645 836 3699 Ihm
880 3658 1223 3704 accusatores
1262 3649 1505 3705 dicerent
1536 3650 1705 3706 latere
1746 3648 2005 3719 potuisse,
2037 3646 2142 3701 nisi

552 3748 732 3790 rerum
764 3740 916 3793 exitu
950 3740 1310 3796 \incerentur.
1340 3742 1454 3798 Non
1483 3757 1633 3813 ergo,
1664 3742 1751 3796 vel
1782 3741 1827 3797 si
1852 3739 2144 3811 judicanda

552 3825 744 3884 fuisset
772 3830 863 3885 illa
894 3832 1153 3903 synodus,
1187 3849 1254 3888 ex
1284 3836 1611 3903 suspicione,
1641 3836 1939 3903 praesertim
1968 3832 2146 3888 inimi—

551 3936 763 3992 corum,
804 3925 896 3979 scd
930 3942 991 3980 ex
1023 3926 1185 3980 certis
1232 3936 1415 3997 posset
1444 3926 1852 3997 probatiOnibus
1891 3925 2142 3997 judicari.

556 4014 691 4069 Nam
740 4016 786 4070 si
831 4018 1165 4085 suspiciones
1201 4017 1530 4086 judiciorum
1576 4018 1894 4074 sententiam
1944 4018 2143 4086 dicent,

554 4106 687 4164 nihil
716 4108 936 4163 omnino
960 4118 1044 4163 est
1070 4110 1210 4180 quod
1249 4126 1357 4165 non
1386 4111 1540 4166 aliter
1570 4120 1729 4181 atque
1757 4110 1916 4166 aliter
1941 4111 2146 4179 judice-

555 4208 662 4253 tur.
702 4200 1007 4257 Admodum
1041 4218 1171 4259 vero
1217 4204 1355 4259 bene
1398 4203 1669 4274 provisum
1713 4214 1798 4259 est
1843 4210 1902 4258 ut
1937 4202 2149 4272 judices

553 4308 661 4348 non
710 4294 1063 4363 conjectures,
1107 4296 1202 4351 sed
1243 4297 1552 4367 cognitores
1599 4297 1779 4365 potius
1807 4310 2143 4352 vocaremus.

2244 3282 2508 3352 synodum
2537 3282 2761 3338 credant
2783 3281 2926 3354 quod
2951 3297 3016 3338 ea
3043 3281 3291 3339 similiter
3317 3285 3539 3341 meliore
3568 3289 3841 3352 acceperit

2248 3370 2544 3426 intellectu.
2578 3372 2645 3427 Et
2676 3373 2791 3428 haec
2820 3372 3033 3445 quidem
3068 3388 3276 3445 magna:
3306 3375 3497 3447 synodi
3527 3380 3840 3450 purgationi

2248 3464 2561 3529 sufﬁciant,
2611 3465 2806 3535 quibus
2859 3466 2912 3521 in
2960 3480 3121 3521 causa
3172 3466 3439 3523 Theodori
3492 3484 3599 3524 non
3660 3471 3841 3528 minus

2247 3571 2406 3627 quam
2434 3558 2675 3613 anterior
2705 3557 2947 3614 Ecclesia
2990 3558 3209 3614 defendi
3255 3570 3453 3629 potest,
3486 3578 3606 3631 quae
3635 3580 3842 3635 nequa-

2248 3662 2406 3717 quam
2455 3648 2522 3702 ab
2555 3648 2905 3721 Eutychianis
2944 3649 3012 3704 de
3057 3649 3379 3706 Nestoriano
3406 3653 3655 3723 dogmate
3684 3670 3841 3712 accn-

2249 3741 2355 3795 sari
2386 3750 2510 3795 ante
2553 3741 2858 3795 Nestorium
2906 3750 3102 3810 potest.
3147 3742 3254 3799 Sed
3284 3745 3408 3815 quia
3455 3750 3694 3803 contenti
3734 3766 3841 3806 non

2251 3848 2435 3888 sumus
2496 3843 2840 3903 prosternere
2888 3842 3098 3889 tantum
3159 3835 3531 3893 stultissimam
3599 3841 3841 3909 ipsorum

2252 3926 2707 3998 Eutychianorum
2736 3929 3073 3995 superbiam,
3103 3944 3224 3998 quae
3251 3946 3395 3999 saepe
3425 3932 3631 4000 dejecta
3654 3946 3843 3993 contra

2253 4026 2523 4073 tantorum
2551 4016 2892 4073 sacerdotum
2934 4015 3134 4073 Christi
3174 4020 3497 4076 sententiam
3525 4022 3703 4079 adhuc
3740 4027 3845 4080 eri-

2250 4111 2414 4181 gitur,
2438 4126 2626 4166 verum
2651 4111 2814 4166 etiam
2836 4112 3159 4166 conculcare
3186 4122 3347 4181 atque
3369 4122 3686 4182 conterere;
3717 4119 3845 4185 qqu

2252 4202 2405 4259 vobis
2426 4202 2655 4273 amplius
2687 4210 2814 4273 post
2835 4201 2975 4258 hanc
2998 4202 3209 4271 plenam
3233 4202 3603 4260 defensionem
3630 4206 3847 4263 abunde

2252 4304 2308 4353 et
2346 4295 2412 4351 ad
2459 4295 2733 4351 cumulum
2778 4294 3156 4365 proferamus?
3181 4294 3313 4350 Nam
3352 4296 3669 4375 credibilius
3700 4298 3847 4353 affir-

554 4386 627 4441 At
670 4387 756 4440 isti
803 4389 989 4443 volunt
1025 4388 1259 4458 judicari
1298 4399 1501 4445 tantam
1534 4388 1796 4462 synodum
1847 4404 1943 4459 per
1971 4397 2150 4445 tantos
2252 4394 2429 4440 matur
2476 4385 2619 4455 quod
2668 4384 2915 4440 doctrina
2970 4381 3266 4452 Theodori,
3299 4397 3421 4439 cum
3472 4384 3764 4442 haberetur
3796 4388 3847 4442 in

556 4491 729 4530 annos
756 4487 898 4532 tanta
930 4482 1252 4536 universalis
1282 4481 1538 4537 Ecclesiae
1570 4496 1700 4551 pace
1727 4482 1743 4511 ¹
1778 4479 2066 4547 firmatam,
2095 4488 2151 4536 et
2252 4477 2474 4545 scripto,
2498 4476 2669 4531 latere
2696 4477 2870 4545 potuit
2891 4472 3330 4531 Chalcedonense
3350 4475 3846 4545 concilium,quam

559 4567 691 4621 nihil
724 4570 865 4636 quod
913 4584 1323 4640 cognoscamus,
1375 4572 1469 4639 sed
1518 4573 1621 4627 hoc
1668 4572 1843 4629 solum
1893 4571 2142 4639 afTerunt,
2176 4593 2229 4654 ι)
2254 4569 2513 4639 temporis
2536 4567 2733 4636 prioris
2766 4567 3090 4631 Ecclesiam,
3122 4566 3175 4621 in
3201 4581 3328 4636 qua,
3359 4567 3497 4622 sicut
3521 4569 3845 4635 ostenditur,

554 4657 692 4727 quod
725 4672 823 4727 pro
851 4674 952 4714 suo
998 4675 1096 4715 nos
1136 4661 1300 4717 velint
1344 4662 1569 4719 arbitrio
1612 4664 1894 4733 suspicari.
1929 4664 2069 4734 Ergo
2095 4665 2144 4721 si

553 4749 775 4818 cupiunt
821 4761 878 4805 ut
915 4766 1035 4807 cum
1068 4753 1172 4807 illis
1203 4754 1342 4810 hanc
1384 4755 1647 4827 synodum
1676 4771 1778 4827 ego
1806 4770 2017 4826 quoque
2059 4770 2147 4812 re-

553 4840 899 4911 prehendam,
925 4845 1029 4899 talc
1045 4847 1243 4917 aliquid
1257 4848 1322 4901 ad
1348 4864 1467 4904 eam
1491 4849 1872 4904 destruendam
1892 4850 2142 4906 idoneum

552 4937 829 5005 requirant
871 4953 934 4994 ac
965 4941 1257 5009 proferant,
1312 4944 1453 5013 quod
1485 4953 1592 4997 tam
1641 4954 1847 4999 eertum
1890 4942 2020 4998 mihi
2049 4945 2140 5009 sit.

550 5040 708 5093 quam
733 5040 939 5083 certum
966 5031 1095 5101 mihi
1122 5040 1204 5087 est
1228 5048 1349 5090 esse
1371 5049 1478 5089 mc.
1497 5033 1789 5088 Videamus
1815 5042 1990 5089 tamen
2012 5034 2141 5105 quid

553 5116 690 5173 hanc
739 5133 925 5176 eorum
978 5125 1339 5194 suspicionem
1370 5134 1655 5194 sequatur;
1689 5132 1744 5178 et
1792 5124 1836 5178 si
1888 5125 1970 5180 vel
2015 5125 2144 5195 ipsis

553 5207 900 5279 Eutychianis
948 5215 1223 5280 convenit,
1268 5222 1494 5284 arguant
1541 5212 1681 5283 quod
1716 5228 1821 5269 non
1866 5228 1986 5269 cum
2036 5214 2142 5271 illis

552 5303 750 5367 pariter
780 5303 1137 5373 suspicemur.
1169 5306 1223 5362 Si
1254 5308 1397 5359 enim
1425 5305 1677 5361 credatur
1703 5306 1845 5376 quod
1875 5306 2141 5377 synodum

550 5391 1049 5451 Chalcedonensem
1090 5397 1261 5454 latere
1309 5412 1414 5452 non
1463 5404 1750 5466 potuerunt
1790 5397 2032 5466 quaedam
2074 5412 2141 5453 ex

552 5485 769 5540 nomine
799 5486 1069 5544 Theodori
1101 5490 1296 5559 scripta
1316 5532 1331 5557 ,
1362 5505 1481 5561 qua:
1510 5490 1823 5546 Ncstoriana
1854 5489 2101 5545 dicuntur
2122 5532 2138 5558 ,

549 5576 821 5642 quomodo
849 5580 1099 5635 credatur
1131 5581 1427 5637 Ecclesiam
1470 5582 1712 5649 latuisse,
1748 5584 1797 5636 in
1828 5581 1981 5651 cujus
2010 5598 2140 5651 pace

548 5672 706 5734 atque
737 5668 941 5726 honore
969 5671 1252 5729 defunctus
1286 5672 1423 5729 idem
1454 5673 1804 5729 Theodorus?
1836 5673 1902 5727 Et
1928 5673 1969 5726 si
2007 5687 2134 5741 pro-

620 5798 633 5829 ⁸
667 5797 801 5857 ϐοά.
842 5802 1059 5874 Varum,
1092 5808 1411 5863 attrtorit..te.

2253 4674 2469 4730 semper
2492 4660 2655 4715 etiam
2678 4673 2810 4715 voce
2834 4659 3051 4729 propria
3079 4657 3406 4727 disputabat.
3436 4657 3630 4715 Beatus
3651 4661 3848 4731 quippe

2253 4751 2492 4808 Joannes
2522 4750 2891 4808 Antiochenus
2920 4760 2975 4805 et
3015 4750 3279 4807 orientale
3307 4751 3597 4806 concilium
3634 4753 3843 4825 dicunt,

2251 4843 2397 4913 quod
2446 4844 2499 4896 in
2544 4843 2971 4914 expositionibus
3017 4858 3148 4912 quas
3197 4843 3250 4897 in
3299 4843 3551 4898 omnibus
3598 4846 3847 4901 ecclesiis

2252 4934 2608 4990 orientalibus
2631 4936 2882 4997 faciebat,
2909 4944 2965 4991 et
2984 4936 3179 5005 quibus
3202 4936 3254 4990 in
3282 4937 3425 5006 regia
3452 4937 3669 4992 civitate
3690 4939 3848 4995 valde

2252 5039 2374 5080 esse
2404 5024 2787 5093 comprobatus
2815 5034 3060 5095 apparet,
3084 5026 3138 5079 in
3168 5036 3459 5095 conspectu
3479 5027 3846 5096 sacerdotum,

2250 5122 2307 5170 et
2333 5116 2742 5185 imperatorum,
2782 5124 2835 5171 et
2882 5117 3198 5187 populorum
3246 5126 3426 5174 rectus
3462 5118 3712 5175 inventus
3739 5132 3845 5179 est.

2249 5210 2481 5279 Facilius
2521 5226 2735 5282 quoque
2769 5211 2982 5267 videtur
3026 5221 3081 5267 et
3126 5213 3444 5282 promptius,
3489 5225 3544 5269 ut
3586 5214 3847 5271 Ecclesiae

2247 5305 2588 5374 praecedente
2631 5305 2857 5374 judicio,
2907 5321 2936 5359 a
2985 5320 3089 5375 qua
3136 5305 3479 5362 doctissimus
3516 5320 3733 5375 semper
3760 5316 3846 5363 est

2248 5398 2479 5461 habitus,
2510 5399 2676 5454 etiam
2713 5398 2952 5469 synodus
2993 5396 3445 5454 Chalcedonensis
3476 5398 3544 5454 de
3584 5399 3675 5453 illo
3706 5400 3845 5455 bene

2247 5493 2493 5557 sentiret,
2523 5506 2681 5562 quam
2710 5500 2769 5546 ut
2801 5491 2913 5559 ipsa
2942 5491 3199 5559 temporis
3225 5491 3419 5559 prioris
3451 5490 3696 5545 Ecclesia
3726 5492 3847 5545 nui-

2247 5584 2349 5639 lius
2381 5582 2586 5652 judicio
2619 5582 2977 5651 praecedente,
3024 5593 3323 5650 spontaneo
3355 5590 3499 5637 motu
3538 5580 3656 5650 cjus
3697 5581 3843 5637 dicta

2246 5674 2437 5731 melius
2486 5674 2836 5747 interpretata
2877 5673 3194 5744 susciperet.
3228 5672 3310 5729 Ad
3356 5672 3599 5729 ultimum
3631 5680 3845 5729 temere
