4094 6538
311 372 412 431 709

1206 373 1337 428 PRO
1375 373 1805 432 DEFENSIONE
1849 375 2062 435 TRIUM
2100 377 2410 437 CAPITUL.
2456 381 2582 437 LIB.
2624 382 2690 438 Χ.

3464 394 3569 454 ’ΠΟ

302 483 466 538 nimis
495 493 549 537 et
594 481 778 551 impie,
825 486 1081 555 nulloque
1122 484 1187 539 ad
1216 485 1318 539 hoc
1360 488 1609 556 exemplo
1637 488 1889 552 ducente,
1918 494 1966 550 Α
2008 503 2144 556 mus,
2174 493 2315 561 quod
2345 509 2452 551 non
2497 504 2743 565 oporteat
2769 496 2903 553 duos
2935 497 3071 554 ﬁﬂos
3107 501 3311 559 d'eere.
3338 504 3567 562 Necesse

312 572 551 645 synodus
590 572 875 651 damnaret
923 572 976 626 in
1035 574 1291 630 Ecclesiae
1346 576 1724 632 communione
1768 576 1888 632 sine

301 665 520 737 querela
545 663 888 732 defunctum;
936 666 1229 735 prudenter
1275 676 1453 723 autem
1503 684 1568 724 ac
1611 669 1891 742 religiose,

304 759 590 826 multisque
612 761 1037 829 praecedentibus
1059 763 1344 831 exemplis,
1362 764 1600 821 Ecclesia
1621 766 1890 823 viventem

306 852 519 919 quando
544 860 600 904 et
643 853 917 922 corrigere
948 862 1148 921 posset,
1180 854 1224 907 si
1274 857 1635 910 necessarium
1685 856 1893 913 videre-

306 950 411 1006 tur,
458 943 511 994 in
542 957 767 996 examen
816 942 1124 999 adduceret.
1172 943 1389 1001 Certum
1438 955 1522 1001 est
1562 948 1719 1018 igitur
1747 949 1887 1017 quod

301 1045 545 1092 amentes
576 1035 894 1105 Eutychiani
919 1036 1000 1090 vel
1026 1035 1306 1104 Acephali,
1337 1052 1456 1091 cum
1489 1038 1735 1092 nesciunt
1763 1040 1885 1108 quid

308 1130 612 1196 loquantur,
639 1128 925 1181 calumniis
952 1129 1144 1196 quibus
1166 1128 1429 1197 impetunt
1452 1130 1888 1186 Chalcedonense

303 1217 610 1281 concilium,
645 1216 802 1273 ﬁdem
834 1217 1002 1286 magis
1040 1218 1298 1271 Ecclesia:
1327 1233 1446 1286 qum
1477 1218 1572 1272 fuit
1622 1229 1744 1275 ante
1784 1221 1887 1276 Ne-

301 1311 524 1366 storium
548 1311 925 1374 criminentur,
946 1311 998 1364 in
1030 1311 1185 1379 cujus
1205 1325 1264 1365 se
1296 1310 1622 1366 mentiuntur
1648 1328 1887 1367 commu-

301 1404 460 1459 nione
490 1407 775 1458 mansisse.
810 1403 961 1459 Unde
1002 1418 1099 1457 nos
1129 1417 1345 1471 quoque
1380 1418 1484 1457 non
1520 1404 1636 1458 sine
1679 1406 1884 1475 antiqui

302 1494 556 1566 temporis
608 1494 850 1549 Ecclesia
907 1495 1082 1562 ipsum
1109 1493 1549 1550 Chalcedonense
1598 1497 1883 1552 concilium

301 1601 491 1643 contra
523 1588 822 1642 calumnias
853 1602 1037 1641 eorum
1068 1586 1425 1643 defendimus.
1460 1588 1527 1643 Et
1555 1589 1697 1654 ideo,
1727 1590 1813 1644 vel
1839 1591 1885 1645 si

299 1682 623 1736 concedatur
675 1679 818 1749 quod
856 1679 1045 1734 eadem
1096 1679 1290 1749 prioris
1320 1681 1577 1751 temporis
1624 1682 1881 1751 Ecclesia,

296 1774 412 1827 sive
461 1781 646 1841 postea
691 1771 929 1841 synodus
982 1750 1469 1835 Chalcedonensis,
1519 1750 1885 1841 cognoverunt

1995 591 2112 635 erat
2136 588 2296 652 ergo,
2328 601 2432 640 non
2465 587 2638 642 solum
2670 589 2880 658 inepta,
2911 590 3005 645 sed
3033 592 3195 646 etiam
3239 595 3445 650 infirma
3478 598 3566 651 illa

1993 677 2191 744 scripta
2221 678 2561 733 audientibus
2589 694 2884 749 apparere:
2914 684 3165 751 quoniam
3210 701 3383 753 neque
3412 689 3562 742 firma

1996 767 2222 828 ratione,
2240 783 2411 837 neque
2426 770 2762 825 convenienti
2787 771 2886 827 hoc
2910 775 3164 841 possibile
3190 784 3307 830 erat
3322 779 3562 844 ostendi;

1992 870 2046 913 et
2073 859 2140 913 ab
2171 860 2275 914 illis
2308 860 2504 915 idcirco
2531 862 2757 916 inﬁrmis
2783 864 2806 896 ³
2828 866 3343 935 eratconsctiptum,
3373 881 3561 936 quate—

1999 964 2099 1002 nus
2120 950 2209 1003 ille
2230 950 2318 1017 qui
2335 952 2630 1018 scripserat
2651 953 2857 1007 facilius
2878 954 3259 1012 iudeeonvinci
3283 962 3559 1025 potuisset.

1994 1040 2140 1094 Unus
2159 1055 2291 1107 ergo
2317 1055 2379 1093 ex
2404 1044 2601 1095 nostris
2631 1054 2847 1110 propter
2870 1045 3088 1097 multam
3121 1047 3426 1103 facilitatem
3453 1051 3564 1104 haec

1991 1140 2174 1183 nostra
2221 1143 2345 1185 esse
2388 1131 2621 1185 credidit
2655 1134 2876 1200 scripta,
2903 1144 2956 1188 et
2998 1135 3155 1204 hujus
3184 1137 3259 1192 rei
3284 1140 3452 1206 gratia
3484 1141 3561 1194 dio

1988 1234 2125 1289 guns
2152 1220 2256 1274 ﬁde
2282 1220 2349 1274 ab
2387 1221 2490 1274 illis
2522 1222 2756 1276 creditus
2784 1234 2867 1278 est
2892 1226 2979 1292 qui
3022 1228 3120 1279 ista
3162 1228 3478 1297 perlegeret,
3509 1241 3564 1285 et

1989 1310 2317 1363 renuntiavit
2347 1311 2502 1364 nobis
2532 1325 2592 1365 ea
2625 1326 2746 1380 quae
2778 1312 2987 1367 fuerant
3016 1316 3233 1385 scripta.
3271 1319 3403 1374 Cum
3431 1336 3561 1391 ergo

1988 1402 2348 1471 audissemus,
2381 1403 2711 1472 culpavimus
2737 1406 2953 1474 quidem
2985 1407 3163 1471 illum;
3190 1410 3332 1478 quod
3376 1421 3562 1468 contra

1988 1507 2085 1545 nos
2104 1493 2265 1547 dictis
2291 1493 2627 1547 sermonibus
2653 1488 2967 1550 credidisset
2991 1497 3061 1552 de
3089 1498 3169 1553 his
3200 1502 3382 1566 rebus,
3427 1517 3560 1571 quas

1985 1584 2181 1653 saepius
2210 1596 2264 1639 et
2294 1587 2346 1639 in
2397 1585 2627 1641 ecclesia
2658 1595 2714 1641 et
2743 1592 2990 1656 privatim
3021 1590 3260 1647 dicentes
3287 1608 3385 1649 nos
3413 1596 3563 1650 audi-

1986 1676 2079 1739 vit,
2106 1690 2226 1730 eum
2274 1676 2571 1732 ﬁdeliorem
2592 1678 2810 1746 scriptis
2843 1688 3080 1734 nostram
3111 1697 3296 1737 vocent
3321 1684 3563 1752 judicare

1985 1765 2248 1831 debuerit,
2275 1766 2343 1820 ad
2365 1767 2742 1822 documentum
2775 1777 2975 1824 nostra:
2999 1772 3300 1836 sententia,
3324 1789 3483 1843 quant
3507 1775 3558 1829 itt

295 1879 421 1933 quae
467 1864 520 1919 in
570 1863 721 1918 libris
769 1861 1036 1918 Theodori
1084 1862 1525 1930 reprehensibilia
1553 1863 1877 1932 judicantur,
1917 1862 1955 1917 Β
1984 1856 2323 1925 dogmatibus
2350 1869 2533 1912 votum
2562 1869 2799 1914 nostrum
2830 1868 2915 1914 est
2958 1875 3301 1919 conservare.
3340 1884 3361 1917 ι
3396 1869 3560 1921 Acce-

294 1970 395 2009 nec
438 1955 675 2010 ntelius‘
723 1954 1069 2019 interpretari
1116 1961 1406 2021 potuerunt
1448 1969 1584 2009 :cur
1612 1955 1779 2011 etiam
1800 1955 1879 2009 sic

295 2057 585 2115 arguantur
632 2046 771 2113 quod
813 2044 1159 2099 Theodorum
1209 2060 1316 2099 non
1363 2045 1875 2113 condemnaverunt,

293 2152 414 2192 cum
447 2136 719 2205 potuerint
748 2134 974 2189 credere
1002 2135 1146 2203 quod
1185 2133 1299 2190 haec
1327 2135 1395 2190 ab
1427 2136 1694 2191 haereticis
1724 2136 1775 2190 in
1817 2136 1880 2190 li-

297 2228 423 2282 bros
473 2226 591 2296 ejus
638 2227 836 2280 fuerint
887 2226 1150 2294 immissa,
1201 2226 1654 2296 quemadmodum
1705 2227 1880 2282 Theo.

293 2317 458 2373 dorus
488 2318 601 2386 ipse
633 2326 960 2386 conquestus
1004 2318 1119 2371 est?
1165 2316 1258 2372 Sic
1303 2318 1446 2391 enim
1474 2317 1604 2372 dicit
1633 2317 1685 2371 in
1728 2320 1877 2386 prin-

290 2409 430 2480 cipio
474 2409 751 2479 cujusdam
802 2409 886 2464 sui
928 2409 1107 2480 operis
1157 2408 1245 2471 cui
1292 2409 1506 2464 titulum
1565 2409 1711 2465 dedit
1751 2427 1764 2464 :
1803 2410 1879 2465 De

291 2499 608 2569 Apolinario
636 2510 691 2554 et
733 2499 850 2569 ejus
880 2499 1073 2554 haeresi
1107 2518 1119 2552 :
1159 2518 1178 2551 ι
1211 2503 1347 2555 Ante
1377 2499 1445 2552 50
1476 2500 1618 2555 enim
1638 2499 1747 2567 jam
1781 2499 1879 2555 hos

292 2607 463 2648 annos
479 2592 546 2648 de
572 2594 937 2648 incarnatione
964 2592 1168 2647 Domini
1198 2592 1438 2648 codicem
1463 2591 1880 2659 conscripsimus

289 2698 461 2752 usque
496 2684 563 2738 ad
597 2684 665 2739 15
707 2685 873 2739 millia
914 2698 1164 2739 versuum
1206 2683 1595 2753 pertingentem
1630 2700 1643 2735 :
1674 2682 1727 2737 in
1773 2697 1880 2752 quo

291 2757 403 2830 Arii
422 2783 474 2830 et
494 2774 738 2830 Eunontii
755 2772 820 2829 de
844 2773 941 2829 hac
962 2789 1021 2829 re
1043 2773 1259 2841 delicta,
1279 2788 1378 2829 nec
1397 2790 1500 2829 non
1519 2774 1677 2828 etiam
1697 2774 1879 2842 Apoli-

288 2866 425 2922 uarii
474 2881 665 2921 vanam
711 2865 1203 2934 praesumptionem,
1263 2881 1357 2934 per
1384 2874 1547 2920 totum
1584 2864 1713 2918 illud
1743 2878 1878 2932 Opus

286 2957 712 3012 examinavimus
743 2974 756 3009 :
787 2964 846 3010 ut
871 2956 1025 3018 nihil,
1061 2957 1203 3010 sicut
1234 2970 1352 3010 mea
1379 2956 1479 3010 fert
1507 2954 1710 3024 Opinio,
1743 2969 1879 3024 prte-

287 3048 508 3103 terirein
533 3064 598 3103 ex
633 3048 714 3102 his
745 3065 861 3117 qua:
892 3057 949 3102 et
968 3048 1036 3102 ad
1064 3047 1369 3101 ﬁrmitatem
1388 3047 1763 3102 ecclesiastica:
1790 3063 1879 3101 or-

289 3140 570 3195 thodoxiaz
586 3140 936 3212 pertinerent,
953 3150 1007 3195 et
1031 3139 1096 3193 ad
1122 3138 1539 3194 convincendam
1562 3154 1745 3194 eorum
1778 3140 1878 3194 im-

1986 1949 2132 2016 pisti,
2164 1949 2583 2004 clementissime
2607 1951 2918 2019 imperator,
2940 1966 3047 2020 quo
3069 1954 3237 2008 livore
3262 1969 3561 2023 semper,“

1984 2054 2084 2106 qua
2116 2038 2325 2092 fallacia
2375 2040 2708 2094 institutores
2747 2041 3199 2111 Eutychianorum
3233 2044 3559 2114 Synusiastte

1985 2127 2219 2183 insidiati
2249 2128 2450 2184 fuerint
2476 2129 2632 2184 dictis
2663 2131 2953 2197 Theodori,
2989 2141 3168 2203 etquo
3200 2136 3358 2190 modo
3389 2148 3559 2192 tenta-

1983 2222 2157 2274 verint
2185 2220 2578 2275 levissimorum
2603 2222 2987 2276 catholicorum
3019 2210 3229 2280 mentes
3255 2241 3283 2279 a
3317 2210 3559 2283 doctrina

1981 2313 2095 2381 ejus
2121 2324 2404 2368 avertere:
2437 2321 2496 2367 ut
2522 2329 2631 2368 non
2681 2315 2856 2369 solum
2888 2331 3050 2385 prave
3078 2319 3559 2388 interpretarentur

1980 2418 2065 2471 ea,
2097 2418 2213 2473 qua:
2245 2404 2334 2459 ille
2367 2416 2516 2460 recto
2542 2419 2704 2460 sensu
2730 2406 2961 2463 docebat
2981 2408 3175 2467 obvius
3213 2426 3400 2467 eorum
3422 2414 3560 2469 stul-

1982 2494 2135 2561 titiae,
2166 2509 2353 2550 verum
2402 2496 2564 2551 etiam
2611 2496 2774 2551 libros
2804 2500 2924 2566 ejus
2966 2500 3282 2569 interposita
3322 2501 3552 2561 falsitate

1979 2596 2406 2655 corrumperent.
2449 2587 2518 2641 At
2554 2586 2642 2641 ille
2671 2587 2795 2643 hinc
2824 2589 2908 2645 vel
2945 2603 3128 2643 eorum
3161 2591 3440 2657 malitiam,
3476 2595 3557 2649 vel

1986 2676 2295 2731 facilitatem
2343 2677 2731 2739 catholicorum
2763 2680 3078 2745 ﬁducialiter
3106 2684 3380 2752 arguebat,
3414 2689 3554 2755 quod

1981 2769 2155 2839 palam.
2180 2770 2493 2838 praedicaret
2516 2770 2571 2827 in
2600 2772 2837 2827 Ecclesia
2876 2772 3075 2830 Christi
3111 2791 3228 2846 quae
3254 2791 3401 2833 sanie
3428 2780 3559 2836 doc-

1981 2868 2017 2914 ti
2034 2862 2135 2917 tua:
2157 2870 2536 2930 congruerent,
2568 2872 2624 2917 ct
2659 2878 2764 2918 vox
2791 2864 2909 2933 ejus
2936 2864 3148 2925 ﬁdelior
3177 2869 3391 2938 scriptis
3415 2880 3559 2927 e~set

1981 2952 2047 3007 ad
2078 2952 2462 3011 documentum
2492 2970 2602 3011 sum
2631 2958 2935 3012 sententiae.
2962 2959 3218 3015 Absentis
3248 2962 3391 3018 enim
3414 2965 3556 3020 seri--

1984 3054 2090 3113 pta,
2120 3060 2237 3115 quae
2253 3046 2522 3115 corrumpi
2542 3046 2610 3100 ab
2632 3047 2860 3102 inimicis
2884 3048 3136 3105 Ecclesiae
3155 3063 3390 3119 possent,
3415 3054 3558 3113 vocis

1985 3135 2100 3205 ejus
2132 3136 2439 3191 testimonio
2467 3138 2706 3207 praeferri
2738 3122 2843 3197 non
2891 3140 3211 3197 debuerunt.
3243 3144 3381 3210 Quid
3402 3162 3554 3216 ergo,

291 3233 569 3303 pietatem.
604 3233 708 3289 Sed
737 3232 791 3286 hi
823 3233 912 3301 qui
941 3233 1122 3288 omnia
1153 3231 1414 3287 facillime
1445 3240 1796 3301 praesumunt,
1825 3241 1881 3287 et
1908 3225 1952 3287 C
1984 3228 2029 3282 si
2055 3227 2136 3282 vel
2169 3228 2411 3285 Ecclesia
2438 3230 2581 3298 illius
2607 3231 2886 3299 temporis,
2918 3232 2999 3287 vel
3029 3234 3366 3301 postmodum
3396 3252 3558 3307 syno-

292 3333 549 3393 prtcterea
578 3339 789 3379 rursum
841 3324 908 3377 ab
947 3324 1275 3394 Apolinario,
1298 3323 1402 3392 qui
1432 3322 1677 3392 princeps
1725 3323 1881 3392 hujus

292 3418 511 3469 hmresis
525 3415 712 3479 fuerat,
736 3415 983 3479 instituti,
998 3416 1246 3469 omnibus
1267 3415 1481 3483 quidem
1496 3415 1742 3469 similiter
1762 3430 1880 3469 sen-
1920 3423 1928 3431 '

292 3507 549 3561 tientibus
584 3523 718 3575 opus
748 3516 993 3581 [nostrum
1030 3507 1368 3560 manifestum
1404 3506 1662 3571 fecerunt,
1694 3507 1737 3559 si
1772 3522 1879 3576 quo

292 3597 458 3653 modo
484 3598 661 3668 aliqua
694 3597 997 3653 invenirent
1027 3598 1252 3653 valentia
1284 3596 1350 3651 ad
1373 3596 1795 3651 convincendum
1817 3610 1879 3653 ea

293 3703 416 3757 quae
446 3689 497 3741 in
534 3702 600 3742 eo
629 3697 754 3742 sunt
780 3689 997 3756 scripta.
1034 3688 1296 3754 Quoniam
1329 3701 1456 3741 vero
1487 3686 1666 3741 nullus
1693 3699 1877 3740 contra

292 3789 572 3834 certamen
596 3780 812 3849 scriptis
837 3779 1109 3848 suscipere
1146 3777 1523 3850 praesumebat,
1549 3778 1732 3832 imitati
1756 3786 1880 3833 sunt

290 3870 536 3928 inﬁrmos
577 3873 809 3926 athletas
840 3882 895 3927 et
922 3871 1169 3938 callidos,
1199 3872 1314 3941 qui,
1348 3871 1474 3925 dum
1507 3884 1616 3925 non
1661 3878 1881 3938 possunt

291 3969 479 4017 contra
504 3959 756 4017 fortiores
785 3970 1012 4026 certare,
1044 3961 1253 4016 insidiis
1279 3976 1374 4017 eos
1401 3969 1453 4015 et
1476 3960 1880 4015 machinamen-

292 4054 367 4108 tis
404 4052 597 4122 quibus
641 4059 866 4121 possunt
914 4060 1180 4106 conantur
1217 4062 1484 4106 evertere.
1533 4051 1880 4120 Scripserunt

291 4142 441 4197 enim
468 4142 569 4211 ipsi
601 4140 739 4197 inter
769 4155 830 4197 se
858 4142 1045 4211 procul
1070 4141 1235 4196 dubio
1262 4140 1505 4212 quaedam
1534 4141 1733 4210 inepta,
1760 4157 1879 4211 qua;

289 4247 323 4288 a
354 4233 507 4288 nobis
538 4248 772 4301 unquam
824 4232 1045 4289 minime
1094 4232 1423 4289 dicerentur.
1477 4232 1721 4302 Denique
1767 4237 1881 4288 haec

292 4323 414 4393 ipsa
442 4325 493 4378 in
518 4324 697 4379 medio
720 4333 1030 4380 nostrorum
1061 4325 1384 4394 scriptorum
1405 4325 1457 4378 in
1479 4323 1705 4392 quadam
1727 4332 1880 4393 parte

292 4416 755 4489 interposuerunt,
804 4428 859 4475 et
905 4419 1017 4473 suis
1069 4417 1426 4473 familiaribus
1471 4419 1878 4473 demonstrave-

294 4523 444 4579 runt,
474 4513 761 4582 aliquando
790 4524 968 4575 autem
996 4524 1048 4567 et
1078 4513 1299 4577 nostris,
1326 4510 1416 4581 qui
1452 4526 1546 4580 per
1570 4510 1876 4567 facilitatem

1984 3316 2084 3372 dus
2108 3317 2585 3384 Chalcedonensis,
2616 3335 2948 3390 cognoscens
2989 3339 3051 3377 ea
3083 3339 3177 3392 pro
3224 3327 3417 3395 quibus
3446 3329 3560 3383 cul-

1985 3417 2141 3477 patur
2163 3411 2479 3468 Theodorus
2504 3415 2667 3479 quasi
2687 3414 2942 3482 magister
2966 3416 3214 3484 Nestorii,
3242 3433 3342 3474 nec
3370 3421 3561 3476 melius

1984 3497 2327 3567 interpretari
2362 3503 2567 3575 valens,
2594 3513 2649 3557 ut
2669 3518 2789 3567 eum
2821 3519 2925 3559 non
2953 3507 3355 3577 condemnaret,
3385 3513 3560 3568 credi-

1983 3587 2061 3642 dit
2089 3589 2155 3641 ab
2188 3590 2453 3645 haereticis
2485 3592 2537 3646 in
2568 3593 2720 3667 libris
2747 3595 2865 3664 ejus
2892 3596 3170 3651 immissa?
3196 3599 3441 3667 Nunquid
3469 3602 3561 3658 de-

1986 3676 2073 3732 bet
2101 3679 2216 3731 hmc
2242 3680 2326 3748 pia
2354 3681 2641 3735 credulitas
2661 3682 2881 3738 htercsi~
2911 3684 3120 3739 crimini
3148 3687 3415 3758 deputari,
3438 3705 3559 3753 cum

1982 3768 2108 3825 hinc
2138 3779 2194 3825 et
2236 3772 2350 3839 ipse
2404 3771 2718 3857 Theodorus
2761 3787 3147 3846 conqueratur,
3197 3790 3252 3836 et
3291 3782 3393 3835 alia
3442 3785 3559 3854 ejus

1980 3861 2147 3915 multa
2195 3871 2249 3916 et
2287 3862 2554 3920 evidentia
2607 3867 2805 3935 scripta
2861 3867 3253 3936 demonstrent,
3300 3885 3558 3939 quantum

1982 3952 2139 4023 longe
2164 3951 2361 4007 fuerint
2389 3954 2455 4008 ab
2484 3968 2671 4009 errore
2694 3956 2970 4012 Nestorii?
3001 3958 3151 4024 Quod
3182 3961 3230 4015 si
3252 3961 3438 4017 dicunt
3465 3965 3561 4018 ull-

1980 4048 2072 4115 qui
2102 4046 2249 4100 credi
2278 4060 2384 4101 non
2411 4046 2659 4103 debuisse
2686 4048 2992 4115 Theodoro,
3017 4054 3267 4120 quoniam
3302 4056 3557 4117 mentitus

1983 4145 2066 4192 est
2106 4137 2495 4208 Apulinaristas
2553 4140 2797 4210 quaedam
2852 4140 3102 4199 haeretica
3144 4146 3196 4200 in
3246 4148 3362 4216 ejus
3410 4147 3563 4205 libris

1980 4228 2315 4294 immisisse;
2352 4246 2473 4283 nam
2520 4231 2634 4301 ipse
2681 4232 2822 4288 male
2864 4237 3080 4303 rapuit,
3127 4239 3270 4305 quod
3312 4240 3420 4295 illis
3460 4257 3556 4294 vo-

1983 4318 2080 4373 luit
2107 4318 2356 4388 imputari
2392 4337 2407 4373 :
2457 4337 2562 4399 non
2581 4337 2681 4393 ego
2732 4326 3079 4395 pertinaciter
3111 4341 3560 4399 contraconteno

1982 4409 2126 4475 dam,
2157 4408 2252 4467 sed
2276 4396 2760 4489 adhucconcedatn
2791 4417 2871 4471 eis
2894 4418 3160 4488 suSpit-ari
3185 4421 3325 4490 quod
3355 4395 3559 4478 volunt.

1983 4502 2116 4558 illud
2149 4506 2352 4559 interea
2382 4504 2666 4562 manifeste
2714 4523 2898 4564 verum
2931 4519 3035 4576 est,
3069 4511 3200 4568 illud
3248 4516 3426 4583 negari
3456 4532 3562 4571 non

295 4619 454 4659 suam
487 4602 665 4659 omnia
701 4603 884 4673 pronis
915 4603 1110 4656 animis
1138 4602 1455 4668 audiebant;
1490 4611 1543 4656 et
1583 4600 1687 4677 hoc
1727 4602 1880 4671 quasi
1908 4597 1961 4656 D
1987 4596 2364 4663 poterit,quod
2392 4612 2453 4651 ea
2483 4596 2800 4654 Theodorus
2816 4615 2912 4654 sua
2939 4616 3045 4669 non
3069 4617 3187 4658 esse
3211 4614 3435 4661 te5tatus
3457 4616 3562 4661 est.

296 4695 700 4759 documentum,
740 4697 878 4749 sicut
911 4695 1185 4763 putabant,
1231 4704 1426 4767 nosme
1474 4692 1767 4762 impietatis
1797 4691 1879 4747 vi-

297 4784 549 4839 dentibus
573 4785 899 4853 praebebant.
923 4784 1094 4840 Unum
1116 4796 1299 4839 autem
1326 4801 1389 4837 ex
1416 4772 1501 4839 his
1519 4785 1734 4853 scriptis
1747 4792 1879 4851 erat,
1902 4808 1908 4813 -

300 4874 442 4929 duos
494 4874 633 4929 ﬁlios
678 4876 857 4931 dicere
884 4884 932 4933 ⁸.
976 4876 1065 4933 Sic
1094 4877 1237 4932 enim
1287 4890 1385 4930 nos
1415 4875 1654 4930 fecerunt
1701 4875 1753 4930 iit
1783 4876 1884 4929 hoc

298 4981 465 5035 opere
486 4966 751 5034 dicentes,
785 4967 926 5037 quod
958 4976 1205 5036 oporteat
1239 4977 1426 5036 putare
1454 4980 1508 5021 et
1539 4967 1721 5022 dicere
1751 4967 1884 5045 duos

304 5057 465 5123 filios,
484 5070 535 5112 et
558 5057 908 5112 vehementer
938 5072 1035 5110 nos
1064 5056 1223 5110 istum
1252 5071 1555 5110 sermonem
1572 5054 1882 5124 defendere,

303 5148 431 5203 dum
481 5162 580 5203 nos
630 5150 683 5202 in
723 5148 815 5202 illa
844 5147 1113 5219 scriptura
1140 5146 1333 5216 ubique
1366 5145 1650 5202 manifeste
1681 5146 1884 5202 dicere-

378 5287 406 5316 ³
440 5281 513 5336 De
537 5284 637 5335 hoc
662 5283 835 5351 capite
865 5281 1188 5351 objectionis
1227 5280 1429 5336 dictum
1456 5292 1536 5337 est
1580 5281 1733 5335 initio
1764 5281 1886 5337 libri

306 5366 382 5405 Ix.
420 5351 734 5420 Refugiebat
761 5354 791 5406 'l
808 5353 1077 5407 heottorus
1105 5369 1173 5407 ne
1193 5352 1328 5408 duos
1370 5353 1507 5407 filios
1530 5352 1708 5407 dicere
1740 5354 1886 5408 vide-

306 5433 475 5484 retur,
518 5437 639 5476 cum
694 5427 829 5477 duos
867 5425 1038 5492 reipSa
1072 5424 1381 5493 imprudens
1416 5432 1692 5491 statueret,
1719 5438 1881 5476 unum

306 5492 627 5559 naturalem,
658 5493 747 5547 Dei
786 5493 1036 5561 Verbum,
1064 5492 1286 5548 alterum
1319 5494 1650 5562 adoptivum,
1683 5508 1745 5545 ex
1777 5494 1888 5546 Ma-

308 5565 386 5633 ria
440 5574 622 5616 natum
646 5604 661 5630 ,
693 5565 783 5632 qui
826 5563 1004 5617 Verbo
1049 5566 1366 5633 coniunctus
1396 5561 1502 5616 κατ’
1531 5562 1785 5633 εὐδρκὶαν,
1829 5572 1885 5617 ut

307 5632 557 5705 docebat,
583 5633 848 5702 particeps
872 5634 1041 5689 factus
1064 5637 1135 5689 sit
1153 5632 1523 5705 appellationis
1553 5632 1647 5705 filii
1688 5642 1745 5705 et
1792 5633 1888 5688 ho-

310 5705 480 5758 noris.
502 5703 594 5758 Sic
616 5705 757 5759 enim
784 5705 1015 5772 loquitur
1041 5705 1093 5760 in
1121 5702 1463 5774 Expositione
1487 5702 1737 5774 symboii,
1767 5716 1889 5775 quin

381 5835 406 5909 ξ
431 5832 564 5893 Cod.
598 5836 822 5909 Verum,
853 5834 1094 5907 amplius.

1987 4686 2305 4756 Arguendus
2337 4687 2516 4758 itaque
2549 4688 2717 4744 fuisse
2746 4690 2977 4755 dicatur,
3012 4692 3057 4755 si
3096 4694 3349 4748 mentitus
3379 4709 3559 4751 osten-

1988 4778 2152 4844 ditur,
2184 4775 2327 4847 qued
2357 4788 2702 4851 posteaquam
2727 4780 2976 4850 resipuit,
3008 4782 3061 4836 lii
3081 4791 3135 4838 et
3166 4786 3452 4852 prudenter
3471 4800 3561 4838 ac-

1989 4869 2250 4942 quieverit
2276 4872 2508 4951 veritati,
2532 4886 2745 4929 errores
2771 4885 2946 4928 tamen
2969 4876 3257 4944 aliquando
3284 4892 3409 4931 suos
3435 4891 3558 4930 eru-

1992 4963 2104 5017 buit
2147 4963 2423 5019 humiliter
2464 4962 2730 5021 conﬁteri.
2782 4966 3044 5020 Cancrum
3075 4980 3130 5022 et
3175 4973 3427 5024 mentitus
3456 4986 3562 5024 non

1986 5052 2134 5123 juste
2160 5055 2429 5112 diceretur
2460 5057 2766 5124 htereticus,
2798 5058 2887 5126 qui
2918 5074 3237 5128 quocunque
3267 5061 3424 5125 modo
3452 5063 3563 5115 suis

1990 5147 2312 5201 renuntiavit
2351 5148 2642 5206 erroribus.
2684 5148 2936 5203 Scibens
2963 5150 3122 5202 etiam
3162 5150 3229 5204 ad
3265 5151 3563 5206 Cerdonem

1987 5278 2205 5348 recitata
2243 5287 2326 5334 est
2370 5280 2419 5332 in
2461 5280 2669 5348 actione
2697 5276 2729 5333 6
2764 5277 2951 5348 synodi
2990 5278 3271 5348 Ephesium
3298 5298 3309 5331 :
3338 5285 3422 5333 ttat
3447 5277 3561 5335 οὔτε

1985 5346 2077 5422 δγζο
2104 5354 2260 5422 φαμὲν
2299 5352 2440 5410 υἱοὺς
2459 5392 2470 5414 ,
2499 5346 2613 5422 οὔτε
2644 5348 2734 5404 δύο
2765 5346 2990 5422 κὺρίουςγ·
3021 5348 3192 5408 ἐπειδὴ
3222 5346 3441 5422 device
3456 5348 3562 5403 κατ’

1985 5417 2213 5494 ορσὶὰν-ςῖ
2236 5421 2354 5481 Θεὸς
2377 5422 2543 5492 λόγος,
2570 5420 2593 5474 ὀ
2619 5417 2887 5493 μονογενῇς
2914 5421 3019 5479 υἱὸς
3046 5425 3132 5474 τοῦ
3156 5421 3349 5494 πατρὸς
3367 5459 3380 5482 ,
3405 5417 3444 5493 ᾧ
3463 5440 3562 5492 περ

1990 5486 2138 5564 οὗτος
2167 5486 2475 5564 συνημμένός
2498 5513 2551 5546 τε
2576 5486 2659 5545 κάξ
2680 5486 2915 5564 {tsi-sxw
2944 5492 3197 5564 θεότητος,
3230 5486 3447 5543 κὸινωνέ.
3472 5486 3562 5544 rei}

1989 5562 2100 5614 υἱοῦ
2138 5562 2488 5637 πρ-ρσηγορέας
2504 5566 2613 5637 ’καὶ
2650 5562 2818 5637 static.
2855 5563 2922 5637 Et
2966 5563 3121 5637 paulo
3168 5569 3284 5628 post
3311 5575 3325 5613 :
3349 5568 3561 5637 'Avatpsl

1991 5630 2386 5710 wﬁuaffwornu
2402 5631 2583 5691 δυάδος
2609 5630 2785 5710 uiduata
2817 5636 2901 5687 καὶ
2928 5630 3142 5710 nuptam,
3168 5646 3364 5685 onmem
3392 5630 3556 5710 (futili-

1968 5703 2115 5755 tatis
2144 5701 2371 5770 ﬁliarum
2412 5712 2562 5771 atque
2589 5702 2909 5757 dominarum
2939 5700 3290 5775 co'gitationem
3318 5700 3562 5756 excludit.

2065 5838 2085 5869 ³
2124 5836 2266 5891 idem
2296 5837 2441 5903 cod.,
2472 5838 2746 5904 inﬁrmius.
