  <div class='ocr_page' id='page_1' title='image "/cluster/home/n/w/nwhite01/storage/ocr_20150623/67/umn.31951002477360y/399.png"; bbox 0 0 4094 6466; ppageno 0'>
   <div class='ocr_carea' id='block_1_1' title="bbox 578 285 676 343">
    <p class='ocr_par' dir='ltr' id='par_1_1' title="bbox 578 285 676 343">
     <span class='ocr_line' id='line_1_1' title="bbox 578 285 676 343; baseline 0.02 -2"><span class='ocrx_word' id='word_1_1' title='bbox 578 285 676 343; x_wconf 66' lang='grc'><strong>771</strong></span> 
     </span>
    </p>
   </div>
   <div class='ocr_carea' id='block_1_2' title="bbox 1726 268 2810 331">
    <p class='ocr_par' dir='ltr' id='par_1_2' title="bbox 1726 268 2810 331">
     <span class='ocr_line' id='line_1_2' title="bbox 1726 268 2810 331; baseline -0.005 -1"><span class='ocrx_word' id='word_1_2' title='bbox 1726 272 2024 331; x_wconf 69' lang='lat' dir='ltr'><strong>FAC-UNDI</strong></span> <span class='ocrx_word' id='word_1_3' title='bbox 2053 268 2266 327; x_wconf 83' lang='lat' dir='ltr'><strong>EPISC.</strong></span> <span class='ocrx_word' id='word_1_4' title='bbox 2310 269 2810 327; x_wconf 68' lang='lat' dir='ltr'><strong>IIERMIANENSIS</strong></span> 
     </span>
    </p>
   </div>
   <div class='ocr_carea' id='block_1_3' title="bbox 3766 262 3876 318">
    <p class='ocr_par' dir='ltr' id='par_1_3' title="bbox 3766 262 3876 318">
     <span class='ocr_line' id='line_1_3' title="bbox 3766 262 3876 318; baseline -0.055 0"><span class='ocrx_word' id='word_1_5' title='bbox 3766 262 3876 318; x_wconf 65' lang='grc'><strong>771</strong></span> 
     </span>
    </p>
   </div>
   <div class='ocr_carea' id='block_1_4' title="bbox 585 376 3876 467">
    <p class='ocr_par' dir='ltr' id='par_1_4' title="bbox 585 376 3876 467">
     <span class='ocr_line' id='line_1_4' title="bbox 585 376 3876 467; baseline -0.007 -13"><span class='ocrx_word' id='word_1_6' title='bbox 585 413 747 467; x_wconf 80' lang='lat' dir='ltr'><strong>super</strong></span> <span class='ocrx_word' id='word_1_7' title='bbox 766 396 1103 467; x_wconf 69' lang='lat' dir='ltr'><strong>expositione</strong></span> <span class='ocrx_word' id='word_1_8' title='bbox 1133 390 1495 455; x_wconf 87' lang='lat' dir='ltr'><strong>Psalmorum,</strong></span> <span class='ocrx_word' id='word_1_9' title='bbox 1523 376 1659 444; x_wconf 83' lang='lat' dir='ltr'><strong>stc&#39;ut</strong></span> <span class='ocrx_word' id='word_1_10' title='bbox 1691 387 1853 443; x_wconf 84' lang='lat' dir='ltr'><strong>tertio</strong></span> <span class='ocrx_word' id='word_1_11' title='bbox 1881 386 2018 440; x_wconf 82' lang='lat' dir='ltr'><strong>ltbro</strong></span> <span class='ocrx_word' id='word_1_12' title='bbox 2057 398 2171 438; x_wconf 86' lang='lat' dir='ltr'><strong>me-</strong></span> <span class='ocrx_word' id='word_1_13' title='bbox 2198 388 2246 445; x_wconf 75' lang='grc' dir='ltr'>Α</span> <span class='ocrx_word' id='word_1_14' title='bbox 2276 385 2443 438; x_wconf 86' lang='lat' dir='ltr'><strong>tiores</strong></span> <span class='ocrx_word' id='word_1_15' title='bbox 2471 380 2858 451; x_wconf 64' lang='lat' dir='ltr'><strong>antiquissimis</strong></span> <span class='ocrx_word' id='word_1_16' title='bbox 2896 379 3147 437; x_wconf 79' lang='lat' dir='ltr'><strong>i&#39;atribtrs</strong></span> <span class='ocrx_word' id='word_1_17' title='bbox 3184 377 3411 450; x_wconf 69' lang='lat' dir='ltr'><strong>iactant,</strong></span> <span class='ocrx_word' id='word_1_18' title='bbox 3444 377 3685 435; x_wconf 73' lang='lat' dir='ltr'><strong>dicentes</strong></span> <span class='ocrx_word' id='word_1_19' title='bbox 3724 379 3876 449; x_wconf 86' lang='lat' dir='ltr'><strong>quod</strong></span> 
     </span>
    </p>
   </div>
   <div class='ocr_carea' id='block_1_5' title="bbox 586 476 2172 556">
    <p class='ocr_par' dir='ltr' id='par_1_5' title="bbox 586 476 2172 556">
     <span class='ocr_line' id='line_1_5' title="bbox 586 476 2172 556; baseline -0.013 -9"><span class='ocrx_word' id='word_1_20' title='bbox 586 491 933 556; x_wconf 77' lang='lat' dir='ltr'><strong>moravimus,</strong></span> <span class='ocrx_word' id='word_1_21' title='bbox 965 487 1106 541; x_wconf 83' lang='lat' dir='ltr'><strong>idem</strong></span> <span class='ocrx_word' id='word_1_22' title='bbox 1133 482 1455 539; x_wconf 84' lang='lat' dir='ltr'><strong>Theodorus</strong></span> <span class='ocrx_word' id='word_1_23' title='bbox 1482 478 1610 535; x_wconf 90' lang='lat' dir='ltr'><strong>dicit</strong></span> <span class='ocrx_word' id='word_1_24' title='bbox 1648 497 1664 534; x_wconf 89' lang='lat'><strong>:</strong></span> <span class='ocrx_word' id='word_1_25' title='bbox 1715 495 1736 530; x_wconf 81' lang='grc' dir='ltr'>ι</span> <span class='ocrx_word' id='word_1_26' title='bbox 1770 476 1887 532; x_wconf 86' lang='lat' dir='ltr'><strong>Non</strong></span> <span class='ocrx_word' id='word_1_27' title='bbox 1920 488 2172 545; x_wconf 83' lang='lat' dir='ltr'><strong>quamam</strong></span> 
     </span>
    </p>
   </div>
   <div class='ocr_carea' id='block_1_6' title="bbox 593 566 2177 650">
    <p class='ocr_par' dir='ltr' id='par_1_6' title="bbox 593 566 2177 650">
     <span class='ocr_line' id='line_1_6' title="bbox 593 566 2177 650; baseline -0.011 -13"><span class='ocrx_word' id='word_1_28' title='bbox 593 587 898 650; x_wconf 72' lang='lat' dir='ltr'><strong>oportuerat</strong></span> <span class='ocrx_word' id='word_1_29' title='bbox 943 575 1227 631; x_wconf 85' lang='lat' dir='ltr'><strong>habuimus</strong></span> <span class='ocrx_word' id='word_1_30' title='bbox 1274 574 1420 628; x_wconf 80' lang='lat' dir='ltr'><strong>circa</strong></span> <span class='ocrx_word' id='word_1_31' title='bbox 1461 570 1620 626; x_wconf 76' lang='lat' dir='ltr'><strong>istam</strong></span> <span class='ocrx_word' id='word_1_32' title='bbox 1672 584 1787 624; x_wconf 88' lang='lat' dir='ltr'><strong>rem</strong></span> <span class='ocrx_word' id='word_1_33' title='bbox 1821 566 2177 638; x_wconf 72' lang='lat' dir='ltr'><strong>diligentiam.</strong></span> 
     </span>
    </p>
   </div>
   <div class='ocr_carea' id='block_1_7' title="bbox 595 656 2180 743">
    <p class='ocr_par' dir='ltr' id='par_1_7' title="bbox 595 656 2180 743">
     <span class='ocr_line' id='line_1_7' title="bbox 595 656 2180 743; baseline -0.009 -17"><span class='ocrx_word' id='word_1_34' title='bbox 595 671 743 727; x_wconf 78' lang='lat' dir='ltr'><strong>Passi</strong></span> <span class='ocrx_word' id='word_1_35' title='bbox 764 669 907 725; x_wconf 88' lang='lat' dir='ltr'><strong>enim</strong></span> <span class='ocrx_word' id='word_1_36' title='bbox 937 681 1123 743; x_wconf 84' lang='lat' dir='ltr'><strong>sumus</strong></span> <span class='ocrx_word' id='word_1_37' title='bbox 1146 679 1485 735; x_wconf 71' lang='lat' dir='ltr'><strong>quaecunque</strong></span> <span class='ocrx_word' id='word_1_38' title='bbox 1514 660 1856 730; x_wconf 83' lang='lat' dir='ltr'><strong>incipientes,</strong></span> <span class='ocrx_word' id='word_1_39' title='bbox 1890 672 1946 715; x_wconf 92' lang='lat' dir='ltr'><strong>ut</strong></span> <span class='ocrx_word' id='word_1_40' title='bbox 1976 656 2180 728; x_wconf 80' lang='lat' dir='ltr'><strong>evenit,</strong></span> 
     </span>
    </p>
   </div>
   <div class='ocr_carea' id='block_1_8' title="bbox 594 744 2186 831">
    <p class='ocr_par' dir='ltr' id='par_1_8' title="bbox 594 744 2186 831">
     <span class='ocr_line' id='line_1_8' title="bbox 594 744 2186 831; baseline -0.008 -12"><span class='ocrx_word' id='word_1_41' title='bbox 594 763 647 819; x_wconf 86' lang='lat' dir='ltr'><strong>in</strong></span> <span class='ocrx_word' id='word_1_42' title='bbox 675 760 943 831; x_wconf 81' lang='lat' dir='ltr'><strong>imperitia</strong></span> <span class='ocrx_word' id='word_1_43' title='bbox 973 758 1245 813; x_wconf 80' lang='lat' dir='ltr'><strong>scribendi</strong></span> <span class='ocrx_word' id='word_1_44' title='bbox 1272 752 1571 811; x_wconf 87' lang='lat' dir='ltr'><strong>constituti.</strong></span> <span class='ocrx_word' id='word_1_45' title='bbox 1598 744 1875 823; x_wconf 80' lang='lat' dir='ltr'><strong>Siquidem</strong></span> <span class='ocrx_word' id='word_1_46' title='bbox 1907 760 1960 807; x_wconf 89' lang='lat' dir='ltr'><strong>et</strong></span> <span class='ocrx_word' id='word_1_47' title='bbox 1985 751 2186 806; x_wconf 83' lang='lat' dir='ltr'><strong>multas</strong></span> 
     </span>
    </p>
   </div>
   <div class='ocr_carea' id='block_1_9' title="bbox 597 850 2183 918">
    <p class='ocr_par' dir='ltr' id='par_1_9' title="bbox 597 850 2183 918">
     <span class='ocr_line' id='line_1_9' title="bbox 597 850 2183 918; baseline -0.006 -12"><span class='ocrx_word' id='word_1_48' title='bbox 597 853 1004 907; x_wconf 81' lang='lat' dir='ltr'><strong>immutationes</strong></span> <span class='ocrx_word' id='word_1_49' title='bbox 1040 850 1132 904; x_wconf 89' lang='lat' dir='ltr'><strong>illo</strong></span> <span class='ocrx_word' id='word_1_50' title='bbox 1165 857 1411 918; x_wconf 89' lang='lat' dir='ltr'><strong>tempore</strong></span> <span class='ocrx_word' id='word_1_51' title='bbox 1439 862 1560 916; x_wconf 75' lang='lat' dir='ltr'><strong>qua:</strong></span> <span class='ocrx_word' id='word_1_52' title='bbox 1590 856 1773 899; x_wconf 90' lang='lat' dir='ltr'><strong>nostra</strong></span> <span class='ocrx_word' id='word_1_53' title='bbox 1798 852 2183 915; x_wconf 84' lang='lat' dir='ltr'><strong>susceperunt;</strong></span> 
     </span>
    </p>
   </div>
   <div class='ocr_carea' id='block_1_10' title="bbox 598 938 2186 1010">
    <p class='ocr_par' dir='ltr' id='par_1_10' title="bbox 598 938 2186 1010">
     <span class='ocr_line' id='line_1_10' title="bbox 598 938 2186 1010; baseline -0.004 -14"><span class='ocrx_word' id='word_1_54' title='bbox 598 958 731 1010; x_wconf 87' lang='lat' dir='ltr'><strong>quas</strong></span> <span class='ocrx_word' id='word_1_55' title='bbox 759 958 867 996; x_wconf 87' lang='lat' dir='ltr'><strong>non</strong></span> <span class='ocrx_word' id='word_1_56' title='bbox 894 950 977 996; x_wconf 73' lang='lat' dir='ltr'><strong>est</strong></span> <span class='ocrx_word' id='word_1_57' title='bbox 1005 941 1285 1010; x_wconf 67' lang='lat' dir='ltr'><strong>praesentis</strong></span> <span class='ocrx_word' id='word_1_58' title='bbox 1327 938 1588 1007; x_wconf 89' lang='lat' dir='ltr'><strong>temporis</strong></span> <span class='ocrx_word' id='word_1_59' title='bbox 1628 950 1926 991; x_wconf 80' lang='lat' dir='ltr'><strong>enarrare:</strong></span> <span class='ocrx_word' id='word_1_60' title='bbox 1974 949 2039 989; x_wconf 87' lang='lat' dir='ltr'><strong>ex</strong></span> <span class='ocrx_word' id='word_1_61' title='bbox 2082 948 2186 1005; x_wconf 88' lang='lat' dir='ltr'><strong>qua</strong></span> 
     </span>
    </p>
   </div>
   <div class='ocr_carea' id='block_1_11' title="bbox 600 1027 2191 1103">
    <p class='ocr_par' dir='ltr' id='par_1_11' title="bbox 600 1027 2191 1103">
     <span class='ocr_line' id='line_1_11' title="bbox 600 1027 2191 1103; baseline -0.007 -14"><span class='ocrx_word' id='word_1_62' title='bbox 600 1051 757 1089; x_wconf 85' lang='lat' dir='ltr'><strong>causa</strong></span> <span class='ocrx_word' id='word_1_63' title='bbox 784 1033 956 1103; x_wconf 87' lang='lat' dir='ltr'><strong>magis</strong></span> <span class='ocrx_word' id='word_1_64' title='bbox 984 1031 1314 1103; x_wconf 75' lang='lat' dir='ltr'><strong>negligenter</strong></span> <span class='ocrx_word' id='word_1_65' title='bbox 1339 1046 1369 1084; x_wconf 89' lang='lat' dir='ltr'><strong>a</strong></span> <span class='ocrx_word' id='word_1_66' title='bbox 1402 1029 1559 1084; x_wconf 85' lang='lat' dir='ltr'><strong>nobis</strong></span> <span class='ocrx_word' id='word_1_67' title='bbox 1587 1028 1889 1097; x_wconf 78' lang='lat' dir='ltr'><strong>composita</strong></span> <span class='ocrx_word' id='word_1_68' title='bbox 1920 1034 2046 1081; x_wconf 89' lang='lat' dir='ltr'><strong>sunt</strong></span> <span class='ocrx_word' id='word_1_69' title='bbox 2077 1027 2191 1095; x_wconf 76' lang='lat' dir='ltr'><strong>plu-</strong></span> 
     </span>
    </p>
   </div>
   <div class='ocr_carea' id='block_1_12' title="bbox 600 1115 2191 1189">
    <p class='ocr_par' dir='ltr' id='par_1_12' title="bbox 600 1115 2191 1189">
     <span class='ocr_line' id='line_1_12' title="bbox 600 1115 2191 1189; baseline -0.005 -10"><span class='ocrx_word' id='word_1_70' title='bbox 600 1126 758 1188; x_wconf 83' lang='lat' dir='ltr'><strong>ritna,</strong></span> <span class='ocrx_word' id='word_1_71' title='bbox 789 1135 844 1179; x_wconf 88' lang='lat' dir='ltr'><strong>et</strong></span> <span class='ocrx_word' id='word_1_72' title='bbox 872 1126 1103 1178; x_wconf 82' lang='lat' dir='ltr'><strong>maxime</strong></span> <span class='ocrx_word' id='word_1_73' title='bbox 1134 1123 1224 1176; x_wconf 87' lang='lat' dir='ltr'><strong>illa</strong></span> <span class='ocrx_word' id='word_1_74' title='bbox 1268 1136 1388 1189; x_wconf 71' lang='lat' dir='ltr'><strong>quae</strong></span> <span class='ocrx_word' id='word_1_75' title='bbox 1422 1121 1595 1189; x_wconf 84' lang='lat' dir='ltr'><strong>prima</strong></span> <span class='ocrx_word' id='word_1_76' title='bbox 1626 1126 1772 1173; x_wconf 89' lang='lat' dir='ltr'><strong>sunt.</strong></span> <span class='ocrx_word' id='word_1_77' title='bbox 1807 1135 1827 1168; x_wconf 74' lang='grc' dir='ltr'>ι</span> <span class='ocrx_word' id='word_1_78' title='bbox 1860 1115 1918 1173; x_wconf 82' lang='lat' dir='ltr'><strong>Si</strong></span> <span class='ocrx_word' id='word_1_79' title='bbox 1945 1132 2077 1188; x_wconf 89' lang='lat' dir='ltr'><strong>ergo</strong></span> <span class='ocrx_word' id='word_1_80' title='bbox 2108 1117 2191 1171; x_wconf 92' lang='lat' dir='ltr'><strong>vel</strong></span> 
     </span>
    </p>
   </div>
   <div class='ocr_carea' id='block_1_13' title="bbox 601 1206 2192 1280">
    <p class='ocr_par' dir='ltr' id='par_1_13' title="bbox 601 1206 2192 1280">
     <span class='ocr_line' id='line_1_13' title="bbox 601 1206 2192 1280; baseline -0.006 -10"><span class='ocrx_word' id='word_1_81' title='bbox 601 1216 843 1271; x_wconf 88' lang='lat' dir='ltr'><strong>anterior</strong></span> <span class='ocrx_word' id='word_1_82' title='bbox 878 1214 1143 1277; x_wconf 83' lang='lat' dir='ltr'><strong>Ecclesia,</strong></span> <span class='ocrx_word' id='word_1_83' title='bbox 1200 1211 1285 1266; x_wconf 96' lang='lat' dir='ltr'><strong>vel</strong></span> <span class='ocrx_word' id='word_1_84' title='bbox 1318 1209 1584 1279; x_wconf 84' lang='lat' dir='ltr'><strong>posterior</strong></span> <span class='ocrx_word' id='word_1_85' title='bbox 1625 1208 1865 1280; x_wconf 82' lang='lat' dir='ltr'><strong>synodus</strong></span> <span class='ocrx_word' id='word_1_86' title='bbox 1892 1206 2192 1261; x_wconf 82' lang='lat' dir='ltr'><strong>Chalcedo-</strong></span> 
     </span>
    </p>
   </div>
   <div class='ocr_carea' id='block_1_14' title="bbox 602 1298 2194 1379">
    <p class='ocr_par' dir='ltr' id='par_1_14' title="bbox 602 1298 2194 1379">
     <span class='ocr_line' id='line_1_14' title="bbox 602 1298 2194 1379; baseline -0.006 -18"><span class='ocrx_word' id='word_1_87' title='bbox 602 1310 813 1373; x_wconf 85' lang='lat' dir='ltr'><strong>nensis,</strong></span> <span class='ocrx_word' id='word_1_88' title='bbox 845 1323 911 1363; x_wconf 88' lang='lat' dir='ltr'><strong>ex</strong></span> <span class='ocrx_word' id='word_1_89' title='bbox 959 1308 1043 1360; x_wconf 85' lang='lat' dir='ltr'><strong>his</strong></span> <span class='ocrx_word' id='word_1_90' title='bbox 1072 1304 1316 1379; x_wconf 86' lang='lat' dir='ltr'><strong>plurimis</strong></span> <span class='ocrx_word' id='word_1_91' title='bbox 1345 1318 1467 1373; x_wconf 84' lang='lat' dir='ltr'><strong>quae</strong></span> <span class='ocrx_word' id='word_1_92' title='bbox 1509 1313 1605 1371; x_wconf 86' lang='lat' dir='ltr'><strong>per</strong></span> <span class='ocrx_word' id='word_1_93' title='bbox 1655 1299 1984 1369; x_wconf 79' lang='lat' dir='ltr'><strong>imperitiam</strong></span> <span class='ocrx_word' id='word_1_94' title='bbox 2025 1298 2194 1366; x_wconf 87' lang='lat' dir='ltr'><strong>negli-</strong></span> 
     </span>
    </p>
   </div>
   <div class='ocr_carea' id='block_1_15' title="bbox 602 1390 2196 1469">
    <p class='ocr_par' dir='ltr' id='par_1_15' title="bbox 602 1390 2196 1469">
     <span class='ocr_line' id='line_1_15' title="bbox 602 1390 2196 1469; baseline -0.007 -14"><span class='ocrx_word' id='word_1_95' title='bbox 602 1412 794 1469; x_wconf 85' lang='lat' dir='ltr'><strong>genter</strong></span> <span class='ocrx_word' id='word_1_96' title='bbox 823 1415 855 1454; x_wconf 87' lang='lat' dir='ltr'><strong>a</strong></span> <span class='ocrx_word' id='word_1_97' title='bbox 901 1413 962 1454; x_wconf 87' lang='lat' dir='ltr'><strong>se</strong></span> <span class='ocrx_word' id='word_1_98' title='bbox 987 1396 1289 1465; x_wconf 84' lang='lat' dir='ltr'><strong>composita</strong></span> <span class='ocrx_word' id='word_1_99' title='bbox 1320 1395 1545 1460; x_wconf 83' lang='lat' dir='ltr'><strong>fatetur,</strong></span> <span class='ocrx_word' id='word_1_100' title='bbox 1578 1392 1809 1447; x_wconf 88' lang='lat' dir='ltr'><strong>credidit</strong></span> <span class='ocrx_word' id='word_1_101' title='bbox 1836 1405 1959 1446; x_wconf 89' lang='lat' dir='ltr'><strong>esse</strong></span> <span class='ocrx_word' id='word_1_102' title='bbox 1977 1406 2097 1461; x_wconf 77' lang='lat' dir='ltr'><strong>qua:</strong></span> <span class='ocrx_word' id='word_1_103' title='bbox 2140 1390 2196 1444; x_wconf 89' lang='lat' dir='ltr'><strong>in</strong></span> 
     </span>
    </p>
   </div>
   <div class='ocr_carea' id='block_1_16' title="bbox 607 1483 2196 1558">
    <p class='ocr_par' dir='ltr' id='par_1_16' title="bbox 607 1483 2196 1558">
     <span class='ocr_line' id='line_1_16' title="bbox 607 1483 2196 1558; baseline -0.007 -12"><span class='ocrx_word' id='word_1_104' title='bbox 607 1491 724 1558; x_wconf 82' lang='lat' dir='ltr'><strong>ejus</strong></span> <span class='ocrx_word' id='word_1_105' title='bbox 751 1490 906 1545; x_wconf 79' lang='lat' dir='ltr'><strong>libris</strong></span> <span class='ocrx_word' id='word_1_106' title='bbox 928 1488 1140 1542; x_wconf 82' lang='lat' dir='ltr'><strong>meliori</strong></span> <span class='ocrx_word' id='word_1_107' title='bbox 1162 1502 1330 1542; x_wconf 86' lang='lat' dir='ltr'><strong>sensu</strong></span> <span class='ocrx_word' id='word_1_108' title='bbox 1358 1483 1705 1554; x_wconf 82' lang='lat' dir='ltr'><strong>interpretari</strong></span> <span class='ocrx_word' id='word_1_109' title='bbox 1730 1498 1841 1537; x_wconf 76' lang='lat' dir='ltr'><strong>non</strong></span> <span class='ocrx_word' id='word_1_110' title='bbox 1875 1483 2083 1551; x_wconf 82' lang='lat' dir='ltr'><strong>potuit;</strong></span> <span class='ocrx_word' id='word_1_111' title='bbox 2112 1496 2196 1535; x_wconf 83' lang='lat' dir='ltr'><strong>er-</strong></span> 
     </span>
    </p>
   </div>
   <div class='ocr_carea' id='block_1_17' title="bbox 608 1571 2197 1646">
    <p class='ocr_par' dir='ltr' id='par_1_17' title="bbox 608 1571 2197 1646">
     <span class='ocr_line' id='line_1_17' title="bbox 608 1571 2197 1646; baseline -0.008 -11"><span class='ocrx_word' id='word_1_112' title='bbox 608 1581 717 1636; x_wconf 88' lang='lat' dir='ltr'><strong>rori</strong></span> <span class='ocrx_word' id='word_1_113' title='bbox 740 1578 1054 1635; x_wconf 81' lang='lat' dir='ltr'><strong>cohibuisse</strong></span> <span class='ocrx_word' id='word_1_114' title='bbox 1070 1577 1298 1634; x_wconf 80' lang='lat' dir='ltr'><strong>dicenda</strong></span> <span class='ocrx_word' id='word_1_115' title='bbox 1319 1586 1424 1639; x_wconf 89' lang='lat' dir='ltr'><strong>est,</strong></span> <span class='ocrx_word' id='word_1_116' title='bbox 1447 1574 1589 1646; x_wconf 84' lang='lat' dir='ltr'><strong>quod</strong></span> <span class='ocrx_word' id='word_1_117' title='bbox 1617 1589 1741 1628; x_wconf 89' lang='lat' dir='ltr'><strong>eum</strong></span> <span class='ocrx_word' id='word_1_118' title='bbox 1766 1587 1862 1642; x_wconf 90' lang='lat' dir='ltr'><strong>pro</strong></span> <span class='ocrx_word' id='word_1_119' title='bbox 1892 1572 1976 1625; x_wconf 89' lang='lat' dir='ltr'><strong>his</strong></span> <span class='ocrx_word' id='word_1_120' title='bbox 1997 1572 2050 1624; x_wconf 92' lang='lat' dir='ltr'><strong>in</strong></span> <span class='ocrx_word' id='word_1_121' title='bbox 2074 1571 2197 1639; x_wconf 87' lang='lat' dir='ltr'><strong>qui-</strong></span> 
     </span>
    </p>
   </div>
   <div class='ocr_carea' id='block_1_18' title="bbox 610 1660 2196 1740">
    <p class='ocr_par' dir='ltr' id='par_1_18' title="bbox 610 1660 2196 1740">
     <span class='ocr_line' id='line_1_18' title="bbox 610 1660 2196 1740; baseline -0.008 -14"><span class='ocrx_word' id='word_1_122' title='bbox 610 1686 708 1726; x_wconf 88' lang='lat' dir='ltr'><strong>nus</strong></span> <span class='ocrx_word' id='word_1_123' title='bbox 739 1672 1097 1740; x_wconf 74' lang='lat' dir='ltr'><strong>ignorantiam</strong></span> <span class='ocrx_word' id='word_1_124' title='bbox 1116 1676 1182 1723; x_wconf 69' lang='lat' dir='ltr'><strong>‘et</strong></span> <span class='ocrx_word' id='word_1_125' title='bbox 1211 1667 1589 1738; x_wconf 75' lang='lat' dir='ltr'><strong>negligentiam</strong></span> <span class='ocrx_word' id='word_1_126' title='bbox 1612 1678 1762 1717; x_wconf 89' lang='lat' dir='ltr'><strong>suam</strong></span> <span class='ocrx_word' id='word_1_127' title='bbox 1790 1670 1984 1731; x_wconf 77' lang='lat' dir='ltr'><strong>Sponte</strong></span> <span class='ocrx_word' id='word_1_128' title='bbox 2009 1660 2196 1730; x_wconf 84' lang='lat' dir='ltr'><strong>culpa-</strong></span> 
     </span>
    </p>
   </div>
   <div class='ocr_carea' id='block_1_19' title="bbox 2279 467 3882 544">
    <p class='ocr_par' dir='ltr' id='par_1_19' title="bbox 2279 467 3882 544">
     <span class='ocr_line' id='line_1_19' title="bbox 2279 467 3882 544; baseline -0.001 -17"><span class='ocrx_word' id='word_1_129' title='bbox 2279 473 2427 529; x_wconf 87' lang='lat' dir='ltr'><strong>iltius</strong></span> <span class='ocrx_word' id='word_1_130' title='bbox 2454 476 2714 542; x_wconf 90' lang='lat' dir='ltr'><strong>temporis</strong></span> <span class='ocrx_word' id='word_1_131' title='bbox 2735 473 2971 528; x_wconf 84' lang='lat' dir='ltr'><strong>Ecclesia</strong></span> <span class='ocrx_word' id='word_1_132' title='bbox 3002 472 3338 544; x_wconf 74' lang='lat' dir='ltr'><strong>negligenter</strong></span> <span class='ocrx_word' id='word_1_133' title='bbox 3359 480 3411 526; x_wconf 90' lang='lat' dir='ltr'><strong>et</strong></span> <span class='ocrx_word' id='word_1_134' title='bbox 3432 467 3759 540; x_wconf 83' lang='lat' dir='ltr'><strong>insipienter</strong></span> <span class='ocrx_word' id='word_1_135' title='bbox 3777 484 3882 526; x_wconf 80' lang='lat' dir='ltr'><strong>au-</strong></span> 
     </span>
    </p>
   </div>
   <div class='ocr_carea' id='block_1_20' title="bbox 2280 565 3884 634">
    <p class='ocr_par' dir='ltr' id='par_1_20' title="bbox 2280 565 3884 634">
     <span class='ocr_line' id='line_1_20' title="bbox 2280 565 3884 634; baseline -0.001 -13"><span class='ocrx_word' id='word_1_136' title='bbox 2280 566 2463 622; x_wconf 85' lang='lat' dir='ltr'><strong>diebat</strong></span> <span class='ocrx_word' id='word_1_137' title='bbox 2503 565 2848 621; x_wconf 79' lang='lat' dir='ltr'><strong>Theodorum</strong></span> <span class='ocrx_word' id='word_1_138' title='bbox 2883 565 3266 634; x_wconf 82' lang='lat' dir='ltr'><strong>disputantem,</strong></span> <span class='ocrx_word' id='word_1_139' title='bbox 3296 573 3356 617; x_wconf 89' lang='lat' dir='ltr'><strong>ut</strong></span> <span class='ocrx_word' id='word_1_140' title='bbox 3381 578 3507 618; x_wconf 87' lang='lat' dir='ltr'><strong>eum</strong></span> <span class='ocrx_word' id='word_1_141' title='bbox 3541 579 3648 619; x_wconf 87' lang='lat' dir='ltr'><strong>non</strong></span> <span class='ocrx_word' id='word_1_142' title='bbox 3680 577 3884 634; x_wconf 84' lang='lat' dir='ltr'><strong>argue-</strong></span> 
     </span>
    </p>
   </div>
   <div class='ocr_carea' id='block_1_21' title="bbox 2282 654 3884 728">
    <p class='ocr_par' dir='ltr' id='par_1_21' title="bbox 2282 654 3884 728">
     <span class='ocr_line' id='line_1_21' title="bbox 2282 654 3884 728; baseline -0.002 -14"><span class='ocrx_word' id='word_1_143' title='bbox 2282 656 2448 714; x_wconf 88' lang='lat' dir='ltr'><strong>retin</strong></span> <span class='ocrx_word' id='word_1_144' title='bbox 2468 657 2661 728; x_wconf 79' lang='lat' dir='ltr'><strong>quibus</strong></span> <span class='ocrx_word' id='word_1_145' title='bbox 2689 658 2755 711; x_wconf 88' lang='lat' dir='ltr'><strong>ab</strong></span> <span class='ocrx_word' id='word_1_146' title='bbox 2787 655 2918 726; x_wconf 89' lang='lat' dir='ltr'><strong>ipsis</strong></span> <span class='ocrx_word' id='word_1_147' title='bbox 2948 656 3208 727; x_wconf 80' lang='lat' dir='ltr'><strong>arguitur.</strong></span> <span class='ocrx_word' id='word_1_148' title='bbox 3243 655 3396 723; x_wconf 85' lang='lat' dir='ltr'><strong>Quod</strong></span> <span class='ocrx_word' id='word_1_149' title='bbox 3447 656 3587 710; x_wconf 86' lang='lat' dir='ltr'><strong>absit</strong></span> <span class='ocrx_word' id='word_1_150' title='bbox 3616 670 3643 710; x_wconf 88' lang='lat' dir='ltr'><strong>a</strong></span> <span class='ocrx_word' id='word_1_151' title='bbox 3673 654 3884 725; x_wconf 81' lang='lat' dir='ltr'><strong>pietate</strong></span> 
     </span>
    </p>
   </div>
   <div class='ocr_carea' id='block_1_22' title="bbox 2282 746 3883 822">
    <p class='ocr_par' dir='ltr' id='par_1_22' title="bbox 2282 746 3883 822">
     <span class='ocr_line' id='line_1_22' title="bbox 2282 746 3883 822; baseline -0.002 -16"><span class='ocrx_word' id='word_1_152' title='bbox 2282 751 2485 822; x_wconf 86' lang='lat' dir='ltr'><strong>synodi</strong></span> <span class='ocrx_word' id='word_1_153' title='bbox 2518 747 2980 805; x_wconf 86' lang='lat' dir='ltr'><strong>Chalcedonensis</strong></span> <span class='ocrx_word' id='word_1_154' title='bbox 3010 757 3064 801; x_wconf 92' lang='lat' dir='ltr'><strong>ut</strong></span> <span class='ocrx_word' id='word_1_155' title='bbox 3096 746 3197 802; x_wconf 88' lang='lat' dir='ltr'><strong>hoc</strong></span> <span class='ocrx_word' id='word_1_156' title='bbox 3223 747 3426 803; x_wconf 85' lang='lat' dir='ltr'><strong>diceret</strong></span> <span class='ocrx_word' id='word_1_157' title='bbox 3461 757 3553 801; x_wconf 89' lang='lat' dir='ltr'><strong>aut</strong></span> <span class='ocrx_word' id='word_1_158' title='bbox 3588 748 3883 803; x_wconf 82' lang='lat' dir='ltr'><strong>crederet:</strong></span> 
     </span>
    </p>
   </div>
   <div class='ocr_carea' id='block_1_23' title="bbox 2287 837 3886 911">
    <p class='ocr_par' dir='ltr' id='par_1_23' title="bbox 2287 837 3886 911">
     <span class='ocr_line' id='line_1_23' title="bbox 2287 837 3886 911; baseline -0.001 -17"><span class='ocrx_word' id='word_1_159' title='bbox 2287 841 2449 909; x_wconf 89' lang='lat' dir='ltr'><strong>absit,</strong></span> <span class='ocrx_word' id='word_1_160' title='bbox 2482 841 2717 911; x_wconf 88' lang='lat' dir='ltr'><strong>inquam,</strong></span> <span class='ocrx_word' id='word_1_161' title='bbox 2746 847 2806 894; x_wconf 90' lang='lat' dir='ltr'><strong>ut</strong></span> <span class='ocrx_word' id='word_1_162' title='bbox 2828 840 2930 894; x_wconf 90' lang='lat' dir='ltr'><strong>hoc</strong></span> <span class='ocrx_word' id='word_1_163' title='bbox 2954 838 3225 905; x_wconf 82' lang='lat' dir='ltr'><strong>crederet,</strong></span> <span class='ocrx_word' id='word_1_164' title='bbox 3257 837 3550 893; x_wconf 72' lang='lat' dir='ltr'><strong>Ecclesium</strong></span> <span class='ocrx_word' id='word_1_165' title='bbox 3574 838 3799 906; x_wconf 80' lang='lat' dir='ltr'><strong>Christi,</strong></span> <span class='ocrx_word' id='word_1_166' title='bbox 3838 838 3886 893; x_wconf 88' lang='lat' dir='ltr'><strong>si</strong></span> 
     </span>
    </p>
   </div>
   <div class='ocr_carea' id='block_1_24' title="bbox 2289 928 3883 995">
    <p class='ocr_par' dir='ltr' id='par_1_24' title="bbox 2289 928 3883 995">
     <span class='ocr_line' id='line_1_24' title="bbox 2289 928 3883 995; baseline -0.001 -8"><span class='ocrx_word' id='word_1_167' title='bbox 2289 932 2627 993; x_wconf 85' lang='lat' dir='ltr'><strong>Theodorus,</strong></span> <span class='ocrx_word' id='word_1_168' title='bbox 2657 942 2718 984; x_wconf 91' lang='lat' dir='ltr'><strong>ut</strong></span> <span class='ocrx_word' id='word_1_169' title='bbox 2762 931 2978 995; x_wconf 82' lang='lat' dir='ltr'><strong>dicitur,</strong></span> <span class='ocrx_word' id='word_1_170' title='bbox 3009 928 3311 986; x_wconf 80' lang='lat' dir='ltr'><strong>Nestoriani</strong></span> <span class='ocrx_word' id='word_1_171' title='bbox 3341 938 3531 985; x_wconf 84' lang='lat' dir='ltr'><strong>auctor</strong></span> <span class='ocrx_word' id='word_1_172' title='bbox 3559 932 3764 986; x_wconf 85' lang='lat' dir='ltr'><strong>erroris</strong></span> <span class='ocrx_word' id='word_1_173' title='bbox 3794 944 3883 985; x_wconf 78' lang='lat' dir='ltr'><strong>cs-</strong></span> 
     </span>
    </p>
   </div>
   <div class='ocr_carea' id='block_1_25' title="bbox 2294 1020 3885 1092">
    <p class='ocr_par' dir='ltr' id='par_1_25' title="bbox 2294 1020 3885 1092">
     <span class='ocr_line' id='line_1_25' title="bbox 2294 1020 3885 1092; baseline -0.004 -12"><span class='ocrx_word' id='word_1_174' title='bbox 2294 1034 2399 1089; x_wconf 92' lang='lat' dir='ltr'><strong>set,</strong></span> <span class='ocrx_word' id='word_1_175' title='bbox 2446 1022 2809 1092; x_wconf 84' lang='lat' dir='ltr'><strong>blasphemias</strong></span> <span class='ocrx_word' id='word_1_176' title='bbox 2860 1024 2929 1077; x_wconf 82' lang='lat' dir='ltr'><strong>ab</strong></span> <span class='ocrx_word' id='word_1_177' title='bbox 2964 1037 3029 1076; x_wconf 90' lang='lat' dir='ltr'><strong>eo</strong></span> <span class='ocrx_word' id='word_1_178' title='bbox 3072 1022 3246 1076; x_wconf 83' lang='lat' dir='ltr'><strong>dictas</strong></span> <span class='ocrx_word' id='word_1_179' title='bbox 3276 1024 3327 1076; x_wconf 93' lang='lat' dir='ltr'><strong>in</strong></span> <span class='ocrx_word' id='word_1_180' title='bbox 3357 1020 3629 1078; x_wconf 85' lang='lat' dir='ltr'><strong>Christum</strong></span> <span class='ocrx_word' id='word_1_181' title='bbox 3658 1022 3743 1077; x_wconf 87' lang='lat' dir='ltr'><strong>vel</strong></span> <span class='ocrx_word' id='word_1_182' title='bbox 3769 1036 3885 1077; x_wconf 85' lang='lat' dir='ltr'><strong>non</strong></span> 
     </span>
    </p>
   </div>
   <div class='ocr_carea' id='block_1_26' title="bbox 2288 1112 3889 1185">
    <p class='ocr_par' dir='ltr' id='par_1_26' title="bbox 2288 1112 3889 1185">
     <span class='ocr_line' id='line_1_26' title="bbox 2288 1112 3889 1185; baseline -0.001 -16"><span class='ocrx_word' id='word_1_183' title='bbox 2288 1114 2610 1185; x_wconf 84' lang='lat' dir='ltr'><strong>intelligere,</strong></span> <span class='ocrx_word' id='word_1_184' title='bbox 2642 1115 2723 1170; x_wconf 90' lang='lat' dir='ltr'><strong>vel</strong></span> <span class='ocrx_word' id='word_1_185' title='bbox 2755 1115 3025 1183; x_wconf 71' lang='lat' dir='ltr'><strong>negligere</strong></span> <span class='ocrx_word' id='word_1_186' title='bbox 3073 1114 3345 1182; x_wconf 87' lang='lat' dir='ltr'><strong>potuisse:</strong></span> <span class='ocrx_word' id='word_1_187' title='bbox 3377 1127 3500 1167; x_wconf 90' lang='lat' dir='ltr'><strong>cum</strong></span> <span class='ocrx_word' id='word_1_188' title='bbox 3536 1112 3689 1179; x_wconf 79' lang='lat' dir='ltr'><strong>illud,</strong></span> <span class='ocrx_word' id='word_1_189' title='bbox 3735 1114 3889 1183; x_wconf 82' lang='lat' dir='ltr'><strong>quod</strong></span> 
     </span>
    </p>
   </div>
   <div class='ocr_carea' id='block_1_27' title="bbox 2294 1205 3891 1277">
    <p class='ocr_par' dir='ltr' id='par_1_27' title="bbox 2294 1205 3891 1277">
     <span class='ocr_line' id='line_1_27' title="bbox 2294 1205 3891 1277; baseline -0.001 -14"><span class='ocrx_word' id='word_1_190' title='bbox 2294 1224 2404 1264; x_wconf 93' lang='lat' dir='ltr'><strong>non</strong></span> <span class='ocrx_word' id='word_1_191' title='bbox 2434 1210 2804 1277; x_wconf 86' lang='lat' dir='ltr'><strong>blasphemum</strong></span> <span class='ocrx_word' id='word_1_192' title='bbox 2832 1219 2886 1260; x_wconf 91' lang='lat' dir='ltr'><strong>et</strong></span> <span class='ocrx_word' id='word_1_193' title='bbox 2916 1207 3233 1261; x_wconf 63' lang='lat' dir='ltr'><strong>haereticum</strong></span> <span class='ocrx_word' id='word_1_194' title='bbox 3264 1205 3387 1271; x_wconf 86' lang='lat' dir='ltr'><strong>fuit,</strong></span> <span class='ocrx_word' id='word_1_195' title='bbox 3424 1206 3517 1260; x_wconf 75' lang='lat' dir='ltr'><strong>sed</strong></span> <span class='ocrx_word' id='word_1_196' title='bbox 3546 1205 3696 1275; x_wconf 85' lang='lat' dir='ltr'><strong>quod</strong></span> <span class='ocrx_word' id='word_1_197' title='bbox 3734 1216 3891 1262; x_wconf 83' lang='lat' dir='ltr'><strong>recte</strong></span> 
     </span>
    </p>
   </div>
   <div class='ocr_carea' id='block_1_28' title="bbox 2295 1300 3895 1370">
    <p class='ocr_par' dir='ltr' id='par_1_28' title="bbox 2295 1300 3895 1370">
     <span class='ocr_line' id='line_1_28' title="bbox 2295 1300 3895 1370; baseline 0.003 -17"><span class='ocrx_word' id='word_1_198' title='bbox 2295 1300 2401 1356; x_wconf 89' lang='lat' dir='ltr'><strong>dici</strong></span> <span class='ocrx_word' id='word_1_199' title='bbox 2426 1318 2535 1357; x_wconf 87' lang='lat' dir='ltr'><strong>non</strong></span> <span class='ocrx_word' id='word_1_200' title='bbox 2566 1309 2867 1370; x_wconf 87' lang='lat' dir='ltr'><strong>putaretur,</strong></span> <span class='ocrx_word' id='word_1_201' title='bbox 2896 1300 3034 1355; x_wconf 87' lang='lat' dir='ltr'><strong>sicut</strong></span> <span class='ocrx_word' id='word_1_202' title='bbox 3056 1300 3292 1354; x_wconf 83' lang='lat' dir='ltr'><strong>Joannes</strong></span> <span class='ocrx_word' id='word_1_203' title='bbox 3324 1300 3693 1356; x_wconf 81' lang='lat' dir='ltr'><strong>Antiochenus</strong></span> <span class='ocrx_word' id='word_1_204' title='bbox 3715 1311 3895 1357; x_wconf 82' lang='lat' dir='ltr'><strong>testa-</strong></span> 
     </span>
    </p>
   </div>
   <div class='ocr_carea' id='block_1_29' title="bbox 2299 1390 3895 1460">
    <p class='ocr_par' dir='ltr' id='par_1_29' title="bbox 2299 1390 3895 1460">
     <span class='ocr_line' id='line_1_29' title="bbox 2299 1390 3895 1460; baseline 0.001 -12"><span class='ocrx_word' id='word_1_205' title='bbox 2299 1401 2407 1459; x_wconf 85' lang='lat' dir='ltr'><strong>tur,</strong></span> <span class='ocrx_word' id='word_1_206' title='bbox 2440 1407 2548 1447; x_wconf 87' lang='lat' dir='ltr'><strong>non</strong></span> <span class='ocrx_word' id='word_1_207' title='bbox 2587 1392 2865 1446; x_wconf 85' lang='lat' dir='ltr'><strong>minimam</strong></span> <span class='ocrx_word' id='word_1_208' title='bbox 2901 1391 3366 1460; x_wconf 85' lang='lat' dir='ltr'><strong>perturbationem</strong></span> <span class='ocrx_word' id='word_1_209' title='bbox 3396 1390 3735 1453; x_wconf 78' lang='lat' dir='ltr'><strong>excitaverit.</strong></span> <span class='ocrx_word' id='word_1_210' title='bbox 3788 1407 3895 1450; x_wconf 84' lang='lat' dir='ltr'><strong>nec</strong></span> 
     </span>
    </p>
   </div>
   <div class='ocr_carea' id='block_1_30' title="bbox 2297 1479 3893 1553">
    <p class='ocr_par' dir='ltr' id='par_1_30' title="bbox 2297 1479 3893 1553">
     <span class='ocr_line' id='line_1_30' title="bbox 2297 1479 3893 1553; baseline 0.004 -19"><span class='ocrx_word' id='word_1_211' title='bbox 2297 1493 2425 1537; x_wconf 85' lang='lat' dir='ltr'><strong>ante</strong></span> <span class='ocrx_word' id='word_1_212' title='bbox 2451 1482 2637 1537; x_wconf 82' lang='lat' dir='ltr'><strong>sedata</strong></span> <span class='ocrx_word' id='word_1_213' title='bbox 2664 1482 2735 1535; x_wconf 90' lang='lat' dir='ltr'><strong>sit</strong></span> <span class='ocrx_word' id='word_1_214' title='bbox 2761 1496 2927 1550; x_wconf 84' lang='lat' dir='ltr'><strong>quam</strong></span> <span class='ocrx_word' id='word_1_215' title='bbox 2955 1479 3283 1536; x_wconf 84' lang='lat' dir='ltr'><strong>fortissimus</strong></span> <span class='ocrx_word' id='word_1_216' title='bbox 3310 1482 3403 1537; x_wconf 89' lang='lat' dir='ltr'><strong>ille</strong></span> <span class='ocrx_word' id='word_1_217' title='bbox 3451 1498 3748 1553; x_wconf 77' lang='lat' dir='ltr'><strong>exsurgens</strong></span> <span class='ocrx_word' id='word_1_218' title='bbox 3776 1500 3893 1543; x_wconf 88' lang='lat' dir='ltr'><strong>non</strong></span> 
     </span>
    </p>
   </div>
   <div class='ocr_carea' id='block_1_31' title="bbox 2300 1571 3893 1643">
    <p class='ocr_par' dir='ltr' id='par_1_31' title="bbox 2300 1571 3893 1643">
     <span class='ocr_line' id='line_1_31' title="bbox 2300 1571 3893 1643; baseline 0.004 -17"><span class='ocrx_word' id='word_1_219' title='bbox 2300 1582 2420 1643; x_wconf 87' lang='lat' dir='ltr'><strong>post</strong></span> <span class='ocrx_word' id='word_1_220' title='bbox 2449 1572 2648 1626; x_wconf 74' lang='lat' dir='ltr'><strong>multos</strong></span> <span class='ocrx_word' id='word_1_221' title='bbox 2684 1571 2999 1638; x_wconf 56' lang='lat' dir='ltr'><strong>dies,,illud</strong></span> <span class='ocrx_word' id='word_1_222' title='bbox 3046 1571 3188 1641; x_wconf 90' lang='lat' dir='ltr'><strong>quod</strong></span> <span class='ocrx_word' id='word_1_223' title='bbox 3221 1573 3290 1627; x_wconf 90' lang='lat' dir='ltr'><strong>ab</strong></span> <span class='ocrx_word' id='word_1_224' title='bbox 3329 1587 3394 1628; x_wconf 91' lang='lat' dir='ltr'><strong>eo</strong></span> <span class='ocrx_word' id='word_1_225' title='bbox 3423 1574 3627 1630; x_wconf 87' lang='lat' dir='ltr'><strong>dictum</strong></span> <span class='ocrx_word' id='word_1_226' title='bbox 3673 1587 3799 1632; x_wconf 89' lang='lat' dir='ltr'><strong>erat</strong></span> <span class='ocrx_word' id='word_1_227' title='bbox 3826 1578 3893 1632; x_wconf 81' lang='lat' dir='ltr'><strong>ad</strong></span> 
     </span>
    </p>
   </div>
   <div class='ocr_carea' id='block_1_32' title="bbox 2300 1663 3895 1737">
    <p class='ocr_par' dir='ltr' id='par_1_32' title="bbox 2300 1663 3895 1737">
     <span class='ocr_line' id='line_1_32' title="bbox 2300 1663 3895 1737; baseline 0.005 -17"><span class='ocrx_word' id='word_1_228' title='bbox 2300 1665 2584 1720; x_wconf 88' lang='lat' dir='ltr'><strong>utilitatem</strong></span> <span class='ocrx_word' id='word_1_229' title='bbox 2620 1663 2901 1731; x_wconf 57' lang='lat' dir='ltr'><strong>Ecclesiae,</strong></span> <span class='ocrx_word' id='word_1_230' title='bbox 2944 1664 3062 1719; x_wconf 85' lang='lat' dir='ltr'><strong>sine</strong></span> <span class='ocrx_word' id='word_1_231' title='bbox 3090 1664 3408 1721; x_wconf 77' lang='lat' dir='ltr'><strong>confusione</strong></span> <span class='ocrx_word' id='word_1_232' title='bbox 3450 1670 3773 1737; x_wconf 83' lang='lat' dir='ltr'><strong>corrigeret.</strong></span> <span class='ocrx_word' id='word_1_233' title='bbox 3830 1672 3895 1728; x_wconf 76' lang='lat' dir='ltr'><strong>Et</strong></span> 
     </span>
    </p>
   </div>
   <div class='ocr_carea' id='block_1_33' title="bbox 611 1753 3891 1833">
    <p class='ocr_par' dir='ltr' id='par_1_33' title="bbox 611 1753 3891 1833">
     <span class='ocr_line' id='line_1_33' title="bbox 611 1753 3891 1833; baseline -0.002 -17"><span class='ocrx_word' id='word_1_234' title='bbox 611 1765 708 1830; x_wconf 89' lang='lat' dir='ltr'><strong>vit,</strong></span> <span class='ocrx_word' id='word_1_235' title='bbox 757 1780 864 1818; x_wconf 89' lang='lat' dir='ltr'><strong>non</strong></span> <span class='ocrx_word' id='word_1_236' title='bbox 907 1762 1171 1832; x_wconf 87' lang='lat' dir='ltr'><strong>judicavit</strong></span> <span class='ocrx_word' id='word_1_237' title='bbox 1202 1760 1514 1815; x_wconf 69' lang='lat' dir='ltr'><strong>lmrcticum</strong></span> <span class='ocrx_word' id='word_1_238' title='bbox 1532 1800 1548 1825; x_wconf 95' lang='lat'><strong>,</strong></span> <span class='ocrx_word' id='word_1_239' title='bbox 1574 1766 1629 1811; x_wconf 88' lang='lat' dir='ltr'><strong>et</strong></span> <span class='ocrx_word' id='word_1_240' title='bbox 1657 1770 1754 1827; x_wconf 92' lang='lat' dir='ltr'><strong>pro</strong></span> <span class='ocrx_word' id='word_1_241' title='bbox 1780 1755 1995 1811; x_wconf 60' lang='lat' dir='ltr'><strong>ceteris</strong></span> <span class='ocrx_word' id='word_1_242' title='bbox 2029 1753 2195 1809; x_wconf 86' lang='lat' dir='ltr'><strong>incul-</strong></span> <span class='ocrx_word' id='word_1_243' title='bbox 2226 1754 2275 1815; x_wconf 90' lang='lat' dir='ltr'><strong>B</strong></span> <span class='ocrx_word' id='word_1_244' title='bbox 2302 1772 2489 1813; x_wconf 88' lang='lat' dir='ltr'><strong>revera</strong></span> <span class='ocrx_word' id='word_1_245' title='bbox 2512 1770 2720 1826; x_wconf 84' lang='lat' dir='ltr'><strong>magnae</strong></span> <span class='ocrx_word' id='word_1_246' title='bbox 2747 1756 3077 1812; x_wconf 87' lang='lat' dir='ltr'><strong>fortitudinis</strong></span> <span class='ocrx_word' id='word_1_247' title='bbox 3115 1756 3216 1811; x_wconf 86' lang='lat' dir='ltr'><strong>fuit</strong></span> <span class='ocrx_word' id='word_1_248' title='bbox 3242 1764 3300 1812; x_wconf 94' lang='lat' dir='ltr'><strong>ut</strong></span> <span class='ocrx_word' id='word_1_249' title='bbox 3344 1762 3579 1829; x_wconf 89' lang='lat' dir='ltr'><strong>seipsum</strong></span> <span class='ocrx_word' id='word_1_250' title='bbox 3608 1762 3891 1833; x_wconf 75' lang='lat' dir='ltr'><strong>interpre-</strong></span> 
     </span>
    </p>
   </div>
   <div class='ocr_carea' id='block_1_34' title="bbox 610 1850 1622 1926">
    <p class='ocr_par' dir='ltr' id='par_1_34' title="bbox 610 1850 1622 1926">
     <span class='ocr_line' id='line_1_34' title="bbox 610 1850 1622 1926; baseline -0.007 -14"><span class='ocrx_word' id='word_1_251' title='bbox 610 1856 875 1926; x_wconf 78' lang='lat' dir='ltr'><strong>pabilibus</strong></span> <span class='ocrx_word' id='word_1_252' title='bbox 903 1854 1134 1911; x_wconf 89' lang='lat' dir='ltr'><strong>credidit</strong></span> <span class='ocrx_word' id='word_1_253' title='bbox 1160 1868 1282 1909; x_wconf 87' lang='lat' dir='ltr'><strong>esse</strong></span> <span class='ocrx_word' id='word_1_254' title='bbox 1306 1850 1622 1907; x_wconf 73' lang='lat' dir='ltr'><strong>laudatum?</strong></span> 
     </span>
    </p>
   </div>
   <div class='ocr_carea' id='block_1_35' title="bbox 1233 1961 1566 2018">
    <p class='ocr_par' dir='ltr' id='par_1_35' title="bbox 1233 1961 1566 2018">
     <span class='ocr_line' id='line_1_35' title="bbox 1233 1961 1566 2018; baseline -0.003 -1"><span class='ocrx_word' id='word_1_255' title='bbox 1233 1962 1462 2018; x_wconf 85' lang='lat' dir='ltr'><strong>CAPUT</strong></span> <span class='ocrx_word' id='word_1_256' title='bbox 1501 1961 1566 2016; x_wconf 90' lang='lat' dir='ltr'><strong>ll.</strong></span> 
     </span>
    </p>
   </div>
   <div class='ocr_carea' id='block_1_36' title="bbox 616 2022 2206 2125">
    <p class='ocr_par' dir='ltr' id='par_1_36' title="bbox 616 2022 2206 2125">
     <span class='ocr_line' id='line_1_36' title="bbox 616 2022 2206 2125; baseline -0.003 -14"><span class='ocrx_word' id='word_1_257' title='bbox 616 2022 767 2125; x_wconf 69' lang='lat' dir='ltr'><strong>Quod</strong></span> <span class='ocrx_word' id='word_1_258' title='bbox 796 2058 889 2111; x_wconf 83' lang='lat' dir='ltr'><strong>etsi</strong></span> <span class='ocrx_word' id='word_1_259' title='bbox 915 2055 1193 2125; x_wconf 84' lang='lat' dir='ltr'><strong>aliquando</strong></span> <span class='ocrx_word' id='word_1_260' title='bbox 1217 2058 1418 2119; x_wconf 86' lang='lat' dir='ltr'><strong>errarit,</strong></span> <span class='ocrx_word' id='word_1_261' title='bbox 1447 2055 1684 2108; x_wconf 82' lang='lat' dir='ltr'><strong>damnari</strong></span> <span class='ocrx_word' id='word_1_262' title='bbox 1720 2063 1776 2107; x_wconf 86' lang='lat' dir='ltr'><strong>ut</strong></span> <span class='ocrx_word' id='word_1_263' title='bbox 1806 2053 2074 2125; x_wconf 58' lang='lat' dir='ltr'><strong>hereticus</strong></span> <span class='ocrx_word' id='word_1_264' title='bbox 2103 2067 2206 2125; x_wconf 79' lang='lat' dir='ltr'><strong>non</strong></span> 
     </span>
    </p>
   </div>
   <div class='ocr_carea' id='block_1_37' title="bbox 686 2123 2205 2199">
    <p class='ocr_par' dir='ltr' id='par_1_37' title="bbox 686 2123 2205 2199">
     <span class='ocr_line' id='line_1_37' title="bbox 686 2123 2205 2199; baseline -0.005 -17"><span class='ocrx_word' id='word_1_265' title='bbox 686 2130 928 2199; x_wconf 77' lang='lat' dir='ltr'><strong>potuerit,</strong></span> <span class='ocrx_word' id='word_1_266' title='bbox 961 2123 1083 2199; x_wconf 73' lang='lat' dir='ltr'><strong>quia</strong></span> <span class='ocrx_word' id='word_1_267' title='bbox 1107 2127 1345 2195; x_wconf 69' lang='lat' dir='ltr'><strong>pertinax</strong></span> <span class='ocrx_word' id='word_1_268' title='bbox 1372 2141 1474 2199; x_wconf 80' lang='lat' dir='ltr'><strong>non</strong></span> <span class='ocrx_word' id='word_1_269' title='bbox 1503 2126 1626 2195; x_wconf 78' lang='lat' dir='ltr'><strong>fuit,</strong></span> <span class='ocrx_word' id='word_1_270' title='bbox 1658 2141 1773 2179; x_wconf 79' lang='lat' dir='ltr'><strong>cum</strong></span> <span class='ocrx_word' id='word_1_271' title='bbox 1800 2124 1937 2178; x_wconf 75' lang='lat' dir='ltr'><strong>ultro</strong></span> <span class='ocrx_word' id='word_1_272' title='bbox 1967 2123 2205 2195; x_wconf 74' lang='lat' dir='ltr'><strong>qutcdom</strong></span> 
     </span>
    </p>
   </div>
   <div class='ocr_carea' id='block_1_38' title="bbox 687 2197 1458 2270">
    <p class='ocr_par' dir='ltr' id='par_1_38' title="bbox 687 2197 1458 2270">
     <span class='ocr_line' id='line_1_38' title="bbox 687 2197 1458 2270; baseline -0.004 -18"><span class='ocrx_word' id='word_1_273' title='bbox 687 2197 801 2270; x_wconf 67' lang='lat' dir='ltr'><strong>qua:</strong></span> <span class='ocrx_word' id='word_1_274' title='bbox 829 2198 1134 2251; x_wconf 81' lang='lat' dir='ltr'><strong>notabantur</strong></span> <span class='ocrx_word' id='word_1_275' title='bbox 1164 2197 1458 2250; x_wconf 74' lang='lat' dir='ltr'><strong>correxerit.</strong></span> 
     </span>
    </p>
   </div>
   <div class='ocr_carea' id='block_1_39' title="bbox 688 2323 2202 2392">
    <p class='ocr_par' dir='ltr' id='par_1_39' title="bbox 688 2323 2202 2392">
     <span class='ocr_line' id='line_1_39' title="bbox 688 2323 2202 2392; baseline -0.003 -9"><span class='ocrx_word' id='word_1_276' title='bbox 688 2328 787 2383; x_wconf 81' lang='lat' dir='ltr'><strong>Est</strong></span> <span class='ocrx_word' id='word_1_277' title='bbox 810 2336 864 2383; x_wconf 90' lang='lat' dir='ltr'><strong>et</strong></span> <span class='ocrx_word' id='word_1_278' title='bbox 893 2328 1038 2383; x_wconf 90' lang='lat' dir='ltr'><strong>aliud</strong></span> <span class='ocrx_word' id='word_1_279' title='bbox 1068 2326 1320 2382; x_wconf 88' lang='lat' dir='ltr'><strong>nimirum</strong></span> <span class='ocrx_word' id='word_1_280' title='bbox 1349 2325 1521 2381; x_wconf 89' lang='lat' dir='ltr'><strong>multo</strong></span> <span class='ocrx_word' id='word_1_281' title='bbox 1543 2324 1757 2391; x_wconf 89' lang='lat' dir='ltr'><strong>fortius,</strong></span> <span class='ocrx_word' id='word_1_282' title='bbox 1785 2323 1929 2392; x_wconf 89' lang='lat' dir='ltr'><strong>quod</strong></span> <span class='ocrx_word' id='word_1_283' title='bbox 1961 2323 2117 2378; x_wconf 89' lang='lat' dir='ltr'><strong>nobis</strong></span> <span class='ocrx_word' id='word_1_284' title='bbox 2139 2323 2202 2378; x_wconf 86' lang='lat' dir='ltr'><strong>ad</strong></span> 
     </span>
    </p>
   </div>
   <div class='ocr_carea' id='block_1_40' title="bbox 615 2414 2208 2487">
    <p class='ocr_par' dir='ltr' id='par_1_40' title="bbox 615 2414 2208 2487">
     <span class='ocr_line' id='line_1_40' title="bbox 615 2414 2208 2487; baseline -0.003 -13"><span class='ocrx_word' id='word_1_285' title='bbox 615 2419 981 2474; x_wconf 90' lang='lat' dir='ltr'><strong>defensionem</strong></span> <span class='ocrx_word' id='word_1_286' title='bbox 1023 2428 1285 2487; x_wconf 75' lang='lat' dir='ltr'><strong>susceptae</strong></span> <span class='ocrx_word' id='word_1_287' title='bbox 1312 2431 1493 2472; x_wconf 80' lang='lat' dir='ltr'><strong>causa:</strong></span> <span class='ocrx_word' id='word_1_288' title='bbox 1525 2415 1791 2486; x_wconf 77' lang='lat' dir='ltr'><strong>proficiat.</strong></span> <span class='ocrx_word' id='word_1_289' title='bbox 1825 2414 1957 2469; x_wconf 90' lang='lat' dir='ltr'><strong>Nam</strong></span> <span class='ocrx_word' id='word_1_290' title='bbox 1988 2425 2208 2470; x_wconf 84' lang='lat' dir='ltr'><strong>sanctus</strong></span> 
     </span>
    </p>
   </div>
   <div class='ocr_carea' id='block_1_41' title="bbox 617 2506 2209 2578">
    <p class='ocr_par' dir='ltr' id='par_1_41' title="bbox 617 2506 2209 2578">
     <span class='ocr_line' id='line_1_41' title="bbox 617 2506 2209 2578; baseline -0.004 -11"><span class='ocrx_word' id='word_1_291' title='bbox 617 2513 851 2567; x_wconf 84' lang='lat' dir='ltr'><strong>Joannes</strong></span> <span class='ocrx_word' id='word_1_292' title='bbox 911 2511 1283 2567; x_wconf 87' lang='lat' dir='ltr'><strong>Antiochenus</strong></span> <span class='ocrx_word' id='word_1_293' title='bbox 1325 2524 1557 2578; x_wconf 87' lang='lat' dir='ltr'><strong>arguens</strong></span> <span class='ocrx_word' id='word_1_294' title='bbox 1610 2508 1804 2563; x_wconf 90' lang='lat' dir='ltr'><strong>litteris</strong></span> <span class='ocrx_word' id='word_1_295' title='bbox 1853 2507 1963 2561; x_wconf 87' lang='lat' dir='ltr'><strong>suis</strong></span> <span class='ocrx_word' id='word_1_296' title='bbox 2016 2506 2209 2562; x_wconf 85' lang='lat' dir='ltr'><strong>Nesto-</strong></span> 
     </span>
    </p>
   </div>
   <div class='ocr_carea' id='block_1_42' title="bbox 617 2598 2206 2673">
    <p class='ocr_par' dir='ltr' id='par_1_42' title="bbox 617 2598 2206 2673">
     <span class='ocr_line' id='line_1_42' title="bbox 617 2598 2206 2673; baseline -0.004 -15"><span class='ocrx_word' id='word_1_297' title='bbox 617 2604 754 2658; x_wconf 88' lang='lat' dir='ltr'><strong>rium</strong></span> <span class='ocrx_word' id='word_1_298' title='bbox 787 2603 968 2673; x_wconf 72' lang='grc' dir='ltr'><strong>⁸(ιιιοά</strong></span> <span class='ocrx_word' id='word_1_299' title='bbox 991 2603 1201 2658; x_wconf 78' lang='lat' dir='ltr'><strong>beatam</strong></span> <span class='ocrx_word' id='word_1_300' title='bbox 1227 2602 1445 2656; x_wconf 83' lang='lat' dir='ltr'><strong>Mariam</strong></span> <span class='ocrx_word' id='word_1_301' title='bbox 1475 2609 1700 2655; x_wconf 89' lang='lat' dir='ltr'><strong>matrem</strong></span> <span class='ocrx_word' id='word_1_302' title='bbox 1728 2598 1937 2654; x_wconf 88' lang='lat' dir='ltr'><strong>Domini</strong></span> <span class='ocrx_word' id='word_1_303' title='bbox 1963 2608 2206 2667; x_wconf 83' lang='lat' dir='ltr'><strong>negaret,</strong></span> 
     </span>
    </p>
   </div>
   <div class='ocr_carea' id='block_1_43' title="bbox 615 2691 2207 2762">
    <p class='ocr_par' dir='ltr' id='par_1_43' title="bbox 615 2691 2207 2762">
     <span class='ocr_line' id='line_1_43' title="bbox 615 2691 2207 2762; baseline -0.005 -9"><span class='ocrx_word' id='word_1_304' title='bbox 615 2706 673 2753; x_wconf 87' lang='lat' dir='ltr'><strong>et</strong></span> <span class='ocrx_word' id='word_1_305' title='bbox 696 2707 757 2751; x_wconf 93' lang='lat' dir='ltr'><strong>ut</strong></span> <span class='ocrx_word' id='word_1_306' title='bbox 782 2696 885 2751; x_wconf 91' lang='lat' dir='ltr'><strong>hoc</strong></span> <span class='ocrx_word' id='word_1_307' title='bbox 909 2696 1257 2751; x_wconf 82' lang='lat' dir='ltr'><strong>confiteretur</strong></span> <span class='ocrx_word' id='word_1_308' title='bbox 1286 2695 1608 2761; x_wconf 84' lang='lat' dir='ltr'><strong>exhortans,</strong></span> <span class='ocrx_word' id='word_1_309' title='bbox 1660 2701 1782 2762; x_wconf 86' lang='lat' dir='ltr'><strong>post</strong></span> <span class='ocrx_word' id='word_1_310' title='bbox 1829 2692 2009 2761; x_wconf 89' lang='lat' dir='ltr'><strong>aliqua</strong></span> <span class='ocrx_word' id='word_1_311' title='bbox 2041 2691 2207 2745; x_wconf 86' lang='lat' dir='ltr'><strong>dicit:</strong></span> 
     </span>
    </p>
   </div>
   <div class='ocr_carea' id='block_1_44' title="bbox 622 2782 2209 2854">
    <p class='ocr_par' dir='ltr' id='par_1_44' title="bbox 622 2782 2209 2854">
     <span class='ocr_line' id='line_1_44' title="bbox 622 2782 2209 2854; baseline -0.004 -12"><span class='ocrx_word' id='word_1_312' title='bbox 622 2808 643 2842; x_wconf 70' lang='grc' dir='ltr'><strong>ς</strong></span> <span class='ocrx_word' id='word_1_313' title='bbox 677 2791 732 2845; x_wconf 91' lang='lat' dir='ltr'><strong>Si</strong></span> <span class='ocrx_word' id='word_1_314' title='bbox 760 2788 1180 2854; x_wconf 80' lang='lat' dir='ltr'><strong>videturautem,</strong></span> <span class='ocrx_word' id='word_1_315' title='bbox 1208 2788 1369 2842; x_wconf 87' lang='lat' dir='ltr'><strong>etiam</strong></span> <span class='ocrx_word' id='word_1_316' title='bbox 1386 2785 1513 2840; x_wconf 89' lang='lat' dir='ltr'><strong>boni</strong></span> <span class='ocrx_word' id='word_1_317' title='bbox 1532 2782 1768 2853; x_wconf 88' lang='lat' dir='ltr'><strong>exempli</strong></span> <span class='ocrx_word' id='word_1_318' title='bbox 1792 2790 2093 2853; x_wconf 87' lang='lat' dir='ltr'><strong>opportune</strong></span> <span class='ocrx_word' id='word_1_319' title='bbox 2114 2795 2209 2836; x_wconf 91' lang='lat' dir='ltr'><strong>vos</strong></span> 
     </span>
    </p>
   </div>
   <div class='ocr_carea' id='block_1_45' title="bbox 619 2873 2210 2947">
    <p class='ocr_par' dir='ltr' id='par_1_45' title="bbox 619 2873 2210 2947">
     <span class='ocr_line' id='line_1_45' title="bbox 619 2873 2210 2947; baseline -0.005 -11"><span class='ocrx_word' id='word_1_320' title='bbox 619 2879 1088 2946; x_wconf 85' lang='lat' dir='ltr'><strong>commemorabo,</strong></span> <span class='ocrx_word' id='word_1_321' title='bbox 1135 2879 1291 2947; x_wconf 82' lang='lat' dir='ltr'><strong>cujus</strong></span> <span class='ocrx_word' id='word_1_322' title='bbox 1322 2875 1636 2932; x_wconf 88' lang='lat' dir='ltr'><strong>meminisse</strong></span> <span class='ocrx_word' id='word_1_323' title='bbox 1682 2875 1825 2940; x_wconf 88' lang='lat' dir='ltr'><strong>volo,</strong></span> <span class='ocrx_word' id='word_1_324' title='bbox 1868 2873 2210 2929; x_wconf 88' lang='lat' dir='ltr'><strong>sanctissime</strong></span> 
     </span>
    </p>
   </div>
   <div class='ocr_carea' id='block_1_46' title="bbox 622 2964 2209 3040">
    <p class='ocr_par' dir='ltr' id='par_1_46' title="bbox 622 2964 2209 3040">
     <span class='ocr_line' id='line_1_46' title="bbox 622 2964 2209 3040; baseline -0.004 -14"><span class='ocrx_word' id='word_1_325' title='bbox 622 2971 805 3027; x_wconf 81' lang='lat' dir='ltr'><strong>frater.</strong></span> <span class='ocrx_word' id='word_1_326' title='bbox 839 2971 1025 3040; x_wconf 87' lang='lat' dir='ltr'><strong>Neque</strong></span> <span class='ocrx_word' id='word_1_327' title='bbox 1051 2970 1195 3025; x_wconf 88' lang='lat' dir='ltr'><strong>enim</strong></span> <span class='ocrx_word' id='word_1_328' title='bbox 1228 2980 1438 3038; x_wconf 83' lang='lat' dir='ltr'><strong>tempus</strong></span> <span class='ocrx_word' id='word_1_329' title='bbox 1467 2968 1693 3021; x_wconf 89' lang='lat' dir='ltr'><strong>multum</strong></span> <span class='ocrx_word' id='word_1_330' title='bbox 1726 2972 1811 3021; x_wconf 87' lang='lat' dir='ltr'><strong>est</strong></span> <span class='ocrx_word' id='word_1_331' title='bbox 1839 2978 1903 3021; x_wconf 81' lang='lat' dir='ltr'><strong>ex</strong></span> <span class='ocrx_word' id='word_1_332' title='bbox 1933 2979 2039 3035; x_wconf 90' lang='lat' dir='ltr'><strong>quo</strong></span> <span class='ocrx_word' id='word_1_333' title='bbox 2070 2964 2209 3034; x_wconf 91' lang='lat' dir='ltr'><strong>apud</strong></span> 
     </span>
    </p>
   </div>
   <div class='ocr_carea' id='block_1_47' title="bbox 619 3058 2208 3134">
    <p class='ocr_par' dir='ltr' id='par_1_47' title="bbox 619 3058 2208 3134">
     <span class='ocr_line' id='line_1_47' title="bbox 619 3058 2208 3134; baseline -0.004 -14"><span class='ocrx_word' id='word_1_334' title='bbox 619 3079 719 3120; x_wconf 89' lang='lat' dir='ltr'><strong>nos</strong></span> <span class='ocrx_word' id='word_1_335' title='bbox 737 3062 962 3134; x_wconf 86' lang='lat' dir='ltr'><strong>contigit</strong></span> <span class='ocrx_word' id='word_1_336' title='bbox 987 3073 1044 3118; x_wconf 91' lang='lat' dir='ltr'><strong>ut</strong></span> <span class='ocrx_word' id='word_1_337' title='bbox 1072 3061 1331 3117; x_wconf 89' lang='lat' dir='ltr'><strong>oblivioni</strong></span> <span class='ocrx_word' id='word_1_338' title='bbox 1359 3061 1582 3116; x_wconf 84' lang='lat' dir='ltr'><strong>forsitan</strong></span> <span class='ocrx_word' id='word_1_339' title='bbox 1608 3058 1974 3115; x_wconf 83' lang='lat' dir='ltr'><strong>mandaretur.</strong></span> <span class='ocrx_word' id='word_1_340' title='bbox 2006 3058 2208 3115; x_wconf 80' lang='lat' dir='ltr'><strong>Recor-</strong></span> 
     </span>
    </p>
   </div>
   <div class='ocr_carea' id='block_1_48' title="bbox 2310 1847 3893 1926">
    <p class='ocr_par' dir='ltr' id='par_1_48' title="bbox 2310 1847 3893 1926">
     <span class='ocr_line' id='line_1_48' title="bbox 2310 1847 3893 1926; baseline 0.007 -23"><span class='ocrx_word' id='word_1_341' title='bbox 2310 1858 2533 1916; x_wconf 87' lang='lat' dir='ltr'><strong>taretur,</strong></span> <span class='ocrx_word' id='word_1_342' title='bbox 2578 1849 2788 1903; x_wconf 85' lang='lat' dir='ltr'><strong>calcare</strong></span> <span class='ocrx_word' id='word_1_343' title='bbox 2824 1847 3050 1918; x_wconf 83' lang='lat' dir='ltr'><strong>gloriam</strong></span> <span class='ocrx_word' id='word_1_344' title='bbox 3097 1850 3406 1920; x_wconf 89' lang='lat' dir='ltr'><strong>magisterio</strong></span> <span class='ocrx_word' id='word_1_345' title='bbox 3454 1854 3595 1924; x_wconf 83' lang='lat' dir='ltr'><strong>longi</strong></span> <span class='ocrx_word' id='word_1_346' title='bbox 3623 1858 3893 1926; x_wconf 86' lang='lat' dir='ltr'><strong>temporis</strong></span> 
     </span>
    </p>
   </div>
   <div class='ocr_carea' id='block_1_49' title="bbox 2308 1938 3894 2012">
    <p class='ocr_par' dir='ltr' id='par_1_49' title="bbox 2308 1938 3894 2012">
     <span class='ocr_line' id='line_1_49' title="bbox 2308 1938 3894 2012; baseline 0.006 -18"><span class='ocrx_word' id='word_1_347' title='bbox 2308 1940 2644 2011; x_wconf 86' lang='lat' dir='ltr'><strong>acquisitam,</strong></span> <span class='ocrx_word' id='word_1_348' title='bbox 2688 1947 2746 1996; x_wconf 90' lang='lat' dir='ltr'><strong>et</strong></span> <span class='ocrx_word' id='word_1_349' title='bbox 2789 1939 2857 1994; x_wconf 89' lang='lat' dir='ltr'><strong>ad</strong></span> <span class='ocrx_word' id='word_1_350' title='bbox 2900 1938 3328 1998; x_wconf 86' lang='lat' dir='ltr'><strong>emendationem</strong></span> <span class='ocrx_word' id='word_1_351' title='bbox 3365 1942 3495 2012; x_wconf 80' lang='lat' dir='ltr'><strong>dicti</strong></span> <span class='ocrx_word' id='word_1_352' title='bbox 3533 1946 3652 2002; x_wconf 91' lang='lat' dir='ltr'><strong>sine</strong></span> <span class='ocrx_word' id='word_1_353' title='bbox 3691 1948 3894 2004; x_wconf 85' lang='lat' dir='ltr'><strong>confu-</strong></span> 
     </span>
    </p>
   </div>
   <div class='ocr_carea' id='block_1_50' title="bbox 2308 2033 3894 2113">
    <p class='ocr_par' dir='ltr' id='par_1_50' title="bbox 2308 2033 3894 2113">
     <span class='ocr_line' id='line_1_50' title="bbox 2308 2033 3894 2113; baseline 0.006 -26"><span class='ocrx_word' id='word_1_354' title='bbox 2308 2036 2461 2088; x_wconf 90' lang='lat' dir='ltr'><strong>sione</strong></span> <span class='ocrx_word' id='word_1_355' title='bbox 2505 2033 2835 2090; x_wconf 88' lang='lat' dir='ltr'><strong>descendere</strong></span> <span class='ocrx_word' id='word_1_356' title='bbox 2862 2047 2878 2086; x_wconf 92' lang='lat'><strong>:</strong></span> <span class='ocrx_word' id='word_1_357' title='bbox 2906 2034 3141 2089; x_wconf 80' lang='lat' dir='ltr'><strong>maxime</strong></span> <span class='ocrx_word' id='word_1_358' title='bbox 3170 2048 3291 2088; x_wconf 90' lang='lat' dir='ltr'><strong>cum</strong></span> <span class='ocrx_word' id='word_1_359' title='bbox 3331 2034 3498 2093; x_wconf 90' lang='lat' dir='ltr'><strong>fretus</strong></span> <span class='ocrx_word' id='word_1_360' title='bbox 3527 2041 3894 2113; x_wconf 82' lang='lat' dir='ltr'><strong>conscientia,</strong></span> 
     </span>
    </p>
   </div>
   <div class='ocr_carea' id='block_1_51' title="bbox 2309 2125 3895 2207">
    <p class='ocr_par' dir='ltr' id='par_1_51' title="bbox 2309 2125 3895 2207">
     <span class='ocr_line' id='line_1_51' title="bbox 2309 2125 3895 2207; baseline 0.009 -29"><span class='ocrx_word' id='word_1_361' title='bbox 2309 2125 2431 2195; x_wconf 83' lang='lat' dir='ltr'><strong>quia</strong></span> <span class='ocrx_word' id='word_1_362' title='bbox 2462 2140 2569 2181; x_wconf 88' lang='lat' dir='ltr'><strong>non</strong></span> <span class='ocrx_word' id='word_1_363' title='bbox 2615 2127 2758 2183; x_wconf 89' lang='lat' dir='ltr'><strong>sicut</strong></span> <span class='ocrx_word' id='word_1_364' title='bbox 2801 2126 3084 2196; x_wconf 87' lang='lat' dir='ltr'><strong>putabatur</strong></span> <span class='ocrx_word' id='word_1_365' title='bbox 3114 2128 3214 2182; x_wconf 89' lang='lat' dir='ltr'><strong>hoc</strong></span> <span class='ocrx_word' id='word_1_366' title='bbox 3242 2128 3481 2195; x_wconf 86' lang='lat' dir='ltr'><strong>dixerat,</strong></span> <span class='ocrx_word' id='word_1_367' title='bbox 3511 2130 3673 2190; x_wconf 82' lang='lat' dir='ltr'><strong>facile</strong></span> <span class='ocrx_word' id='word_1_368' title='bbox 3712 2153 3895 2207; x_wconf 68' lang='lat' dir='ltr'><strong>posset</strong></span> 
     </span>
    </p>
   </div>
   <div class='ocr_carea' id='block_1_52' title="bbox 2310 2218 3896 2294">
    <p class='ocr_par' dir='ltr' id='par_1_52' title="bbox 2310 2218 3896 2294">
     <span class='ocr_line' id='line_1_52' title="bbox 2310 2218 3896 2294; baseline 0.01 -22"><span class='ocrx_word' id='word_1_369' title='bbox 2310 2218 2637 2273; x_wconf 86' lang='lat' dir='ltr'><strong>audientium</strong></span> <span class='ocrx_word' id='word_1_370' title='bbox 2664 2219 3055 2289; x_wconf 88' lang='lat' dir='ltr'><strong>parvipendere</strong></span> <span class='ocrx_word' id='word_1_371' title='bbox 3082 2219 3380 2293; x_wconf 71' lang='lat' dir='ltr'><strong>ltesionem,</strong></span> <span class='ocrx_word' id='word_1_372' title='bbox 3410 2238 3570 2294; x_wconf 87' lang='lat' dir='ltr'><strong>quam</strong></span> <span class='ocrx_word' id='word_1_373' title='bbox 3600 2236 3783 2285; x_wconf 87' lang='lat' dir='ltr'><strong>tamen</strong></span> <span class='ocrx_word' id='word_1_374' title='bbox 3807 2232 3896 2288; x_wconf 87' lang='lat' dir='ltr'><strong>diu</strong></span> 
     </span>
    </p>
   </div>
   <div class='ocr_carea' id='block_1_53' title="bbox 2310 2312 3896 2386">
    <p class='ocr_par' dir='ltr' id='par_1_53' title="bbox 2310 2312 3896 2386">
     <span class='ocr_line' id='line_1_53' title="bbox 2310 2312 3896 2386; baseline 0.009 -20"><span class='ocrx_word' id='word_1_375' title='bbox 2310 2326 2419 2366; x_wconf 79' lang='lat' dir='ltr'><strong>non</strong></span> <span class='ocrx_word' id='word_1_376' title='bbox 2450 2325 2638 2381; x_wconf 88' lang='lat' dir='ltr'><strong>passus</strong></span> <span class='ocrx_word' id='word_1_377' title='bbox 2668 2321 2751 2367; x_wconf 89' lang='lat' dir='ltr'><strong>est</strong></span> <span class='ocrx_word' id='word_1_378' title='bbox 2791 2312 2930 2368; x_wconf 88' lang='lat' dir='ltr'><strong>tradi</strong></span> <span class='ocrx_word' id='word_1_379' title='bbox 2962 2330 2977 2367; x_wconf 93' lang='lat'><strong>:</strong></span> <span class='ocrx_word' id='word_1_380' title='bbox 3008 2312 3132 2385; x_wconf 87' lang='lat' dir='ltr'><strong>quia</strong></span> <span class='ocrx_word' id='word_1_381' title='bbox 3176 2314 3288 2370; x_wconf 88' lang='lat' dir='ltr'><strong>cito</strong></span> <span class='ocrx_word' id='word_1_382' title='bbox 3318 2316 3535 2386; x_wconf 90' lang='lat' dir='ltr'><strong>pudoris</strong></span> <span class='ocrx_word' id='word_1_383' title='bbox 3578 2320 3748 2377; x_wconf 88' lang='lat' dir='ltr'><strong>victor</strong></span> <span class='ocrx_word' id='word_1_384' title='bbox 3786 2340 3896 2379; x_wconf 88' lang='lat' dir='ltr'><strong>non</strong></span> 
     </span>
    </p>
   </div>
   <div class='ocr_carea' id='block_1_54' title="bbox 2312 2404 3897 2479">
    <p class='ocr_par' dir='ltr' id='par_1_54' title="bbox 2312 2404 3897 2479">
     <span class='ocr_line' id='line_1_54' title="bbox 2312 2404 3897 2479; baseline 0.009 -19"><span class='ocrx_word' id='word_1_385' title='bbox 2312 2414 2434 2475; x_wconf 91' lang='lat' dir='ltr'><strong>post</strong></span> <span class='ocrx_word' id='word_1_386' title='bbox 2467 2406 2665 2461; x_wconf 89' lang='lat' dir='ltr'><strong>multos</strong></span> <span class='ocrx_word' id='word_1_387' title='bbox 2696 2404 2810 2461; x_wconf 91' lang='lat' dir='ltr'><strong>dies</strong></span> <span class='ocrx_word' id='word_1_388' title='bbox 2834 2404 3184 2463; x_wconf 73' lang='lat' dir='ltr'><strong>offensionem</strong></span> <span class='ocrx_word' id='word_1_389' title='bbox 3215 2411 3519 2479; x_wconf 84' lang='lat' dir='ltr'><strong>properavit</strong></span> <span class='ocrx_word' id='word_1_390' title='bbox 3539 2413 3755 2471; x_wconf 88' lang='lat' dir='ltr'><strong>auferre</strong></span> <span class='ocrx_word' id='word_1_391' title='bbox 3778 2418 3897 2474; x_wconf 83' lang='lat' dir='ltr'><strong>solo</strong></span> 
     </span>
    </p>
   </div>
   <div class='ocr_carea' id='block_1_55' title="bbox 2312 2500 3894 2567">
    <p class='ocr_par' dir='ltr' id='par_1_55' title="bbox 2312 2500 3894 2567">
     <span class='ocr_line' id='line_1_55' title="bbox 2312 2500 3894 2567; baseline 0.01 -16"><span class='ocrx_word' id='word_1_392' title='bbox 2312 2510 2565 2552; x_wconf 76' lang='lat' dir='ltr'><strong>somnone</strong></span> <span class='ocrx_word' id='word_1_393' title='bbox 2593 2508 2942 2554; x_wconf 84' lang='lat' dir='ltr'><strong>contractam.</strong></span> <span class='ocrx_word' id='word_1_394' title='bbox 2974 2500 3088 2560; x_wconf 88' lang='lat' dir='ltr'><strong>Non</strong></span> <span class='ocrx_word' id='word_1_395' title='bbox 3120 2502 3263 2558; x_wconf 88' lang='lat' dir='ltr'><strong>enim</strong></span> <span class='ocrx_word' id='word_1_396' title='bbox 3295 2505 3372 2559; x_wconf 91' lang='lat' dir='ltr'><strong>ait</strong></span> <span class='ocrx_word' id='word_1_397' title='bbox 3394 2504 3629 2562; x_wconf 81' lang='lat' dir='ltr'><strong>Joannes</strong></span> <span class='ocrx_word' id='word_1_398' title='bbox 3656 2522 3689 2563; x_wconf 85' lang='lat' dir='ltr'><strong>a</strong></span> <span class='ocrx_word' id='word_1_399' title='bbox 3717 2509 3894 2567; x_wconf 86' lang='lat' dir='ltr'><strong>Theo-</strong></span> 
     </span>
    </p>
   </div>
   <div class='ocr_carea' id='block_1_56' title="bbox 2313 2590 3899 2677">
    <p class='ocr_par' dir='ltr' id='par_1_56' title="bbox 2313 2590 3899 2677">
     <span class='ocr_line' id='line_1_56' title="bbox 2313 2590 3899 2677; baseline 0.011 -32"><span class='ocrx_word' id='word_1_400' title='bbox 2313 2590 2447 2647; x_wconf 89' lang='lat' dir='ltr'><strong>doro</strong></span> <span class='ocrx_word' id='word_1_401' title='bbox 2476 2607 2639 2662; x_wconf 91' lang='lat' dir='ltr'><strong>prave</strong></span> <span class='ocrx_word' id='word_1_402' title='bbox 2667 2593 2862 2664; x_wconf 79' lang='lat' dir='ltr'><strong>aliquid</strong></span> <span class='ocrx_word' id='word_1_403' title='bbox 2890 2596 3216 2653; x_wconf 89' lang='lat' dir='ltr'><strong>intellectum</strong></span> <span class='ocrx_word' id='word_1_404' title='bbox 3239 2642 3253 2666; x_wconf 94' lang='lat'><strong>,</strong></span> <span class='ocrx_word' id='word_1_405' title='bbox 3282 2608 3373 2655; x_wconf 89' lang='lat' dir='ltr'><strong>aut</strong></span> <span class='ocrx_word' id='word_1_406' title='bbox 3400 2602 3587 2658; x_wconf 86' lang='lat' dir='ltr'><strong>saltem</strong></span> <span class='ocrx_word' id='word_1_407' title='bbox 3618 2605 3899 2677; x_wconf 69' lang='lat' dir='ltr'><strong>negligen-</strong></span> 
     </span>
    </p>
   </div>
   <div class='ocr_carea' id='block_1_57' title="bbox 2313 2684 3901 2763">
    <p class='ocr_par' dir='ltr' id='par_1_57' title="bbox 2313 2684 3901 2763">
     <span class='ocr_line' id='line_1_57' title="bbox 2313 2684 3901 2763; baseline 0.01 -25"><span class='ocrx_word' id='word_1_408' title='bbox 2313 2692 2416 2751; x_wconf 87' lang='lat' dir='ltr'><strong>ter,</strong></span> <span class='ocrx_word' id='word_1_409' title='bbox 2450 2695 2503 2740; x_wconf 85' lang='lat' dir='ltr'><strong>et</strong></span> <span class='ocrx_word' id='word_1_410' title='bbox 2533 2684 2707 2741; x_wconf 89' lang='lat' dir='ltr'><strong>minus</strong></span> <span class='ocrx_word' id='word_1_411' title='bbox 2734 2696 2889 2744; x_wconf 88' lang='lat' dir='ltr'><strong>caute</strong></span> <span class='ocrx_word' id='word_1_412' title='bbox 2910 2689 2927 2720; x_wconf 76' lang='grc'><strong>⁸</strong></span> <span class='ocrx_word' id='word_1_413' title='bbox 2956 2688 3024 2744; x_wconf 86' lang='lat' dir='ltr'><strong>ab</strong></span> <span class='ocrx_word' id='word_1_414' title='bbox 3052 2702 3117 2745; x_wconf 87' lang='lat' dir='ltr'><strong>eo</strong></span> <span class='ocrx_word' id='word_1_415' title='bbox 3159 2690 3357 2746; x_wconf 90' lang='lat' dir='ltr'><strong>dictum</strong></span> <span class='ocrx_word' id='word_1_416' title='bbox 3383 2710 3396 2745; x_wconf 92' lang='lat'><strong>:</strong></span> <span class='ocrx_word' id='word_1_417' title='bbox 3424 2701 3674 2763; x_wconf 88' lang='lat' dir='ltr'><strong>tanquam</strong></span> <span class='ocrx_word' id='word_1_418' title='bbox 3704 2697 3775 2753; x_wconf 88' lang='lat' dir='ltr'><strong>de</strong></span> <span class='ocrx_word' id='word_1_419' title='bbox 3806 2699 3901 2754; x_wconf 86' lang='lat' dir='ltr'><strong>illo</strong></span> 
     </span>
    </p>
   </div>
   <div class='ocr_carea' id='block_1_58' title="bbox 2315 2777 3899 2857">
    <p class='ocr_par' dir='ltr' id='par_1_58' title="bbox 2315 2777 3899 2857">
     <span class='ocr_line' id='line_1_58' title="bbox 2315 2777 3899 2857; baseline 0.007 -24"><span class='ocrx_word' id='word_1_420' title='bbox 2315 2777 2545 2849; x_wconf 89' lang='lat' dir='ltr'><strong>loquens</strong></span> <span class='ocrx_word' id='word_1_421' title='bbox 2570 2777 2660 2849; x_wconf 92' lang='lat' dir='ltr'><strong>qui</strong></span> <span class='ocrx_word' id='word_1_422' title='bbox 2706 2793 2814 2833; x_wconf 92' lang='lat' dir='ltr'><strong>non</strong></span> <span class='ocrx_word' id='word_1_423' title='bbox 2859 2794 3039 2835; x_wconf 90' lang='lat' dir='ltr'><strong>rerum</strong></span> <span class='ocrx_word' id='word_1_424' title='bbox 3068 2780 3417 2854; x_wconf 88' lang='lat' dir='ltr'><strong>intelligentia</strong></span> <span class='ocrx_word' id='word_1_425' title='bbox 3449 2784 3609 2841; x_wconf 73' lang='lat' dir='ltr'><strong>fuerit</strong></span> <span class='ocrx_word' id='word_1_426' title='bbox 3656 2803 3858 2857; x_wconf 82' lang='lat' dir='ltr'><strong>pravus</strong></span> <span class='ocrx_word' id='word_1_427' title='bbox 3879 2832 3899 2857; x_wconf 91' lang='lat'><strong>,</strong></span> 
     </span>
    </p>
   </div>
   <div class='ocr_carea' id='block_1_59' title="bbox 2312 2871 3901 2953">
    <p class='ocr_par' dir='ltr' id='par_1_59' title="bbox 2312 2871 3901 2953">
     <span class='ocr_line' id='line_1_59' title="bbox 2312 2871 3901 2953; baseline 0.008 -26"><span class='ocrx_word' id='word_1_428' title='bbox 2312 2871 2406 2927; x_wconf 86' lang='lat' dir='ltr'><strong>scd</strong></span> <span class='ocrx_word' id='word_1_429' title='bbox 2436 2874 2685 2927; x_wconf 82' lang='lat' dir='ltr'><strong>sermone</strong></span> <span class='ocrx_word' id='word_1_430' title='bbox 2711 2872 2764 2927; x_wconf 92' lang='lat' dir='ltr'><strong>in</strong></span> <span class='ocrx_word' id='word_1_431' title='bbox 2790 2872 2892 2928; x_wconf 92' lang='lat' dir='ltr'><strong>hoc</strong></span> <span class='ocrx_word' id='word_1_432' title='bbox 2922 2873 3097 2928; x_wconf 91' lang='lat' dir='ltr'><strong>minus</strong></span> <span class='ocrx_word' id='word_1_433' title='bbox 3127 2877 3525 2934; x_wconf 89' lang='lat' dir='ltr'><strong>accommodus.</strong></span> <span class='ocrx_word' id='word_1_434' title='bbox 3550 2879 3687 2935; x_wconf 88' lang='lat' dir='ltr'><strong>Huic</strong></span> <span class='ocrx_word' id='word_1_435' title='bbox 3715 2882 3901 2953; x_wconf 76' lang='lat' dir='ltr'><strong>itaque</strong></span> 
     </span>
    </p>
   </div>
   <div class='ocr_carea' id='block_1_60' title="bbox 2311 2961 3899 3045">
    <p class='ocr_par' dir='ltr' id='par_1_60' title="bbox 2311 2961 3899 3045">
     <span class='ocr_line' id='line_1_60' title="bbox 2311 2961 3899 3045; baseline 0.009 -28"><span class='ocrx_word' id='word_1_436' title='bbox 2311 2965 2481 3018; x_wconf 88' lang='lat' dir='ltr'><strong>sancti</strong></span> <span class='ocrx_word' id='word_1_437' title='bbox 2508 2961 2729 3019; x_wconf 83' lang='lat' dir='ltr'><strong>Joannis</strong></span> <span class='ocrx_word' id='word_1_438' title='bbox 2758 2964 3071 3020; x_wconf 86' lang='lat' dir='ltr'><strong>testimonio</strong></span> <span class='ocrx_word' id='word_1_439' title='bbox 3112 2980 3217 3037; x_wconf 91' lang='lat' dir='ltr'><strong>quo</strong></span> <span class='ocrx_word' id='word_1_440' title='bbox 3246 2967 3550 3025; x_wconf 84' lang='lat' dir='ltr'><strong>Nestorium</strong></span> <span class='ocrx_word' id='word_1_441' title='bbox 3596 2973 3899 3045; x_wconf 87' lang='lat' dir='ltr'><strong>redarguit,</strong></span> 
     </span>
    </p>
   </div>
   <div class='ocr_carea' id='block_1_61' title="bbox 2313 3054 3900 3128">
    <p class='ocr_par' dir='ltr' id='par_1_61' title="bbox 2313 3054 3900 3128">
     <span class='ocr_line' id='line_1_61' title="bbox 2313 3054 3900 3128; baseline 0.01 -19"><span class='ocrx_word' id='word_1_442' title='bbox 2313 3055 2581 3126; x_wconf 90' lang='lat' dir='ltr'><strong>quomodo</strong></span> <span class='ocrx_word' id='word_1_443' title='bbox 2600 3054 2839 3126; x_wconf 89' lang='lat' dir='ltr'><strong>synodus</strong></span> <span class='ocrx_word' id='word_1_444' title='bbox 2866 3056 3115 3128; x_wconf 88' lang='lat' dir='ltr'><strong>religiosa</strong></span> <span class='ocrx_word' id='word_1_445' title='bbox 3146 3073 3251 3114; x_wconf 91' lang='lat' dir='ltr'><strong>non</strong></span> <span class='ocrx_word' id='word_1_446' title='bbox 3280 3061 3564 3118; x_wconf 82' lang='lat' dir='ltr'><strong>crederet?</strong></span> <span class='ocrx_word' id='word_1_447' title='bbox 3587 3080 3695 3120; x_wconf 90' lang='lat' dir='ltr'><strong>non</strong></span> <span class='ocrx_word' id='word_1_448' title='bbox 3720 3067 3900 3125; x_wconf 81' lang='lat' dir='ltr'><strong>solum</strong></span> 
     </span>
    </p>
   </div>
   <div class='ocr_carea' id='block_1_62' title="bbox 624 3129 3901 3229">
    <p class='ocr_par' dir='ltr' id='par_1_62' title="bbox 624 3129 3901 3229">
     <span class='ocr_line' id='line_1_62' title="bbox 624 3129 3901 3229; baseline 0.002 -19"><span class='ocrx_word' id='word_1_449' title='bbox 624 3157 769 3211; x_wconf 88' lang='lat' dir='ltr'><strong>daris</strong></span> <span class='ocrx_word' id='word_1_450' title='bbox 792 3129 936 3209; x_wconf 79' lang='lat' dir='ltr'><strong>enim</strong></span> <span class='ocrx_word' id='word_1_451' title='bbox 968 3164 1116 3209; x_wconf 87' lang='lat' dir='ltr'><strong>certe</strong></span> <span class='ocrx_word' id='word_1_452' title='bbox 1145 3151 1288 3207; x_wconf 89' lang='lat' dir='ltr'><strong>beati</strong></span> <span class='ocrx_word' id='word_1_453' title='bbox 1318 3150 1587 3207; x_wconf 83' lang='lat' dir='ltr'><strong>Theodori</strong></span> <span class='ocrx_word' id='word_1_454' title='bbox 1636 3150 1875 3221; x_wconf 83' lang='lat' dir='ltr'><strong>episcOpi</strong></span> <span class='ocrx_word' id='word_1_455' title='bbox 1905 3148 1960 3205; x_wconf 92' lang='lat' dir='ltr'><strong>in</strong></span> <span class='ocrx_word' id='word_1_456' title='bbox 1991 3151 2205 3219; x_wconf 85' lang='lat' dir='ltr'><strong>exposi-</strong></span> <span class='ocrx_word' id='word_1_457' title='bbox 2234 3129 2281 3192; x_wconf 68' lang='grc' dir='ltr'>Ο</span> <span class='ocrx_word' id='word_1_458' title='bbox 2312 3145 2454 3216; x_wconf 91' lang='lat' dir='ltr'><strong>quod</strong></span> <span class='ocrx_word' id='word_1_459' title='bbox 2486 3155 2663 3200; x_wconf 90' lang='lat' dir='ltr'><strong>tantus</strong></span> <span class='ocrx_word' id='word_1_460' title='bbox 2694 3146 2854 3202; x_wconf 90' lang='lat' dir='ltr'><strong>fuerit</strong></span> <span class='ocrx_word' id='word_1_461' title='bbox 2894 3147 3035 3203; x_wconf 91' lang='lat' dir='ltr'><strong>idem</strong></span> <span class='ocrx_word' id='word_1_462' title='bbox 3063 3148 3318 3219; x_wconf 83' lang='lat' dir='ltr'><strong>Joannes,</strong></span> <span class='ocrx_word' id='word_1_463' title='bbox 3348 3167 3533 3208; x_wconf 89' lang='lat' dir='ltr'><strong>verum</strong></span> <span class='ocrx_word' id='word_1_464' title='bbox 3564 3156 3725 3212; x_wconf 85' lang='lat' dir='ltr'><strong>etiam</strong></span> <span class='ocrx_word' id='word_1_465' title='bbox 3756 3162 3901 3229; x_wconf 88' lang='lat' dir='ltr'><strong>quod</strong></span> 
     </span>
    </p>
   </div>
   <div class='ocr_carea' id='block_1_63' title="bbox 621 3241 2201 3317">
    <p class='ocr_par' dir='ltr' id='par_1_63' title="bbox 621 3241 2201 3317">
     <span class='ocr_line' id='line_1_63' title="bbox 621 3241 2201 3317; baseline -0.004 -13"><span class='ocrx_word' id='word_1_466' title='bbox 621 3250 769 3304; x_wconf 90' lang='lat' dir='ltr'><strong>tione</strong></span> <span class='ocrx_word' id='word_1_467' title='bbox 796 3247 1025 3303; x_wconf 88' lang='lat' dir='ltr'><strong>dicentis</strong></span> <span class='ocrx_word' id='word_1_468' title='bbox 1053 3245 1251 3317; x_wconf 87' lang='lat' dir='ltr'><strong>aliquid</strong></span> <span class='ocrx_word' id='word_1_469' title='bbox 1280 3246 1423 3316; x_wconf 90' lang='lat' dir='ltr'><strong>quod</strong></span> <span class='ocrx_word' id='word_1_470' title='bbox 1452 3255 1599 3300; x_wconf 88' lang='lat' dir='ltr'><strong>recte</strong></span> <span class='ocrx_word' id='word_1_471' title='bbox 1627 3241 1734 3299; x_wconf 88' lang='lat' dir='ltr'><strong>dici</strong></span> <span class='ocrx_word' id='word_1_472' title='bbox 1765 3259 1872 3298; x_wconf 92' lang='lat' dir='ltr'><strong>non</strong></span> <span class='ocrx_word' id='word_1_473' title='bbox 1904 3254 2201 3313; x_wconf 87' lang='lat' dir='ltr'><strong>putaretur,</strong></span> 
     </span>
    </p>
   </div>
   <div class='ocr_carea' id='block_1_64' title="bbox 619 3324 2235 3409">
    <p class='ocr_par' dir='ltr' id='par_1_64' title="bbox 619 3324 2235 3409">
     <span class='ocr_line' id='line_1_64' title="bbox 619 3324 2235 3409; baseline -0.003 -15"><span class='ocrx_word' id='word_1_474' title='bbox 619 3338 720 3395; x_wconf 89' lang='lat' dir='ltr'><strong>tibi</strong></span> <span class='ocrx_word' id='word_1_475' title='bbox 746 3338 851 3409; x_wconf 91' lang='lat' dir='ltr'><strong>ipsi</strong></span> <span class='ocrx_word' id='word_1_476' title='bbox 876 3336 1069 3408; x_wconf 90' lang='lat' dir='ltr'><strong>primo,</strong></span> <span class='ocrx_word' id='word_1_477' title='bbox 1086 3340 1175 3407; x_wconf 91' lang='lat' dir='ltr'><strong>qui</strong></span> <span class='ocrx_word' id='word_1_478' title='bbox 1207 3336 1454 3392; x_wconf 86' lang='lat' dir='ltr'><strong>fiduciam</strong></span> <span class='ocrx_word' id='word_1_479' title='bbox 1482 3336 1537 3391; x_wconf 93' lang='lat' dir='ltr'><strong>in</strong></span> <span class='ocrx_word' id='word_1_480' title='bbox 1563 3336 1657 3391; x_wconf 93' lang='lat' dir='ltr'><strong>illo</strong></span> <span class='ocrx_word' id='word_1_481' title='bbox 1681 3345 1921 3406; x_wconf 87' lang='lat' dir='ltr'><strong>tempore</strong></span> <span class='ocrx_word' id='word_1_482' title='bbox 1944 3334 2203 3403; x_wconf 86' lang='lat' dir='ltr'><strong>habebas,</strong></span> <span class='ocrx_word' id='word_1_483' title='bbox 2230 3324 2235 3330; x_wconf 75' lang='grc'><strong>’</strong></span> 
     </span>
    </p>
   </div>
   <div class='ocr_carea' id='block_1_65' title="bbox 620 3427 2204 3499">
    <p class='ocr_par' dir='ltr' id='par_1_65' title="bbox 620 3427 2204 3499">
     <span class='ocr_line' id='line_1_65' title="bbox 620 3427 2204 3499; baseline -0.003 -11"><span class='ocrx_word' id='word_1_484' title='bbox 620 3433 816 3489; x_wconf 87' lang='lat' dir='ltr'><strong>deinde</strong></span> <span class='ocrx_word' id='word_1_485' title='bbox 846 3433 1008 3487; x_wconf 88' lang='lat' dir='ltr'><strong>etiam</strong></span> <span class='ocrx_word' id='word_1_486' title='bbox 1035 3430 1283 3486; x_wconf 89' lang='lat' dir='ltr'><strong>omnibus</strong></span> <span class='ocrx_word' id='word_1_487' title='bbox 1327 3429 1689 3486; x_wconf 87' lang='lat' dir='ltr'><strong>audientibus.</strong></span> <span class='ocrx_word' id='word_1_488' title='bbox 1732 3429 1800 3485; x_wconf 87' lang='lat' dir='ltr'><strong>Et</strong></span> <span class='ocrx_word' id='word_1_489' title='bbox 1830 3427 2058 3499; x_wconf 88' lang='lat' dir='ltr'><strong>qualiter</strong></span> <span class='ocrx_word' id='word_1_490' title='bbox 2088 3429 2204 3494; x_wconf 88' lang='lat' dir='ltr'><strong>ille,</strong></span> 
     </span>
    </p>
   </div>
   <div class='ocr_carea' id='block_1_66' title="bbox 621 3520 2206 3592">
    <p class='ocr_par' dir='ltr' id='par_1_66' title="bbox 621 3520 2206 3592">
     <span class='ocr_line' id='line_1_66' title="bbox 621 3520 2206 3592; baseline -0.003 -14"><span class='ocrx_word' id='word_1_491' title='bbox 621 3524 861 3578; x_wconf 83' lang='lat' dir='ltr'><strong>sentiens</strong></span> <span class='ocrx_word' id='word_1_492' title='bbox 884 3520 1155 3577; x_wconf 69' lang='lat' dir='ltr'><strong>laesionem</strong></span> <span class='ocrx_word' id='word_1_493' title='bbox 1186 3531 1242 3577; x_wconf 93' lang='lat' dir='ltr'><strong>et</strong></span> <span class='ocrx_word' id='word_1_494' title='bbox 1266 3522 1728 3592; x_wconf 88' lang='lat' dir='ltr'><strong>perturbationem</strong></span> <span class='ocrx_word' id='word_1_495' title='bbox 1765 3535 1924 3591; x_wconf 91' lang='lat' dir='ltr'><strong>quam</strong></span> <span class='ocrx_word' id='word_1_496' title='bbox 1969 3536 2075 3575; x_wconf 92' lang='lat' dir='ltr'><strong>non</strong></span> <span class='ocrx_word' id='word_1_497' title='bbox 2101 3520 2206 3574; x_wconf 88' lang='lat' dir='ltr'><strong>mi-</strong></span> 
     </span>
    </p>
   </div>
   <div class='ocr_carea' id='block_1_67' title="bbox 621 3610 2209 3685">
    <p class='ocr_par' dir='ltr' id='par_1_67' title="bbox 621 3610 2209 3685">
     <span class='ocr_line' id='line_1_67' title="bbox 621 3610 2209 3685; baseline 0 -17"><span class='ocrx_word' id='word_1_498' title='bbox 621 3618 768 3668; x_wconf 86' lang='lat' dir='ltr'><strong>nima</strong></span> <span class='ocrx_word' id='word_1_499' title='bbox 794 3614 1084 3685; x_wconf 88' lang='lat' dir='ltr'><strong>divulgatio</strong></span> <span class='ocrx_word' id='word_1_500' title='bbox 1112 3613 1258 3669; x_wconf 91' lang='lat' dir='ltr'><strong>illius</strong></span> <span class='ocrx_word' id='word_1_501' title='bbox 1280 3614 1405 3669; x_wconf 86' lang='lat' dir='ltr'><strong>dicti</strong></span> <span class='ocrx_word' id='word_1_502' title='bbox 1439 3612 1787 3679; x_wconf 82' lang='lat' dir='ltr'><strong>excitaverat,</strong></span> <span class='ocrx_word' id='word_1_503' title='bbox 1818 3623 1873 3669; x_wconf 91' lang='lat' dir='ltr'><strong>et</strong></span> <span class='ocrx_word' id='word_1_504' title='bbox 1900 3610 2209 3683; x_wconf 86' lang='lat' dir='ltr'><strong>intelligens</strong></span> 
     </span>
    </p>
   </div>
   <div class='ocr_carea' id='block_1_68' title="bbox 621 3704 2212 3775">
    <p class='ocr_par' dir='ltr' id='par_1_68' title="bbox 621 3704 2212 3775">
     <span class='ocr_line' id='line_1_68' title="bbox 621 3704 2212 3775; baseline 0.001 -17"><span class='ocrx_word' id='word_1_505' title='bbox 621 3704 744 3774; x_wconf 83' lang='lat' dir='ltr'><strong>quia</strong></span> <span class='ocrx_word' id='word_1_506' title='bbox 778 3708 1109 3774; x_wconf 82' lang='lat' dir='ltr'><strong>perturbatio</strong></span> <span class='ocrx_word' id='word_1_507' title='bbox 1138 3704 1301 3759; x_wconf 86' lang='lat' dir='ltr'><strong>faciat</strong></span> <span class='ocrx_word' id='word_1_508' title='bbox 1349 3704 1700 3770; x_wconf 88' lang='lat' dir='ltr'><strong>discordiam,</strong></span> <span class='ocrx_word' id='word_1_509' title='bbox 1743 3704 1917 3775; x_wconf 89' lang='lat' dir='ltr'><strong>magis</strong></span> <span class='ocrx_word' id='word_1_510' title='bbox 1948 3712 2127 3759; x_wconf 90' lang='lat' dir='ltr'><strong>autem</strong></span> <span class='ocrx_word' id='word_1_511' title='bbox 2157 3714 2212 3759; x_wconf 90' lang='lat' dir='ltr'><strong>et</strong></span> 
     </span>
    </p>
   </div>
   <div class='ocr_carea' id='block_1_69' title="bbox 621 3794 2215 3851">
    <p class='ocr_par' dir='ltr' id='par_1_69' title="bbox 621 3794 2215 3851">
     <span class='ocr_line' id='line_1_69' title="bbox 621 3794 2215 3851; baseline -0.001 -1"><span class='ocrx_word' id='word_1_512' title='bbox 621 3795 1101 3850; x_wconf 87' lang='lat' dir='ltr'><strong>contradictionem</strong></span> <span class='ocrx_word' id='word_1_513' title='bbox 1148 3804 1203 3849; x_wconf 86' lang='lat' dir='ltr'><strong>et</strong></span> <span class='ocrx_word' id='word_1_514' title='bbox 1251 3795 1651 3851; x_wconf 89' lang='lat' dir='ltr'><strong>contentionem</strong></span> <span class='ocrx_word' id='word_1_515' title='bbox 1698 3794 1976 3850; x_wconf 88' lang='lat' dir='ltr'><strong>hominum</strong></span> <span class='ocrx_word' id='word_1_516' title='bbox 2025 3808 2215 3849; x_wconf 90' lang='lat' dir='ltr'><strong>aman-</strong></span> 
     </span>
    </p>
   </div>
   <div class='ocr_carea' id='block_1_70' title="bbox 623 3884 2214 3956">
    <p class='ocr_par' dir='ltr' id='par_1_70' title="bbox 623 3884 2214 3956">
     <span class='ocr_line' id='line_1_70' title="bbox 623 3884 2214 3956; baseline -0.001 -15"><span class='ocrx_word' id='word_1_517' title='bbox 623 3887 753 3941; x_wconf 89' lang='lat' dir='ltr'><strong>tium</strong></span> <span class='ocrx_word' id='word_1_518' title='bbox 775 3901 841 3942; x_wconf 85' lang='lat' dir='ltr'><strong>ex</strong></span> <span class='ocrx_word' id='word_1_519' title='bbox 866 3887 1271 3956; x_wconf 89' lang='lat' dir='ltr'><strong>quibuscunque</strong></span> <span class='ocrx_word' id='word_1_520' title='bbox 1292 3886 1455 3941; x_wconf 88' lang='lat' dir='ltr'><strong>rebus</strong></span> <span class='ocrx_word' id='word_1_521' title='bbox 1480 3886 1792 3941; x_wconf 87' lang='lat' dir='ltr'><strong>occasiones</strong></span> <span class='ocrx_word' id='word_1_522' title='bbox 1813 3884 2091 3955; x_wconf 89' lang='lat' dir='ltr'><strong>inquirere</strong></span> <span class='ocrx_word' id='word_1_523' title='bbox 2109 3887 2214 3940; x_wconf 88' lang='lat' dir='ltr'><strong>huc</strong></span> 
     </span>
    </p>
   </div>
   <div class='ocr_carea' id='block_1_71' title="bbox 621 3976 2214 4048">
    <p class='ocr_par' dir='ltr' id='par_1_71' title="bbox 621 3976 2214 4048">
     <span class='ocr_line' id='line_1_71' title="bbox 621 3976 2214 4048; baseline 0 -15"><span class='ocrx_word' id='word_1_524' title='bbox 621 3989 784 4048; x_wconf 81' lang='lat' dir='ltr'><strong>atque</strong></span> <span class='ocrx_word' id='word_1_525' title='bbox 829 3979 957 4032; x_wconf 92' lang='lat' dir='ltr'><strong>illuc</strong></span> <span class='ocrx_word' id='word_1_526' title='bbox 984 3977 1173 4044; x_wconf 85' lang='lat' dir='ltr'><strong>dividi,</strong></span> <span class='ocrx_word' id='word_1_527' title='bbox 1214 3987 1270 4032; x_wconf 90' lang='lat' dir='ltr'><strong>et</strong></span> <span class='ocrx_word' id='word_1_528' title='bbox 1313 3976 1748 4033; x_wconf 89' lang='lat' dir='ltr'><strong>contentionibus</strong></span> <span class='ocrx_word' id='word_1_529' title='bbox 1776 3992 1974 4048; x_wconf 87' lang='lat' dir='ltr'><strong>angere</strong></span> <span class='ocrx_word' id='word_1_530' title='bbox 2008 3978 2214 4033; x_wconf 89' lang='lat' dir='ltr'><strong>scintil-</strong></span> 
     </span>
    </p>
   </div>
   <div class='ocr_carea' id='block_1_72' title="bbox 619 4069 2211 4143">
    <p class='ocr_par' dir='ltr' id='par_1_72' title="bbox 619 4069 2211 4143">
     <span class='ocr_line' id='line_1_72' title="bbox 619 4069 2211 4143; baseline 0.002 -20"><span class='ocrx_word' id='word_1_531' title='bbox 619 4070 731 4124; x_wconf 84' lang='lat' dir='ltr'><strong>lam</strong></span> <span class='ocrx_word' id='word_1_532' title='bbox 776 4069 1014 4124; x_wconf 88' lang='lat' dir='ltr'><strong>scandali</strong></span> <span class='ocrx_word' id='word_1_533' title='bbox 1062 4085 1184 4139; x_wconf 81' lang='lat' dir='ltr'><strong>quae</strong></span> <span class='ocrx_word' id='word_1_534' title='bbox 1234 4070 1453 4140; x_wconf 88' lang='lat' dir='ltr'><strong>parvula</strong></span> <span class='ocrx_word' id='word_1_535' title='bbox 1505 4070 1807 4137; x_wconf 87' lang='lat' dir='ltr'><strong>videbatur,</strong></span> <span class='ocrx_word' id='word_1_536' title='bbox 1860 4070 2009 4143; x_wconf 84' lang='lat' dir='ltr'><strong>quod</strong></span> <span class='ocrx_word' id='word_1_537' title='bbox 2049 4071 2211 4128; x_wconf 87' lang='lat' dir='ltr'><strong>etiam</strong></span> 
     </span>
    </p>
   </div>
   <div class='ocr_carea' id='block_1_73' title="bbox 615 4161 2214 4233">
    <p class='ocr_par' dir='ltr' id='par_1_73' title="bbox 615 4161 2214 4233">
     <span class='ocr_line' id='line_1_73' title="bbox 615 4161 2214 4233; baseline 0.001 -15"><span class='ocrx_word' id='word_1_538' title='bbox 615 4179 766 4219; x_wconf 67' lang='lat' dir='ltr'><strong>stunc</strong></span> <span class='ocrx_word' id='word_1_539' title='bbox 793 4163 932 4233; x_wconf 87' lang='lat' dir='ltr'><strong>apud</strong></span> <span class='ocrx_word' id='word_1_540' title='bbox 968 4177 1066 4217; x_wconf 89' lang='lat' dir='ltr'><strong>vos</strong></span> <span class='ocrx_word' id='word_1_541' title='bbox 1096 4161 1354 4231; x_wconf 87' lang='lat' dir='ltr'><strong>contigit:</strong></span> <span class='ocrx_word' id='word_1_542' title='bbox 1403 4162 1855 4232; x_wconf 88' lang='lat' dir='ltr'><strong>quemadmodum</strong></span> <span class='ocrx_word' id='word_1_543' title='bbox 1888 4161 2214 4220; x_wconf 86' lang='lat' dir='ltr'><strong>fortissimus</strong></span> 
     </span>
    </p>
   </div>
   <div class='ocr_carea' id='block_1_74' title="bbox 615 4253 2217 4326">
    <p class='ocr_par' dir='ltr' id='par_1_74' title="bbox 615 4253 2217 4326">
     <span class='ocr_line' id='line_1_74' title="bbox 615 4253 2217 4326; baseline -0.001 -15"><span class='ocrx_word' id='word_1_544' title='bbox 615 4255 713 4325; x_wconf 70' lang='lat' dir='ltr'><strong>ille</strong></span> <span class='ocrx_word' id='word_1_545' title='bbox 738 4260 1036 4325; x_wconf 76' lang='lat' dir='ltr'><strong>exsurgens</strong></span> <span class='ocrx_word' id='word_1_546' title='bbox 1060 4269 1162 4310; x_wconf 92' lang='lat' dir='ltr'><strong>non</strong></span> <span class='ocrx_word' id='word_1_547' title='bbox 1188 4264 1308 4325; x_wconf 90' lang='lat' dir='ltr'><strong>post</strong></span> <span class='ocrx_word' id='word_1_548' title='bbox 1334 4254 1536 4309; x_wconf 88' lang='lat' dir='ltr'><strong>multos</strong></span> <span class='ocrx_word' id='word_1_549' title='bbox 1563 4253 1699 4322; x_wconf 89' lang='lat' dir='ltr'><strong>dies,</strong></span> <span class='ocrx_word' id='word_1_550' title='bbox 1732 4254 1863 4310; x_wconf 90' lang='lat' dir='ltr'><strong>illud</strong></span> <span class='ocrx_word' id='word_1_551' title='bbox 1890 4254 2033 4326; x_wconf 87' lang='lat' dir='ltr'><strong>quod</strong></span> <span class='ocrx_word' id='word_1_552' title='bbox 2058 4254 2125 4309; x_wconf 89' lang='lat' dir='ltr'><strong>ab</strong></span> <span class='ocrx_word' id='word_1_553' title='bbox 2150 4268 2217 4310; x_wconf 91' lang='lat' dir='ltr'><strong>eo</strong></span> 
     </span>
    </p>
   </div>
   <div class='ocr_carea' id='block_1_75' title="bbox 615 4347 2215 4414">
    <p class='ocr_par' dir='ltr' id='par_1_75' title="bbox 615 4347 2215 4414">
     <span class='ocr_line' id='line_1_75' title="bbox 615 4347 2215 4414; baseline 0 -11"><span class='ocrx_word' id='word_1_554' title='bbox 615 4349 826 4405; x_wconf 79' lang='lat' dir='ltr'><strong>dictum</strong></span> <span class='ocrx_word' id='word_1_555' title='bbox 859 4356 1004 4414; x_wconf 88' lang='lat' dir='ltr'><strong>erat,</strong></span> <span class='ocrx_word' id='word_1_556' title='bbox 1034 4349 1101 4403; x_wconf 90' lang='lat' dir='ltr'><strong>ad</strong></span> <span class='ocrx_word' id='word_1_557' title='bbox 1131 4349 1415 4404; x_wconf 87' lang='lat' dir='ltr'><strong>utilitatem</strong></span> <span class='ocrx_word' id='word_1_558' title='bbox 1449 4347 1704 4403; x_wconf 62' lang='lat' dir='ltr'><strong>Ecclesia</strong></span> <span class='ocrx_word' id='word_1_559' title='bbox 1755 4348 1869 4403; x_wconf 86' lang='lat' dir='ltr'><strong>sine</strong></span> <span class='ocrx_word' id='word_1_560' title='bbox 1898 4347 2215 4403; x_wconf 89' lang='lat' dir='ltr'><strong>confusione</strong></span> 
     </span>
    </p>
   </div>
   <div class='ocr_carea' id='block_1_76' title="bbox 616 4440 2215 4510">
    <p class='ocr_par' dir='ltr' id='par_1_76' title="bbox 616 4440 2215 4510">
     <span class='ocr_line' id='line_1_76' title="bbox 616 4440 2215 4510; baseline 0 -16"><span class='ocrx_word' id='word_1_561' title='bbox 616 4441 892 4507; x_wconf 71' lang='lat' dir='ltr'><strong>correxit,</strong></span> <span class='ocrx_word' id='word_1_562' title='bbox 933 4449 985 4496; x_wconf 89' lang='lat' dir='ltr'><strong>et</strong></span> <span class='ocrx_word' id='word_1_563' title='bbox 1020 4441 1298 4510; x_wconf 88' lang='lat' dir='ltr'><strong>corrigens</strong></span> <span class='ocrx_word' id='word_1_564' title='bbox 1341 4440 1521 4495; x_wconf 88' lang='lat' dir='ltr'><strong>statim</strong></span> <span class='ocrx_word' id='word_1_565' title='bbox 1569 4441 1821 4496; x_wconf 86' lang='lat' dir='ltr'><strong>contrivit</strong></span> <span class='ocrx_word' id='word_1_566' title='bbox 1865 4456 2108 4496; x_wconf 90' lang='lat' dir='ltr'><strong>murmur</strong></span> <span class='ocrx_word' id='word_1_567' title='bbox 2134 4440 2215 4502; x_wconf 69' lang='lat' dir='ltr'><strong>vel</strong></span> 
     </span>
    </p>
   </div>
   <div class='ocr_carea' id='block_1_77' title="bbox 2307 3236 3903 3311">
    <p class='ocr_par' dir='ltr' id='par_1_77' title="bbox 2307 3236 3903 3311">
     <span class='ocr_line' id='line_1_77' title="bbox 2307 3236 3903 3311; baseline 0.009 -18"><span class='ocrx_word' id='word_1_568' title='bbox 2307 3236 2557 3293; x_wconf 90' lang='lat' dir='ltr'><strong>Nestorio</strong></span> <span class='ocrx_word' id='word_1_569' title='bbox 2584 3238 2828 3294; x_wconf 88' lang='lat' dir='ltr'><strong>scribens</strong></span> <span class='ocrx_word' id='word_1_570' title='bbox 2850 3279 2867 3306; x_wconf 92' lang='lat'><strong>,</strong></span> <span class='ocrx_word' id='word_1_571' title='bbox 2900 3255 3057 3311; x_wconf 89' lang='lat' dir='ltr'><strong>quem</strong></span> <span class='ocrx_word' id='word_1_572' title='bbox 3088 3241 3155 3296; x_wconf 89' lang='lat' dir='ltr'><strong>ad</strong></span> <span class='ocrx_word' id='word_1_573' title='bbox 3205 3246 3595 3302; x_wconf 84' lang='lat' dir='ltr'><strong>correctionem</strong></span> <span class='ocrx_word' id='word_1_574' title='bbox 3639 3248 3903 3307; x_wconf 83' lang='lat' dir='ltr'><strong>invitabat</strong></span> 
     </span>
    </p>
   </div>
   <div class='ocr_carea' id='block_1_78' title="bbox 2308 3328 3901 3409">
    <p class='ocr_par' dir='ltr' id='par_1_78' title="bbox 2308 3328 3901 3409">
     <span class='ocr_line' id='line_1_78' title="bbox 2308 3328 3901 3409; baseline 0.009 -24"><span class='ocrx_word' id='word_1_575' title='bbox 2308 3330 2557 3400; x_wconf 85' lang='lat' dir='ltr'><strong>exemplo</strong></span> <span class='ocrx_word' id='word_1_576' title='bbox 2586 3328 2861 3387; x_wconf 88' lang='lat' dir='ltr'><strong>fortissimi</strong></span> <span class='ocrx_word' id='word_1_577' title='bbox 2904 3331 3006 3388; x_wconf 90' lang='lat' dir='ltr'><strong>viri</strong></span> <span class='ocrx_word' id='word_1_578' title='bbox 3050 3342 3104 3389; x_wconf 89' lang='lat' dir='ltr'><strong>et</strong></span> <span class='ocrx_word' id='word_1_579' title='bbox 3143 3333 3388 3392; x_wconf 61' lang='lat' dir='ltr'><strong>humanae</strong></span> <span class='ocrx_word' id='word_1_580' title='bbox 3425 3338 3608 3409; x_wconf 72' lang='lat' dir='ltr'><strong>glorite</strong></span> <span class='ocrx_word' id='word_1_581' title='bbox 3648 3352 3901 3399; x_wconf 89' lang='lat' dir='ltr'><strong>contem-</strong></span> 
     </span>
    </p>
   </div>
   <div class='ocr_carea' id='block_1_79' title="bbox 2311 3420 3903 3495">
    <p class='ocr_par' dir='ltr' id='par_1_79' title="bbox 2311 3420 3903 3495">
     <span class='ocr_line' id='line_1_79' title="bbox 2311 3420 3903 3495; baseline 0.011 -20"><span class='ocrx_word' id='word_1_582' title='bbox 2311 3423 2478 3492; x_wconf 88' lang='lat' dir='ltr'><strong>ptoris</strong></span> <span class='ocrx_word' id='word_1_583' title='bbox 2510 3420 2809 3491; x_wconf 84' lang='lat' dir='ltr'><strong>Theodori,</strong></span> <span class='ocrx_word' id='word_1_584' title='bbox 2840 3439 2946 3480; x_wconf 91' lang='lat' dir='ltr'><strong>non</strong></span> <span class='ocrx_word' id='word_1_585' title='bbox 2974 3439 3094 3480; x_wconf 90' lang='lat' dir='ltr'><strong>eum</strong></span> <span class='ocrx_word' id='word_1_586' title='bbox 3118 3438 3299 3495; x_wconf 88' lang='lat' dir='ltr'><strong>posset</strong></span> <span class='ocrx_word' id='word_1_587' title='bbox 3327 3429 3400 3484; x_wconf 89' lang='lat' dir='ltr'><strong>ita</strong></span> <span class='ocrx_word' id='word_1_588' title='bbox 3426 3432 3761 3491; x_wconf 89' lang='lat' dir='ltr'><strong>confidenter</strong></span> <span class='ocrx_word' id='word_1_589' title='bbox 3788 3450 3903 3493; x_wconf 71' lang='lat' dir='ltr'><strong>sua:</strong></span> 
     </span>
    </p>
   </div>
   <div class='ocr_carea' id='block_1_80' title="bbox 2310 3515 3900 3597">
    <p class='ocr_par' dir='ltr' id='par_1_80' title="bbox 2310 3515 3900 3597">
     <span class='ocr_line' id='line_1_80' title="bbox 2310 3515 3900 3597; baseline 0.009 -27"><span class='ocrx_word' id='word_1_590' title='bbox 2310 3515 2658 3571; x_wconf 73' lang='lat' dir='ltr'><strong>conscientiae</strong></span> <span class='ocrx_word' id='word_1_591' title='bbox 2689 3517 2996 3572; x_wconf 87' lang='lat' dir='ltr'><strong>testimonio</strong></span> <span class='ocrx_word' id='word_1_592' title='bbox 3022 3532 3368 3577; x_wconf 89' lang='lat' dir='ltr'><strong>commonere</strong></span> <span class='ocrx_word' id='word_1_593' title='bbox 3403 3522 3472 3578; x_wconf 89' lang='lat' dir='ltr'><strong>de</strong></span> <span class='ocrx_word' id='word_1_594' title='bbox 3505 3528 3705 3581; x_wconf 87' lang='lat' dir='ltr'><strong>recenti</strong></span> <span class='ocrx_word' id='word_1_595' title='bbox 3734 3527 3900 3597; x_wconf 86' lang='lat' dir='ltr'><strong>facto,</strong></span> 
     </span>
    </p>
   </div>
   <div class='ocr_carea' id='block_1_81' title="bbox 2311 3610 3896 3680">
    <p class='ocr_par' dir='ltr' id='par_1_81' title="bbox 2311 3610 3896 3680">
     <span class='ocr_line' id='line_1_81' title="bbox 2311 3610 3896 3680; baseline 0.01 -19"><span class='ocrx_word' id='word_1_596' title='bbox 2311 3610 2452 3678; x_wconf 88' lang='lat' dir='ltr'><strong>quod</strong></span> <span class='ocrx_word' id='word_1_597' title='bbox 2482 3624 2589 3664; x_wconf 91' lang='lat' dir='ltr'><strong>non</strong></span> <span class='ocrx_word' id='word_1_598' title='bbox 2620 3610 2767 3667; x_wconf 90' lang='lat' dir='ltr'><strong>solus</strong></span> <span class='ocrx_word' id='word_1_599' title='bbox 2797 3611 2912 3679; x_wconf 89' lang='lat' dir='ltr'><strong>ipse</strong></span> <span class='ocrx_word' id='word_1_600' title='bbox 2930 3611 3230 3680; x_wconf 87' lang='lat' dir='ltr'><strong>Nestorius,</strong></span> <span class='ocrx_word' id='word_1_601' title='bbox 3263 3628 3447 3670; x_wconf 87' lang='lat' dir='ltr'><strong>verum</strong></span> <span class='ocrx_word' id='word_1_602' title='bbox 3475 3627 3527 3671; x_wconf 89' lang='lat' dir='ltr'><strong>et</strong></span> <span class='ocrx_word' id='word_1_603' title='bbox 3557 3620 3896 3677; x_wconf 88' lang='lat' dir='ltr'><strong>Antiochena</strong></span> 
     </span>
    </p>
   </div>
   <div class='ocr_carea' id='block_1_82' title="bbox 2312 3700 3900 3779">
    <p class='ocr_par' dir='ltr' id='par_1_82' title="bbox 2312 3700 3900 3779">
     <span class='ocr_line' id='line_1_82' title="bbox 2312 3700 3900 3779; baseline 0.012 -27"><span class='ocrx_word' id='word_1_604' title='bbox 2312 3700 2486 3755; x_wconf 91' lang='lat' dir='ltr'><strong>omnis</strong></span> <span class='ocrx_word' id='word_1_605' title='bbox 2517 3700 2756 3756; x_wconf 88' lang='lat' dir='ltr'><strong>Ecclesia</strong></span> <span class='ocrx_word' id='word_1_606' title='bbox 2809 3702 3083 3758; x_wconf 86' lang='lat' dir='ltr'><strong>recordari</strong></span> <span class='ocrx_word' id='word_1_607' title='bbox 3132 3703 3388 3761; x_wconf 84' lang='lat' dir='ltr'><strong>facillime</strong></span> <span class='ocrx_word' id='word_1_608' title='bbox 3418 3717 3656 3779; x_wconf 87' lang='lat' dir='ltr'><strong>poterat,</strong></span> <span class='ocrx_word' id='word_1_609' title='bbox 3694 3712 3803 3769; x_wconf 91' lang='lat' dir='ltr'><strong>nisi</strong></span> <span class='ocrx_word' id='word_1_610' title='bbox 3835 3716 3900 3771; x_wconf 87' lang='lat' dir='ltr'><strong>de</strong></span> 
     </span>
    </p>
   </div>
   <div class='ocr_carea' id='block_1_83' title="bbox 2312 3791 3901 3873">
    <p class='ocr_par' dir='ltr' id='par_1_83' title="bbox 2312 3791 3901 3873">
     <span class='ocr_line' id='line_1_83' title="bbox 2312 3791 3901 3873; baseline 0.01 -26"><span class='ocrx_word' id='word_1_611' title='bbox 2312 3791 2594 3848; x_wconf 88' lang='lat' dir='ltr'><strong>manifesta</strong></span> <span class='ocrx_word' id='word_1_612' title='bbox 2625 3794 2700 3849; x_wconf 88' lang='lat' dir='ltr'><strong>rei</strong></span> <span class='ocrx_word' id='word_1_613' title='bbox 2744 3796 2967 3850; x_wconf 89' lang='lat' dir='ltr'><strong>veritate</strong></span> <span class='ocrx_word' id='word_1_614' title='bbox 2997 3805 3375 3867; x_wconf 67' lang='lat' dir='ltr'><strong>prtesumptus.</strong></span> <span class='ocrx_word' id='word_1_615' title='bbox 3419 3799 3550 3855; x_wconf 89' lang='lat' dir='ltr'><strong>Nam</strong></span> <span class='ocrx_word' id='word_1_616' title='bbox 3582 3820 3759 3873; x_wconf 88' lang='lat' dir='ltr'><strong>neque</strong></span> <span class='ocrx_word' id='word_1_617' title='bbox 3786 3808 3901 3863; x_wconf 87' lang='lat' dir='ltr'><strong>sine</strong></span> 
     </span>
    </p>
   </div>
   <div class='ocr_carea' id='block_1_84' title="bbox 2316 3886 3898 3964">
    <p class='ocr_par' dir='ltr' id='par_1_84' title="bbox 2316 3886 3898 3964">
     <span class='ocr_line' id='line_1_84' title="bbox 2316 3886 3898 3964; baseline 0.011 -27"><span class='ocrx_word' id='word_1_618' title='bbox 2316 3894 2539 3939; x_wconf 80' lang='lat' dir='ltr'><strong>tractatu</strong></span> <span class='ocrx_word' id='word_1_619' title='bbox 2589 3886 2816 3940; x_wconf 86' lang='lat' dir='ltr'><strong>aliorum</strong></span> <span class='ocrx_word' id='word_1_620' title='bbox 2863 3886 2929 3940; x_wconf 88' lang='lat' dir='ltr'><strong>ad</strong></span> <span class='ocrx_word' id='word_1_621' title='bbox 2978 3902 3135 3941; x_wconf 91' lang='lat' dir='ltr'><strong>suum</strong></span> <span class='ocrx_word' id='word_1_622' title='bbox 3181 3890 3465 3945; x_wconf 90' lang='lat' dir='ltr'><strong>concilium</strong></span> <span class='ocrx_word' id='word_1_623' title='bbox 3512 3896 3898 3964; x_wconf 82' lang='lat' dir='ltr'><strong>pertinentium</strong></span> 
     </span>
    </p>
   </div>
   <div class='ocr_carea' id='block_1_85' title="bbox 2315 3971 3902 4055">
    <p class='ocr_par' dir='ltr' id='par_1_85' title="bbox 2315 3971 3902 4055">
     <span class='ocr_line' id='line_1_85' title="bbox 2315 3971 3902 4055; baseline 0.011 -29"><span class='ocrx_word' id='word_1_624' title='bbox 2315 3971 2683 4040; x_wconf 86' lang='lat' dir='ltr'><strong>sacerdotum,</strong></span> <span class='ocrx_word' id='word_1_625' title='bbox 2717 3971 3083 4029; x_wconf 84' lang='lat' dir='ltr'><strong>Antiochenus</strong></span> <span class='ocrx_word' id='word_1_626' title='bbox 3112 3976 3335 4032; x_wconf 86' lang='lat' dir='ltr'><strong>antistes</strong></span> <span class='ocrx_word' id='word_1_627' title='bbox 3374 3978 3441 4034; x_wconf 89' lang='lat' dir='ltr'><strong>de</strong></span> <span class='ocrx_word' id='word_1_628' title='bbox 3466 3981 3590 4035; x_wconf 86' lang='lat' dir='ltr'><strong>novi</strong></span> <span class='ocrx_word' id='word_1_629' title='bbox 3634 3983 3902 4055; x_wconf 86' lang='lat' dir='ltr'><strong>dogmatis</strong></span> 
     </span>
    </p>
   </div>
   <div class='ocr_carea' id='block_1_86' title="bbox 2316 4063 3897 4144">
    <p class='ocr_par' dir='ltr' id='par_1_86' title="bbox 2316 4063 3897 4144">
     <span class='ocr_line' id='line_1_86' title="bbox 2316 4063 3897 4144; baseline 0.011 -27"><span class='ocrx_word' id='word_1_630' title='bbox 2316 4063 2615 4119; x_wconf 88' lang='lat' dir='ltr'><strong>assertione</strong></span> <span class='ocrx_word' id='word_1_631' title='bbox 2686 4066 2960 4135; x_wconf 81' lang='lat' dir='ltr'><strong>corripere</strong></span> <span class='ocrx_word' id='word_1_632' title='bbox 3026 4068 3197 4136; x_wconf 88' lang='lat' dir='ltr'><strong>palam</strong></span> <span class='ocrx_word' id='word_1_633' title='bbox 3247 4069 3897 4144; x_wconf 74' lang='lat' dir='ltr'><strong>Constantinopolitanum</strong></span> 
     </span>
    </p>
   </div>
   <div class='ocr_carea' id='block_1_87' title="bbox 2316 4154 3902 4244">
    <p class='ocr_par' dir='ltr' id='par_1_87' title="bbox 2316 4154 3902 4244">
     <span class='ocr_line' id='line_1_87' title="bbox 2316 4154 3902 4244; baseline 0.009 -34"><span class='ocrx_word' id='word_1_634' title='bbox 2316 4154 2626 4226; x_wconf 86' lang='lat' dir='ltr'><strong>episcopum</strong></span> <span class='ocrx_word' id='word_1_635' title='bbox 2656 4167 2857 4227; x_wconf 88' lang='lat' dir='ltr'><strong>posset.</strong></span> <span class='ocrx_word' id='word_1_636' title='bbox 2891 4156 3063 4213; x_wconf 86' lang='lat' dir='ltr'><strong>Tanto</strong></span> <span class='ocrx_word' id='word_1_637' title='bbox 3092 4174 3219 4215; x_wconf 87' lang='lat' dir='ltr'><strong>vero</strong></span> <span class='ocrx_word' id='word_1_638' title='bbox 3265 4162 3569 4219; x_wconf 82' lang='lat' dir='ltr'><strong>testimonio</strong></span> <span class='ocrx_word' id='word_1_639' title='bbox 3598 4180 3789 4224; x_wconf 87' lang='lat' dir='ltr'><strong>sancta</strong></span> <span class='ocrx_word' id='word_1_640' title='bbox 3820 4188 3902 4244; x_wconf 79' lang='lat' dir='ltr'><strong>sy-</strong></span> 
     </span>
    </p>
   </div>
   <div class='ocr_carea' id='block_1_88' title="bbox 2318 4255 3901 4327">
    <p class='ocr_par' dir='ltr' id='par_1_88' title="bbox 2318 4255 3901 4327">
     <span class='ocr_line' id='line_1_88' title="bbox 2318 4255 3901 4327; baseline 0.008 -18"><span class='ocrx_word' id='word_1_641' title='bbox 2318 4257 2491 4310; x_wconf 86' lang='lat' dir='ltr'><strong>nodus</strong></span> <span class='ocrx_word' id='word_1_642' title='bbox 2521 4255 2772 4322; x_wconf 87' lang='lat' dir='ltr'><strong>credens,</strong></span> <span class='ocrx_word' id='word_1_643' title='bbox 2796 4260 3066 4327; x_wconf 89' lang='lat' dir='ltr'><strong>qnomodo</strong></span> <span class='ocrx_word' id='word_1_644' title='bbox 3088 4260 3357 4317; x_wconf 84' lang='lat' dir='ltr'><strong>Theodori</strong></span> <span class='ocrx_word' id='word_1_645' title='bbox 3391 4267 3709 4321; x_wconf 84' lang='lat' dir='ltr'><strong>memoriam</strong></span> <span class='ocrx_word' id='word_1_646' title='bbox 3744 4268 3901 4323; x_wconf 83' lang='lat' dir='ltr'><strong>veluti</strong></span> 
     </span>
    </p>
   </div>
   <div class='ocr_carea' id='block_1_89' title="bbox 2318 4344 3904 4429">
    <p class='ocr_par' dir='ltr' id='par_1_89' title="bbox 2318 4344 3904 4429">
     <span class='ocr_line' id='line_1_89' title="bbox 2318 4344 3904 4429; baseline 0.009 -27"><span class='ocrx_word' id='word_1_647' title='bbox 2318 4344 2556 4403; x_wconf 62' lang='lat' dir='ltr'><strong>hatretici</strong></span> <span class='ocrx_word' id='word_1_648' title='bbox 2590 4349 2936 4419; x_wconf 86' lang='lat' dir='ltr'><strong>rejiciendam</strong></span> <span class='ocrx_word' id='word_1_649' title='bbox 2969 4352 3037 4407; x_wconf 85' lang='lat' dir='ltr'><strong>ab</strong></span> <span class='ocrx_word' id='word_1_650' title='bbox 3067 4352 3308 4409; x_wconf 88' lang='lat' dir='ltr'><strong>Ecclesia</strong></span> <span class='ocrx_word' id='word_1_651' title='bbox 3332 4356 3633 4425; x_wconf 83' lang='lat' dir='ltr'><strong>judicaret,</strong></span> <span class='ocrx_word' id='word_1_652' title='bbox 3669 4358 3722 4412; x_wconf 91' lang='lat' dir='ltr'><strong>in</strong></span> <span class='ocrx_word' id='word_1_653' title='bbox 3754 4360 3904 4429; x_wconf 86' lang='lat' dir='ltr'><strong>cujus</strong></span> 
     </span>
    </p>
   </div>
   <div class='ocr_carea' id='block_1_90' title="bbox 2317 4441 3904 4517">
    <p class='ocr_par' dir='ltr' id='par_1_90' title="bbox 2317 4441 3904 4517">
     <span class='ocr_line' id='line_1_90' title="bbox 2317 4441 3904 4517; baseline 0.006 -21"><span class='ocrx_word' id='word_1_654' title='bbox 2317 4456 2455 4511; x_wconf 89' lang='lat' dir='ltr'><strong>pace</strong></span> <span class='ocrx_word' id='word_1_655' title='bbox 2479 4442 2570 4498; x_wconf 90' lang='lat' dir='ltr'><strong>illc</strong></span> <span class='ocrx_word' id='word_1_656' title='bbox 2592 4441 2875 4498; x_wconf 81' lang='lat' dir='ltr'><strong>defunctus</strong></span> <span class='ocrx_word' id='word_1_657' title='bbox 2902 4452 3003 4510; x_wconf 88' lang='lat' dir='ltr'><strong>est,</strong></span> <span class='ocrx_word' id='word_1_658' title='bbox 3035 4453 3090 4500; x_wconf 90' lang='lat' dir='ltr'><strong>et</strong></span> <span class='ocrx_word' id='word_1_659' title='bbox 3113 4444 3267 4514; x_wconf 88' lang='lat' dir='ltr'><strong>cujus</strong></span> <span class='ocrx_word' id='word_1_660' title='bbox 3298 4461 3479 4516; x_wconf 87' lang='lat' dir='ltr'><strong>pacem</strong></span> <span class='ocrx_word' id='word_1_661' title='bbox 3511 4447 3586 4503; x_wconf 89' lang='lat' dir='ltr'><strong>sic</strong></span> <span class='ocrx_word' id='word_1_662' title='bbox 3613 4447 3826 4517; x_wconf 84' lang='lat' dir='ltr'><strong>dilexit,</strong></span> <span class='ocrx_word' id='word_1_663' title='bbox 3853 4461 3904 4505; x_wconf 85' lang='lat' dir='ltr'><strong>ut</strong></span> 
     </span>
    </p>
   </div>
   <div class='ocr_carea' id='block_1_91' title="bbox 618 4519 3905 4610">
    <p class='ocr_par' dir='ltr' id='par_1_91' title="bbox 618 4519 3905 4610">
     <span class='ocr_line' id='line_1_91' title="bbox 618 4519 3905 4610; baseline 0.003 -24"><span class='ocrx_word' id='word_1_664' title='bbox 618 4534 1028 4587; x_wconf 80' lang='lat' dir='ltr'><strong>accusationem</strong></span> <span class='ocrx_word' id='word_1_665' title='bbox 1055 4548 1172 4603; x_wconf 77' lang='lat' dir='ltr'><strong>qua:</strong></span> <span class='ocrx_word' id='word_1_666' title='bbox 1197 4532 1455 4588; x_wconf 86' lang='lat' dir='ltr'><strong>adversus</strong></span> <span class='ocrx_word' id='word_1_667' title='bbox 1478 4533 1799 4588; x_wconf 89' lang='lat' dir='ltr'><strong>cumfuerat</strong></span> <span class='ocrx_word' id='word_1_668' title='bbox 1826 4535 1992 4589; x_wconf 91' lang='lat' dir='ltr'><strong>facta:</strong></span> <span class='ocrx_word' id='word_1_669' title='bbox 2017 4548 2217 4603; x_wconf 88' lang='lat' dir='ltr'><strong>nequa-</strong></span> <span class='ocrx_word' id='word_1_670' title='bbox 2240 4519 2299 4579; x_wconf 76' lang='grc'><strong>1)</strong></span> <span class='ocrx_word' id='word_1_671' title='bbox 2320 4532 2548 4603; x_wconf 89' lang='lat' dir='ltr'><strong>gloriam</strong></span> <span class='ocrx_word' id='word_1_672' title='bbox 2599 4548 2711 4589; x_wconf 72' lang='lat' dir='ltr'><strong>sua:</strong></span> <span class='ocrx_word' id='word_1_673' title='bbox 2761 4534 3098 4591; x_wconf 90' lang='lat' dir='ltr'><strong>auctoritatis</strong></span> <span class='ocrx_word' id='word_1_674' title='bbox 3148 4551 3254 4592; x_wconf 92' lang='lat' dir='ltr'><strong>non</strong></span> <span class='ocrx_word' id='word_1_675' title='bbox 3301 4538 3647 4595; x_wconf 88' lang='lat' dir='ltr'><strong>erubesceret</strong></span> <span class='ocrx_word' id='word_1_676' title='bbox 3676 4541 3800 4610; x_wconf 86' lang='lat' dir='ltr'><strong>ejus</strong></span> <span class='ocrx_word' id='word_1_677' title='bbox 3829 4542 3905 4596; x_wconf 80' lang='lat' dir='ltr'><strong>of-</strong></span> 
     </span>
    </p>
   </div>
   <div class='ocr_carea' id='block_1_92' title="bbox 622 4622 2218 4695">
    <p class='ocr_par' dir='ltr' id='par_1_92' title="bbox 622 4622 2218 4695">
     <span class='ocr_line' id='line_1_92' title="bbox 622 4622 2218 4695; baseline 0.002 -18"><span class='ocrx_word' id='word_1_678' title='bbox 622 4637 792 4694; x_wconf 80' lang='lat' dir='ltr'><strong>quam</strong></span> <span class='ocrx_word' id='word_1_679' title='bbox 817 4623 1066 4695; x_wconf 79' lang='lat' dir='ltr'><strong>judicans</strong></span> <span class='ocrx_word' id='word_1_680' title='bbox 1110 4632 1270 4694; x_wconf 87' lang='lat' dir='ltr'><strong>turpe</strong></span> <span class='ocrx_word' id='word_1_681' title='bbox 1309 4622 1507 4695; x_wconf 90' lang='lat' dir='ltr'><strong>aliquid</strong></span> <span class='ocrx_word' id='word_1_682' title='bbox 1537 4640 1659 4680; x_wconf 88' lang='lat' dir='ltr'><strong>esse</strong></span> <span class='ocrx_word' id='word_1_683' title='bbox 1690 4624 2001 4695; x_wconf 85' lang='lat' dir='ltr'><strong>corrigere;</strong></span> <span class='ocrx_word' id='word_1_684' title='bbox 2034 4634 2089 4680; x_wconf 88' lang='lat' dir='ltr'><strong>et</strong></span> <span class='ocrx_word' id='word_1_685' title='bbox 2116 4626 2218 4681; x_wconf 88' lang='lat' dir='ltr'><strong>hoc</strong></span> 
     </span>
    </p>
   </div>
   <div class='ocr_carea' id='block_1_93' title="bbox 627 4716 2218 4789">
    <p class='ocr_par' dir='ltr' id='par_1_93' title="bbox 627 4716 2218 4789">
     <span class='ocr_line' id='line_1_93' title="bbox 627 4716 2218 4789; baseline 0.001 -17"><span class='ocrx_word' id='word_1_686' title='bbox 627 4718 928 4772; x_wconf 79' lang='lat' dir='ltr'><strong>scientibus</strong></span> <span class='ocrx_word' id='word_1_687' title='bbox 958 4716 1173 4786; x_wconf 88' lang='lat' dir='ltr'><strong>quidem</strong></span> <span class='ocrx_word' id='word_1_688' title='bbox 1204 4719 1477 4784; x_wconf 85' lang='lat' dir='ltr'><strong>omnibus,</strong></span> <span class='ocrx_word' id='word_1_689' title='bbox 1512 4716 1634 4788; x_wconf 69' lang='lat' dir='ltr'><strong>quia</strong></span> <span class='ocrx_word' id='word_1_690' title='bbox 1669 4719 1999 4789; x_wconf 81' lang='lat' dir='ltr'><strong>negligenter</strong></span> <span class='ocrx_word' id='word_1_691' title='bbox 2027 4728 2080 4775; x_wconf 92' lang='lat' dir='ltr'><strong>et</strong></span> <span class='ocrx_word' id='word_1_692' title='bbox 2120 4720 2218 4774; x_wconf 89' lang='lat' dir='ltr'><strong>mi-</strong></span> 
     </span>
    </p>
   </div>
   <div class='ocr_carea' id='block_1_94' title="bbox 637 4809 2216 4879">
    <p class='ocr_par' dir='ltr' id='par_1_94' title="bbox 637 4809 2216 4879">
     <span class='ocr_line' id='line_1_94' title="bbox 637 4809 2216 4879; baseline 0.003 -15"><span class='ocrx_word' id='word_1_693' title='bbox 637 4825 739 4864; x_wconf 90' lang='lat' dir='ltr'><strong>nus</strong></span> <span class='ocrx_word' id='word_1_694' title='bbox 768 4818 922 4864; x_wconf 85' lang='lat' dir='ltr'><strong>caute</strong></span> <span class='ocrx_word' id='word_1_695' title='bbox 954 4809 1022 4864; x_wconf 88' lang='lat' dir='ltr'><strong>ab</strong></span> <span class='ocrx_word' id='word_1_696' title='bbox 1052 4825 1117 4864; x_wconf 90' lang='lat' dir='ltr'><strong>eo</strong></span> <span class='ocrx_word' id='word_1_697' title='bbox 1149 4809 1321 4865; x_wconf 85' lang='lat' dir='ltr'><strong>fuerat</strong></span> <span class='ocrx_word' id='word_1_698' title='bbox 1357 4810 1585 4879; x_wconf 90' lang='lat' dir='ltr'><strong>dictum,</strong></span> <span class='ocrx_word' id='word_1_699' title='bbox 1618 4809 2009 4879; x_wconf 73' lang='lat' dir='ltr'><strong>excipientibus</strong></span> <span class='ocrx_word' id='word_1_700' title='bbox 2038 4820 2216 4868; x_wconf 89' lang='lat' dir='ltr'><strong>autem</strong></span> 
     </span>
    </p>
   </div>
   <div class='ocr_carea' id='block_1_95' title="bbox 620 4902 2217 4972">
    <p class='ocr_par' dir='ltr' id='par_1_95' title="bbox 620 4902 2217 4972">
     <span class='ocr_line' id='line_1_95' title="bbox 620 4902 2217 4972; baseline 0.002 -15"><span class='ocrx_word' id='word_1_701' title='bbox 620 4903 887 4957; x_wconf 74' lang='lat' dir='ltr'><strong>continuo</strong></span> <span class='ocrx_word' id='word_1_702' title='bbox 919 4903 1339 4957; x_wconf 84' lang='lat' dir='ltr'><strong>correctionem.</strong></span> <span class='ocrx_word' id='word_1_703' title='bbox 1380 4923 1398 4955; x_wconf 77' lang='grc' dir='ltr'><strong><em>ι</em></strong></span> <span class='ocrx_word' id='word_1_704' title='bbox 1438 4902 1606 4957; x_wconf 85' lang='lat' dir='ltr'><strong>Porro</strong></span> <span class='ocrx_word' id='word_1_705' title='bbox 1640 4914 1808 4959; x_wconf 89' lang='lat' dir='ltr'><strong>totum</strong></span> <span class='ocrx_word' id='word_1_706' title='bbox 1839 4903 1940 4958; x_wconf 85' lang='lat' dir='ltr'><strong>hoc</strong></span> <span class='ocrx_word' id='word_1_707' title='bbox 1961 4918 2217 4972; x_wconf 67' lang='lat' dir='ltr'><strong>arrogano</strong></span> 
     </span>
    </p>
   </div>
   <div class='ocr_carea' id='block_1_96' title="bbox 622 4992 2215 5066">
    <p class='ocr_par' dir='ltr' id='par_1_96' title="bbox 622 4992 2215 5066">
     <span class='ocr_line' id='line_1_96' title="bbox 622 4992 2215 5066; baseline 0.002 -20"><span class='ocrx_word' id='word_1_708' title='bbox 622 4994 757 5047; x_wconf 77' lang='lat' dir='ltr'><strong>tiam</strong></span> <span class='ocrx_word' id='word_1_709' title='bbox 782 4992 1056 5047; x_wconf 89' lang='lat' dir='ltr'><strong>confundit</strong></span> <span class='ocrx_word' id='word_1_710' title='bbox 1083 4994 1293 5048; x_wconf 91' lang='lat' dir='ltr'><strong>illorum</strong></span> <span class='ocrx_word' id='word_1_711' title='bbox 1318 4994 1411 5064; x_wconf 83' lang='lat' dir='ltr'><strong>qui</strong></span> <span class='ocrx_word' id='word_1_712' title='bbox 1439 5009 1498 5049; x_wconf 89' lang='lat' dir='ltr'><strong>se</strong></span> <span class='ocrx_word' id='word_1_713' title='bbox 1526 4992 1896 5066; x_wconf 87' lang='lat' dir='ltr'><strong>diligentiores</strong></span> <span class='ocrx_word' id='word_1_714' title='bbox 1922 5003 1976 5048; x_wconf 90' lang='lat' dir='ltr'><strong>et</strong></span> <span class='ocrx_word' id='word_1_715' title='bbox 2001 4996 2215 5065; x_wconf 88' lang='lat' dir='ltr'><strong>sapien-</strong></span> 
     </span>
    </p>
   </div>
   <div class='ocr_carea' id='block_1_97' title="bbox 696 5150 2212 5220">
    <p class='ocr_par' dir='ltr' id='par_1_97' title="bbox 696 5150 2212 5220">
     <span class='ocr_line' id='line_1_97' title="bbox 696 5150 2212 5220; baseline 0.007 -20"><span class='ocrx_word' id='word_1_716' title='bbox 696 5158 726 5185; x_wconf 65' lang='grc' dir='ltr'><strong>ι·</strong></span> <span class='ocrx_word' id='word_1_717' title='bbox 774 5150 962 5204; x_wconf 76' lang='lat' dir='ltr'><strong>Exstat</strong></span> <span class='ocrx_word' id='word_1_718' title='bbox 987 5150 1188 5220; x_wconf 80' lang='lat' dir='ltr'><strong>integra</strong></span> <span class='ocrx_word' id='word_1_719' title='bbox 1232 5152 1456 5206; x_wconf 83' lang='lat' dir='ltr'><strong>Joannis</strong></span> <span class='ocrx_word' id='word_1_720' title='bbox 1483 5153 1545 5207; x_wconf 87' lang='lat' dir='ltr'><strong>ad</strong></span> <span class='ocrx_word' id='word_1_721' title='bbox 1571 5152 1878 5208; x_wconf 86' lang='lat' dir='ltr'><strong>Nestorium</strong></span> <span class='ocrx_word' id='word_1_722' title='bbox 1902 5154 2125 5214; x_wconf 79' lang='lat' dir='ltr'><strong>cpistola</strong></span> <span class='ocrx_word' id='word_1_723' title='bbox 2160 5157 2212 5211; x_wconf 91' lang='lat' dir='ltr'><strong>in</strong></span> 
     </span>
    </p>
   </div>
   <div class='ocr_carea' id='block_1_98' title="bbox 628 5221 2213 5292">
    <p class='ocr_par' dir='ltr' id='par_1_98' title="bbox 628 5221 2213 5292">
     <span class='ocr_line' id='line_1_98' title="bbox 628 5221 2213 5292; baseline 0.005 -19"><span class='ocrx_word' id='word_1_724' title='bbox 628 5221 802 5289; x_wconf 77' lang='lat' dir='ltr'><strong>prima</strong></span> <span class='ocrx_word' id='word_1_725' title='bbox 833 5231 981 5289; x_wconf 88' lang='lat' dir='ltr'><strong>parte</strong></span> <span class='ocrx_word' id='word_1_726' title='bbox 1012 5222 1196 5292; x_wconf 82' lang='lat' dir='ltr'><strong>synodi</strong></span> <span class='ocrx_word' id='word_1_727' title='bbox 1232 5222 1542 5291; x_wconf 73' lang='lat' dir='ltr'><strong>Ephesium;</strong></span> <span class='ocrx_word' id='word_1_728' title='bbox 1596 5239 1780 5277; x_wconf 88' lang='lat' dir='ltr'><strong>verum</strong></span> <span class='ocrx_word' id='word_1_729' title='bbox 1825 5226 1910 5276; x_wconf 88' lang='lat' dir='ltr'><strong>ubi</strong></span> <span class='ocrx_word' id='word_1_730' title='bbox 1948 5224 2213 5282; x_wconf 83' lang='lat' dir='ltr'><strong>Theodori</strong></span> 
     </span>
    </p>
   </div>
   <div class='ocr_carea' id='block_1_99' title="bbox 626 5293 2214 5365">
    <p class='ocr_par' dir='ltr' id='par_1_99' title="bbox 626 5293 2214 5365">
     <span class='ocr_line' id='line_1_99' title="bbox 626 5293 2214 5365; baseline 0.006 -22"><span class='ocrx_word' id='word_1_731' title='bbox 626 5295 772 5345; x_wconf 72' lang='lat' dir='ltr'><strong>inea</strong></span> <span class='ocrx_word' id='word_1_732' title='bbox 805 5302 886 5365; x_wconf 65' lang='lat' dir='ltr'><strong>est</strong></span> <span class='ocrx_word' id='word_1_733' title='bbox 916 5306 1146 5365; x_wconf 81' lang='lat' dir='ltr'><strong>mentio,</strong></span> <span class='ocrx_word' id='word_1_734' title='bbox 1180 5296 1463 5365; x_wconf 74' lang='lat' dir='ltr'><strong>irrepserat</strong></span> <span class='ocrx_word' id='word_1_735' title='bbox 1514 5293 1657 5347; x_wconf 84' lang='lat' dir='ltr'><strong>Pauli</strong></span> <span class='ocrx_word' id='word_1_736' title='bbox 1691 5308 1885 5348; x_wconf 71' lang='lat' dir='ltr'><strong>nomen</strong></span> <span class='ocrx_word' id='word_1_737' title='bbox 1912 5311 2012 5365; x_wconf 87' lang='lat' dir='ltr'><strong>pro</strong></span> <span class='ocrx_word' id='word_1_738' title='bbox 2039 5297 2214 5351; x_wconf 87' lang='lat' dir='ltr'><strong>Theo-</strong></span> 
     </span>
    </p>
   </div>
   <div class='ocr_carea' id='block_1_100' title="bbox 628 5358 2208 5428">
    <p class='ocr_par' dir='ltr' id='par_1_100' title="bbox 628 5358 2208 5428">
     <span class='ocr_line' id='line_1_100' title="bbox 628 5358 2208 5428; baseline 0.007 -17"><span class='ocrx_word' id='word_1_739' title='bbox 628 5365 785 5415; x_wconf 83' lang='lat' dir='ltr'><strong>doro.</strong></span> <span class='ocrx_word' id='word_1_740' title='bbox 815 5358 903 5416; x_wconf 84' lang='lat' dir='ltr'><strong>Sic</strong></span> <span class='ocrx_word' id='word_1_741' title='bbox 931 5362 1087 5428; x_wconf 76' lang='lat' dir='ltr'><strong>igitur</strong></span> <span class='ocrx_word' id='word_1_742' title='bbox 1113 5358 1175 5418; x_wconf 82' lang='lat' dir='ltr'><strong>ex</strong></span> <span class='ocrx_word' id='word_1_743' title='bbox 1207 5358 1441 5419; x_wconf 78' lang='lat' dir='ltr'><strong>Facundi</strong></span> <span class='ocrx_word' id='word_1_744' title='bbox 1466 5366 1644 5419; x_wconf 88' lang='lat' dir='ltr'><strong>verbis</strong></span> <span class='ocrx_word' id='word_1_745' title='bbox 1670 5358 2060 5420; x_wconf 75' lang='lat' dir='ltr'><strong>restituendum</strong></span> <span class='ocrx_word' id='word_1_746' title='bbox 2093 5378 2208 5422; x_wconf 80' lang='lat' dir='ltr'><strong>est:</strong></span> 
     </span>
    </p>
   </div>
   <div class='ocr_carea' id='block_1_101' title="bbox 627 5434 2212 5511">
    <p class='ocr_par' dir='ltr' id='par_1_101' title="bbox 627 5434 2212 5511">
     <span class='ocr_line' id='line_1_101' title="bbox 627 5434 2212 5511; baseline 0.006 -26"><span class='ocrx_word' id='word_1_747' title='bbox 627 5434 1017 5511; x_wconf 53' lang='lat' dir='ltr'><strong>“iuvnaaijrw</strong></span> <span class='ocrx_word' id='word_1_748' title='bbox 1057 5436 1260 5495; x_wconf 78' lang='grc' dir='ltr'><strong>πάντως</strong></span> <span class='ocrx_word' id='word_1_749' title='bbox 1293 5441 1382 5489; x_wconf 82' lang='grc' dir='ltr'><strong>τοῦ</strong></span> <span class='ocrx_word' id='word_1_750' title='bbox 1426 5437 1962 5511; x_wconf 45' lang='grc' dir='ltr'><strong>μακαρίου-Θεοδώρου</strong></span> <span class='ocrx_word' id='word_1_751' title='bbox 2008 5440 2212 5495; x_wconf 65' lang='lat' dir='ltr'><strong>Emend-</strong></span> 
     </span>
    </p>
   </div>
   <div class='ocr_carea' id='block_1_102' title="bbox 626 5505 2213 5577">
    <p class='ocr_par' dir='ltr' id='par_1_102' title="bbox 626 5505 2213 5577">
     <span class='ocr_line' id='line_1_102' title="bbox 626 5505 2213 5577; baseline 0.005 -24"><span class='ocrx_word' id='word_1_752' title='bbox 626 5522 751 5577; x_wconf 59' lang='grc' dir='ltr'><strong>πουἒ</strong></span> <span class='ocrx_word' id='word_1_753' title='bbox 781 5505 831 5557; x_wconf 66' lang='grc' dir='ltr'><strong><em>ἄν</em></strong></span> <span class='ocrx_word' id='word_1_754' title='bbox 878 5506 1109 5577; x_wconf 54' lang='lat' dir='ltr'><strong>tim/nan</strong></span> <span class='ocrx_word' id='word_1_755' title='bbox 1133 5508 1361 5567; x_wconf 79' lang='grc' dir='ltr'><strong>εἰπόντος</strong></span> <span class='ocrx_word' id='word_1_756' title='bbox 1399 5505 1449 5561; x_wconf 59' lang='grc' dir='ltr'><strong>τὶ</strong></span> <span class='ocrx_word' id='word_1_757' title='bbox 1475 5505 1576 5561; x_wconf 57' lang='grc' dir='ltr'><strong>τῶὖ</strong></span> <span class='ocrx_word' id='word_1_758' title='bbox 1595 5510 1649 5560; x_wconf 81' lang='grc' dir='ltr'><strong>οὐ</strong></span> <span class='ocrx_word' id='word_1_759' title='bbox 1676 5505 1924 5571; x_wconf 57' lang='lat' dir='ltr'><strong>deice-2th</strong></span> <span class='ocrx_word' id='word_1_760' title='bbox 1950 5510 2112 5571; x_wconf 77' lang='grc' dir='ltr'><strong>καλῶς</strong></span> <span class='ocrx_word' id='word_1_761' title='bbox 2145 5515 2213 5565; x_wconf 75' lang='grc' dir='ltr'><strong>εἴ-</strong></span> 
     </span>
    </p>
   </div>
   <div class='ocr_carea' id='block_1_103' title="bbox 622 5575 2214 5651">
    <p class='ocr_par' dir='ltr' id='par_1_103' title="bbox 622 5575 2214 5651">
     <span class='ocr_line' id='line_1_103' title="bbox 622 5575 2214 5651; baseline 0.006 -24"><span class='ocrx_word' id='word_1_762' title='bbox 622 5575 811 5645; x_wconf 59' lang='grc' dir='ltr'><strong>ρῆσθαι</strong></span> <span class='ocrx_word' id='word_1_763' title='bbox 834 5575 1022 5650; x_wconf 56' lang='grc' dir='ltr'><strong>πρὼῒῳ</strong></span> <span class='ocrx_word' id='word_1_764' title='bbox 1042 5578 1100 5630; x_wconf 79' lang='grc' dir='ltr'><strong>τέ</strong></span> <span class='ocrx_word' id='word_1_765' title='bbox 1125 5599 1223 5642; x_wconf 74' lang='lat' dir='ltr'><strong>aut,</strong></span> <span class='ocrx_word' id='word_1_766' title='bbox 1252 5586 1324 5651; x_wconf 83' lang='grc' dir='ltr'><strong>τῷ</strong></span> <span class='ocrx_word' id='word_1_767' title='bbox 1351 5581 1433 5632; x_wconf 76' lang='grc' dir='ltr'><strong>καὶ</strong></span> <span class='ocrx_word' id='word_1_768' title='bbox 1458 5580 1924 5650; x_wconf 71' lang='grc' dir='ltr'><strong>παῤῥησιασαμένῳ</strong></span> <span class='ocrx_word' id='word_1_769' title='bbox 1956 5581 2061 5635; x_wconf 68' lang='grc' dir='ltr'><strong>κατ’</strong></span> <span class='ocrx_word' id='word_1_770' title='bbox 2088 5583 2214 5637; x_wconf 82' lang='grc' dir='ltr'><strong>ἐκεῖ·</strong></span> 
     </span>
    </p>
   </div>
   <div class='ocr_carea' id='block_1_104' title="bbox 656 5684 2211 5764">
    <p class='ocr_par' dir='ltr' id='par_1_104' title="bbox 656 5684 2211 5764">
     <span class='ocr_line' id='line_1_104' title="bbox 656 5684 2211 5764; baseline 0.006 -27"><span class='ocrx_word' id='word_1_771' title='bbox 656 5754 666 5764; x_wconf 42' lang='lat'><em>.</em></span> <span class='ocrx_word' id='word_1_772' title='bbox 702 5685 720 5715; x_wconf 79' lang='grc'>⁸</span> <span class='ocrx_word' id='word_1_773' title='bbox 761 5684 887 5764; x_wconf 58' lang='lat' dir='ltr'><strong>Cod,</strong></span> <span class='ocrx_word' id='word_1_774' title='bbox 921 5686 1138 5750; x_wconf 74' lang='lat' dir='ltr'><strong>\‘eron.,</strong></span> <span class='ocrx_word' id='word_1_775' title='bbox 1173 5690 1339 5764; x_wconf 73' lang='lat' dir='ltr'><strong>minus</strong></span> <span class='ocrx_word' id='word_1_776' title='bbox 1362 5700 1505 5743; x_wconf 78' lang='lat' dir='ltr'><strong>route</strong></span> <span class='ocrx_word' id='word_1_777' title='bbox 1530 5689 1964 5764; x_wconf 73' lang='lat' dir='ltr'><strong>animaduersum,</strong></span> <span class='ocrx_word' id='word_1_778' title='bbox 1998 5692 2085 5747; x_wconf 80' lang='lat' dir='ltr'><strong>sed</strong></span> <span class='ocrx_word' id='word_1_779' title='bbox 2109 5708 2211 5762; x_wconf 85' lang='lat' dir='ltr'><strong>po-</strong></span> 
     </span>
    </p>
   </div>
   <div class='ocr_carea' id='block_1_105' title="bbox 623 5757 1944 5828">
    <p class='ocr_par' dir='ltr' id='par_1_105' title="bbox 623 5757 1944 5828">
     <span class='ocr_line' id='line_1_105' title="bbox 623 5757 1944 5828; baseline 0.008 -23"><span class='ocrx_word' id='word_1_780' title='bbox 623 5757 731 5807; x_wconf 65' lang='lat' dir='ltr'><strong>tius</strong></span> <span class='ocrx_word' id='word_1_781' title='bbox 752 5757 1083 5828; x_wconf 81' lang='lat' dir='ltr'><strong>negligenter,</strong></span> <span class='ocrx_word' id='word_1_782' title='bbox 1116 5768 1164 5812; x_wconf 80' lang='lat' dir='ltr'><strong>et</strong></span> <span class='ocrx_word' id='word_1_783' title='bbox 1192 5760 1358 5815; x_wconf 80' lang='lat' dir='ltr'><strong>minus</strong></span> <span class='ocrx_word' id='word_1_784' title='bbox 1380 5771 1525 5815; x_wconf 80' lang='lat' dir='ltr'><strong>caute</strong></span> <span class='ocrx_word' id='word_1_785' title='bbox 1552 5760 1616 5813; x_wconf 86' lang='lat' dir='ltr'><strong>ab</strong></span> <span class='ocrx_word' id='word_1_786' title='bbox 1645 5775 1701 5815; x_wconf 75' lang='lat' dir='ltr'><strong>eo</strong></span> <span class='ocrx_word' id='word_1_787' title='bbox 1731 5760 1944 5815; x_wconf 80' lang='lat' dir='ltr'><strong>dictum.</strong></span> 
     </span>
    </p>
   </div>
   <div class='ocr_carea' id='block_1_106' title="bbox 2322 4624 3905 4696">
    <p class='ocr_par' dir='ltr' id='par_1_106' title="bbox 2322 4624 3905 4696">
     <span class='ocr_line' id='line_1_106' title="bbox 2322 4624 3905 4696; baseline 0.007 -18"><span class='ocrx_word' id='word_1_788' title='bbox 2322 4624 2555 4681; x_wconf 89' lang='lat' dir='ltr'><strong>fensioni</strong></span> <span class='ocrx_word' id='word_1_789' title='bbox 2603 4627 2960 4696; x_wconf 79' lang='lat' dir='ltr'><strong>postponere?</strong></span> <span class='ocrx_word' id='word_1_790' title='bbox 3006 4628 3112 4683; x_wconf 90' lang='lat' dir='ltr'><strong>Cur</strong></span> <span class='ocrx_word' id='word_1_791' title='bbox 3159 4639 3337 4685; x_wconf 88' lang='lat' dir='ltr'><strong>autem</strong></span> <span class='ocrx_word' id='word_1_792' title='bbox 3384 4632 3521 4685; x_wconf 87' lang='lat' dir='ltr'><strong>hanc</strong></span> <span class='ocrx_word' id='word_1_793' title='bbox 3550 4631 3905 4689; x_wconf 75' lang='lat' dir='ltr'><strong>oll&#39;ensionem</strong></span> 
     </span>
    </p>
   </div>
   <div class='ocr_carea' id='block_1_107' title="bbox 2322 4704 3906 4789">
    <p class='ocr_par' dir='ltr' id='par_1_107' title="bbox 2322 4704 3906 4789">
     <span class='ocr_line' id='line_1_107' title="bbox 2322 4704 3906 4789; baseline 0.006 -17"><span class='ocrx_word' id='word_1_794' title='bbox 2322 4719 2631 4785; x_wconf 83' lang='lat' dir='ltr'><strong>incurrerit,</strong></span> <span class='ocrx_word' id='word_1_795' title='bbox 2656 4719 2945 4789; x_wconf 70' lang='lat' dir='ltr'><strong>praedictus</strong></span> <span class='ocrx_word' id='word_1_796' title='bbox 2965 4704 3181 4776; x_wconf 80' lang='lat' dir='ltr'><strong>sanctus</strong></span> <span class='ocrx_word' id='word_1_797' title='bbox 3210 4720 3445 4778; x_wconf 89' lang='lat' dir='ltr'><strong>Joannes</strong></span> <span class='ocrx_word' id='word_1_798' title='bbox 3473 4724 3659 4779; x_wconf 88' lang='lat' dir='ltr'><strong>docuit</strong></span> <span class='ocrx_word' id='word_1_799' title='bbox 3680 4726 3862 4781; x_wconf 82' lang='lat' dir='ltr'><strong>dicens</strong></span> <span class='ocrx_word' id='word_1_800' title='bbox 3892 4744 3906 4781; x_wconf 89' lang='lat'><strong>:</strong></span> 
     </span>
    </p>
   </div>
   <div class='ocr_carea' id='block_1_108' title="bbox 2321 4808 3908 4885">
    <p class='ocr_par' dir='ltr' id='par_1_108' title="bbox 2321 4808 3908 4885">
     <span class='ocr_line' id='line_1_108' title="bbox 2321 4808 3908 4885; baseline 0.006 -22"><span class='ocrx_word' id='word_1_801' title='bbox 2321 4808 2586 4874; x_wconf 87' lang='lat' dir='ltr'><strong>Quoniam</strong></span> <span class='ocrx_word' id='word_1_802' title='bbox 2617 4810 2753 4865; x_wconf 91' lang='lat' dir='ltr'><strong>dixit</strong></span> <span class='ocrx_word' id='word_1_803' title='bbox 2799 4811 3002 4881; x_wconf 87' lang='lat' dir='ltr'><strong>aliquid</strong></span> <span class='ocrx_word' id='word_1_804' title='bbox 3033 4813 3175 4882; x_wconf 87' lang='lat' dir='ltr'><strong>quod</strong></span> <span class='ocrx_word' id='word_1_805' title='bbox 3224 4824 3369 4869; x_wconf 90' lang='lat' dir='ltr'><strong>recte</strong></span> <span class='ocrx_word' id='word_1_806' title='bbox 3416 4814 3519 4868; x_wconf 89' lang='lat' dir='ltr'><strong>dici</strong></span> <span class='ocrx_word' id='word_1_807' title='bbox 3554 4831 3661 4870; x_wconf 91' lang='lat' dir='ltr'><strong>non</strong></span> <span class='ocrx_word' id='word_1_808' title='bbox 3694 4828 3908 4885; x_wconf 86' lang='lat' dir='ltr'><strong>putare-</strong></span> 
     </span>
    </p>
   </div>
   <div class='ocr_carea' id='block_1_109' title="bbox 2324 4902 3910 4976">
    <p class='ocr_par' dir='ltr' id='par_1_109' title="bbox 2324 4902 3910 4976">
     <span class='ocr_line' id='line_1_109' title="bbox 2324 4902 3910 4976; baseline 0.006 -19"><span class='ocrx_word' id='word_1_809' title='bbox 2324 4912 2431 4965; x_wconf 85' lang='lat' dir='ltr'><strong>tur,</strong></span> <span class='ocrx_word' id='word_1_810' title='bbox 2470 4902 2781 4959; x_wconf 84' lang='lat' dir='ltr'><strong>offensionis</strong></span> <span class='ocrx_word' id='word_1_811' title='bbox 2808 4918 3024 4960; x_wconf 88' lang='lat' dir='ltr'><strong>causam</strong></span> <span class='ocrx_word' id='word_1_812' title='bbox 3056 4907 3225 4976; x_wconf 85' lang='lat' dir='ltr'><strong>magis</strong></span> <span class='ocrx_word' id='word_1_813' title='bbox 3266 4908 3319 4961; x_wconf 93' lang='lat' dir='ltr'><strong>in</strong></span> <span class='ocrx_word' id='word_1_814' title='bbox 3358 4909 3759 4965; x_wconf 86' lang='lat' dir='ltr'><strong>existimatione</strong></span> <span class='ocrx_word' id='word_1_815' title='bbox 3783 4925 3910 4965; x_wconf 64' lang='lat' dir='ltr'><strong>cono</strong></span> 
     </span>
    </p>
   </div>
   <div class='ocr_carea' id='block_1_110' title="bbox 2320 4997 3912 5069">
    <p class='ocr_par' dir='ltr' id='par_1_110' title="bbox 2320 4997 3912 5069">
     <span class='ocr_line' id='line_1_110' title="bbox 2320 4997 3912 5069; baseline 0.003 -18"><span class='ocrx_word' id='word_1_816' title='bbox 2320 4998 2549 5053; x_wconf 90' lang='lat' dir='ltr'><strong>stituens</strong></span> <span class='ocrx_word' id='word_1_817' title='bbox 2584 5013 2597 5052; x_wconf 90' lang='lat'><strong>:</strong></span> <span class='ocrx_word' id='word_1_818' title='bbox 2625 4997 2765 5069; x_wconf 91' lang='lat' dir='ltr'><strong>quod</strong></span> <span class='ocrx_word' id='word_1_819' title='bbox 2789 4998 2905 5068; x_wconf 90' lang='lat' dir='ltr'><strong>ejus</strong></span> <span class='ocrx_word' id='word_1_820' title='bbox 2927 5009 2981 5054; x_wconf 92' lang='lat' dir='ltr'><strong>et</strong></span> <span class='ocrx_word' id='word_1_821' title='bbox 3009 5000 3029 5030; x_wconf 78' lang='lat'>&#39;</span> <span class='ocrx_word' id='word_1_822' title='bbox 3060 4999 3314 5054; x_wconf 90' lang='lat' dir='ltr'><strong>continuo</strong></span> <span class='ocrx_word' id='word_1_823' title='bbox 3337 5000 3618 5055; x_wconf 84' lang='lat' dir='ltr'><strong>subsecuta</strong></span> <span class='ocrx_word' id='word_1_824' title='bbox 3642 5004 3912 5056; x_wconf 87' lang='lat' dir='ltr'><strong>correctio</strong></span> 
     </span>
    </p>
   </div>
   <div class='ocr_carea' id='block_1_111' title="bbox 2318 5153 3909 5229">
    <p class='ocr_par' dir='ltr' id='par_1_111' title="bbox 2318 5153 3909 5229">
     <span class='ocr_line' id='line_1_111' title="bbox 2318 5153 3909 5229; baseline 0.003 -21"><span class='ocrx_word' id='word_1_825' title='bbox 2318 5176 2397 5229; x_wconf 66' lang='lat' dir='ltr'><strong>vett</strong></span> <span class='ocrx_word' id='word_1_826' title='bbox 2422 5156 2505 5209; x_wconf 76' lang='grc' dir='ltr'><strong>τὸν</strong></span> <span class='ocrx_word' id='word_1_827' title='bbox 2536 5157 2741 5229; x_wconf 44' lang='lat' dir='ltr'><strong>nemo»,</strong></span> <span class='ocrx_word' id='word_1_828' title='bbox 2771 5153 2955 5229; x_wconf 61' lang='grc' dir='ltr'><strong>ἔπειτα</strong></span> <span class='ocrx_word' id='word_1_829' title='bbox 3002 5158 3249 5229; x_wconf 67' lang='lat' dir='ltr'><strong>mimicis</strong></span> <span class='ocrx_word' id='word_1_830' title='bbox 3283 5164 3389 5219; x_wconf 76' lang='grc' dir='ltr'><strong>τοῖς</strong></span> <span class='ocrx_word' id='word_1_831' title='bbox 3411 5159 3688 5215; x_wconf 76' lang='grc' dir='ltr'><strong>ἀκούσασι.</strong></span> <span class='ocrx_word' id='word_1_832' title='bbox 3719 5160 3909 5216; x_wconf 82' lang='lat' dir='ltr'><strong>Antio-</strong></span> 
     </span>
    </p>
   </div>
   <div class='ocr_carea' id='block_1_112' title="bbox 2320 5227 3909 5297">
    <p class='ocr_par' dir='ltr' id='par_1_112' title="bbox 2320 5227 3909 5297">
     <span class='ocr_line' id='line_1_112' title="bbox 2320 5227 3909 5297; baseline 0.003 -18"><span class='ocrx_word' id='word_1_833' title='bbox 2320 5228 2519 5297; x_wconf 51' lang='lat' dir='ltr'><strong>chensi</strong></span> <span class='ocrx_word' id='word_1_834' title='bbox 2542 5227 2793 5280; x_wconf 68' lang='lat' dir='ltr'><strong>Ecclesiae</strong></span> <span class='ocrx_word' id='word_1_835' title='bbox 2818 5227 3113 5296; x_wconf 84' lang='lat' dir='ltr'><strong>presbyteri</strong></span> <span class='ocrx_word' id='word_1_836' title='bbox 3144 5238 3269 5282; x_wconf 89' lang='lat' dir='ltr'><strong>ante</strong></span> <span class='ocrx_word' id='word_1_837' title='bbox 3297 5242 3664 5297; x_wconf 84' lang='lat' dir='ltr'><strong>episcopatum</strong></span> <span class='ocrx_word' id='word_1_838' title='bbox 3693 5230 3909 5285; x_wconf 86' lang='lat' dir='ltr'><strong>fuerant</strong></span> 
     </span>
    </p>
   </div>
   <div class='ocr_carea' id='block_1_113' title="bbox 2321 5295 3906 5364">
    <p class='ocr_par' dir='ltr' id='par_1_113' title="bbox 2321 5295 3906 5364">
     <span class='ocr_line' id='line_1_113' title="bbox 2321 5295 3906 5364; baseline 0.004 -16"><span class='ocrx_word' id='word_1_839' title='bbox 2321 5303 2431 5349; x_wconf 89' lang='lat' dir='ltr'><strong>tum</strong></span> <span class='ocrx_word' id='word_1_840' title='bbox 2481 5295 2836 5364; x_wconf 82' lang='lat' dir='ltr'><strong>Theodorus,</strong></span> <span class='ocrx_word' id='word_1_841' title='bbox 2890 5295 2999 5351; x_wconf 85' lang='lat' dir='ltr'><strong>tum</strong></span> <span class='ocrx_word' id='word_1_842' title='bbox 3046 5295 3345 5353; x_wconf 71' lang='lat' dir='ltr'><strong>Nestorius.</strong></span> <span class='ocrx_word' id='word_1_843' title='bbox 3406 5295 3509 5353; x_wconf 81' lang='lat' dir='ltr'><strong>Sed</strong></span> <span class='ocrx_word' id='word_1_844' title='bbox 3560 5300 3906 5356; x_wconf 84' lang='lat' dir='ltr'><strong>Theodorum</strong></span> 
     </span>
    </p>
   </div>
   <div class='ocr_carea' id='block_1_114' title="bbox 2321 5364 3905 5437">
    <p class='ocr_par' dir='ltr' id='par_1_114' title="bbox 2321 5364 3905 5437">
     <span class='ocr_line' id='line_1_114' title="bbox 2321 5364 3905 5437; baseline 0.004 -16"><span class='ocrx_word' id='word_1_845' title='bbox 2321 5364 2753 5437; x_wconf 10' lang='lat' dir='ltr'><strong>Mupsueﬁstenum</strong></span> <span class='ocrx_word' id='word_1_846' title='bbox 2775 5369 2885 5434; x_wconf 89' lang='lat' dir='ltr'><strong>jam</strong></span> <span class='ocrx_word' id='word_1_847' title='bbox 2908 5371 3217 5437; x_wconf 88' lang='lat' dir='ltr'><strong>episcopum</strong></span> <span class='ocrx_word' id='word_1_848' title='bbox 3249 5369 3545 5425; x_wconf 70' lang='lat' dir='ltr'><strong>Antiochiae</strong></span> <span class='ocrx_word' id='word_1_849' title='bbox 3575 5374 3905 5426; x_wconf 73' lang='lat' dir='ltr'><strong>concinnan-</strong></span> 
     </span>
    </p>
   </div>
   <div class='ocr_carea' id='block_1_115' title="bbox 2321 5436 3907 5512">
    <p class='ocr_par' dir='ltr' id='par_1_115' title="bbox 2321 5436 3907 5512">
     <span class='ocr_line' id='line_1_115' title="bbox 2321 5436 3907 5512; baseline 0.004 -21"><span class='ocrx_word' id='word_1_850' title='bbox 2321 5447 2425 5512; x_wconf 82' lang='lat' dir='ltr'><strong>tcm</strong></span> <span class='ocrx_word' id='word_1_851' title='bbox 2449 5436 2701 5512; x_wconf 87' lang='lat' dir='ltr'><strong>audiebat</strong></span> <span class='ocrx_word' id='word_1_852' title='bbox 2722 5438 2823 5512; x_wconf 86' lang='lat' dir='ltr'><strong>hoc</strong></span> <span class='ocrx_word' id='word_1_853' title='bbox 2845 5436 3085 5511; x_wconf 86' lang='lat' dir='ltr'><strong>tempore</strong></span> <span class='ocrx_word' id='word_1_854' title='bbox 3105 5439 3381 5497; x_wconf 85' lang='lat' dir='ltr'><strong>Nestorius</strong></span> <span class='ocrx_word' id='word_1_855' title='bbox 3401 5443 3578 5512; x_wconf 77' lang='lat' dir='ltr'><strong>adhuc</strong></span> <span class='ocrx_word' id='word_1_856' title='bbox 3602 5444 3907 5512; x_wconf 82' lang='lat' dir='ltr'><strong>presbyter,</strong></span> 
     </span>
    </p>
   </div>
   <div class='ocr_carea' id='block_1_116' title="bbox 2321 5506 3906 5587">
    <p class='ocr_par' dir='ltr' id='par_1_116' title="bbox 2321 5506 3906 5587">
     <span class='ocr_line' id='line_1_116' title="bbox 2321 5506 3906 5587; baseline 0.006 -25"><span class='ocrx_word' id='word_1_857' title='bbox 2321 5507 2538 5579; x_wconf 84' lang='lat' dir='ltr'><strong>insignis</strong></span> <span class='ocrx_word' id='word_1_858' title='bbox 2560 5519 2615 5563; x_wconf 92' lang='lat' dir='ltr'><strong>et</strong></span> <span class='ocrx_word' id='word_1_859' title='bbox 2659 5510 2857 5576; x_wconf 83' lang='lat' dir='ltr'><strong>ipsein</strong></span> <span class='ocrx_word' id='word_1_860' title='bbox 2902 5506 3164 5587; x_wconf 61' lang='lat' dir='ltr'><strong>docendo,</strong></span> <span class='ocrx_word' id='word_1_861' title='bbox 3210 5522 3269 5566; x_wconf 91' lang='lat' dir='ltr'><strong>ut</strong></span> <span class='ocrx_word' id='word_1_862' title='bbox 3310 5506 3619 5571; x_wconf 74' lang='lat' dir='ltr'><strong>Gennadius</strong></span> <span class='ocrx_word' id='word_1_863' title='bbox 3666 5506 3787 5587; x_wconf 56' lang='lat' dir='ltr'><strong>Cap.</strong></span> <span class='ocrx_word' id='word_1_864' title='bbox 3830 5516 3906 5572; x_wconf 72' lang='lat'><strong>55</strong></span> 
     </span>
    </p>
   </div>
   <div class='ocr_carea' id='block_1_117' title="bbox 2323 5582 3393 5652">
    <p class='ocr_par' dir='ltr' id='par_1_117' title="bbox 2323 5582 3393 5652">
     <span class='ocr_line' id='line_1_117' title="bbox 2323 5582 3393 5652; baseline 0.008 -19"><span class='ocrx_word' id='word_1_865' title='bbox 2323 5590 2565 5649; x_wconf 78' lang='lat' dir='ltr'><strong>testatur,</strong></span> <span class='ocrx_word' id='word_1_866' title='bbox 2594 5588 2654 5636; x_wconf 91' lang='lat' dir='ltr'><strong>et</strong></span> <span class='ocrx_word' id='word_1_867' title='bbox 2682 5596 2748 5635; x_wconf 88' lang='lat' dir='ltr'><strong>ex</strong></span> <span class='ocrx_word' id='word_1_868' title='bbox 2774 5590 3014 5652; x_wconf 89' lang='lat' dir='ltr'><strong>tempore</strong></span> <span class='ocrx_word' id='word_1_869' title='bbox 3042 5582 3393 5643; x_wconf 86' lang='lat' dir='ltr'><strong>declamator.</strong></span> 
     </span>
    </p>
   </div>
   <div class='ocr_carea' id='block_1_118' title="bbox 2376 5674 3112 5765">
    <p class='ocr_par' dir='ltr' id='par_1_118' title="bbox 2376 5674 3112 5765">
     <span class='ocr_line' id='line_1_118' title="bbox 2376 5674 3112 5765; baseline 0.004 -17"><span class='ocrx_word' id='word_1_870' title='bbox 2376 5674 2411 5723; x_wconf 10' lang='lat'><strong>7&#39;</strong></span> <span class='ocrx_word' id='word_1_871' title='bbox 2452 5690 2585 5749; x_wconf 89' lang='lat' dir='ltr'><strong>Cod.</strong></span> <span class='ocrx_word' id='word_1_872' title='bbox 2614 5693 2837 5763; x_wconf 68' lang='grc' dir='ltr'><strong>νει-οη..</strong></span> <span class='ocrx_word' id='word_1_873' title='bbox 2861 5695 3030 5765; x_wconf 67' lang='lat' dir='ltr'><strong>facitis</strong></span> <span class='ocrx_word' id='word_1_874' title='bbox 3049 5706 3112 5751; x_wconf 74' lang='lat' dir='ltr'><strong>et.</strong></span> 
     </span>
    </p>
   </div>
  </div>
