4094 6534
349 388 458 453 275

1255 386 1389 442 PRO
1429 385 1859 442 DEFENSIONE
1890 383 2108 445 τιιιωι
2145 384 2460 441 οΑΡιτυιι.
2503 386 2632 442 LIB.
2677 387 2737 446 Χ.

3530 394 3635 450 ῚἹᾹ

347 499 759 556 demonstravit.
792 500 870 554 Ex
903 501 1015 569 ipsa
1050 513 1178 554 vero
1206 502 1554 556 correctione
1577 542 1593 569 ,
1621 515 1724 569 qua
1759 500 1951 554 melius
1977 506 2026 564 Α
2058 496 2379 554 Christianae
2424 496 2738 552 humilitatis
2775 497 2998 554 formam
3029 507 3084 554 et
3125 515 3332 572 magna:
3361 506 3632 571 specimen

353 591 702 658 semetipsum
731 592 1112 661 interpretatus
1134 602 1238 657 cst,
1256 592 1367 647 sive
1394 592 1636 646 Ecclesia
1657 605 1774 660 quae
1799 591 1948 644 illum

355 684 724 751 disputantem
753 682 1026 748 audiebat,
1059 684 1174 737 sive
1227 695 1409 752 postea
1438 692 1624 737 sancta
1657 681 1952 736 Chalcedo-

352 775 535 829 nensis
589 772 828 844 synodus
861 817 875 837 ,
935 789 1042 828 non
1110 773 1200 828 illa
1257 775 1428 829 solum
1477 773 1615 827 dicta
1669 788 1786 841 qua:
1828 784 1951 828 tunc

348 861 633 916 audientes
682 861 1060 928 offenderant,
1113 863 1206 918 sed
1261 880 1380 934 qua:
1437 863 1634 918 similia
1704 863 1947 933 ejusdem

354 955 630 1009 Theodori
664 955 846 1010 debuit
873 957 1161 1010 aestimare.
1193 955 1344 1024 Quod
1377 958 1420 1012 si
1452 961 1611 1015 etiam
1648 970 1836 1014 contra
1870 970 1951 1015 te-

359 1044 672 1100 stimonium
703 1046 874 1097 sancti
899 1044 1142 1107 Joannis,
1173 1062 1276 1099 non
1307 1063 1402 1116 per
1431 1049 1750 1105 incautelam
1774 1059 1827 1105 et
1855 1065 1950 1108 ne-

357 1140 665 1209 gligentiam
717 1139 904 1203 verbi,
936 1140 1032 1194 scd
1067 1156 1158 1207 per
1187 1139 1556 1211 intelligentia:
1590 1144 1904 1214 pravitatem
1930 1180 1948 1209 ,

359 1232 570 1285 dicatur
593 1231 873 1285 audientes
899 1229 1186 1286 offendisse
1214 1233 1561 1299 Theodorus;
1596 1248 1696 1290 nec
1723 1236 1794 1289 ita
1825 1250 1951 1305 pos-

356 1333 436 1374 set
463 1331 761 1384 correctus,
807 1321 889 1374 vel
947 1323 1015 1375 ab
1067 1323 1210 1376 illius
1257 1325 1429 1378 aetatis
1482 1325 1746 1393 Ecclesia,
1779 1328 1864 1381 vel
1917 1343 1946 1380 a

351 1429 544 1470 sancta
581 1418 790 1486 synodo
819 1417 1105 1472 hatreticus
1131 1418 1378 1487 judicari.
1411 1421 1645 1476 Jacobus
1669 1421 1948 1490 apostolus

355 1510 525 1564 dicit:
555 1510 731 1562 Nolite
762 1510 934 1580 plures
964 1511 1196 1581 magistri
1235 1511 1348 1580 ﬁeri
1368 1553 1384 1581 ,
1418 1513 1604 1581 fratres
1630 1515 1748 1579 mei,
1779 1515 1946 1568 scien-

357 1613 431 1658 tes
459 1605 702 1673 quoniam
727 1605 894 1673 majus
911 1605 1167 1671 judicium
1197 1617 1404 1659 sumunt
1430 1607 1471 1660 ¹.
1501 1603 1567 1659 In
1602 1607 1776 1661 multis
1812 1610 1949 1661 enim

362 1693 664 1761 cﬂ’endimus
692 1709 864 1746 omnes
897 1693 1038 1762 (Jac.
1073 1710 1161 1762 ttr,
1196 1693 1273 1763 1).
1303 1693 1437 1748 Cum
1479 1710 1609 1765 ergo
1635 1711 1823 1751 omnes
1865 1697 1948 1751 nf-

366 1786 644 1841 fendamus
681 1788 730 1840 in
763 1786 966 1851 multis,
995 1801 1090 1841 cur
1123 1803 1228 1841 non
1257 1802 1444 1842 omnes
1467 1801 1652 1842 sumus
1683 1789 1945 1854 haeretici,

2057 589 2269 656 pietatis
2298 588 2566 643 ostendit?
2597 589 2732 643 Eant
2778 605 2922 646 nunc
2959 591 3310 661 Eutychiani,
3346 605 3399 648 et
3429 595 3632 649 calum-

2055 678 2159 734 niis
2188 681 2319 743 suis,
2369 682 2412 734 si
2453 681 2582 749 quid
2619 680 2794 735 adhuc
2827 690 3072 750 possunt,
3116 682 3400 752 adjiciunt,
3434 685 3636 756 ﬁngant

2052 771 2122 826 de
2166 771 2448 826 Theodoro
2496 786 2828 840 quaecunque
2875 773 3120 838 libuerit;
3176 785 3430 830 accusent
3475 777 3637 833 etiarn

2052 863 2496 918 Chalcedonense
2534 863 2821 918 concilium
2860 864 2928 918 de
2960 866 3265 919 cohibentia
3293 877 3348 922 et
3373 882 3636 923 consensu

2053 954 2346 1008 malorum.
2383 953 2757 1034 Expavescent
2782 954 2848 1007 ad
2875 956 2972 1008 ista
3007 956 3193 1024 procul
3220 956 3383 1011 dubio
3413 958 3559 1013 leves
3584 969 3640 1014 et

2053 1047 2235 1102 faciles
2261 1045 2457 1112 corde;
2500 1055 2753 1102 caeterum
2797 1048 3088 1115 prudentes
3118 1059 3170 1102 et
3215 1064 3406 1117 graves
3437 1051 3638 1106 intelli-

2051 1150 2200 1211 gent,
2229 1139 2376 1210 quod
2422 1137 2558 1195 nihil
2587 1154 2654 1194 ex
2702 1139 2804 1193 hoc
2834 1140 3105 1208 applicent
3134 1140 3438 1206 Theodoro,
3486 1145 3642 1211 cujus

2054 1234 2350 1303 purgationi
2379 1232 2582 1288 sufficit
2603 1231 2747 1301 quod
2774 1242 2992 1300 paratus
3015 1247 3229 1300 semper
3257 1233 3352 1287 fuit
3384 1234 3449 1287 ad
3476 1239 3642 1290 corri-

2052 1325 2309 1395 gendum.
2338 1323 2610 1394 Quidquid
2645 1323 2808 1393 igitur
2837 1334 3025 1377 contra
3055 1324 3396 1378 Theodorum
3423 1327 3640 1392 dicant,

2055 1419 2310 1471 noverint
2331 1422 2587 1486 quoniam
2611 1419 2657 1471 si
2686 1417 2995 1486 recipiatur,
3025 1435 3129 1473 non
3159 1421 3326 1489 magis
3354 1421 3454 1490 ipsi
3483 1432 3644 1491 atque

2052 1506 2480 1564 Cltalcedonensi
2508 1509 2740 1564 concilio
2764 1549 2779 1572 ,
2821 1525 2981 1578 quam
3023 1511 3172 1564 omni
3217 1513 3515 1568 ascribctur
3543 1516 3640 1568 Ee-

2052 1601 2253 1667 clesiae,
2297 1616 2417 1670 quae
2459 1613 2802 1656 mansuetum
2831 1612 2883 1654 et
2931 1602 3158 1656 docilem
3201 1603 3371 1658 virum
3411 1603 3642 1672 neglexit

2051 1708 2293 1763 arguere.
2331 1692 2526 1748 Verum
2577 1702 2739 1762 opto,
2766 1695 3188 1749 clementissime
3236 1695 3551 1764 imperator,
3588 1707 3644 1750 ut

2053 1786 2412 1840 humilitatem
2440 1787 2813 1854 rationemque
2838 1785 3104 1840 Theodori
3135 1787 3210 1840 illi
3241 1789 3331 1854 qui
3359 1803 3483 1842 eum
3515 1790 3632 1842 eul-

362 1878 461 1932 nisi
494 1879 614 1947 quia
646 1893 751 1932 non
781 1876 1028 1942 offensio,
1060 1877 1154 1932 sed
1199 1879 1440 1947 pertinax
1488 1879 1803 1935 offensionis
1848 1880 1944 1935 de-
1979 1881 2024 1940 Β
2056 1888 2180 1944 pant
2207 1878 2404 1930 imitari
2447 1877 2784 1946 aliquatenus
2817 1879 3020 1932 velint:
3049 1888 3104 1932 et
3130 1880 3270 1934 sicut
3293 1881 3388 1935 ille
3426 1890 3641 1948 gratan-

362 1970 553 2035 fensio,
601 1971 727 2025 facit
773 1970 1122 2025 litereticum?
1154 1970 1415 2026 Similiter
1465 1982 1640 2027 autent
1685 1973 1949 2028 confiteor

361 2060 592 2130 amplius
623 2076 731 2125 me,
763 2069 817 2116 et
841 2061 1067 2116 multum
1095 2063 1324 2132 amplius
1363 2064 1414 2117 in
1448 2063 1551 2118 hoc
1577 2065 1750 2118 sancti
1789 2064 1952 2119 Joan-

363 2155 444 2209 nis
493 2153 816 2210 Antiocheni
867 2154 1217 2220 testimonio,
1266 2169 1425 2223 quam
1475 2155 1526 2208 in
1575 2155 1826 2220 caeteris,
1867 2155 1950 2209 vel

367 2247 560 2316 ipsius,
591 2245 678 2302 vel
709 2246 940 2300 aliorum
972 2246 1189 2300 Patrum
1221 2246 1565 2311 testimoniis,
1594 2247 1846 2301 delectari
1874 2258 1954 2300 at-

364 2351 466 2405 que
496 2336 861 2406 congratulari
891 2336 1196 2394 Theodoro.
1222 2337 1355 2391 Nam
1383 2337 1437 2391 in
1480 2336 1586 2391 illis
1611 2338 1722 2407 jam
1750 2338 1950 2394 dudum

363 2430 672 2484 memoratis
698 2471 714 2496 ,
744 2431 938 2500 quibus
979 2431 1279 2486 ostenditur
1308 2441 1506 2500 quanta
1547 2433 1808 2488 doctrina:
1835 2432 1953 2502 ejus

362 2519 524 2576 fuerit
565 2521 846 2586 celsitudo,
874 2521 1084 2591 gaudeo
1123 2523 1366 2588 quidem,
1396 2524 1491 2582 sed
1537 2524 1658 2578 novi
1705 2526 1806 2579 hoc
1834 2540 1954 2581 esse

363 2610 434 2666 illi
463 2627 748 2666 commune
775 2627 896 2666 eum
938 2613 1137 2670 multh.
1165 2612 1224 2667 In
1255 2613 1355 2668 hoc
1381 2622 1559 2670 autem
1599 2630 1704 2684 quo
1729 2615 1950 2670 manife-

363 2712 444 2756 sta
492 2702 674 2758 cordis
717 2703 834 2772 ejus
890 2703 1159 2758 humilitas
1224 2705 1525 2772 intimatur,
1579 2715 1634 2761 et
1681 2706 1956 2776 arquisitas

363 2796 546 2863 gloria:
575 2809 675 2863 pro
722 2793 960 2849 fraterna
1005 2795 1302 2851 offensione
1348 2805 1722 2865 contemptus,
1754 2811 1955 2864 paucos

364 2885 652 2938 admodum
680 2887 858 2940 socios
899 2886 948 2940 ei
997 2886 1228 2954 reperio.
1265 2886 1461 2942 Multos
1485 2887 1628 2941 enim
1673 2888 1954 2944 didicimus

365 2977 660 3032 eminuisse
699 2977 946 3045 scientia,
998 2984 1058 3032 et
1103 2977 1390 3031 maximam
1441 2991 1538 3046 pro
1587 2978 1687 3032 hac
1732 2980 1954 3048 gloriam

367 3075 718 3130 consecutus;
749 3076 805 3120 at
838 3066 924 3120 ubi
956 3067 1260 3121 humanitus
1285 3066 1420 3134 lapsi
1453 3078 1598 3132 sunt,
1623 3067 1866 3122 homines
1896 3082 1954 3123 se

366 3173 690 3228 cognoscere
739 3159 1048 3225 noluerunt,
1097 3168 1153 3213 et
1198 3158 1514 3227 simpliciter
1541 3159 1801 3214 admoniti
1826 3175 1954 3214 con-

2056 1979 2138 2023 ter
2177 1969 2581 2038 castigationem
2629 1968 2968 2038 suscipiens,
3012 1971 3156 2038 quod
3209 1972 3544 2040 negligenter
3590 1985 3646 2026 et

2057 2060 2237 2114 minus
2266 2069 2423 2114 caute
2453 2060 2660 2114 dixerat
2681 2060 2956 2129 corrigere
2990 2061 3334 2129 properavit;
3361 2062 3433 2116 ita
3459 2071 3513 2116 et
3557 2063 3644 2117 isn

2059 2168 2155 2206 nos
2185 2153 2268 2207 vel
2293 2153 2558 2219 patienter
2585 2154 2779 2219 ferant,
2810 2162 2866 2208 et
2893 2154 3038 2222 quod
3063 2153 3351 2210 crudeliter
3371 2168 3423 2210 et
3445 2156 3560 2210 disc
3583 2173 3649 2209 ιι·-

2057 2242 2209 2297 diose
2240 2245 2506 2311 fecerunt,
2539 2243 2830 2298 emendare
2857 2245 3074 2303 tandem
3114 2245 3401 2314 aliquando
3428 2248 3651 2316 dignen-

2057 2339 2166 2387 tur.
2197 2332 2466 2388 Caeterum
2493 2333 2807 2388 Theodorus
2837 2334 2971 2388 adeo
3000 2350 3110 2388 non
3153 2337 3250 2389 ftiit
3279 2351 3306 2388 a
3340 2347 3531 2392 saneta
3559 2353 3649 2408 sy-

2058 2425 2220 2491 nodo,
2244 2424 2695 2494 quemadmodum
2723 2431 2931 2492 putant,
2959 2425 3106 2480 velut
3135 2427 3388 2494 magister
3413 2429 3647 2483 Nestorii

2057 2514 2531 2579 condemnandus,
2557 2525 2616 2568 ut
2650 2514 2770 2584 ejus
2818 2527 3132 2584 argueretur
3171 2517 3420 2587 exemplo
3461 2519 3651 2574 Nesto-

2059 2603 2188 2664 rius,
2235 2616 2289 2658 et
2331 2604 2534 2658 idcirco
2579 2604 2952 2674 damnaretur,
2982 2606 3127 2674 quod
3167 2621 3288 2660 eum
3333 2623 3439 2662 non
3490 2609 3650 2664 fuerit

2056 2694 2314 2748 imitatus.
2347 2694 2482 2761 Quid
2525 2705 2704 2752 autem
2742 2712 2842 2752 nos
2873 2697 2998 2752 hinc
3029 2697 3212 2752 volunt
3242 2700 3513 2755 aestimare
3543 2717 3652 2758 non

2057 2786 2229 2840 solun
2283 2787 2599 2855 Eutychiani
2627 2827 2642 2851 ,
2673 2788 2762 2856 qui
2814 2787 2883 2841 de
2930 2786 3218 2842 Theodoro
3250 2789 3644 2845 ealutnniantur
3680 2855 3682 2857 ,

2057 2875 2497 2931 Chalcedonense
2540 2879 2860 2942 concilium,
2889 2893 3076 2932 Verum
3119 2881 3279 2934 etiam
3327 2881 3647 2951 Nestoriani,

2059 2966 2148 3036 qui
2190 2965 2431 3036 ejusdem
2477 2966 2743 3020 Theodori
2788 2967 2944 3022 dictis
2992 2969 3137 3022 abuti
3184 2969 3472 3027 dicuntur?
3499 2974 3650 3040 Quod

2060 3057 2226 3127 ipsius
2265 3059 2510 3128 exemplo
2549 3059 2824 3114 Nestorius
2865 3060 3193 3130 increpatus,
3223 3077 3328 3116 non
3360 3067 3538 3119 statim
3583 3084 3651 3122 ex

2058 3146 2175 3217 ejus
2207 3147 2385 3211 dictis,
2411 3149 2564 3217 quasi
2604 3148 2790 3203 eadem
2833 3151 3134 3217 sentientis,
3165 3151 3451 3209 defendere
3493 3159 3658 3216 male-

367 3258 696 3320 [empserunl
726 3249 947 3304 credere
972 3250 1218 3314 veritati;
1250 3257 1411 3318 atque
1443 3250 1513 3304 ita
1547 3251 1653 3306 illis
1686 3250 1800 3320 ipsa
1828 3251 1949 3319 διο-
1983 3253 2028 3315 C
2058 3238 2196 3292 (“Clit
2227 3253 2319 3292 sua
2355 3241 2598 3307 tentavit,
2621 3250 2674 3296 CI.
2702 3242 3032 3309 respondere
3059 3256 3246 3300 saneto
3270 3247 3459 3304 .loanni
3488 3266 3552 3306 ac
3579 3252 3663 3306 (lli-

369 3341 446 3394 ria
493 3341 732 3396 scientia:
779 3341 1008 3394 multum
1059 3339 1230 3395 obfuit
1275 3341 1342 3394 ad
1392 3341 1665 3408 salutem,
1698 3343 1951 3412 quoniam

369 3431 591 3486 scientia
617 3429 788 3498 inﬂat,
812 3431 1046 3486 charitas
1066 3440 1242 3486 autem
1266 3431 1494 3486 aedificat
1515 3431 1571 3497 (Ι
1595 3431 1713 3487 Cor.
1741 3449 1856 3501 vni,
1875 3434 1954 3504 1).

370 3521 546 3578 Minus
577 3525 754 3591 itaque
782 3523 911 3577 mihi
939 3525 1184 3592 cognitus
1212 3534 1354 3578 esset
1399 3523 1743 3590 Theodorus,
1771 3541 1960 3596 quam-

371 3615 452 3669 vis
483 3624 750 3669 tantorum
773 3613 988 3668 Patrum
1020 3614 1266 3668 laudibus
1289 3614 1627 3683 praedicatus,
1656 3617 1755 3670 nisi
1785 3617 1960 3686 qualis

372 3716 511 3762 esset
535 3707 696 3760 etiam
719 3721 839 3761 cum
867 3706 1372 3776 reprehenderetur,
1407 3706 1610 3762 Joanne
1639 3708 1960 3765 testificante

373 3811 772 3866 cognoscerem.
838 3796 1037 3851 Verum
1085 3812 1184 3852 nec
1230 3798 1477 3853 omnibus
1530 3812 1613 3853 est
1658 3799 1957 3867 intitabile,

375 3888 514 3942 unde
543 3897 596 3942 et
628 3904 813 3958 parum
847 3890 978 3943 utile
1016 3889 1154 3944 foret
1181 3890 1417 3945 scientia:
1463 3890 1584 3961 ejus
1609 3895 1958 3962 exemplum;

375 3994 404 4033 c
444 3981 768 4034 rrectionem
800 3995 926 4035 vero
953 3989 1228 4051 gratanter
1257 3982 1523 4052 accipere,
1553 3993 1606 4037 et
1627 3984 1734 4040 cito
1763 3999 1826 4038 ac
1854 3985 1968 4054 pla-

376 4069 495 4125 cide
522 4071 663 4139 quod
695 4070 977 4126 offenderit
1008 4072 1298 4127 emendare
1323 4081 1378 4127 et
1401 4073 1662 4129 imitabile
1689 4075 1962 4143 omnibus,

378 4175 429 4217 et
458 4164 625 4218 multo
657 4163 840 4220 utilius
879 4163 1168 4220 invenitur.
1202 4164 1433 4220 Proinde
1479 4167 1534 4221 in
1565 4166 1849 4224 Theodoro
1879 4169 1960 4223 di-

382 4269 535 4310 scere
567 4255 822 4309 obstinati
849 4254 1161 4325 dignentur,
1192 4255 1353 4309 etiam
1383 4255 1450 4310 de
1477 4256 1619 4311 facili
1653 4257 1806 4325 lapsu
1847 4272 1965 4312 sero

382 4350 554 4402 monis
581 4347 860 4414 admoniti,
887 4346 1240 4417 apostolicam
1269 4346 1584 4403 modestiam
1611 4350 1968 4422 pietatemque

386 4451 625 4493 servare.
655 4436 786 4491 Nam
818 4442 895 4490 sic
926 4436 1217 4506 aliquando
1245 4437 1433 4492 Petrus
1457 4438 1824 4506 apostolorum
1853 4440 1966 4509 pri-

390 4544 529 4595 mus,
565 4529 703 4583 sicut
743 4528 850 4595 jam
879 4527 1136 4591 diximus,
1169 4543 1292 4583 cum
1331 4542 1437 4582 non
1484 4538 1632 4584 recte
1672 4531 1971 4586 ambularet

2060 3342 2183 3384 cere
2231 3349 2244 3384 :
2288 3331 2620 3397 Theodorus,
2651 3331 2803 3402 cujus
2848 3336 3096 3405 exen'tplo
3139 3352 3224 3391 me
3269 3340 3468 3408 arguis,
3497 3358 3660 3411 quem

2060 3417 2272 3475 beatum
2302 3431 2357 3478 et
2385 3421 2734 3478 fortissimum
2767 3425 2930 3493 dicis,
2961 3428 3152 3482 eadem
3193 3443 3409 3499 semper
3437 3433 3552 3487 sine
3579 3435 3663 3488 ul-

2061 3511 2165 3566 lius
2199 3512 2498 3569 offensione
2527 3513 2733 3568 doeuit.
2760 3515 2912 3583 Quod
2941 3518 3155 3586 quidem
3185 3519 3232 3574 si
3259 3521 3541 3578 Nestorius
3576 3539 3665 3580 re-

2062 3603 2370 3672 sponderet,
2388 3605 2458 3658 ita
2483 3605 2770 3660 Theodoro
2800 3606 3149 3675 praeiudicare
3175 3626 3280 3670 non
3311 3615 3662 3681 posset,sieut

2064 3708 2164 3747 nec
2191 3695 2462 3762 prophetis
2488 3704 2542 3749 et
2563 3697 2818 3764 apostolis
2846 3708 3003 3766 atque
3030 3701 3392 3769 evangelistis,
3411 3709 3664 3775 quoniam

2065 3785 2144 3839 eis
2171 3786 2252 3839 vel
2284 3785 2399 3853 ipse
2433 3787 2630 3842 abusus
2673 3797 2774 3852 est,
2804 3789 2888 3842 vel
2918 3789 3034 3857 ejus
3077 3807 3219 3846 nunc
3247 3805 3542 3852 sectatores
3569 3799 3662 3852 ab-

2067 3885 2308 3941 utuntur,
2330 3888 2488 3946 atque
2513 3878 2601 3931 alii
2630 3893 2816 3934 omnes
2849 3880 3108 3934 haeretici.
3132 3881 3508 3941 Verumtamen
3538 3903 3663 3943 cum

2069 3969 2160 4024 ille
2191 3970 2374 4036 homo,
2399 3969 2466 4024 ad
2499 3971 2928 4038 respondendum
2960 3973 3098 4029 male
3123 3985 3357 4043 paratus,
3382 3987 3436 4032 et
3460 3981 3511 4034 in
3544 3996 3662 4048 per-

2069 4061 2261 4116 niciem
2293 4077 2444 4116 suam
2475 4061 2804 4118 sufficienter
2846 4063 3156 4134 instructus,
3186 4067 3321 4121 nihil
3367 4069 3422 4122 in
3466 4074 3666 4127 erroris

2069 4154 2150 4207 sui
2181 4153 2550 4208 defensionem
2577 4170 2642 4209 ex
2674 4154 2828 4209 dictis
2857 4155 3143 4223 Theodori,
3170 4159 3318 4225 cujus
3345 4160 3666 4218 admoneba-

2073 4251 2166 4298 tur
2192 4244 2464 4313 exemplo,
2499 4246 2719 4301 tentavit
2746 4261 3057 4313 assumere;
3098 4251 3230 4303 satis
3270 4251 3525 4316 ostendit,
3550 4252 3668 4323 ejus

2072 4349 2220 4391 sanae
2246 4333 2507 4390 doctrinae
2537 4351 2642 4390 non
2673 4351 2954 4403 sequacem
2973 4376 2988 4399 .
3017 4339 3114 4392 sed
3144 4339 3358 4395 obvium
3389 4356 3448 4397 se
3479 4342 3664 4399 fuisse.

2698 4449 2922 4505 CAPUT
2962 4451 3050 4505 lll.

2079 4565 2234 4642 Quod
2253 4567 2466 4642 tametsi
2486 4562 2780 4642 Theodorus
2826 4563 2879 4616 in
2921 4565 3228 4642 quibusdam
3273 4582 3516 4642 errasset,
3558 4573 3670 4627 Iau-

384 4619 451 4671 ad
477 4620 751 4673 veritatem
781 4617 1086 4688 Evangelii,
1112 4619 1473 4688 reprehensus
1493 4634 1521 4674 a
1551 4619 1717 4675 Paulo
1745 4623 1968 4678 minimo
2001 4632 2052 4694 ι)
2086 4617 2123 4632 ’“’
2149 4617 2264 4688 dari
2305 4635 2366 4688 ab
2415 4632 2512 4689 Iba
2537 4636 2758 4704 potuerit
2783 4617 2990 4705 prapter
3026 4617 3516 4708 alia“
3546 4617 3672 4699 igri-

385 4711 750 4780 apostolorum
783 4710 927 4782 (Gal.
958 4726 1020 4780 tt,
1047 4711 1164 4782 14),
1194 4727 1300 4768 non
1330 4712 1547 4782 indigne
1578 4712 1714 4776 tulit,
1745 4729 1844 4769 nec
1875 4730 1972 4785 pro

385 4803 469 4858 sui
513 4803 773 4873 primatus
803 4804 969 4873 gloria
1010 4805 1352 4860 resistentem
1379 4803 1484 4860 sibi
1529 4804 1974 4876 despexitrquo-

389 4895 533 4948 niam
583 4893 821 4950 charitas
868 4911 987 4966 quae
1037 4895 1260 4950 Paulum
1291 4897 1358 4951 ad
1403 4896 1729 4966 arguendam
1779 4896 1974 4968 prioris

387 4987 600 5056 culpam
633 4988 863 5044 fidenter
909 4997 1176 5055 erexerat,
1206 4989 1394 5044 eadem
1439 4990 1652 5045 Petrum
1696 4990 1763 5046 ad
1807 4992 1976 5047 susci-

391 5080 641 5134 Diendam
689 5080 894 5134 minimi
943 5080 1336 5135 correctionem
1367 5080 1613 5136 dociliter
1660 5083 1971 5140 inclinabat.

391 5172 543 5226 Hunc
571 5173 749 5242 itaque
783 5173 975 5238 virum,
1008 5187 1116 5227 non
1150 5173 1201 5227 in
1234 5175 1347 5228 sola
1378 5175 1624 5244 scientia,
1656 5177 1752 5230 sed
1780 5177 1833 5231 in
1882 5177 1980 5232 bu-

393 5267 617 5323 militate
663 5283 873 5338 quoque
912 5268 1092 5323 cordis
1121 5283 1183 5323 ac
1227 5268 1502 5323 modestia
1533 5270 1936 5338 comprobatum
1965 5313 1979 5338 ,

397 5362 671 5431 quomodo
695 5363 956 5431 temporis
984 5362 1121 5416 illius
1155 5362 1414 5428 Ecclesia,
1446 5363 1714 5433 quomodo
1744 5365 1981 5435 synodus

391 5451 844 5506 Chalcedonensis
881 5453 1103 5522 rejicere
1133 5462 1338 5524 posset,
1370 5469 1490 5508 cum
1524 5471 1588 5510 ex
1620 5456 1845 5522 epistola
1873 5456 1978 5512 lbze

395 5541 613 5595 recitari
666 5541 851 5598 laudes
881 5545 996 5612 ejus
1027 5545 1354 5610 adverteret,
1385 5545 1540 5614 cujus
1578 5548 1742 5601 etiam
1793 5562 1976 5616 repre-

394 5631 586 5688 hensio
617 5635 828 5691 virtutis
853 5638 1160 5707 exemplum
1186 5646 1291 5706 est,
1319 5647 1375 5694 et
1409 5640 1500 5708 qui
1523 5639 1706 5709 lapsus
1727 5639 1782 5694 in
1812 5640 1976 5698 verbo

473 5788 492 5821 ⁸
523 5785 653 5842 ϐοά.
686 5788 908 5855 Veron.,
934 5793 1151 5846 sumitis.

472 5858 494 5891 ⁸
533 5858 677 5915 idem
706 5861 863 5930 cod.,
895 5863 1214 5920 abundarent
1240 5861 1491 5935 profecto,
1545 5865 1698 5920 etiam
1746 5866 1790 5922 si
1814 5863 1981 5923 Theo-

2149 4707 2274 4778 psit.

2154 4818 2280 4874 llaec
2309 4819 2473 4885 igitur
2497 4817 2797 4873 defensioni
2827 4834 3034 4889 magna;
3057 4821 3250 4891 synodi
3272 4822 3680 4884 Chalcedone»-

2081 4910 2156 4966 sis
2181 4908 2580 4964 abundarent’.
2607 4907 2761 4962 Nunc
2788 4917 2963 4964 autent
2997 4927 3102 4964 non
3131 4912 3244 4978 ipsa
3266 4927 3386 4966 eum
3418 4914 3677 4986 laudavit,

2082 4999 2176 5054 sed
2201 4999 2466 5054 laudantis
2489 4998 2798 5066 epistolam,
2822 5013 2918 5066 pro
2941 4999 3042 5053 fide
3063 5009 3211 5054 recta
3231 5017 3390 5070 quam
3412 5008 3675 5072 ccutinet,

2083 5090 2455 5159 pronuntiavit
2497 5087 2849 5143 orthodoxam
2882 5104 2898 5142 :
2931 5088 3068 5158 qnod
3098 5089 3364 5145 diversum
3395 5108 3514 5149 esse
3556 5099 3679 5164 quis

2087 5186 2342 5252 prudens,
2373 5182 2418 5237 si
2445 5196 2662 5236 causam
2692 5180 2980 5249 diligenter
3009 5181 3270 5244 attendat,
3298 5184 3545 5251 ignoret?
3575 5185 3678 5240 Po-

2087 5275 2189 5330 tuit
2214 5273 2357 5327 enim
2405 5272 2518 5326 fieri
2573 5282 2627 5325 ut
2674 5274 2836 5326 etiam
2883 5271 2927 5325 si
2959 5272 3200 5339 quaedam
3239 5273 3506 5329 Theodori
3537 5278 3683 5331 dicta

2087 5363 2370 5433 culpabilia
2400 5362 2732 5431 viderentur,
2781 5371 2834 5415 et
2861 5377 2924 5417 ea
2959 5362 3192 5432 synodus
3231 5378 3332 5417 nec
3374 5364 3676 5432 ignoraret,

2089 5470 2186 5511 nec
2217 5453 2554 5523 interpretari
2598 5453 2786 5507 melius
2830 5462 3045 5523 posset,
3085 5464 3453 5509 verumtamen
3481 5455 3500 5485 ³
3530 5455 3678 5511 ibant

2091 5549 2258 5603 latere
2289 5547 2526 5616 potuisse
2555 5545 2829 5608 crederet,
2870 5548 3007 5601 sicut
3037 5548 3198 5601 etiam
3249 5557 3464 5603 sanctos
3495 5551 3676 5608 Patres

2089 5637 2349 5693 Joannem
2391 5633 3040 5703 Constantinopolitanum
3097 5645 3152 5691 et
3198 5636 3513 5708 Gregorium
3571 5641 3678 5695 Na.

2094 5793 2276 5849 dorum
2295 5790 2409 5858 ipsa
2439 5786 2694 5843 laudaret.
2725 5787 2880 5841 Nunc
2903 5797 3091 5844 autem.

2164 5863 2186 5895 ³
2226 5863 2371 5920 ldetu
2395 5861 2544 5931 cod.,
2567 5862 3020 5916 reverentissimum
3050 5871 3219 5918 tamen
3248 5861 3416 5920 Iliam.
