  <div class='ocr_page' id='page_1' title='image "/cluster/home/n/w/nwhite01/storage/ocr_20150623/67/umn.31951002477360y/401.png"; bbox 0 0 4094 6466; ppageno 0'>
   <div class='ocr_carea' id='block_1_1' title="bbox 500 281 607 341">
    <p class='ocr_par' dir='ltr' id='par_1_1' title="bbox 500 281 607 341">
     <span class='ocr_line' id='line_1_1' title="bbox 500 281 607 341; baseline -0.037 0"><span class='ocrx_word' id='word_1_1' title='bbox 500 281 607 341; x_wconf 76' lang='lat'><strong>775</strong></span> 
     </span>
    </p>
   </div>
   <div class='ocr_carea' id='block_1_2' title="bbox 1574 282 2678 350">
    <p class='ocr_par' dir='ltr' id='par_1_2' title="bbox 1574 282 2678 350">
     <span class='ocr_line' id='line_1_2' title="bbox 1574 282 2678 350; baseline 0.003 -5"><span class='ocrx_word' id='word_1_2' title='bbox 1574 283 1873 345; x_wconf 68' lang='lat' dir='ltr'><strong>FACUNDI</strong></span> <span class='ocrx_word' id='word_1_3' title='bbox 1912 282 2126 343; x_wconf 82' lang='lat' dir='ltr'><strong>EPISC.</strong></span> <span class='ocrx_word' id='word_1_4' title='bbox 2172 287 2678 350; x_wconf 70' lang='lat' dir='ltr'><strong>HERMIANENSIS</strong></span> 
     </span>
    </p>
   </div>
   <div class='ocr_carea' id='block_1_3' title="bbox 3698 296 3815 353">
    <p class='ocr_par' dir='ltr' id='par_1_3' title="bbox 3698 296 3815 353">
     <span class='ocr_line' id='line_1_3' title="bbox 3698 296 3815 353; baseline -0.034 0"><span class='ocrx_word' id='word_1_5' title='bbox 3698 296 3815 353; x_wconf 78' lang='grc'><strong>7⁸115</strong></span> 
     </span>
    </p>
   </div>
   <div class='ocr_carea' id='block_1_4' title="bbox 498 402 3818 480">
    <p class='ocr_par' dir='ltr' id='par_1_4' title="bbox 498 402 3818 480">
     <span class='ocr_line' id='line_1_4' title="bbox 498 402 3818 480; baseline 0.002 -23"><span class='ocrx_word' id='word_1_6' title='bbox 498 402 836 469; x_wconf 78' lang='lat' dir='ltr'><strong>ziauzenum,</strong></span> <span class='ocrx_word' id='word_1_7' title='bbox 894 402 1307 474; x_wconf 83' lang='lat' dir='ltr'><strong>universamque</strong></span> <span class='ocrx_word' id='word_1_8' title='bbox 1357 402 1652 460; x_wconf 84' lang='lat' dir='ltr'><strong>Ecclesiam</strong></span> <span class='ocrx_word' id='word_1_9' title='bbox 1679 446 1694 472; x_wconf 94' lang='lat'><strong>,</strong></span> <span class='ocrx_word' id='word_1_10' title='bbox 1757 419 1879 476; x_wconf 65' lang='lat' dir='ltr'><strong>qua</strong></span> <span class='ocrx_word' id='word_1_11' title='bbox 1926 403 2102 474; x_wconf 88' lang='lat' dir='ltr'><strong>ipsum</strong></span> <span class='ocrx_word' id='word_1_12' title='bbox 2135 406 2183 465; x_wconf 79' lang='grc' dir='ltr'><strong>Α</strong></span> <span class='ocrx_word' id='word_1_13' title='bbox 2211 411 2324 460; x_wconf 87' lang='lat' dir='ltr'><strong>loto</strong></span> <span class='ocrx_word' id='word_1_14' title='bbox 2349 404 2481 463; x_wconf 89' lang='lat' dir='ltr'><strong>orbe</strong></span> <span class='ocrx_word' id='word_1_15' title='bbox 2505 405 2804 462; x_wconf 79' lang='lat' dir='ltr'><strong>radiantem</strong></span> <span class='ocrx_word' id='word_1_16' title='bbox 2832 404 3035 477; x_wconf 88' lang='lat' dir='ltr'><strong>judicat</strong></span> <span class='ocrx_word' id='word_1_17' title='bbox 3056 418 3179 462; x_wconf 91' lang='lat' dir='ltr'><strong>esse</strong></span> <span class='ocrx_word' id='word_1_18' title='bbox 3208 403 3573 462; x_wconf 88' lang='lat' dir='ltr'><strong>laudabilem:</strong></span> <span class='ocrx_word' id='word_1_19' title='bbox 3603 407 3686 463; x_wconf 88' lang='lat' dir='ltr'><strong>sic</strong></span> <span class='ocrx_word' id='word_1_20' title='bbox 3710 424 3818 480; x_wconf 81' lang='lat' dir='ltr'><strong>po-</strong></span> 
     </span>
    </p>
   </div>
   <div class='ocr_carea' id='block_1_5' title="bbox 499 492 2104 565">
    <p class='ocr_par' dir='ltr' id='par_1_5' title="bbox 499 492 2104 565">
     <span class='ocr_line' id='line_1_5' title="bbox 499 492 2104 565; baseline 0.001 -17"><span class='ocrx_word' id='word_1_21' title='bbox 499 492 845 548; x_wconf 78' lang='lat' dir='ltr'><strong>Tlteodurum</strong></span> <span class='ocrx_word' id='word_1_22' title='bbox 898 493 1181 547; x_wconf 75' lang='lat' dir='ltr'><strong>docentem</strong></span> <span class='ocrx_word' id='word_1_23' title='bbox 1236 494 1588 560; x_wconf 74' lang='lat' dir='ltr'><strong>advertebat,</strong></span> <span class='ocrx_word' id='word_1_24' title='bbox 1644 496 1815 550; x_wconf 89' lang='lat' dir='ltr'><strong>latere</strong></span> <span class='ocrx_word' id='word_1_25' title='bbox 1864 495 2104 565; x_wconf 82' lang='lat' dir='ltr'><strong>potuisse</strong></span> 
     </span>
    </p>
   </div>
   <div class='ocr_carea' id='block_1_6' title="bbox 500 586 2105 658">
    <p class='ocr_par' dir='ltr' id='par_1_6' title="bbox 500 586 2105 658">
     <span class='ocr_line' id='line_1_6' title="bbox 500 586 2105 658; baseline 0.001 -16"><span class='ocrx_word' id='word_1_26' title='bbox 500 587 734 642; x_wconf 73' lang='lat' dir='ltr'><strong>credunt</strong></span> <span class='ocrx_word' id='word_1_27' title='bbox 756 586 1094 657; x_wconf 83' lang='lat' dir='ltr'><strong>Eutychiani,</strong></span> <span class='ocrx_word' id='word_1_28' title='bbox 1124 596 1185 642; x_wconf 89' lang='lat' dir='ltr'><strong>ut</strong></span> <span class='ocrx_word' id='word_1_29' title='bbox 1214 604 1321 643; x_wconf 92' lang='lat' dir='ltr'><strong>non</strong></span> <span class='ocrx_word' id='word_1_30' title='bbox 1346 597 1621 658; x_wconf 75' lang='lat' dir='ltr'><strong>superstes</strong></span> <span class='ocrx_word' id='word_1_31' title='bbox 1649 588 2105 644; x_wconf 88' lang='lat' dir='ltr'><strong>condemnaretur</strong></span> 
     </span>
    </p>
   </div>
   <div class='ocr_carea' id='block_1_7' title="bbox 499 678 2105 752">
    <p class='ocr_par' dir='ltr' id='par_1_7' title="bbox 499 678 2105 752">
     <span class='ocr_line' id='line_1_7' title="bbox 499 678 2105 752; baseline 0.001 -18"><span class='ocrx_word' id='word_1_32' title='bbox 499 678 643 734; x_wconf 86' lang='lat' dir='ltr'><strong>idem</strong></span> <span class='ocrx_word' id='word_1_33' title='bbox 673 679 1006 735; x_wconf 89' lang='lat' dir='ltr'><strong>Theodorus.</strong></span> <span class='ocrx_word' id='word_1_34' title='bbox 1038 680 1202 749; x_wconf 86' lang='lat' dir='ltr'><strong>Igitur</strong></span> <span class='ocrx_word' id='word_1_35' title='bbox 1227 682 1682 751; x_wconf 81' lang='lat' dir='ltr'><strong>quemadmodum</strong></span> <span class='ocrx_word' id='word_1_36' title='bbox 1726 689 1909 736; x_wconf 78' lang='lat' dir='ltr'><strong>sancta</strong></span> <span class='ocrx_word' id='word_1_37' title='bbox 1941 695 2105 752; x_wconf 85' lang='lat' dir='ltr'><strong>syno-</strong></span> 
     </span>
    </p>
   </div>
   <div class='ocr_carea' id='block_1_8' title="bbox 500 772 2104 843">
    <p class='ocr_par' dir='ltr' id='par_1_8' title="bbox 500 772 2104 843">
     <span class='ocr_line' id='line_1_8' title="bbox 500 772 2104 843; baseline 0.002 -17"><span class='ocrx_word' id='word_1_38' title='bbox 500 773 599 826; x_wconf 92' lang='lat' dir='ltr'><strong>dus</strong></span> <span class='ocrx_word' id='word_1_39' title='bbox 625 772 900 841; x_wconf 86' lang='lat' dir='ltr'><strong>antiquam</strong></span> <span class='ocrx_word' id='word_1_40' title='bbox 945 772 1272 842; x_wconf 82' lang='lat' dir='ltr'><strong>Ecclesiam,</strong></span> <span class='ocrx_word' id='word_1_41' title='bbox 1307 774 1460 843; x_wconf 82' lang='lat' dir='ltr'><strong>cujus</strong></span> <span class='ocrx_word' id='word_1_42' title='bbox 1489 788 1611 842; x_wconf 84' lang='lat' dir='ltr'><strong>pars</strong></span> <span class='ocrx_word' id='word_1_43' title='bbox 1660 773 1870 828; x_wconf 78' lang='lat' dir='ltr'><strong>fuerant</strong></span> <span class='ocrx_word' id='word_1_44' title='bbox 1899 789 2104 829; x_wconf 87' lang='lat' dir='ltr'><strong>memo-</strong></span> 
     </span>
    </p>
   </div>
   <div class='ocr_carea' id='block_1_9' title="bbox 498 861 2099 932">
    <p class='ocr_par' dir='ltr' id='par_1_9' title="bbox 498 861 2099 932">
     <span class='ocr_line' id='line_1_9' title="bbox 498 861 2099 932; baseline 0.001 -16"><span class='ocrx_word' id='word_1_45' title='bbox 498 862 605 916; x_wconf 85' lang='lat' dir='ltr'><strong>rati</strong></span> <span class='ocrx_word' id='word_1_46' title='bbox 636 861 845 928; x_wconf 85' lang='lat' dir='ltr'><strong>Patres,</strong></span> <span class='ocrx_word' id='word_1_47' title='bbox 880 878 988 918; x_wconf 92' lang='lat' dir='ltr'><strong>non</strong></span> <span class='ocrx_word' id='word_1_48' title='bbox 1032 878 1097 917; x_wconf 88' lang='lat' dir='ltr'><strong>ex</strong></span> <span class='ocrx_word' id='word_1_49' title='bbox 1128 867 1506 919; x_wconf 81' lang='lat' dir='ltr'><strong>communione</strong></span> <span class='ocrx_word' id='word_1_50' title='bbox 1534 873 1590 918; x_wconf 92' lang='lat' dir='ltr'><strong>et</strong></span> <span class='ocrx_word' id='word_1_51' title='bbox 1620 865 1777 919; x_wconf 84' lang='lat' dir='ltr'><strong>laude</strong></span> <span class='ocrx_word' id='word_1_52' title='bbox 1807 864 2099 932; x_wconf 83' lang='lat' dir='ltr'><strong>Theodori,</strong></span> 
     </span>
    </p>
   </div>
   <div class='ocr_carea' id='block_1_10' title="bbox 497 954 2104 1023">
    <p class='ocr_par' dir='ltr' id='par_1_10' title="bbox 497 954 2104 1023">
     <span class='ocr_line' id='line_1_10' title="bbox 497 954 2104 1023; baseline 0.002 -17"><span class='ocrx_word' id='word_1_53' title='bbox 497 954 578 1007; x_wconf 88' lang='lat' dir='ltr'><strong>vel</strong></span> <span class='ocrx_word' id='word_1_54' title='bbox 605 954 649 1006; x_wconf 90' lang='lat' dir='ltr'><strong>si</strong></span> <span class='ocrx_word' id='word_1_55' title='bbox 680 969 802 1007; x_wconf 84' lang='lat' dir='ltr'><strong>eum</strong></span> <span class='ocrx_word' id='word_1_56' title='bbox 831 958 883 1007; x_wconf 91' lang='lat' dir='ltr'><strong>in</strong></span> <span class='ocrx_word' id='word_1_57' title='bbox 928 954 1248 1023; x_wconf 90' lang='lat' dir='ltr'><strong>quibusdam</strong></span> <span class='ocrx_word' id='word_1_58' title='bbox 1279 955 1446 1009; x_wconf 86' lang='lat' dir='ltr'><strong>sciret</strong></span> <span class='ocrx_word' id='word_1_59' title='bbox 1474 968 1721 1020; x_wconf 86' lang='lat' dir='ltr'><strong>errasse,</strong></span> <span class='ocrx_word' id='word_1_60' title='bbox 1753 954 1848 1010; x_wconf 91' lang='lat' dir='ltr'><strong>sed</strong></span> <span class='ocrx_word' id='word_1_61' title='bbox 1875 970 1940 1009; x_wconf 85' lang='lat' dir='ltr'><strong>ex</strong></span> <span class='ocrx_word' id='word_1_62' title='bbox 1973 969 2104 1021; x_wconf 82' lang='lat' dir='ltr'><strong>pro-</strong></span> 
     </span>
    </p>
   </div>
   <div class='ocr_carea' id='block_1_11' title="bbox 497 1046 2105 1116">
    <p class='ocr_par' dir='ltr' id='par_1_11' title="bbox 497 1046 2105 1116">
     <span class='ocr_line' id='line_1_11' title="bbox 497 1046 2105 1116; baseline 0.002 -20"><span class='ocrx_word' id='word_1_63' title='bbox 497 1049 614 1115; x_wconf 86' lang='lat' dir='ltr'><strong>pria</strong></span> <span class='ocrx_word' id='word_1_64' title='bbox 652 1046 817 1114; x_wconf 84' lang='lat' dir='ltr'><strong>ipsius</strong></span> <span class='ocrx_word' id='word_1_65' title='bbox 848 1047 1105 1102; x_wconf 70' lang='lat' dir='ltr'><strong>Ecclesia:</strong></span> <span class='ocrx_word' id='word_1_66' title='bbox 1150 1048 1258 1102; x_wconf 84' lang='lat' dir='ltr'><strong>[ide</strong></span> <span class='ocrx_word' id='word_1_67' title='bbox 1284 1046 1530 1115; x_wconf 83' lang='lat' dir='ltr'><strong>judicare</strong></span> <span class='ocrx_word' id='word_1_68' title='bbox 1573 1046 1789 1111; x_wconf 87' lang='lat' dir='ltr'><strong>debuit,</strong></span> <span class='ocrx_word' id='word_1_69' title='bbox 1821 1046 1961 1116; x_wconf 90' lang='lat' dir='ltr'><strong>quod</strong></span> <span class='ocrx_word' id='word_1_70' title='bbox 2006 1060 2105 1099; x_wconf 81' lang='lat' dir='ltr'><strong>ito-</strong></span> 
     </span>
    </p>
   </div>
   <div class='ocr_carea' id='block_1_12' title="bbox 498 1136 2100 1208">
    <p class='ocr_par' dir='ltr' id='par_1_12' title="bbox 498 1136 2100 1208">
     <span class='ocr_line' id='line_1_12' title="bbox 498 1136 2100 1208; baseline 0.002 -19"><span class='ocrx_word' id='word_1_71' title='bbox 498 1136 703 1190; x_wconf 87' lang='lat' dir='ltr'><strong>biscum</strong></span> <span class='ocrx_word' id='word_1_72' title='bbox 748 1139 1066 1208; x_wconf 81' lang='lat' dir='ltr'><strong>Eutychiani</strong></span> <span class='ocrx_word' id='word_1_73' title='bbox 1099 1138 1369 1203; x_wconf 76' lang='lat' dir='ltr'><strong>fatentur;</strong></span> <span class='ocrx_word' id='word_1_74' title='bbox 1402 1137 1482 1193; x_wconf 90' lang='lat' dir='ltr'><strong>sic</strong></span> <span class='ocrx_word' id='word_1_75' title='bbox 1504 1139 1742 1207; x_wconf 86' lang='lat' dir='ltr'><strong>oportuit</strong></span> <span class='ocrx_word' id='word_1_76' title='bbox 1768 1144 1828 1193; x_wconf 87' lang='lat' dir='ltr'><strong>ut</strong></span> <span class='ocrx_word' id='word_1_77' title='bbox 1862 1146 1917 1193; x_wconf 90' lang='lat' dir='ltr'><strong>et</strong></span> <span class='ocrx_word' id='word_1_78' title='bbox 1956 1138 2100 1193; x_wconf 84' lang='lat' dir='ltr'><strong>illam</strong></span> 
     </span>
    </p>
   </div>
   <div class='ocr_carea' id='block_1_13' title="bbox 498 1229 2101 1299">
    <p class='ocr_par' dir='ltr' id='par_1_13' title="bbox 498 1229 2101 1299">
     <span class='ocr_line' id='line_1_13' title="bbox 498 1229 2101 1299; baseline 0.002 -17"><span class='ocrx_word' id='word_1_79' title='bbox 498 1229 814 1297; x_wconf 83' lang='lat' dir='ltr'><strong>epistolam,</strong></span> <span class='ocrx_word' id='word_1_80' title='bbox 849 1245 953 1284; x_wconf 87' lang='lat' dir='ltr'><strong>non</strong></span> <span class='ocrx_word' id='word_1_81' title='bbox 998 1246 1064 1285; x_wconf 86' lang='lat' dir='ltr'><strong>ex</strong></span> <span class='ocrx_word' id='word_1_82' title='bbox 1111 1231 1270 1285; x_wconf 87' lang='lat' dir='ltr'><strong>laude</strong></span> <span class='ocrx_word' id='word_1_83' title='bbox 1306 1230 1612 1298; x_wconf 84' lang='lat' dir='ltr'><strong>Theodori,</strong></span> <span class='ocrx_word' id='word_1_84' title='bbox 1653 1229 1749 1285; x_wconf 87' lang='lat' dir='ltr'><strong>sed</strong></span> <span class='ocrx_word' id='word_1_85' title='bbox 1777 1245 1843 1285; x_wconf 86' lang='lat' dir='ltr'><strong>ex</strong></span> <span class='ocrx_word' id='word_1_86' title='bbox 1888 1231 2101 1299; x_wconf 86' lang='lat' dir='ltr'><strong>prepria</strong></span> 
     </span>
    </p>
   </div>
   <div class='ocr_carea' id='block_1_14' title="bbox 496 1320 2097 1393">
    <p class='ocr_par' dir='ltr' id='par_1_14' title="bbox 496 1320 2097 1393">
     <span class='ocr_line' id='line_1_14' title="bbox 496 1320 2097 1393; baseline 0 -17"><span class='ocrx_word' id='word_1_87' title='bbox 496 1321 881 1391; x_wconf 88' lang='lat' dir='ltr'><strong>conscriptoris</strong></span> <span class='ocrx_word' id='word_1_88' title='bbox 903 1321 1019 1392; x_wconf 86' lang='lat' dir='ltr'><strong>ejus</strong></span> <span class='ocrx_word' id='word_1_89' title='bbox 1045 1321 1170 1390; x_wconf 90' lang='lat' dir='ltr'><strong>lide,</strong></span> <span class='ocrx_word' id='word_1_90' title='bbox 1199 1336 1321 1393; x_wconf 66' lang='lat' dir='ltr'><strong>quas</strong></span> <span class='ocrx_word' id='word_1_91' title='bbox 1350 1322 1547 1378; x_wconf 87' lang='lat' dir='ltr'><strong>ibidem</strong></span> <span class='ocrx_word' id='word_1_92' title='bbox 1580 1321 1795 1392; x_wconf 76' lang='lat' dir='ltr'><strong>legitur,</strong></span> <span class='ocrx_word' id='word_1_93' title='bbox 1809 1320 2097 1392; x_wconf 86' lang='lat' dir='ltr'><strong>judicaret.</strong></span> 
     </span>
    </p>
   </div>
   <div class='ocr_carea' id='block_1_15' title="bbox 498 1416 2103 1492">
    <p class='ocr_par' dir='ltr' id='par_1_15' title="bbox 498 1416 2103 1492">
     <span class='ocr_line' id='line_1_15' title="bbox 498 1416 2103 1492; baseline 0.003 -23"><span class='ocrx_word' id='word_1_94' title='bbox 498 1416 779 1485; x_wconf 86' lang='lat' dir='ltr'><strong>Quomodo</strong></span> <span class='ocrx_word' id='word_1_95' title='bbox 808 1428 987 1473; x_wconf 89' lang='lat' dir='ltr'><strong>autem</strong></span> <span class='ocrx_word' id='word_1_96' title='bbox 1013 1419 1253 1492; x_wconf 83' lang='lat' dir='ltr'><strong>synodus</strong></span> <span class='ocrx_word' id='word_1_97' title='bbox 1277 1419 1661 1475; x_wconf 46' lang='lat' dir='ltr'><strong>nontcrederet</strong></span> <span class='ocrx_word' id='word_1_98' title='bbox 1685 1418 1829 1476; x_wconf 86' lang='lat' dir='ltr'><strong>Ibam</strong></span> <span class='ocrx_word' id='word_1_99' title='bbox 1852 1434 2103 1476; x_wconf 82' lang='lat' dir='ltr'><strong>reveren-</strong></span> 
     </span>
    </p>
   </div>
   <div class='ocr_carea' id='block_1_16' title="bbox 497 1507 2101 1580">
    <p class='ocr_par' dir='ltr' id='par_1_16' title="bbox 497 1507 2101 1580">
     <span class='ocr_line' id='line_1_16' title="bbox 497 1507 2101 1580; baseline 0.002 -19"><span class='ocrx_word' id='word_1_100' title='bbox 497 1508 763 1561; x_wconf 85' lang='lat' dir='ltr'><strong>tissimum</strong></span> <span class='ocrx_word' id='word_1_101' title='bbox 809 1507 978 1563; x_wconf 73' lang='lat' dir='ltr'><strong>latere</strong></span> <span class='ocrx_word' id='word_1_102' title='bbox 1008 1511 1249 1577; x_wconf 89' lang='lat' dir='ltr'><strong>potuisse</strong></span> <span class='ocrx_word' id='word_1_103' title='bbox 1289 1510 1431 1565; x_wconf 86' lang='lat' dir='ltr'><strong>dicta</strong></span> <span class='ocrx_word' id='word_1_104' title='bbox 1458 1508 1764 1576; x_wconf 84' lang='lat' dir='ltr'><strong>Theodori,</strong></span> <span class='ocrx_word' id='word_1_105' title='bbox 1813 1524 1936 1580; x_wconf 83' lang='lat' dir='ltr'><strong>quae</strong></span> <span class='ocrx_word' id='word_1_106' title='bbox 1976 1522 2101 1565; x_wconf 80' lang='lat' dir='ltr'><strong>ante</strong></span> 
     </span>
    </p>
   </div>
   <div class='ocr_carea' id='block_1_17' title="bbox 497 1596 2099 1670">
    <p class='ocr_par' dir='ltr' id='par_1_17' title="bbox 497 1596 2099 1670">
     <span class='ocr_line' id='line_1_17' title="bbox 497 1596 2099 1670; baseline -0.001 -15"><span class='ocrx_word' id='word_1_107' title='bbox 497 1596 802 1655; x_wconf 84' lang='lat' dir='ltr'><strong>Nestorium</strong></span> <span class='ocrx_word' id='word_1_108' title='bbox 834 1601 1031 1669; x_wconf 90' lang='lat' dir='ltr'><strong>scripta</strong></span> <span class='ocrx_word' id='word_1_109' title='bbox 1063 1600 1080 1631; x_wconf 89' lang='grc'>¹</span> <span class='ocrx_word' id='word_1_110' title='bbox 1116 1601 1392 1665; x_wconf 87' lang='lat' dir='ltr'><strong>dicuntur,</strong></span> <span class='ocrx_word' id='word_1_111' title='bbox 1426 1616 1549 1656; x_wconf 92' lang='lat' dir='ltr'><strong>cum</strong></span> <span class='ocrx_word' id='word_1_112' title='bbox 1597 1601 1766 1670; x_wconf 89' lang='lat' dir='ltr'><strong>ipsius</strong></span> <span class='ocrx_word' id='word_1_113' title='bbox 1807 1600 1910 1655; x_wconf 70' lang='lat' dir='ltr'><strong>Iba:</strong></span> <span class='ocrx_word' id='word_1_114' title='bbox 1941 1600 2099 1655; x_wconf 88' lang='lat' dir='ltr'><strong>fidem</strong></span> 
     </span>
    </p>
   </div>
   <div class='ocr_carea' id='block_1_18' title="bbox 498 1690 2101 1761">
    <p class='ocr_par' dir='ltr' id='par_1_18' title="bbox 498 1690 2101 1761">
     <span class='ocr_line' id='line_1_18' title="bbox 498 1690 2101 1761; baseline 0 -16"><span class='ocrx_word' id='word_1_115' title='bbox 498 1690 815 1746; x_wconf 84' lang='lat' dir='ltr'><strong>Nestoriano</strong></span> <span class='ocrx_word' id='word_1_116' title='bbox 841 1692 1078 1761; x_wconf 75' lang='lat' dir='ltr'><strong>dogmati</strong></span> <span class='ocrx_word' id='word_1_117' title='bbox 1102 1691 1312 1748; x_wconf 80' lang='lat' dir='ltr'><strong>videret</strong></span> <span class='ocrx_word' id='word_1_118' title='bbox 1335 1692 1662 1749; x_wconf 77' lang='lat' dir='ltr'><strong>adversam?</strong></span> <span class='ocrx_word' id='word_1_119' title='bbox 1692 1693 1888 1749; x_wconf 79' lang='lat' dir='ltr'><strong>Verum</strong></span> <span class='ocrx_word' id='word_1_120' title='bbox 1919 1701 1975 1747; x_wconf 94' lang='lat' dir='ltr'><strong>et</strong></span> <span class='ocrx_word' id='word_1_121' title='bbox 1997 1692 2101 1746; x_wconf 91' lang='lat' dir='ltr'><strong>hoc</strong></span> 
     </span>
    </p>
   </div>
   <div class='ocr_carea' id='block_1_19' title="bbox 2209 496 3816 566">
    <p class='ocr_par' dir='ltr' id='par_1_19' title="bbox 2209 496 3816 566">
     <span class='ocr_line' id='line_1_19' title="bbox 2209 496 3816 566; baseline 0.003 -14"><span class='ocrx_word' id='word_1_122' title='bbox 2209 496 2307 552; x_wconf 87' lang='lat' dir='ltr'><strong>tuit</strong></span> <span class='ocrx_word' id='word_1_123' title='bbox 2331 499 2492 554; x_wconf 90' lang='lat' dir='ltr'><strong>etiam</strong></span> <span class='ocrx_word' id='word_1_124' title='bbox 2513 499 2835 556; x_wconf 77' lang='lat' dir='ltr'><strong>venerabilis</strong></span> <span class='ocrx_word' id='word_1_125' title='bbox 2856 499 2977 555; x_wconf 85' lang='lat' dir='ltr'><strong>lbas</strong></span> <span class='ocrx_word' id='word_1_126' title='bbox 2997 499 3301 554; x_wconf 88' lang='lat' dir='ltr'><strong>doctrinam</strong></span> <span class='ocrx_word' id='word_1_127' title='bbox 3325 498 3618 566; x_wconf 81' lang='lat' dir='ltr'><strong>Theodori,</strong></span> <span class='ocrx_word' id='word_1_128' title='bbox 3644 502 3816 558; x_wconf 87' lang='lat' dir='ltr'><strong>etiam</strong></span> 
     </span>
    </p>
   </div>
   <div class='ocr_carea' id='block_1_20' title="bbox 2206 590 3819 662">
    <p class='ocr_par' dir='ltr' id='par_1_20' title="bbox 2206 590 3819 662">
     <span class='ocr_line' id='line_1_20' title="bbox 2206 590 3819 662; baseline 0.004 -19"><span class='ocrx_word' id='word_1_129' title='bbox 2206 590 2261 645; x_wconf 93' lang='lat' dir='ltr'><strong>in</strong></span> <span class='ocrx_word' id='word_1_130' title='bbox 2290 591 2560 660; x_wconf 81' lang='lat' dir='ltr'><strong>aliquibus</strong></span> <span class='ocrx_word' id='word_1_131' title='bbox 2582 592 2900 662; x_wconf 90' lang='lat' dir='ltr'><strong>culpabilem</strong></span> <span class='ocrx_word' id='word_1_132' title='bbox 2924 607 3031 646; x_wconf 86' lang='lat' dir='ltr'><strong>non</strong></span> <span class='ocrx_word' id='word_1_133' title='bbox 3053 594 3334 662; x_wconf 79' lang='lat' dir='ltr'><strong>ignorans,</strong></span> <span class='ocrx_word' id='word_1_134' title='bbox 3362 590 3564 660; x_wconf 85' lang='lat' dir='ltr'><strong>absque</strong></span> <span class='ocrx_word' id='word_1_135' title='bbox 3590 591 3819 650; x_wconf 88' lang='lat' dir='ltr'><strong>illorum</strong></span> 
     </span>
    </p>
   </div>
   <div class='ocr_carea' id='block_1_21' title="bbox 2209 681 3821 752">
    <p class='ocr_par' dir='ltr' id='par_1_21' title="bbox 2209 681 3821 752">
     <span class='ocr_line' id='line_1_21' title="bbox 2209 681 3821 752; baseline 0.001 -15"><span class='ocrx_word' id='word_1_136' title='bbox 2209 681 2554 751; x_wconf 84' lang='lat' dir='ltr'><strong>culpabilium</strong></span> <span class='ocrx_word' id='word_1_137' title='bbox 2582 682 2976 752; x_wconf 87' lang='lat' dir='ltr'><strong>approbatione</strong></span> <span class='ocrx_word' id='word_1_138' title='bbox 3001 681 3244 736; x_wconf 91' lang='lat' dir='ltr'><strong>laudare.</strong></span> <span class='ocrx_word' id='word_1_139' title='bbox 3269 681 3394 737; x_wconf 84' lang='lat' dir='ltr'><strong>Sive</strong></span> <span class='ocrx_word' id='word_1_140' title='bbox 3414 690 3592 737; x_wconf 85' lang='lat' dir='ltr'><strong>autem</strong></span> <span class='ocrx_word' id='word_1_141' title='bbox 3619 683 3821 739; x_wconf 82' lang='lat' dir='ltr'><strong>beatus</strong></span> 
     </span>
    </p>
   </div>
   <div class='ocr_carea' id='block_1_22' title="bbox 2205 771 3816 844">
    <p class='ocr_par' dir='ltr' id='par_1_22' title="bbox 2205 771 3816 844">
     <span class='ocr_line' id='line_1_22' title="bbox 2205 771 3816 844; baseline 0.003 -19"><span class='ocrx_word' id='word_1_142' title='bbox 2205 771 2507 842; x_wconf 86' lang='lat' dir='ltr'><strong>Cyprianus</strong></span> <span class='ocrx_word' id='word_1_143' title='bbox 2536 781 2591 827; x_wconf 89' lang='lat' dir='ltr'><strong>et</strong></span> <span class='ocrx_word' id='word_1_144' title='bbox 2620 774 2966 844; x_wconf 83' lang='lat' dir='ltr'><strong>Agrippinus,</strong></span> <span class='ocrx_word' id='word_1_145' title='bbox 2995 773 3197 843; x_wconf 86' lang='lat' dir='ltr'><strong>aliique</strong></span> <span class='ocrx_word' id='word_1_146' title='bbox 3222 787 3345 828; x_wconf 89' lang='lat' dir='ltr'><strong>cum</strong></span> <span class='ocrx_word' id='word_1_147' title='bbox 3371 772 3452 829; x_wconf 90' lang='lat' dir='ltr'><strong>eis</strong></span> <span class='ocrx_word' id='word_1_148' title='bbox 3481 776 3668 829; x_wconf 86' lang='lat' dir='ltr'><strong>eadem</strong></span> <span class='ocrx_word' id='word_1_149' title='bbox 3698 784 3816 831; x_wconf 84' lang='lat' dir='ltr'><strong>sta-</strong></span> 
     </span>
    </p>
   </div>
   <div class='ocr_carea' id='block_1_23' title="bbox 2208 863 3816 935">
    <p class='ocr_par' dir='ltr' id='par_1_23' title="bbox 2208 863 3816 935">
     <span class='ocr_line' id='line_1_23' title="bbox 2208 863 3816 935; baseline 0.004 -19"><span class='ocrx_word' id='word_1_150' title='bbox 2208 871 2419 917; x_wconf 87' lang='lat' dir='ltr'><strong>tuentes</strong></span> <span class='ocrx_word' id='word_1_151' title='bbox 2456 864 2724 934; x_wconf 85' lang='lat' dir='ltr'><strong>episcopi;</strong></span> <span class='ocrx_word' id='word_1_152' title='bbox 2758 867 2872 920; x_wconf 82' lang='lat' dir='ltr'><strong>sive</strong></span> <span class='ocrx_word' id='word_1_153' title='bbox 2898 863 3247 932; x_wconf 88' lang='lat' dir='ltr'><strong>Theodorus,</strong></span> <span class='ocrx_word' id='word_1_154' title='bbox 3278 864 3362 919; x_wconf 91' lang='lat' dir='ltr'><strong>vel</strong></span> <span class='ocrx_word' id='word_1_155' title='bbox 3404 865 3448 920; x_wconf 90' lang='lat' dir='ltr'><strong>si</strong></span> <span class='ocrx_word' id='word_1_156' title='bbox 3476 877 3530 921; x_wconf 92' lang='lat' dir='ltr'><strong>et</strong></span> <span class='ocrx_word' id='word_1_157' title='bbox 3569 865 3686 935; x_wconf 89' lang='lat' dir='ltr'><strong>ipse</strong></span> <span class='ocrx_word' id='word_1_158' title='bbox 3715 882 3816 922; x_wconf 88' lang='lat' dir='ltr'><strong>er-</strong></span> 
     </span>
    </p>
   </div>
   <div class='ocr_carea' id='block_1_24' title="bbox 2206 957 3818 1023">
    <p class='ocr_par' dir='ltr' id='par_1_24' title="bbox 2206 957 3818 1023">
     <span class='ocr_line' id='line_1_24' title="bbox 2206 957 3818 1023; baseline 0.005 -14"><span class='ocrx_word' id='word_1_159' title='bbox 2206 969 2321 1010; x_wconf 89' lang='lat' dir='ltr'><strong>rata</strong></span> <span class='ocrx_word' id='word_1_160' title='bbox 2355 972 2460 1010; x_wconf 94' lang='lat' dir='ltr'><strong>non</strong></span> <span class='ocrx_word' id='word_1_161' title='bbox 2492 957 2812 1013; x_wconf 85' lang='lat' dir='ltr'><strong>emendasse</strong></span> <span class='ocrx_word' id='word_1_162' title='bbox 2838 958 3127 1023; x_wconf 89' lang='lat' dir='ltr'><strong>credatur;</strong></span> <span class='ocrx_word' id='word_1_163' title='bbox 3176 959 3290 1013; x_wconf 89' lang='lat' dir='ltr'><strong>sive</strong></span> <span class='ocrx_word' id='word_1_164' title='bbox 3331 960 3514 1015; x_wconf 61' lang='lat' dir='ltr'><strong>caeteri</strong></span> <span class='ocrx_word' id='word_1_165' title='bbox 3557 961 3818 1017; x_wconf 83' lang='lat' dir='ltr'><strong>doctores</strong></span> 
     </span>
    </p>
   </div>
   <div class='ocr_carea' id='block_1_25' title="bbox 2208 1046 3816 1117">
    <p class='ocr_par' dir='ltr' id='par_1_25' title="bbox 2208 1046 3816 1117">
     <span class='ocr_line' id='line_1_25' title="bbox 2208 1046 3816 1117; baseline 0.004 -16"><span class='ocrx_word' id='word_1_166' title='bbox 2208 1046 2482 1113; x_wconf 56' lang='lat' dir='ltr'><strong>Ecclesia,</strong></span> <span class='ocrx_word' id='word_1_167' title='bbox 2518 1062 2583 1103; x_wconf 87' lang='lat' dir='ltr'><strong>ex</strong></span> <span class='ocrx_word' id='word_1_168' title='bbox 2614 1064 2841 1117; x_wconf 91' lang='lat' dir='ltr'><strong>quorum</strong></span> <span class='ocrx_word' id='word_1_169' title='bbox 2873 1050 3157 1104; x_wconf 87' lang='lat' dir='ltr'><strong>sententiis</strong></span> <span class='ocrx_word' id='word_1_170' title='bbox 3184 1050 3420 1105; x_wconf 73' lang='lat' dir='ltr'><strong>haeretici</strong></span> <span class='ocrx_word' id='word_1_171' title='bbox 3443 1066 3568 1107; x_wconf 88' lang='lat' dir='ltr'><strong>suos</strong></span> <span class='ocrx_word' id='word_1_172' title='bbox 3592 1068 3816 1109; x_wconf 79' lang='lat' dir='ltr'><strong>errores</strong></span> 
     </span>
    </p>
   </div>
   <div class='ocr_carea' id='block_1_26' title="bbox 2205 1140 3814 1213">
    <p class='ocr_par' dir='ltr' id='par_1_26' title="bbox 2205 1140 3814 1213">
     <span class='ocr_line' id='line_1_26' title="bbox 2205 1140 3814 1213; baseline 0.004 -21"><span class='ocrx_word' id='word_1_173' title='bbox 2205 1148 2469 1192; x_wconf 88' lang='lat' dir='ltr'><strong>conantur</strong></span> <span class='ocrx_word' id='word_1_174' title='bbox 2493 1148 2756 1206; x_wconf 87' lang='lat' dir='ltr'><strong>astruere,</strong></span> <span class='ocrx_word' id='word_1_175' title='bbox 2783 1140 3081 1195; x_wconf 91' lang='lat' dir='ltr'><strong>intentione</strong></span> <span class='ocrx_word' id='word_1_176' title='bbox 3102 1142 3299 1196; x_wconf 87' lang='lat' dir='ltr'><strong>mentis</strong></span> <span class='ocrx_word' id='word_1_177' title='bbox 3320 1150 3478 1212; x_wconf 84' lang='lat' dir='ltr'><strong>atque</strong></span> <span class='ocrx_word' id='word_1_178' title='bbox 3502 1145 3814 1213; x_wconf 88' lang='lat' dir='ltr'><strong>proposito,</strong></span> 
     </span>
    </p>
   </div>
   <div class='ocr_carea' id='block_1_27' title="bbox 2205 1228 3813 1303">
    <p class='ocr_par' dir='ltr' id='par_1_27' title="bbox 2205 1228 3813 1303">
     <span class='ocr_line' id='line_1_27' title="bbox 2205 1228 3813 1303; baseline 0.006 -22"><span class='ocrx_word' id='word_1_179' title='bbox 2205 1228 2347 1283; x_wconf 88' lang='lat' dir='ltr'><strong>sicut</strong></span> <span class='ocrx_word' id='word_1_180' title='bbox 2391 1228 2740 1296; x_wconf 88' lang='lat' dir='ltr'><strong>arbitramur,</strong></span> <span class='ocrx_word' id='word_1_181' title='bbox 2789 1230 2857 1284; x_wconf 93' lang='lat' dir='ltr'><strong>ab</strong></span> <span class='ocrx_word' id='word_1_182' title='bbox 2895 1230 3120 1287; x_wconf 68' lang='lat' dir='ltr'><strong>haeresis</strong></span> <span class='ocrx_word' id='word_1_183' title='bbox 3150 1233 3378 1288; x_wconf 88' lang='lat' dir='ltr'><strong>crimine</strong></span> <span class='ocrx_word' id='word_1_184' title='bbox 3422 1235 3813 1303; x_wconf 79' lang='lat' dir='ltr'><strong>defenduntur,</strong></span> 
     </span>
    </p>
   </div>
   <div class='ocr_carea' id='block_1_28' title="bbox 2204 1318 3815 1392">
    <p class='ocr_par' dir='ltr' id='par_1_28' title="bbox 2204 1318 3815 1392">
     <span class='ocr_line' id='line_1_28' title="bbox 2204 1318 3815 1392; baseline 0.004 -20"><span class='ocrx_word' id='word_1_185' title='bbox 2204 1318 2458 1387; x_wconf 88' lang='lat' dir='ltr'><strong>quoniam</strong></span> <span class='ocrx_word' id='word_1_186' title='bbox 2490 1328 2617 1374; x_wconf 87' lang='lat' dir='ltr'><strong>ante</strong></span> <span class='ocrx_word' id='word_1_187' title='bbox 2636 1319 3005 1375; x_wconf 73' lang='lat' dir='ltr'><strong>deﬁnilimiem</strong></span> <span class='ocrx_word' id='word_1_188' title='bbox 3035 1320 3315 1388; x_wconf 63' lang='lat' dir='ltr'><strong>Ecclesia,</strong></span> <span class='ocrx_word' id='word_1_189' title='bbox 3340 1324 3393 1377; x_wconf 95' lang='lat' dir='ltr'><strong>in</strong></span> <span class='ocrx_word' id='word_1_190' title='bbox 3423 1323 3539 1392; x_wconf 86' lang='lat' dir='ltr'><strong>ejus</strong></span> <span class='ocrx_word' id='word_1_191' title='bbox 3563 1338 3815 1379; x_wconf 84' lang='lat' dir='ltr'><strong>commu-</strong></span> 
     </span>
    </p>
   </div>
   <div class='ocr_carea' id='block_1_29' title="bbox 2204 1410 3813 1479">
    <p class='ocr_par' dir='ltr' id='par_1_29' title="bbox 2204 1410 3813 1479">
     <span class='ocr_line' id='line_1_29' title="bbox 2204 1410 3813 1479; baseline 0.004 -15"><span class='ocrx_word' id='word_1_192' title='bbox 2204 1410 2367 1465; x_wconf 87' lang='lat' dir='ltr'><strong>nione</strong></span> <span class='ocrx_word' id='word_1_193' title='bbox 2397 1424 2795 1479; x_wconf 87' lang='lat' dir='ltr'><strong>permanentes,</strong></span> <span class='ocrx_word' id='word_1_194' title='bbox 2827 1412 2994 1467; x_wconf 84' lang='lat' dir='ltr'><strong>nimio</strong></span> <span class='ocrx_word' id='word_1_195' title='bbox 3021 1413 3107 1468; x_wconf 90' lang='lat' dir='ltr'><strong>vel</strong></span> <span class='ocrx_word' id='word_1_196' title='bbox 3135 1415 3155 1444; x_wconf 86' lang='grc'>²</span> <span class='ocrx_word' id='word_1_197' title='bbox 3185 1412 3539 1470; x_wconf 88' lang='lat' dir='ltr'><strong>immoderato</strong></span> <span class='ocrx_word' id='word_1_198' title='bbox 3564 1416 3685 1471; x_wconf 81' lang='lat' dir='ltr'><strong>zelo</strong></span> <span class='ocrx_word' id='word_1_199' title='bbox 3709 1416 3813 1471; x_wconf 81' lang='lat' dir='ltr'><strong>ad-</strong></span> 
     </span>
    </p>
   </div>
   <div class='ocr_carea' id='block_1_30' title="bbox 2203 1502 3811 1573">
    <p class='ocr_par' dir='ltr' id='par_1_30' title="bbox 2203 1502 3811 1573">
     <span class='ocr_line' id='line_1_30' title="bbox 2203 1502 3811 1573; baseline 0.003 -16"><span class='ocrx_word' id='word_1_200' title='bbox 2203 1516 2394 1557; x_wconf 85' lang='lat' dir='ltr'><strong>versus</strong></span> <span class='ocrx_word' id='word_1_201' title='bbox 2421 1502 2728 1569; x_wconf 71' lang='lat' dir='ltr'><strong>haereticos,</strong></span> <span class='ocrx_word' id='word_1_202' title='bbox 2760 1505 2841 1559; x_wconf 83' lang='lat' dir='ltr'><strong>vel</strong></span> <span class='ocrx_word' id='word_1_203' title='bbox 2863 1503 3220 1560; x_wconf 87' lang='lat' dir='ltr'><strong>decreverunt</strong></span> <span class='ocrx_word' id='word_1_204' title='bbox 3247 1505 3393 1571; x_wconf 90' lang='lat' dir='ltr'><strong>talia,</strong></span> <span class='ocrx_word' id='word_1_205' title='bbox 3414 1506 3501 1561; x_wconf 85' lang='lat' dir='ltr'><strong>vel</strong></span> <span class='ocrx_word' id='word_1_206' title='bbox 3530 1506 3811 1573; x_wconf 86' lang='lat' dir='ltr'><strong>dixerunt,</strong></span> 
     </span>
    </p>
   </div>
   <div class='ocr_carea' id='block_1_31' title="bbox 2206 1596 3811 1669">
    <p class='ocr_par' dir='ltr' id='par_1_31' title="bbox 2206 1596 3811 1669">
     <span class='ocr_line' id='line_1_31' title="bbox 2206 1596 3811 1669; baseline 0.002 -19"><span class='ocrx_word' id='word_1_207' title='bbox 2206 1610 2310 1652; x_wconf 81' lang='grc' dir='ltr'><strong>ιιου</strong></span> <span class='ocrx_word' id='word_1_208' title='bbox 2344 1606 2466 1665; x_wconf 92' lang='lat' dir='ltr'><strong>post</strong></span> <span class='ocrx_word' id='word_1_209' title='bbox 2510 1596 2769 1654; x_wconf 64' lang='lat' dir='ltr'><strong>Ecciesia:</strong></span> <span class='ocrx_word' id='word_1_210' title='bbox 2813 1598 2865 1653; x_wconf 91' lang='lat' dir='ltr'><strong>in</strong></span> <span class='ocrx_word' id='word_1_211' title='bbox 2896 1598 3087 1654; x_wconf 91' lang='lat' dir='ltr'><strong>eadem</strong></span> <span class='ocrx_word' id='word_1_212' title='bbox 3117 1600 3415 1668; x_wconf 69' lang='lat' dir='ltr'><strong>quaestione</strong></span> <span class='ocrx_word' id='word_1_213' title='bbox 3457 1600 3811 1669; x_wconf 86' lang='lat' dir='ltr'><strong>sententiam,</strong></span> 
     </span>
    </p>
   </div>
   <div class='ocr_carea' id='block_1_32' title="bbox 2204 1687 3811 1761">
    <p class='ocr_par' dir='ltr' id='par_1_32' title="bbox 2204 1687 3811 1761">
     <span class='ocr_line' id='line_1_32' title="bbox 2204 1687 3811 1761; baseline 0.002 -19"><span class='ocrx_word' id='word_1_214' title='bbox 2204 1701 2328 1742; x_wconf 88' lang='lat' dir='ltr'><strong>cum</strong></span> <span class='ocrx_word' id='word_1_215' title='bbox 2355 1687 2593 1743; x_wconf 69' lang='lat' dir='ltr'><strong>haeretici</strong></span> <span class='ocrx_word' id='word_1_216' title='bbox 2621 1688 2908 1758; x_wconf 76' lang='lat' dir='ltr'><strong>segregati,</strong></span> <span class='ocrx_word' id='word_1_217' title='bbox 2940 1690 3234 1744; x_wconf 90' lang='lat' dir='ltr'><strong>astruendo</strong></span> <span class='ocrx_word' id='word_1_218' title='bbox 3259 1690 3385 1744; x_wconf 88' lang='lat' dir='ltr'><strong>talia</strong></span> <span class='ocrx_word' id='word_1_219' title='bbox 3428 1692 3598 1761; x_wconf 87' lang='lat' dir='ltr'><strong>ipsam</strong></span> <span class='ocrx_word' id='word_1_220' title='bbox 3632 1692 3811 1759; x_wconf 86' lang='lat' dir='ltr'><strong>impu-</strong></span> 
     </span>
    </p>
   </div>
   <div class='ocr_carea' id='block_1_33' title="bbox 498 1772 3811 1854">
    <p class='ocr_par' dir='ltr' id='par_1_33' title="bbox 498 1772 3811 1854">
     <span class='ocr_line' id='line_1_33' title="bbox 498 1772 3811 1854; baseline 0 -18"><span class='ocrx_word' id='word_1_221' title='bbox 498 1782 685 1836; x_wconf 87' lang='lat' dir='ltr'><strong>demus</strong></span> <span class='ocrx_word' id='word_1_222' title='bbox 708 1782 1073 1851; x_wconf 83' lang='lat' dir='ltr'><strong>Eutychianis,</strong></span> <span class='ocrx_word' id='word_1_223' title='bbox 1091 1783 1233 1853; x_wconf 90' lang='lat' dir='ltr'><strong>quod</strong></span> <span class='ocrx_word' id='word_1_224' title='bbox 1253 1785 1747 1839; x_wconf 87' lang='lat' dir='ltr'><strong>reverentissimum</strong></span> <span class='ocrx_word' id='word_1_225' title='bbox 1771 1783 1912 1838; x_wconf 89' lang='lat' dir='ltr'><strong>ibam</strong></span> <span class='ocrx_word' id='word_1_226' title='bbox 1932 1797 2095 1853; x_wconf 79' lang='lat' dir='ltr'><strong>syno—</strong></span> <span class='ocrx_word' id='word_1_227' title='bbox 2129 1787 2172 1845; x_wconf 82' lang='grc' dir='ltr'><strong>Β</strong></span> <span class='ocrx_word' id='word_1_228' title='bbox 2198 1790 2496 1849; x_wconf 87' lang='lat' dir='ltr'><strong>guaverunt</strong></span> <span class='ocrx_word' id='word_1_229' title='bbox 2539 1780 2864 1838; x_wconf 87' lang='lat' dir='ltr'><strong>Ecclesiam.</strong></span> <span class='ocrx_word' id='word_1_230' title='bbox 2896 1782 3146 1838; x_wconf 88' lang='lat' dir='ltr'><strong>Forsitan</strong></span> <span class='ocrx_word' id='word_1_231' title='bbox 3177 1782 3369 1854; x_wconf 84' lang='lat' dir='ltr'><strong>aliquis</strong></span> <span class='ocrx_word' id='word_1_232' title='bbox 3392 1782 3535 1838; x_wconf 88' lang='lat' dir='ltr'><strong>dicat</strong></span> <span class='ocrx_word' id='word_1_233' title='bbox 3562 1799 3576 1837; x_wconf 88' lang='lat'><strong>:</strong></span> <span class='ocrx_word' id='word_1_234' title='bbox 3612 1772 3811 1839; x_wconf 78' lang='lat' dir='ltr'><strong>Debuit</strong></span> 
     </span>
    </p>
   </div>
   <div class='ocr_carea' id='block_1_34' title="bbox 497 1869 2095 1944">
    <p class='ocr_par' dir='ltr' id='par_1_34' title="bbox 497 1869 2095 1944">
     <span class='ocr_line' id='line_1_34' title="bbox 497 1869 2095 1944; baseline 0.002 -19"><span class='ocrx_word' id='word_1_235' title='bbox 497 1872 596 1925; x_wconf 79' lang='lat' dir='ltr'><strong>dus</strong></span> <span class='ocrx_word' id='word_1_236' title='bbox 622 1869 1082 1927; x_wconf 85' lang='lat' dir='ltr'><strong>Chalcedonensis</strong></span> <span class='ocrx_word' id='word_1_237' title='bbox 1129 1873 1423 1928; x_wconf 89' lang='lat' dir='ltr'><strong>crediderit</strong></span> <span class='ocrx_word' id='word_1_238' title='bbox 1464 1889 1569 1929; x_wconf 92' lang='lat' dir='ltr'><strong>non</strong></span> <span class='ocrx_word' id='word_1_239' title='bbox 1616 1875 1894 1944; x_wconf 75' lang='lat' dir='ltr'><strong>ignorasse</strong></span> <span class='ocrx_word' id='word_1_240' title='bbox 1918 1874 2095 1931; x_wconf 65' lang='lat' dir='ltr'><strong>Thrau-</strong></span> 
     </span>
    </p>
   </div>
   <div class='ocr_carea' id='block_1_35' title="bbox 498 1963 2095 2035">
    <p class='ocr_par' dir='ltr' id='par_1_35' title="bbox 498 1963 2095 2035">
     <span class='ocr_line' id='line_1_35' title="bbox 498 1963 2095 2035; baseline 0.004 -20"><span class='ocrx_word' id='word_1_241' title='bbox 498 1964 615 2015; x_wconf 91' lang='lat' dir='ltr'><strong>dori</strong></span> <span class='ocrx_word' id='word_1_242' title='bbox 665 1963 807 2019; x_wconf 82' lang='lat' dir='ltr'><strong>dicta</strong></span> <span class='ocrx_word' id='word_1_243' title='bbox 860 1979 981 2032; x_wconf 75' lang='lat' dir='ltr'><strong>qua:</strong></span> <span class='ocrx_word' id='word_1_244' title='bbox 1026 1963 1274 2019; x_wconf 90' lang='lat' dir='ltr'><strong>videntur</strong></span> <span class='ocrx_word' id='word_1_245' title='bbox 1325 1979 1445 2019; x_wconf 90' lang='lat' dir='ltr'><strong>esse</strong></span> <span class='ocrx_word' id='word_1_246' title='bbox 1503 1966 1806 2035; x_wconf 87' lang='lat' dir='ltr'><strong>culpanda;</strong></span> <span class='ocrx_word' id='word_1_247' title='bbox 1855 1966 2095 2035; x_wconf 87' lang='lat' dir='ltr'><strong>nunquid</strong></span> 
     </span>
    </p>
   </div>
   <div class='ocr_carea' id='block_1_36' title="bbox 499 2051 2091 2128">
    <p class='ocr_par' dir='ltr' id='par_1_36' title="bbox 499 2051 2091 2128">
     <span class='ocr_line' id='line_1_36' title="bbox 499 2051 2091 2128; baseline 0.004 -22"><span class='ocrx_word' id='word_1_248' title='bbox 499 2051 620 2107; x_wconf 87' lang='lat' dir='ltr'><strong>ideo</strong></span> <span class='ocrx_word' id='word_1_249' title='bbox 641 2053 759 2121; x_wconf 88' lang='lat' dir='ltr'><strong>ejus</strong></span> <span class='ocrx_word' id='word_1_250' title='bbox 778 2054 1067 2123; x_wconf 89' lang='lat' dir='ltr'><strong>epistolam</strong></span> <span class='ocrx_word' id='word_1_251' title='bbox 1095 2057 1289 2111; x_wconf 89' lang='lat' dir='ltr'><strong>merito</strong></span> <span class='ocrx_word' id='word_1_252' title='bbox 1312 2065 1472 2112; x_wconf 75' lang='lat' dir='ltr'><strong>rectae</strong></span> <span class='ocrx_word' id='word_1_253' title='bbox 1503 2058 1625 2112; x_wconf 83' lang='lat' dir='ltr'><strong>fidei</strong></span> <span class='ocrx_word' id='word_1_254' title='bbox 1646 2072 1807 2128; x_wconf 91' lang='lat' dir='ltr'><strong>quam</strong></span> <span class='ocrx_word' id='word_1_255' title='bbox 1834 2060 2091 2126; x_wconf 86' lang='lat' dir='ltr'><strong>continet,</strong></span> 
     </span>
    </p>
   </div>
   <div class='ocr_carea' id='block_1_37' title="bbox 499 2146 2092 2222">
    <p class='ocr_par' dir='ltr' id='par_1_37' title="bbox 499 2146 2092 2222">
     <span class='ocr_line' id='line_1_37' title="bbox 499 2146 2092 2222; baseline 0.004 -23"><span class='ocrx_word' id='word_1_256' title='bbox 499 2146 856 2200; x_wconf 83' lang='lat' dir='ltr'><strong>orthodoxam</strong></span> <span class='ocrx_word' id='word_1_257' title='bbox 887 2150 1236 2216; x_wconf 89' lang='lat' dir='ltr'><strong>pronuntiare</strong></span> <span class='ocrx_word' id='word_1_258' title='bbox 1258 2165 1361 2204; x_wconf 89' lang='lat' dir='ltr'><strong>non</strong></span> <span class='ocrx_word' id='word_1_259' title='bbox 1393 2150 1616 2205; x_wconf 84' lang='lat' dir='ltr'><strong>debuit?</strong></span> <span class='ocrx_word' id='word_1_260' title='bbox 1648 2154 1943 2222; x_wconf 65' lang='lat' dir='ltr'><strong>praesertim</strong></span> <span class='ocrx_word' id='word_1_261' title='bbox 1972 2168 2092 2206; x_wconf 89' lang='lat' dir='ltr'><strong>cum</strong></span> 
     </span>
    </p>
   </div>
   <div class='ocr_carea' id='block_1_38' title="bbox 500 2236 2094 2304">
    <p class='ocr_par' dir='ltr' id='par_1_38' title="bbox 500 2236 2094 2304">
     <span class='ocr_line' id='line_1_38' title="bbox 500 2236 2094 2304; baseline 0.004 -17"><span class='ocrx_word' id='word_1_262' title='bbox 500 2236 735 2304; x_wconf 88' lang='lat' dir='ltr'><strong>potuerit</strong></span> <span class='ocrx_word' id='word_1_263' title='bbox 780 2236 918 2290; x_wconf 88' lang='lat' dir='ltr'><strong>idem</strong></span> <span class='ocrx_word' id='word_1_264' title='bbox 968 2239 1290 2295; x_wconf 86' lang='lat' dir='ltr'><strong>venerabilis</strong></span> <span class='ocrx_word' id='word_1_265' title='bbox 1338 2240 1457 2294; x_wconf 86' lang='lat' dir='ltr'><strong>lbas</strong></span> <span class='ocrx_word' id='word_1_266' title='bbox 1505 2241 1704 2296; x_wconf 90' lang='lat' dir='ltr'><strong>idcirco</strong></span> <span class='ocrx_word' id='word_1_267' title='bbox 1750 2241 2094 2296; x_wconf 66' lang='lat' dir='ltr'><strong>Theodorum</strong></span> 
     </span>
    </p>
   </div>
   <div class='ocr_carea' id='block_1_39' title="bbox 499 2328 2095 2405">
    <p class='ocr_par' dir='ltr' id='par_1_39' title="bbox 499 2328 2095 2405">
     <span class='ocr_line' id='line_1_39' title="bbox 499 2328 2095 2405; baseline 0.004 -23"><span class='ocrx_word' id='word_1_268' title='bbox 499 2328 721 2399; x_wconf 87' lang='lat' dir='ltr'><strong>ejusque</strong></span> <span class='ocrx_word' id='word_1_269' title='bbox 749 2328 965 2385; x_wconf 86' lang='lat' dir='ltr'><strong>laudare</strong></span> <span class='ocrx_word' id='word_1_270' title='bbox 990 2331 1310 2398; x_wconf 87' lang='lat' dir='ltr'><strong>doctrinam,</strong></span> <span class='ocrx_word' id='word_1_271' title='bbox 1341 2335 1597 2403; x_wconf 86' lang='lat' dir='ltr'><strong>quoniam</strong></span> <span class='ocrx_word' id='word_1_272' title='bbox 1625 2347 1687 2389; x_wconf 91' lang='lat' dir='ltr'><strong>ea</strong></span> <span class='ocrx_word' id='word_1_273' title='bbox 1715 2349 1835 2405; x_wconf 79' lang='lat' dir='ltr'><strong>quae</strong></span> <span class='ocrx_word' id='word_1_274' title='bbox 1860 2335 1912 2389; x_wconf 91' lang='lat' dir='ltr'><strong>in</strong></span> <span class='ocrx_word' id='word_1_275' title='bbox 1945 2334 2095 2389; x_wconf 91' lang='lat' dir='ltr'><strong>libris</strong></span> 
     </span>
    </p>
   </div>
   <div class='ocr_carea' id='block_1_40' title="bbox 499 2418 2095 2491">
    <p class='ocr_par' dir='ltr' id='par_1_40' title="bbox 499 2418 2095 2491">
     <span class='ocr_line' id='line_1_40' title="bbox 499 2418 2095 2491; baseline 0.003 -16"><span class='ocrx_word' id='word_1_276' title='bbox 499 2418 616 2488; x_wconf 86' lang='lat' dir='ltr'><strong>ejus</strong></span> <span class='ocrx_word' id='word_1_277' title='bbox 645 2420 1088 2489; x_wconf 85' lang='lat' dir='ltr'><strong>reprehensibilia</strong></span> <span class='ocrx_word' id='word_1_278' title='bbox 1125 2421 1434 2491; x_wconf 86' lang='lat' dir='ltr'><strong>judicabat,</strong></span> <span class='ocrx_word' id='word_1_279' title='bbox 1466 2424 1549 2480; x_wconf 90' lang='lat' dir='ltr'><strong>vel</strong></span> <span class='ocrx_word' id='word_1_280' title='bbox 1590 2424 1659 2478; x_wconf 85' lang='lat' dir='ltr'><strong>ab</strong></span> <span class='ocrx_word' id='word_1_281' title='bbox 1698 2426 1967 2480; x_wconf 70' lang='lat' dir='ltr'><strong>haereticis</strong></span> <span class='ocrx_word' id='word_1_282' title='bbox 1996 2425 2095 2479; x_wconf 87' lang='lat' dir='ltr'><strong>im-</strong></span> 
     </span>
    </p>
   </div>
   <div class='ocr_carea' id='block_1_41' title="bbox 500 2509 2094 2585">
    <p class='ocr_par' dir='ltr' id='par_1_41' title="bbox 500 2509 2094 2585">
     <span class='ocr_line' id='line_1_41' title="bbox 500 2509 2094 2585; baseline 0.005 -22"><span class='ocrx_word' id='word_1_283' title='bbox 500 2509 697 2575; x_wconf 86' lang='lat' dir='ltr'><strong>missa,</strong></span> <span class='ocrx_word' id='word_1_284' title='bbox 736 2510 822 2565; x_wconf 87' lang='lat' dir='ltr'><strong>vel</strong></span> <span class='ocrx_word' id='word_1_285' title='bbox 863 2513 932 2565; x_wconf 90' lang='lat' dir='ltr'><strong>ab</strong></span> <span class='ocrx_word' id='word_1_286' title='bbox 960 2513 1075 2581; x_wconf 92' lang='lat' dir='ltr'><strong>ipso</strong></span> <span class='ocrx_word' id='word_1_287' title='bbox 1114 2512 1397 2569; x_wconf 89' lang='lat' dir='ltr'><strong>Theodoro</strong></span> <span class='ocrx_word' id='word_1_288' title='bbox 1427 2514 1787 2585; x_wconf 84' lang='lat' dir='ltr'><strong>reprehensa,</strong></span> <span class='ocrx_word' id='word_1_289' title='bbox 1819 2516 1958 2571; x_wconf 89' lang='lat' dir='ltr'><strong>sicut</strong></span> <span class='ocrx_word' id='word_1_290' title='bbox 1992 2515 2094 2571; x_wconf 85' lang='lat' dir='ltr'><strong>do-</strong></span> 
     </span>
    </p>
   </div>
   <div class='ocr_carea' id='block_1_42' title="bbox 498 2605 2097 2669">
    <p class='ocr_par' dir='ltr' id='par_1_42' title="bbox 498 2605 2097 2669">
     <span class='ocr_line' id='line_1_42' title="bbox 498 2605 2097 2669; baseline 0.004 -11"><span class='ocrx_word' id='word_1_291' title='bbox 498 2605 739 2669; x_wconf 81' lang='lat' dir='ltr'><strong>cnimus,</strong></span> <span class='ocrx_word' id='word_1_292' title='bbox 769 2605 884 2659; x_wconf 89' lang='lat' dir='ltr'><strong>sive</strong></span> <span class='ocrx_word' id='word_1_293' title='bbox 912 2619 1156 2660; x_wconf 80' lang='lat' dir='ltr'><strong>correcra</strong></span> <span class='ocrx_word' id='word_1_294' title='bbox 1199 2620 1324 2661; x_wconf 84' lang='lat' dir='ltr'><strong>esse</strong></span> <span class='ocrx_word' id='word_1_295' title='bbox 1366 2606 1621 2664; x_wconf 89' lang='lat' dir='ltr'><strong>credebat</strong></span> <span class='ocrx_word' id='word_1_296' title='bbox 1654 2624 1668 2661; x_wconf 91' lang='lat'><strong>:</strong></span> <span class='ocrx_word' id='word_1_297' title='bbox 1701 2618 1756 2663; x_wconf 89' lang='lat' dir='ltr'><strong>et</strong></span> <span class='ocrx_word' id='word_1_298' title='bbox 1796 2622 1902 2662; x_wconf 93' lang='lat' dir='ltr'><strong>non</strong></span> <span class='ocrx_word' id='word_1_299' title='bbox 1934 2623 2000 2662; x_wconf 91' lang='lat' dir='ltr'><strong>ex</strong></span> <span class='ocrx_word' id='word_1_300' title='bbox 2029 2622 2097 2664; x_wconf 91' lang='lat' dir='ltr'><strong>eo</strong></span> 
     </span>
    </p>
   </div>
   <div class='ocr_carea' id='block_1_43' title="bbox 499 2696 2096 2770">
    <p class='ocr_par' dir='ltr' id='par_1_43' title="bbox 499 2696 2096 2770">
     <span class='ocr_line' id='line_1_43' title="bbox 499 2696 2096 2770; baseline 0.003 -20"><span class='ocrx_word' id='word_1_301' title='bbox 499 2696 641 2763; x_wconf 89' lang='lat' dir='ltr'><strong>quod</strong></span> <span class='ocrx_word' id='word_1_302' title='bbox 682 2696 949 2752; x_wconf 87' lang='lat' dir='ltr'><strong>scribendi</strong></span> <span class='ocrx_word' id='word_1_303' title='bbox 996 2697 1216 2767; x_wconf 90' lang='lat' dir='ltr'><strong>capiens</strong></span> <span class='ocrx_word' id='word_1_304' title='bbox 1268 2698 1512 2767; x_wconf 90' lang='lat' dir='ltr'><strong>initium,</strong></span> <span class='ocrx_word' id='word_1_305' title='bbox 1561 2700 1761 2770; x_wconf 84' lang='lat' dir='ltr'><strong>aliquid</strong></span> <span class='ocrx_word' id='word_1_306' title='bbox 1809 2700 2096 2770; x_wconf 88' lang='lat' dir='ltr'><strong>aliquando</strong></span> 
     </span>
    </p>
   </div>
   <div class='ocr_carea' id='block_1_44' title="bbox 501 2788 2095 2861">
    <p class='ocr_par' dir='ltr' id='par_1_44' title="bbox 501 2788 2095 2861">
     <span class='ocr_line' id='line_1_44' title="bbox 501 2788 2095 2861; baseline 0.004 -20"><span class='ocrx_word' id='word_1_307' title='bbox 501 2788 927 2856; x_wconf 88' lang='lat' dir='ltr'><strong>reprehensibile</strong></span> <span class='ocrx_word' id='word_1_308' title='bbox 955 2790 1192 2860; x_wconf 86' lang='lat' dir='ltr'><strong>scripsit,</strong></span> <span class='ocrx_word' id='word_1_309' title='bbox 1221 2800 1313 2846; x_wconf 90' lang='lat' dir='ltr'><strong>aut</strong></span> <span class='ocrx_word' id='word_1_310' title='bbox 1342 2806 1411 2847; x_wconf 91' lang='lat' dir='ltr'><strong>ex</strong></span> <span class='ocrx_word' id='word_1_311' title='bbox 1440 2791 1591 2861; x_wconf 89' lang='lat' dir='ltr'><strong>lapsu</strong></span> <span class='ocrx_word' id='word_1_312' title='bbox 1621 2794 1889 2848; x_wconf 75' lang='lat' dir='ltr'><strong>sermonis</strong></span> <span class='ocrx_word' id='word_1_313' title='bbox 1916 2792 2095 2847; x_wconf 85' lang='lat' dir='ltr'><strong>incur-</strong></span> 
     </span>
    </p>
   </div>
   <div class='ocr_carea' id='block_1_45' title="bbox 500 2880 2098 2957">
    <p class='ocr_par' dir='ltr' id='par_1_45' title="bbox 500 2880 2098 2957">
     <span class='ocr_line' id='line_1_45' title="bbox 500 2880 2098 2957; baseline 0.004 -21"><span class='ocrx_word' id='word_1_314' title='bbox 500 2880 602 2946; x_wconf 89' lang='lat' dir='ltr'><strong>rit,</strong></span> <span class='ocrx_word' id='word_1_315' title='bbox 647 2883 765 2951; x_wconf 86' lang='lat' dir='ltr'><strong>ejus</strong></span> <span class='ocrx_word' id='word_1_316' title='bbox 803 2882 1048 2939; x_wconf 86' lang='lat' dir='ltr'><strong>doctrina</strong></span> <span class='ocrx_word' id='word_1_317' title='bbox 1092 2884 1381 2952; x_wconf 88' lang='lat' dir='ltr'><strong>judicanda</strong></span> <span class='ocrx_word' id='word_1_318' title='bbox 1429 2885 1634 2952; x_wconf 87' lang='lat' dir='ltr'><strong>fuerat;</strong></span> <span class='ocrx_word' id='word_1_319' title='bbox 1686 2888 1779 2942; x_wconf 91' lang='lat' dir='ltr'><strong>sed</strong></span> <span class='ocrx_word' id='word_1_320' title='bbox 1822 2901 1889 2943; x_wconf 90' lang='lat' dir='ltr'><strong>eo</strong></span> <span class='ocrx_word' id='word_1_321' title='bbox 1921 2887 2098 2957; x_wconf 86' lang='lat' dir='ltr'><strong>potius</strong></span> 
     </span>
    </p>
   </div>
   <div class='ocr_carea' id='block_1_46' title="bbox 502 2975 2097 3049">
    <p class='ocr_par' dir='ltr' id='par_1_46' title="bbox 502 2975 2097 3049">
     <span class='ocr_line' id='line_1_46' title="bbox 502 2975 2097 3049; baseline 0.004 -21"><span class='ocrx_word' id='word_1_322' title='bbox 502 2975 641 3043; x_wconf 75' lang='lat' dir='ltr'><strong>quod</strong></span> <span class='ocrx_word' id='word_1_323' title='bbox 672 2976 716 3029; x_wconf 91' lang='lat' dir='ltr'><strong>si</strong></span> <span class='ocrx_word' id='word_1_324' title='bbox 763 2976 889 3045; x_wconf 91' lang='lat' dir='ltr'><strong>quid</strong></span> <span class='ocrx_word' id='word_1_325' title='bbox 929 2976 984 3031; x_wconf 89' lang='lat' dir='ltr'><strong>in</strong></span> <span class='ocrx_word' id='word_1_326' title='bbox 1015 2991 1079 3031; x_wconf 89' lang='lat' dir='ltr'><strong>ea</strong></span> <span class='ocrx_word' id='word_1_327' title='bbox 1123 2977 1390 3047; x_wconf 87' lang='lat' dir='ltr'><strong>culpabile</strong></span> <span class='ocrx_word' id='word_1_328' title='bbox 1421 2977 1723 3045; x_wconf 79' lang='lat' dir='ltr'><strong>videbatur,</strong></span> <span class='ocrx_word' id='word_1_329' title='bbox 1753 2979 1867 3048; x_wconf 91' lang='lat' dir='ltr'><strong>ipse</strong></span> <span class='ocrx_word' id='word_1_330' title='bbox 1909 2994 2097 3049; x_wconf 88' lang='lat' dir='ltr'><strong>repre-</strong></span> 
     </span>
    </p>
   </div>
   <div class='ocr_carea' id='block_1_47' title="bbox 503 3070 2097 3142">
    <p class='ocr_par' dir='ltr' id='par_1_47' title="bbox 503 3070 2097 3142">
     <span class='ocr_line' id='line_1_47' title="bbox 503 3070 2097 3142; baseline 0.003 -17"><span class='ocrx_word' id='word_1_331' title='bbox 503 3070 690 3126; x_wconf 88' lang='lat' dir='ltr'><strong>bendit</strong></span> <span class='ocrx_word' id='word_1_332' title='bbox 730 3084 891 3142; x_wconf 91' lang='lat' dir='ltr'><strong>atque</strong></span> <span class='ocrx_word' id='word_1_333' title='bbox 916 3073 1172 3127; x_wconf 79' lang='lat' dir='ltr'><strong>correxit.</strong></span> <span class='ocrx_word' id='word_1_334' title='bbox 1217 3072 1347 3127; x_wconf 84' lang='lat' dir='ltr'><strong>Nam</strong></span> <span class='ocrx_word' id='word_1_335' title='bbox 1392 3073 1437 3127; x_wconf 90' lang='lat' dir='ltr'><strong>si</strong></span> <span class='ocrx_word' id='word_1_336' title='bbox 1469 3086 1629 3127; x_wconf 85' lang='lat' dir='ltr'><strong>nemo</strong></span> <span class='ocrx_word' id='word_1_337' title='bbox 1671 3073 1883 3142; x_wconf 87' lang='lat' dir='ltr'><strong>sapiens</strong></span> <span class='ocrx_word' id='word_1_338' title='bbox 1914 3073 2097 3130; x_wconf 86' lang='lat' dir='ltr'><strong>Eccle-</strong></span> 
     </span>
    </p>
   </div>
   <div class='ocr_carea' id='block_1_48' title="bbox 2202 1873 3811 1944">
    <p class='ocr_par' dir='ltr' id='par_1_48' title="bbox 2202 1873 3811 1944">
     <span class='ocr_line' id='line_1_48' title="bbox 2202 1873 3811 1944; baseline 0.001 -15"><span class='ocrx_word' id='word_1_339' title='bbox 2202 1888 2334 1944; x_wconf 83' lang='lat' dir='ltr'><strong>ergo</strong></span> <span class='ocrx_word' id='word_1_340' title='bbox 2363 1873 2603 1944; x_wconf 80' lang='lat' dir='ltr'><strong>synodus</strong></span> <span class='ocrx_word' id='word_1_341' title='bbox 2622 1912 2639 1940; x_wconf 90' lang='lat'><strong>,</strong></span> <span class='ocrx_word' id='word_1_342' title='bbox 2669 1874 2715 1930; x_wconf 91' lang='lat' dir='ltr'><strong>si</strong></span> <span class='ocrx_word' id='word_1_343' title='bbox 2757 1889 2866 1929; x_wconf 92' lang='lat' dir='ltr'><strong>non</strong></span> <span class='ocrx_word' id='word_1_344' title='bbox 2894 1874 3267 1943; x_wconf 79' lang='lat' dir='ltr'><strong>Theodorum,</strong></span> <span class='ocrx_word' id='word_1_345' title='bbox 3313 1874 3440 1944; x_wconf 89' lang='lat' dir='ltr'><strong>quia</strong></span> <span class='ocrx_word' id='word_1_346' title='bbox 3467 1876 3519 1929; x_wconf 92' lang='lat' dir='ltr'><strong>in</strong></span> <span class='ocrx_word' id='word_1_347' title='bbox 3548 1874 3811 1930; x_wconf 78' lang='lat' dir='ltr'><strong>Ecclesia:</strong></span> 
     </span>
    </p>
   </div>
   <div class='ocr_carea' id='block_1_49' title="bbox 2199 1964 3808 2037">
    <p class='ocr_par' dir='ltr' id='par_1_49' title="bbox 2199 1964 3808 2037">
     <span class='ocr_line' id='line_1_49' title="bbox 2199 1964 3808 2037; baseline 0.001 -18"><span class='ocrx_word' id='word_1_348' title='bbox 2199 1979 2328 2034; x_wconf 90' lang='lat' dir='ltr'><strong>pace</strong></span> <span class='ocrx_word' id='word_1_349' title='bbox 2374 1964 2659 2020; x_wconf 88' lang='lat' dir='ltr'><strong>defunctus</strong></span> <span class='ocrx_word' id='word_1_350' title='bbox 2703 1972 2815 2031; x_wconf 86' lang='lat' dir='ltr'><strong>est;</strong></span> <span class='ocrx_word' id='word_1_351' title='bbox 2868 1980 3047 2035; x_wconf 91' lang='lat' dir='ltr'><strong>neque</strong></span> <span class='ocrx_word' id='word_1_352' title='bbox 3092 1972 3259 2021; x_wconf 88' lang='lat' dir='ltr'><strong>totam</strong></span> <span class='ocrx_word' id='word_1_353' title='bbox 3307 1966 3426 2037; x_wconf 89' lang='lat' dir='ltr'><strong>ejus</strong></span> <span class='ocrx_word' id='word_1_354' title='bbox 3471 1965 3808 2032; x_wconf 89' lang='lat' dir='ltr'><strong>doctrinam,</strong></span> 
     </span>
    </p>
   </div>
   <div class='ocr_carea' id='block_1_50' title="bbox 2196 2053 3808 2127">
    <p class='ocr_par' dir='ltr' id='par_1_50' title="bbox 2196 2053 3808 2127">
     <span class='ocr_line' id='line_1_50' title="bbox 2196 2053 3808 2127; baseline 0.003 -21"><span class='ocrx_word' id='word_1_355' title='bbox 2196 2056 2447 2125; x_wconf 89' lang='lat' dir='ltr'><strong>quoniam</strong></span> <span class='ocrx_word' id='word_1_356' title='bbox 2481 2056 2644 2109; x_wconf 86' lang='lat' dir='ltr'><strong>multa</strong></span> <span class='ocrx_word' id='word_1_357' title='bbox 2681 2065 2827 2112; x_wconf 89' lang='lat' dir='ltr'><strong>recte</strong></span> <span class='ocrx_word' id='word_1_358' title='bbox 2859 2057 3072 2111; x_wconf 90' lang='lat' dir='ltr'><strong>locutus</strong></span> <span class='ocrx_word' id='word_1_359' title='bbox 3095 2065 3178 2112; x_wconf 89' lang='lat' dir='ltr'><strong>est</strong></span> <span class='ocrx_word' id='word_1_360' title='bbox 3198 2099 3212 2125; x_wconf 92' lang='lat'><strong>,</strong></span> <span class='ocrx_word' id='word_1_361' title='bbox 3250 2057 3367 2126; x_wconf 91' lang='lat' dir='ltr'><strong>ipsa</strong></span> <span class='ocrx_word' id='word_1_362' title='bbox 3396 2066 3545 2113; x_wconf 89' lang='lat' dir='ltr'><strong>certe</strong></span> <span class='ocrx_word' id='word_1_363' title='bbox 3572 2053 3694 2127; x_wconf 62' lang='lat' dir='ltr'><strong>qui:</strong></span> <span class='ocrx_word' id='word_1_364' title='bbox 3722 2056 3808 2111; x_wconf 83' lang='lat' dir='ltr'><strong>of-</strong></span> 
     </span>
    </p>
   </div>
   <div class='ocr_carea' id='block_1_51' title="bbox 2197 2144 3807 2218">
    <p class='ocr_par' dir='ltr' id='par_1_51' title="bbox 2197 2144 3807 2218">
     <span class='ocr_line' id='line_1_51' title="bbox 2197 2144 3807 2218; baseline 0.001 -19"><span class='ocrx_word' id='word_1_365' title='bbox 2197 2146 2421 2200; x_wconf 88' lang='lat' dir='ltr'><strong>fendunt</strong></span> <span class='ocrx_word' id='word_1_366' title='bbox 2447 2144 2565 2215; x_wconf 88' lang='lat' dir='ltr'><strong>ejus</strong></span> <span class='ocrx_word' id='word_1_367' title='bbox 2610 2145 2751 2199; x_wconf 90' lang='lat' dir='ltr'><strong>dicta</strong></span> <span class='ocrx_word' id='word_1_368' title='bbox 2791 2146 3078 2202; x_wconf 88' lang='lat' dir='ltr'><strong>damnare.</strong></span> <span class='ocrx_word' id='word_1_369' title='bbox 3123 2147 3364 2202; x_wconf 80' lang='lat' dir='ltr'><strong>Primum</strong></span> <span class='ocrx_word' id='word_1_370' title='bbox 3403 2145 3557 2218; x_wconf 85' lang='lat' dir='ltr'><strong>cujus</strong></span> <span class='ocrx_word' id='word_1_371' title='bbox 3585 2146 3807 2217; x_wconf 76' lang='lat' dir='ltr'><strong>synodi,</strong></span> 
     </span>
    </p>
   </div>
   <div class='ocr_carea' id='block_1_52' title="bbox 2198 2234 3810 2310">
    <p class='ocr_par' dir='ltr' id='par_1_52' title="bbox 2198 2234 3810 2310">
     <span class='ocr_line' id='line_1_52' title="bbox 2198 2234 3810 2310; baseline -0.001 -17"><span class='ocrx_word' id='word_1_372' title='bbox 2198 2249 2256 2293; x_wconf 92' lang='lat' dir='ltr'><strong>ut</strong></span> <span class='ocrx_word' id='word_1_373' title='bbox 2284 2240 2387 2294; x_wconf 83' lang='lat' dir='ltr'><strong>hoc</strong></span> <span class='ocrx_word' id='word_1_374' title='bbox 2431 2239 2652 2305; x_wconf 83' lang='lat' dir='ltr'><strong>faceret,</strong></span> <span class='ocrx_word' id='word_1_375' title='bbox 2684 2234 3005 2309; x_wconf 58' lang='lat' dir='ltr'><strong>setiueretur</strong></span> <span class='ocrx_word' id='word_1_376' title='bbox 3035 2240 3386 2310; x_wconf 83' lang='lat' dir='ltr'><strong>exemplum?</strong></span> <span class='ocrx_word' id='word_1_377' title='bbox 3413 2239 3520 2295; x_wconf 81' lang='lat' dir='ltr'><strong>Sed</strong></span> <span class='ocrx_word' id='word_1_378' title='bbox 3549 2240 3810 2294; x_wconf 83' lang='lat' dir='ltr'><strong>ostenda-</strong></span> 
     </span>
    </p>
   </div>
   <div class='ocr_carea' id='block_1_53' title="bbox 2200 2332 3807 2403">
    <p class='ocr_par' dir='ltr' id='par_1_53' title="bbox 2200 2332 3807 2403">
     <span class='ocr_line' id='line_1_53' title="bbox 2200 2332 3807 2403; baseline -0.002 -14"><span class='ocrx_word' id='word_1_379' title='bbox 2200 2343 2287 2389; x_wconf 85' lang='lat' dir='ltr'><strong>tur</strong></span> <span class='ocrx_word' id='word_1_380' title='bbox 2333 2333 2591 2403; x_wconf 73' lang='lat' dir='ltr'><strong>qumlibet</strong></span> <span class='ocrx_word' id='word_1_381' title='bbox 2620 2335 2862 2403; x_wconf 84' lang='lat' dir='ltr'><strong>synodus</strong></span> <span class='ocrx_word' id='word_1_382' title='bbox 2910 2333 3141 2401; x_wconf 84' lang='lat' dir='ltr'><strong>alicujus</strong></span> <span class='ocrx_word' id='word_1_383' title='bbox 3179 2332 3478 2388; x_wconf 82' lang='lat' dir='ltr'><strong>doetissimi</strong></span> <span class='ocrx_word' id='word_1_384' title='bbox 3507 2332 3607 2387; x_wconf 87' lang='lat' dir='ltr'><strong>viri</strong></span> <span class='ocrx_word' id='word_1_385' title='bbox 3651 2342 3704 2387; x_wconf 88' lang='lat' dir='ltr'><strong>et</strong></span> <span class='ocrx_word' id='word_1_386' title='bbox 3752 2334 3807 2386; x_wconf 89' lang='lat' dir='ltr'><strong>in</strong></span> 
     </span>
    </p>
   </div>
   <div class='ocr_carea' id='block_1_54' title="bbox 2199 2424 3809 2496">
    <p class='ocr_par' dir='ltr' id='par_1_54' title="bbox 2199 2424 3809 2496">
     <span class='ocr_line' id='line_1_54' title="bbox 2199 2424 3809 2496; baseline -0.004 -14"><span class='ocrx_word' id='word_1_387' title='bbox 2199 2425 2439 2482; x_wconf 82' lang='lat' dir='ltr'><strong>Ecclesia</strong></span> <span class='ocrx_word' id='word_1_388' title='bbox 2468 2426 2891 2496; x_wconf 85' lang='lat' dir='ltr'><strong>perseverantis,</strong></span> <span class='ocrx_word' id='word_1_389' title='bbox 2920 2426 3061 2482; x_wconf 89' lang='lat' dir='ltr'><strong>dicta</strong></span> <span class='ocrx_word' id='word_1_390' title='bbox 3078 2441 3145 2482; x_wconf 90' lang='lat' dir='ltr'><strong>ex</strong></span> <span class='ocrx_word' id='word_1_391' title='bbox 3168 2426 3348 2480; x_wconf 90' lang='lat' dir='ltr'><strong>multis</strong></span> <span class='ocrx_word' id='word_1_392' title='bbox 3370 2425 3622 2495; x_wconf 74' lang='lat' dir='ltr'><strong>decerpta</strong></span> <span class='ocrx_word' id='word_1_393' title='bbox 3654 2424 3809 2477; x_wconf 84' lang='lat' dir='ltr'><strong>dam-</strong></span> 
     </span>
    </p>
   </div>
   <div class='ocr_carea' id='block_1_55' title="bbox 2198 2516 3806 2585">
    <p class='ocr_par' dir='ltr' id='par_1_55' title="bbox 2198 2516 3806 2585">
     <span class='ocr_line' id='line_1_55' title="bbox 2198 2516 3806 2585; baseline -0.002 -13"><span class='ocrx_word' id='word_1_394' title='bbox 2198 2532 2379 2585; x_wconf 87' lang='lat' dir='ltr'><strong>nasse,</strong></span> <span class='ocrx_word' id='word_1_395' title='bbox 2413 2525 2469 2572; x_wconf 91' lang='lat' dir='ltr'><strong>et</strong></span> <span class='ocrx_word' id='word_1_396' title='bbox 2497 2516 2571 2571; x_wconf 90' lang='lat' dir='ltr'><strong>ita</strong></span> <span class='ocrx_word' id='word_1_397' title='bbox 2605 2516 2800 2573; x_wconf 84' lang='lat' dir='ltr'><strong>saltem</strong></span> <span class='ocrx_word' id='word_1_398' title='bbox 2839 2517 2908 2573; x_wconf 91' lang='lat' dir='ltr'><strong>de</strong></span> <span class='ocrx_word' id='word_1_399' title='bbox 2931 2517 3163 2573; x_wconf 84' lang='lat' dir='ltr'><strong>concilio</strong></span> <span class='ocrx_word' id='word_1_400' title='bbox 3209 2516 3634 2572; x_wconf 87' lang='lat' dir='ltr'><strong>Cbalcedonensi</strong></span> <span class='ocrx_word' id='word_1_401' title='bbox 3665 2530 3806 2583; x_wconf 78' lang='lat' dir='ltr'><strong>que-</strong></span> 
     </span>
    </p>
   </div>
   <div class='ocr_carea' id='block_1_56' title="bbox 2197 2608 3807 2679">
    <p class='ocr_par' dir='ltr' id='par_1_56' title="bbox 2197 2608 3807 2679">
     <span class='ocr_line' id='line_1_56' title="bbox 2197 2608 3807 2679; baseline -0.001 -15"><span class='ocrx_word' id='word_1_402' title='bbox 2197 2620 2407 2665; x_wconf 90' lang='lat' dir='ltr'><strong>rantur.</strong></span> <span class='ocrx_word' id='word_1_403' title='bbox 2437 2608 2644 2664; x_wconf 89' lang='lat' dir='ltr'><strong>Deinde</strong></span> <span class='ocrx_word' id='word_1_404' title='bbox 2689 2609 2906 2679; x_wconf 85' lang='lat' dir='ltr'><strong>quando</strong></span> <span class='ocrx_word' id='word_1_405' title='bbox 2942 2610 3323 2665; x_wconf 89' lang='lat' dir='ltr'><strong>evolverentur</strong></span> <span class='ocrx_word' id='word_1_406' title='bbox 3352 2616 3433 2664; x_wconf 87' lang='lat' dir='ltr'><strong>tot</strong></span> <span class='ocrx_word' id='word_1_407' title='bbox 3464 2608 3587 2663; x_wconf 86' lang='lat' dir='ltr'><strong>libri</strong></span> <span class='ocrx_word' id='word_1_408' title='bbox 3618 2608 3807 2663; x_wconf 81' lang='lat' dir='ltr'><strong>&#39;l‘lteo-</strong></span> 
     </span>
    </p>
   </div>
   <div class='ocr_carea' id='block_1_57' title="bbox 2198 2698 3809 2770">
    <p class='ocr_par' dir='ltr' id='par_1_57' title="bbox 2198 2698 3809 2770">
     <span class='ocr_line' id='line_1_57' title="bbox 2198 2698 3809 2770; baseline -0.001 -16"><span class='ocrx_word' id='word_1_409' title='bbox 2198 2698 2354 2765; x_wconf 87' lang='lat' dir='ltr'><strong>dori,</strong></span> <span class='ocrx_word' id='word_1_410' title='bbox 2398 2709 2449 2754; x_wconf 93' lang='lat' dir='ltr'><strong>ut</strong></span> <span class='ocrx_word' id='word_1_411' title='bbox 2483 2699 2537 2753; x_wconf 91' lang='lat' dir='ltr'><strong>in</strong></span> <span class='ocrx_word' id='word_1_412' title='bbox 2567 2698 2647 2754; x_wconf 88' lang='lat' dir='ltr'><strong>eis</strong></span> <span class='ocrx_word' id='word_1_413' title='bbox 2690 2698 3102 2770; x_wconf 71' lang='lat' dir='ltr'><strong>diligentissime</strong></span> <span class='ocrx_word' id='word_1_414' title='bbox 3130 2708 3290 2770; x_wconf 90' lang='lat' dir='ltr'><strong>atque</strong></span> <span class='ocrx_word' id='word_1_415' title='bbox 3332 2698 3809 2768; x_wconf 78' lang='lat' dir='ltr'><strong>scrupulosissime</strong></span> 
     </span>
    </p>
   </div>
   <div class='ocr_carea' id='block_1_58' title="bbox 2199 2788 3804 2863">
    <p class='ocr_par' dir='ltr' id='par_1_58' title="bbox 2199 2788 3804 2863">
     <span class='ocr_line' id='line_1_58' title="bbox 2199 2788 3804 2863; baseline 0 -18"><span class='ocrx_word' id='word_1_416' title='bbox 2199 2800 2533 2863; x_wconf 71' lang='lat' dir='ltr'><strong>quaereretur</strong></span> <span class='ocrx_word' id='word_1_417' title='bbox 2561 2791 2707 2861; x_wconf 89' lang='lat' dir='ltr'><strong>quod</strong></span> <span class='ocrx_word' id='word_1_418' title='bbox 2737 2790 2977 2861; x_wconf 73' lang='lat' dir='ltr'><strong>legentes</strong></span> <span class='ocrx_word' id='word_1_419' title='bbox 3017 2800 3201 2861; x_wconf 85' lang='lat' dir='ltr'><strong>posset</strong></span> <span class='ocrx_word' id='word_1_420' title='bbox 3243 2790 3557 2845; x_wconf 86' lang='lat' dir='ltr'><strong>oll‘endere?</strong></span> <span class='ocrx_word' id='word_1_421' title='bbox 3584 2789 3714 2845; x_wconf 81' lang='lat' dir='ltr'><strong>Nam</strong></span> <span class='ocrx_word' id='word_1_422' title='bbox 3758 2788 3804 2845; x_wconf 87' lang='lat' dir='ltr'><strong>si</strong></span> 
     </span>
    </p>
   </div>
   <div class='ocr_carea' id='block_1_59' title="bbox 2202 2883 3806 2955">
    <p class='ocr_par' dir='ltr' id='par_1_59' title="bbox 2202 2883 3806 2955">
     <span class='ocr_line' id='line_1_59' title="bbox 2202 2883 3806 2955; baseline 0 -15"><span class='ocrx_word' id='word_1_423' title='bbox 2202 2884 2505 2941; x_wconf 88' lang='lat' dir='ltr'><strong>faciendum</strong></span> <span class='ocrx_word' id='word_1_424' title='bbox 2548 2893 2725 2952; x_wconf 89' lang='lat' dir='ltr'><strong>esset,</strong></span> <span class='ocrx_word' id='word_1_425' title='bbox 2755 2884 2933 2940; x_wconf 88' lang='lat' dir='ltr'><strong>omnia</strong></span> <span class='ocrx_word' id='word_1_426' title='bbox 2963 2884 3164 2953; x_wconf 90' lang='lat' dir='ltr'><strong>scripta</strong></span> <span class='ocrx_word' id='word_1_427' title='bbox 3192 2884 3310 2954; x_wconf 89' lang='lat' dir='ltr'><strong>ejus</strong></span> <span class='ocrx_word' id='word_1_428' title='bbox 3330 2883 3517 2939; x_wconf 89' lang='lat' dir='ltr'><strong>debuit</strong></span> <span class='ocrx_word' id='word_1_429' title='bbox 3563 2884 3806 2955; x_wconf 90' lang='lat' dir='ltr'><strong>synodus</strong></span> 
     </span>
    </p>
   </div>
   <div class='ocr_carea' id='block_1_60' title="bbox 2203 2976 3804 3052">
    <p class='ocr_par' dir='ltr' id='par_1_60' title="bbox 2203 2976 3804 3052">
     <span class='ocr_line' id='line_1_60' title="bbox 2203 2976 3804 3052; baseline 0.001 -19"><span class='ocrx_word' id='word_1_430' title='bbox 2203 2976 2290 3033; x_wconf 89' lang='lat' dir='ltr'><strong>illa</strong></span> <span class='ocrx_word' id='word_1_431' title='bbox 2317 2978 2610 3046; x_wconf 88' lang='lat' dir='ltr'><strong>discutere,</strong></span> <span class='ocrx_word' id='word_1_432' title='bbox 2634 2991 2703 3033; x_wconf 88' lang='lat' dir='ltr'><strong>ne</strong></span> <span class='ocrx_word' id='word_1_433' title='bbox 2728 2976 2772 3030; x_wconf 90' lang='lat' dir='ltr'><strong>si</strong></span> <span class='ocrx_word' id='word_1_434' title='bbox 2800 2992 2921 3032; x_wconf 89' lang='lat' dir='ltr'><strong>eum</strong></span> <span class='ocrx_word' id='word_1_435' title='bbox 2952 2990 3017 3032; x_wconf 90' lang='lat' dir='ltr'><strong>ex</strong></span> <span class='ocrx_word' id='word_1_436' title='bbox 3043 2987 3196 3047; x_wconf 88' lang='lat' dir='ltr'><strong>parte</strong></span> <span class='ocrx_word' id='word_1_437' title='bbox 3223 2978 3673 3049; x_wconf 82' lang='lat' dir='ltr'><strong>reprehenderet,</strong></span> <span class='ocrx_word' id='word_1_438' title='bbox 3701 2995 3804 3052; x_wconf 83' lang='lat' dir='ltr'><strong>ap-</strong></span> 
     </span>
    </p>
   </div>
   <div class='ocr_carea' id='block_1_61' title="bbox 2202 3070 3805 3142">
    <p class='ocr_par' dir='ltr' id='par_1_61' title="bbox 2202 3070 3805 3142">
     <span class='ocr_line' id='line_1_61' title="bbox 2202 3070 3805 3142; baseline 0.003 -17"><span class='ocrx_word' id='word_1_439' title='bbox 2202 3070 2463 3141; x_wconf 85' lang='lat' dir='ltr'><strong>probasse</strong></span> <span class='ocrx_word' id='word_1_440' title='bbox 2502 3079 2699 3125; x_wconf 68' lang='lat' dir='ltr'><strong>caztera</strong></span> <span class='ocrx_word' id='word_1_441' title='bbox 2732 3070 3045 3125; x_wconf 85' lang='lat' dir='ltr'><strong>videretur:</strong></span> <span class='ocrx_word' id='word_1_442' title='bbox 3076 3078 3132 3127; x_wconf 90' lang='lat' dir='ltr'><strong>et</strong></span> <span class='ocrx_word' id='word_1_443' title='bbox 3158 3071 3301 3141; x_wconf 89' lang='lat' dir='ltr'><strong>quod</strong></span> <span class='ocrx_word' id='word_1_444' title='bbox 3330 3079 3541 3142; x_wconf 85' lang='lat' dir='ltr'><strong>tempus</strong></span> <span class='ocrx_word' id='word_1_445' title='bbox 3586 3073 3655 3128; x_wconf 88' lang='lat' dir='ltr'><strong>ad</strong></span> <span class='ocrx_word' id='word_1_446' title='bbox 3686 3073 3805 3131; x_wconf 55' lang='lat' dir='ltr'><strong>haec</strong></span> 
     </span>
    </p>
   </div>
   <div class='ocr_carea' id='block_1_62' title="bbox 502 3158 3806 3238">
    <p class='ocr_par' dir='ltr' id='par_1_62' title="bbox 502 3158 3806 3238">
     <span class='ocr_line' id='line_1_62' title="bbox 502 3158 3806 3238; baseline 0.002 -21"><span class='ocrx_word' id='word_1_447' title='bbox 502 3164 633 3217; x_wconf 82' lang='lat' dir='ltr'><strong>siam</strong></span> <span class='ocrx_word' id='word_1_448' title='bbox 674 3163 846 3217; x_wconf 87' lang='lat' dir='ltr'><strong>credit</strong></span> <span class='ocrx_word' id='word_1_449' title='bbox 893 3164 1199 3219; x_wconf 73' lang='lat' dir='ltr'><strong>litereticam</strong></span> <span class='ocrx_word' id='word_1_450' title='bbox 1222 3207 1238 3232; x_wconf 97' lang='lat'><strong>,</strong></span> <span class='ocrx_word' id='word_1_451' title='bbox 1285 3164 1409 3233; x_wconf 88' lang='lat' dir='ltr'><strong>quia</strong></span> <span class='ocrx_word' id='word_1_452' title='bbox 1458 3164 1763 3221; x_wconf 88' lang='lat' dir='ltr'><strong>doctrinam</strong></span> <span class='ocrx_word' id='word_1_453' title='bbox 1814 3166 1956 3220; x_wconf 88' lang='lat' dir='ltr'><strong>beati</strong></span> <span class='ocrx_word' id='word_1_454' title='bbox 1999 3164 2102 3238; x_wconf 90' lang='lat' dir='ltr'><strong>Cy-</strong></span> <span class='ocrx_word' id='word_1_455' title='bbox 2130 3158 2173 3221; x_wconf 89' lang='lat' dir='ltr'><strong>C</strong></span> <span class='ocrx_word' id='word_1_456' title='bbox 2206 3161 2518 3220; x_wconf 80' lang='lat' dir='ltr'><strong>sufﬁceret?</strong></span> <span class='ocrx_word' id='word_1_457' title='bbox 2548 3162 2632 3218; x_wconf 90' lang='lat' dir='ltr'><strong>vel</strong></span> <span class='ocrx_word' id='word_1_458' title='bbox 2661 3162 2875 3232; x_wconf 89' lang='lat' dir='ltr'><strong>quando</strong></span> <span class='ocrx_word' id='word_1_459' title='bbox 2897 3177 2994 3233; x_wconf 90' lang='lat' dir='ltr'><strong>per</strong></span> <span class='ocrx_word' id='word_1_460' title='bbox 3022 3162 3229 3234; x_wconf 89' lang='lat' dir='ltr'><strong>singula</strong></span> <span class='ocrx_word' id='word_1_461' title='bbox 3255 3171 3521 3220; x_wconf 90' lang='lat' dir='ltr'><strong>tantorum</strong></span> <span class='ocrx_word' id='word_1_462' title='bbox 3550 3166 3806 3223; x_wconf 83' lang='lat' dir='ltr'><strong>sacerdo-</strong></span> 
     </span>
    </p>
   </div>
   <div class='ocr_carea' id='block_1_63' title="bbox 503 3254 2099 3329">
    <p class='ocr_par' dir='ltr' id='par_1_63' title="bbox 503 3254 2099 3329">
     <span class='ocr_line' id='line_1_63' title="bbox 503 3254 2099 3329; baseline 0.004 -24"><span class='ocrx_word' id='word_1_463' title='bbox 503 3254 674 3323; x_wconf 90' lang='lat' dir='ltr'><strong>priani</strong></span> <span class='ocrx_word' id='word_1_464' title='bbox 698 3254 1156 3324; x_wconf 79' lang='lat' dir='ltr'><strong>Carthaginiensis</strong></span> <span class='ocrx_word' id='word_1_465' title='bbox 1200 3255 1441 3325; x_wconf 89' lang='lat' dir='ltr'><strong>episcopi</strong></span> <span class='ocrx_word' id='word_1_466' title='bbox 1490 3268 1545 3312; x_wconf 92' lang='lat' dir='ltr'><strong>et</strong></span> <span class='ocrx_word' id='word_1_467' title='bbox 1586 3257 1837 3329; x_wconf 88' lang='lat' dir='ltr'><strong>martyris</strong></span> <span class='ocrx_word' id='word_1_468' title='bbox 1882 3257 2099 3325; x_wconf 89' lang='lat' dir='ltr'><strong>laudat,</strong></span> 
     </span>
    </p>
   </div>
   <div class='ocr_carea' id='block_1_64' title="bbox 504 3346 2099 3419">
    <p class='ocr_par' dir='ltr' id='par_1_64' title="bbox 504 3346 2099 3419">
     <span class='ocr_line' id='line_1_64' title="bbox 504 3346 2099 3419; baseline 0.005 -20"><span class='ocrx_word' id='word_1_469' title='bbox 504 3361 624 3399; x_wconf 87' lang='lat' dir='ltr'><strong>cum</strong></span> <span class='ocrx_word' id='word_1_470' title='bbox 657 3346 747 3401; x_wconf 90' lang='lat' dir='ltr'><strong>ille</strong></span> <span class='ocrx_word' id='word_1_471' title='bbox 774 3362 878 3400; x_wconf 94' lang='lat' dir='ltr'><strong>non</strong></span> <span class='ocrx_word' id='word_1_472' title='bbox 907 3348 1077 3401; x_wconf 92' lang='lat' dir='ltr'><strong>solum</strong></span> <span class='ocrx_word' id='word_1_473' title='bbox 1110 3349 1383 3417; x_wconf 85' lang='lat' dir='ltr'><strong>privatim,</strong></span> <span class='ocrx_word' id='word_1_474' title='bbox 1412 3358 1471 3405; x_wconf 90' lang='lat' dir='ltr'><strong>ut</strong></span> <span class='ocrx_word' id='word_1_475' title='bbox 1502 3350 1550 3405; x_wconf 90' lang='lat' dir='ltr'><strong>ei</strong></span> <span class='ocrx_word' id='word_1_476' title='bbox 1582 3350 1756 3406; x_wconf 80' lang='lat' dir='ltr'><strong>visum</strong></span> <span class='ocrx_word' id='word_1_477' title='bbox 1789 3360 1891 3419; x_wconf 87' lang='lat' dir='ltr'><strong>est,</strong></span> <span class='ocrx_word' id='word_1_478' title='bbox 1918 3368 2099 3407; x_wconf 92' lang='lat' dir='ltr'><strong>verum</strong></span> 
     </span>
    </p>
   </div>
   <div class='ocr_carea' id='block_1_65' title="bbox 505 3438 2103 3510">
    <p class='ocr_par' dir='ltr' id='par_1_65' title="bbox 505 3438 2103 3510">
     <span class='ocr_line' id='line_1_65' title="bbox 505 3438 2103 3510; baseline 0.006 -19"><span class='ocrx_word' id='word_1_479' title='bbox 505 3438 665 3491; x_wconf 70' lang='lat' dir='ltr'><strong>etiam</strong></span> <span class='ocrx_word' id='word_1_480' title='bbox 695 3450 1021 3510; x_wconf 86' lang='lat' dir='ltr'><strong>congregato</strong></span> <span class='ocrx_word' id='word_1_481' title='bbox 1055 3442 1308 3506; x_wconf 71' lang='lat' dir='ltr'><strong>concilio,</strong></span> <span class='ocrx_word' id='word_1_482' title='bbox 1339 3442 1605 3499; x_wconf 87' lang='lat' dir='ltr'><strong>definierit</strong></span> <span class='ocrx_word' id='word_1_483' title='bbox 1644 3455 1699 3499; x_wconf 93' lang='lat' dir='ltr'><strong>ut</strong></span> <span class='ocrx_word' id='word_1_484' title='bbox 1728 3448 1902 3501; x_wconf 90' lang='lat' dir='ltr'><strong>omnis</strong></span> <span class='ocrx_word' id='word_1_485' title='bbox 1932 3445 2103 3501; x_wconf 71' lang='lat' dir='ltr'><strong>haere-</strong></span> 
     </span>
    </p>
   </div>
   <div class='ocr_carea' id='block_1_66' title="bbox 505 3531 2102 3610">
    <p class='ocr_par' dir='ltr' id='par_1_66' title="bbox 505 3531 2102 3610">
     <span class='ocr_line' id='line_1_66' title="bbox 505 3531 2102 3610; baseline 0.007 -26"><span class='ocrx_word' id='word_1_486' title='bbox 505 3532 644 3585; x_wconf 89' lang='lat' dir='ltr'><strong>ticus</strong></span> <span class='ocrx_word' id='word_1_487' title='bbox 689 3531 757 3586; x_wconf 86' lang='lat' dir='ltr'><strong>ad</strong></span> <span class='ocrx_word' id='word_1_488' title='bbox 802 3532 1094 3588; x_wconf 86' lang='lat' dir='ltr'><strong>Ecclesiam</strong></span> <span class='ocrx_word' id='word_1_489' title='bbox 1142 3533 1360 3591; x_wconf 87' lang='lat' dir='ltr'><strong>rediens</strong></span> <span class='ocrx_word' id='word_1_490' title='bbox 1409 3536 1733 3607; x_wconf 84' lang='lat' dir='ltr'><strong>baptizetur,</strong></span> <span class='ocrx_word' id='word_1_491' title='bbox 1783 3549 1836 3595; x_wconf 93' lang='lat' dir='ltr'><strong>et</strong></span> <span class='ocrx_word' id='word_1_492' title='bbox 1880 3551 2102 3610; x_wconf 88' lang='lat' dir='ltr'><strong>propter</strong></span> 
     </span>
    </p>
   </div>
   <div class='ocr_carea' id='block_1_67' title="bbox 506 3622 2098 3699">
    <p class='ocr_par' dir='ltr' id='par_1_67' title="bbox 506 3622 2098 3699">
     <span class='ocr_line' id='line_1_67' title="bbox 506 3622 2098 3699; baseline 0.005 -22"><span class='ocrx_word' id='word_1_493' title='bbox 506 3622 611 3678; x_wconf 83' lang='lat' dir='ltr'><strong>hoc</strong></span> <span class='ocrx_word' id='word_1_494' title='bbox 633 3626 877 3693; x_wconf 83' lang='lat' dir='ltr'><strong>culpatus</strong></span> <span class='ocrx_word' id='word_1_495' title='bbox 897 3624 966 3679; x_wconf 88' lang='lat' dir='ltr'><strong>ab</strong></span> <span class='ocrx_word' id='word_1_496' title='bbox 991 3626 1266 3696; x_wconf 83' lang='lat' dir='ltr'><strong>Stephano</strong></span> <span class='ocrx_word' id='word_1_497' title='bbox 1293 3628 1533 3684; x_wconf 76' lang='lat' dir='ltr'><strong>antistite</strong></span> <span class='ocrx_word' id='word_1_498' title='bbox 1558 3629 1797 3685; x_wconf 79' lang='lat' dir='ltr'><strong>Romano</strong></span> <span class='ocrx_word' id='word_1_499' title='bbox 1820 3632 2098 3699; x_wconf 88' lang='lat' dir='ltr'><strong>restiterit,</strong></span> 
     </span>
    </p>
   </div>
   <div class='ocr_carea' id='block_1_68' title="bbox 504 3720 2099 3798">
    <p class='ocr_par' dir='ltr' id='par_1_68' title="bbox 504 3720 2099 3798">
     <span class='ocr_line' id='line_1_68' title="bbox 504 3720 2099 3798; baseline 0.008 -29"><span class='ocrx_word' id='word_1_500' title='bbox 504 3731 763 3787; x_wconf 81' lang='lat' dir='ltr'><strong>suamque</strong></span> <span class='ocrx_word' id='word_1_501' title='bbox 791 3720 1108 3775; x_wconf 86' lang='lat' dir='ltr'><strong>sententiam</strong></span> <span class='ocrx_word' id='word_1_502' title='bbox 1149 3721 1391 3777; x_wconf 82' lang='lat' dir='ltr'><strong>scribens</strong></span> <span class='ocrx_word' id='word_1_503' title='bbox 1419 3720 1690 3793; x_wconf 86' lang='lat' dir='ltr'><strong>(Cyprian.</strong></span> <span class='ocrx_word' id='word_1_504' title='bbox 1714 3725 1862 3796; x_wconf 79' lang='lat' dir='ltr'><strong>epist.</strong></span> <span class='ocrx_word' id='word_1_505' title='bbox 1901 3724 1991 3798; x_wconf 63' lang='lat' dir='ltr'><strong>id)</strong></span> <span class='ocrx_word' id='word_1_506' title='bbox 2034 3727 2099 3781; x_wconf 89' lang='lat' dir='ltr'><strong>ad</strong></span> 
     </span>
    </p>
   </div>
   <div class='ocr_carea' id='block_1_69' title="bbox 505 3807 2100 3885">
    <p class='ocr_par' dir='ltr' id='par_1_69' title="bbox 505 3807 2100 3885">
     <span class='ocr_line' id='line_1_69' title="bbox 505 3807 2100 3885; baseline 0.006 -21"><span class='ocrx_word' id='word_1_507' title='bbox 505 3807 853 3878; x_wconf 88' lang='lat' dir='ltr'><strong>Pompeium,</strong></span> <span class='ocrx_word' id='word_1_508' title='bbox 902 3823 1098 3880; x_wconf 89' lang='lat' dir='ltr'><strong>quanta</strong></span> <span class='ocrx_word' id='word_1_509' title='bbox 1138 3814 1311 3882; x_wconf 90' lang='lat' dir='ltr'><strong>potuit</strong></span> <span class='ocrx_word' id='word_1_510' title='bbox 1358 3812 1586 3867; x_wconf 85' lang='lat' dir='ltr'><strong>humana</strong></span> <span class='ocrx_word' id='word_1_511' title='bbox 1640 3818 2100 3885; x_wconf 85' lang='lat' dir='ltr'><strong>argumentatione</strong></span> 
     </span>
    </p>
   </div>
   <div class='ocr_carea' id='block_1_70' title="bbox 505 3900 2101 3973">
    <p class='ocr_par' dir='ltr' id='par_1_70' title="bbox 505 3900 2101 3973">
     <span class='ocr_line' id='line_1_70' title="bbox 505 3900 2101 3973; baseline 0.006 -16"><span class='ocrx_word' id='word_1_512' title='bbox 505 3900 839 3969; x_wconf 85' lang='lat' dir='ltr'><strong>defenderit,</strong></span> <span class='ocrx_word' id='word_1_513' title='bbox 882 3902 1141 3973; x_wconf 80' lang='lat' dir='ltr'><strong>injuriuse</strong></span> <span class='ocrx_word' id='word_1_514' title='bbox 1170 3913 1404 3960; x_wconf 87' lang='lat' dir='ltr'><strong>tractans</strong></span> <span class='ocrx_word' id='word_1_515' title='bbox 1434 3906 1685 3961; x_wconf 86' lang='lat' dir='ltr'><strong>eumdem</strong></span> <span class='ocrx_word' id='word_1_516' title='bbox 1726 3907 1939 3962; x_wconf 92' lang='lat' dir='ltr'><strong>beatum</strong></span> <span class='ocrx_word' id='word_1_517' title='bbox 1981 3911 2101 3966; x_wconf 86' lang='lat' dir='ltr'><strong>Ste-</strong></span> 
     </span>
    </p>
   </div>
   <div class='ocr_carea' id='block_1_71' title="bbox 502 3994 2101 4071">
    <p class='ocr_par' dir='ltr' id='par_1_71' title="bbox 502 3994 2101 4071">
     <span class='ocr_line' id='line_1_71' title="bbox 502 3994 2101 4071; baseline 0.008 -25"><span class='ocrx_word' id='word_1_518' title='bbox 502 3994 765 4064; x_wconf 84' lang='lat' dir='ltr'><strong>phanum,</strong></span> <span class='ocrx_word' id='word_1_519' title='bbox 796 4009 826 4048; x_wconf 88' lang='lat' dir='ltr'><strong>a</strong></span> <span class='ocrx_word' id='word_1_520' title='bbox 858 4010 965 4064; x_wconf 92' lang='lat' dir='ltr'><strong>quo</strong></span> <span class='ocrx_word' id='word_1_521' title='bbox 1008 3994 1179 4051; x_wconf 71' lang='lat' dir='ltr'><strong>fuerat</strong></span> <span class='ocrx_word' id='word_1_522' title='bbox 1216 3996 1340 4066; x_wconf 85' lang='lat' dir='ltr'><strong>jure</strong></span> <span class='ocrx_word' id='word_1_523' title='bbox 1369 3997 1614 4066; x_wconf 90' lang='lat' dir='ltr'><strong>culpatus</strong></span> <span class='ocrx_word' id='word_1_524' title='bbox 1641 4014 1653 4050; x_wconf 91' lang='lat'><strong>:</strong></span> <span class='ocrx_word' id='word_1_525' title='bbox 1687 4001 1958 4068; x_wconf 90' lang='lat' dir='ltr'><strong>quomodo</strong></span> <span class='ocrx_word' id='word_1_526' title='bbox 1987 4003 2101 4071; x_wconf 85' lang='lat' dir='ltr'><strong>epi-</strong></span> 
     </span>
    </p>
   </div>
   <div class='ocr_carea' id='block_1_72' title="bbox 506 4088 2096 4166">
    <p class='ocr_par' dir='ltr' id='par_1_72' title="bbox 506 4088 2096 4166">
     <span class='ocr_line' id='line_1_72' title="bbox 506 4088 2096 4166; baseline 0.006 -25"><span class='ocrx_word' id='word_1_527' title='bbox 506 4088 641 4142; x_wconf 85' lang='lat' dir='ltr'><strong>stola</strong></span> <span class='ocrx_word' id='word_1_528' title='bbox 671 4088 993 4144; x_wconf 86' lang='lat' dir='ltr'><strong>venerabilis</strong></span> <span class='ocrx_word' id='word_1_529' title='bbox 1023 4088 1127 4144; x_wconf 81' lang='lat' dir='ltr'><strong>lbte</strong></span> <span class='ocrx_word' id='word_1_530' title='bbox 1160 4090 1306 4158; x_wconf 89' lang='lat' dir='ltr'><strong>juste</strong></span> <span class='ocrx_word' id='word_1_531' title='bbox 1335 4090 1609 4146; x_wconf 88' lang='lat' dir='ltr'><strong>diceretur</strong></span> <span class='ocrx_word' id='word_1_532' title='bbox 1654 4092 1925 4161; x_wconf 69' lang='lat' dir='ltr'><strong>ltmretica,</strong></span> <span class='ocrx_word' id='word_1_533' title='bbox 1956 4096 2096 4166; x_wconf 91' lang='lat' dir='ltr'><strong>quod</strong></span> 
     </span>
    </p>
   </div>
   <div class='ocr_carea' id='block_1_73' title="bbox 505 4178 2099 4253">
    <p class='ocr_par' dir='ltr' id='par_1_73' title="bbox 505 4178 2099 4253">
     <span class='ocr_line' id='line_1_73' title="bbox 505 4178 2099 4253; baseline 0.006 -20"><span class='ocrx_word' id='word_1_534' title='bbox 505 4178 775 4236; x_wconf 67' lang='grc' dir='ltr'><strong>’Πιεμάοῆ</strong></span> <span class='ocrx_word' id='word_1_535' title='bbox 816 4180 1115 4236; x_wconf 88' lang='lat' dir='ltr'><strong>doctrinam</strong></span> <span class='ocrx_word' id='word_1_536' title='bbox 1160 4180 1432 4249; x_wconf 86' lang='lat' dir='ltr'><strong>laudavit;</strong></span> <span class='ocrx_word' id='word_1_537' title='bbox 1481 4182 1572 4253; x_wconf 91' lang='lat' dir='ltr'><strong>qui</strong></span> <span class='ocrx_word' id='word_1_538' title='bbox 1618 4183 1742 4240; x_wconf 91' lang='lat' dir='ltr'><strong>licet</strong></span> <span class='ocrx_word' id='word_1_539' title='bbox 1787 4185 1841 4240; x_wconf 89' lang='lat' dir='ltr'><strong>in</strong></span> <span class='ocrx_word' id='word_1_540' title='bbox 1872 4188 2099 4243; x_wconf 92' lang='lat' dir='ltr'><strong>concilio</strong></span> 
     </span>
    </p>
   </div>
   <div class='ocr_carea' id='block_1_74' title="bbox 507 4269 2098 4348">
    <p class='ocr_par' dir='ltr' id='par_1_74' title="bbox 507 4269 2098 4348">
     <span class='ocr_line' id='line_1_74' title="bbox 507 4269 2098 4348; baseline 0.008 -26"><span class='ocrx_word' id='word_1_541' title='bbox 507 4269 639 4324; x_wconf 90' lang='lat' dir='ltr'><strong>nihil</strong></span> <span class='ocrx_word' id='word_1_542' title='bbox 668 4271 939 4328; x_wconf 80' lang='lat' dir='ltr'><strong>definierit</strong></span> <span class='ocrx_word' id='word_1_543' title='bbox 966 4274 1179 4328; x_wconf 78' lang='lat' dir='ltr'><strong>teritati</strong></span> <span class='ocrx_word' id='word_1_544' title='bbox 1206 4274 1559 4340; x_wconf 89' lang='lat' dir='ltr'><strong>contrarium,</strong></span> <span class='ocrx_word' id='word_1_545' title='bbox 1587 4283 1766 4331; x_wconf 91' lang='lat' dir='ltr'><strong>tamen</strong></span> <span class='ocrx_word' id='word_1_546' title='bbox 1797 4277 1956 4332; x_wconf 91' lang='lat' dir='ltr'><strong>etiam</strong></span> <span class='ocrx_word' id='word_1_547' title='bbox 1978 4295 2098 4348; x_wconf 77' lang='lat' dir='ltr'><strong>quae</strong></span> 
     </span>
    </p>
   </div>
   <div class='ocr_carea' id='block_1_75' title="bbox 506 4361 2098 4440">
    <p class='ocr_par' dir='ltr' id='par_1_75' title="bbox 506 4361 2098 4440">
     <span class='ocr_line' id='line_1_75' title="bbox 506 4361 2098 4440; baseline 0.009 -28"><span class='ocrx_word' id='word_1_548' title='bbox 506 4361 754 4429; x_wconf 89' lang='lat' dir='ltr'><strong>privatim</strong></span> <span class='ocrx_word' id='word_1_549' title='bbox 781 4364 849 4418; x_wconf 88' lang='lat' dir='ltr'><strong>ab</strong></span> <span class='ocrx_word' id='word_1_550' title='bbox 868 4377 933 4417; x_wconf 94' lang='lat' dir='ltr'><strong>eo</strong></span> <span class='ocrx_word' id='word_1_551' title='bbox 959 4364 1097 4418; x_wconf 89' lang='lat' dir='ltr'><strong>male</strong></span> <span class='ocrx_word' id='word_1_552' title='bbox 1117 4363 1329 4419; x_wconf 88' lang='lat' dir='ltr'><strong>fuerant</strong></span> <span class='ocrx_word' id='word_1_553' title='bbox 1352 4366 1676 4437; x_wconf 83' lang='lat' dir='ltr'><strong>composita,</strong></span> <span class='ocrx_word' id='word_1_554' title='bbox 1701 4378 1893 4440; x_wconf 88' lang='lat' dir='ltr'><strong>sponte</strong></span> <span class='ocrx_word' id='word_1_555' title='bbox 1915 4385 2098 4439; x_wconf 89' lang='lat' dir='ltr'><strong>repre-</strong></span> 
     </span>
    </p>
   </div>
   <div class='ocr_carea' id='block_1_76' title="bbox 508 4452 2096 4532">
    <p class='ocr_par' dir='ltr' id='par_1_76' title="bbox 508 4452 2096 4532">
     <span class='ocr_line' id='line_1_76' title="bbox 508 4452 2096 4532; baseline 0.01 -27"><span class='ocrx_word' id='word_1_556' title='bbox 508 4452 714 4523; x_wconf 84' lang='lat' dir='ltr'><strong>hendit,</strong></span> <span class='ocrx_word' id='word_1_557' title='bbox 747 4464 800 4510; x_wconf 91' lang='lat' dir='ltr'><strong>et</strong></span> <span class='ocrx_word' id='word_1_558' title='bbox 824 4455 911 4511; x_wconf 89' lang='lat' dir='ltr'><strong>ubi</strong></span> <span class='ocrx_word' id='word_1_559' title='bbox 936 4457 1006 4512; x_wconf 90' lang='lat' dir='ltr'><strong>de</strong></span> <span class='ocrx_word' id='word_1_560' title='bbox 1030 4458 1295 4515; x_wconf 89' lang='lat' dir='ltr'><strong>sermonis</strong></span> <span class='ocrx_word' id='word_1_561' title='bbox 1318 4460 1467 4529; x_wconf 83' lang='lat' dir='ltr'><strong>lapsu</strong></span> <span class='ocrx_word' id='word_1_562' title='bbox 1489 4459 1557 4515; x_wconf 87' lang='lat' dir='ltr'><strong>ab</strong></span> <span class='ocrx_word' id='word_1_563' title='bbox 1578 4461 1703 4517; x_wconf 88' lang='lat' dir='ltr'><strong>aliis</strong></span> <span class='ocrx_word' id='word_1_564' title='bbox 1732 4462 2096 4532; x_wconf 84' lang='lat' dir='ltr'><strong>reprehensus</strong></span> 
     </span>
    </p>
   </div>
   <div class='ocr_carea' id='block_1_77' title="bbox 2210 3256 3803 3329">
    <p class='ocr_par' dir='ltr' id='par_1_77' title="bbox 2210 3256 3803 3329">
     <span class='ocr_line' id='line_1_77' title="bbox 2210 3256 3803 3329; baseline 0.003 -17"><span class='ocrx_word' id='word_1_565' title='bbox 2210 3267 2319 3313; x_wconf 90' lang='lat' dir='ltr'><strong>tum</strong></span> <span class='ocrx_word' id='word_1_566' title='bbox 2350 3271 2606 3313; x_wconf 88' lang='lat' dir='ltr'><strong>numerus</strong></span> <span class='ocrx_word' id='word_1_567' title='bbox 2637 3256 2691 3311; x_wconf 88' lang='lat' dir='ltr'><strong>in</strong></span> <span class='ocrx_word' id='word_1_568' title='bbox 2733 3272 2893 3312; x_wconf 86' lang='lat' dir='ltr'><strong>unam</strong></span> <span class='ocrx_word' id='word_1_569' title='bbox 2937 3259 3257 3313; x_wconf 88' lang='lat' dir='ltr'><strong>sententiam</strong></span> <span class='ocrx_word' id='word_1_570' title='bbox 3290 3260 3635 3329; x_wconf 89' lang='lat' dir='ltr'><strong>conveniret;</strong></span> <span class='ocrx_word' id='word_1_571' title='bbox 3674 3278 3803 3317; x_wconf 88' lang='lat' dir='ltr'><strong>cum</strong></span> 
     </span>
    </p>
   </div>
   <div class='ocr_carea' id='block_1_78' title="bbox 2205 3349 3800 3424">
    <p class='ocr_par' dir='ltr' id='par_1_78' title="bbox 2205 3349 3800 3424">
     <span class='ocr_line' id='line_1_78' title="bbox 2205 3349 3800 3424; baseline 0.003 -18"><span class='ocrx_word' id='word_1_572' title='bbox 2205 3351 2421 3406; x_wconf 90' lang='lat' dir='ltr'><strong>diverso</strong></span> <span class='ocrx_word' id='word_1_573' title='bbox 2450 3349 2612 3403; x_wconf 88' lang='lat' dir='ltr'><strong>modo</strong></span> <span class='ocrx_word' id='word_1_574' title='bbox 2643 3359 2921 3405; x_wconf 89' lang='lat' dir='ltr'><strong>moveatur</strong></span> <span class='ocrx_word' id='word_1_575' title='bbox 2966 3351 3179 3405; x_wconf 91' lang='lat' dir='ltr'><strong>animus</strong></span> <span class='ocrx_word' id='word_1_576' title='bbox 3218 3350 3541 3417; x_wconf 90' lang='lat' dir='ltr'><strong>auditorum,</strong></span> <span class='ocrx_word' id='word_1_577' title='bbox 3574 3362 3629 3408; x_wconf 92' lang='lat' dir='ltr'><strong>et</strong></span> <span class='ocrx_word' id='word_1_578' title='bbox 3658 3358 3800 3424; x_wconf 89' lang='lat' dir='ltr'><strong>quod</strong></span> 
     </span>
    </p>
   </div>
   <div class='ocr_carea' id='block_1_79' title="bbox 2206 3442 3801 3509">
    <p class='ocr_par' dir='ltr' id='par_1_79' title="bbox 2206 3442 3801 3509">
     <span class='ocr_line' id='line_1_79' title="bbox 2206 3442 3801 3509; baseline 0.004 -13"><span class='ocrx_word' id='word_1_579' title='bbox 2206 3442 2367 3498; x_wconf 91' lang='lat' dir='ltr'><strong>alium</strong></span> <span class='ocrx_word' id='word_1_580' title='bbox 2391 3442 2636 3509; x_wconf 76' lang='lat' dir='ltr'><strong>olfendit,</strong></span> <span class='ocrx_word' id='word_1_581' title='bbox 2672 3442 2896 3498; x_wconf 88' lang='lat' dir='ltr'><strong>meliore</strong></span> <span class='ocrx_word' id='word_1_582' title='bbox 2916 3442 3199 3498; x_wconf 88' lang='lat' dir='ltr'><strong>intellectu</strong></span> <span class='ocrx_word' id='word_1_583' title='bbox 3216 3445 3350 3501; x_wconf 89' lang='lat' dir='ltr'><strong>alius</strong></span> <span class='ocrx_word' id='word_1_584' title='bbox 3371 3446 3489 3501; x_wconf 90' lang='lat' dir='ltr'><strong>sine</strong></span> <span class='ocrx_word' id='word_1_585' title='bbox 3504 3444 3801 3503; x_wconf 76' lang='lat' dir='ltr'><strong>olfensione</strong></span> 
     </span>
    </p>
   </div>
   <div class='ocr_carea' id='block_1_80' title="bbox 2204 3536 3802 3611">
    <p class='ocr_par' dir='ltr' id='par_1_80' title="bbox 2204 3536 3802 3611">
     <span class='ocr_line' id='line_1_80' title="bbox 2204 3536 3802 3611; baseline 0.003 -20"><span class='ocrx_word' id='word_1_586' title='bbox 2204 3536 2507 3606; x_wconf 86' lang='lat' dir='ltr'><strong>suscipiat?</strong></span> <span class='ocrx_word' id='word_1_587' title='bbox 2557 3537 2756 3593; x_wconf 85' lang='lat' dir='ltr'><strong>Verum</strong></span> <span class='ocrx_word' id='word_1_588' title='bbox 2809 3537 2855 3591; x_wconf 67' lang='lat' dir='ltr'><strong>si</strong></span> <span class='ocrx_word' id='word_1_589' title='bbox 2907 3552 3014 3591; x_wconf 91' lang='lat' dir='ltr'><strong>non</strong></span> <span class='ocrx_word' id='word_1_590' title='bbox 3067 3538 3523 3611; x_wconf 85' lang='lat' dir='ltr'><strong>Eutycltianorum</strong></span> <span class='ocrx_word' id='word_1_591' title='bbox 3578 3542 3802 3597; x_wconf 90' lang='lat' dir='ltr'><strong>arbitrio</strong></span> 
     </span>
    </p>
   </div>
   <div class='ocr_carea' id='block_1_81' title="bbox 2203 3627 3803 3704">
    <p class='ocr_par' dir='ltr' id='par_1_81' title="bbox 2203 3627 3803 3704">
     <span class='ocr_line' id='line_1_81' title="bbox 2203 3627 3803 3704; baseline 0.003 -22"><span class='ocrx_word' id='word_1_592' title='bbox 2203 3628 2488 3694; x_wconf 88' lang='lat' dir='ltr'><strong>serviatur,</strong></span> <span class='ocrx_word' id='word_1_593' title='bbox 2517 3643 2616 3684; x_wconf 92' lang='lat' dir='ltr'><strong>cur</strong></span> <span class='ocrx_word' id='word_1_594' title='bbox 2645 3628 2837 3699; x_wconf 88' lang='lat' dir='ltr'><strong>aliquis</strong></span> <span class='ocrx_word' id='word_1_595' title='bbox 2869 3627 3012 3683; x_wconf 91' lang='lat' dir='ltr'><strong>dicat</strong></span> <span class='ocrx_word' id='word_1_596' title='bbox 3038 3630 3179 3700; x_wconf 91' lang='lat' dir='ltr'><strong>quod</strong></span> <span class='ocrx_word' id='word_1_597' title='bbox 3208 3630 3260 3685; x_wconf 93' lang='lat' dir='ltr'><strong>in</strong></span> <span class='ocrx_word' id='word_1_598' title='bbox 3288 3630 3377 3686; x_wconf 91' lang='lat' dir='ltr'><strong>illa</strong></span> <span class='ocrx_word' id='word_1_599' title='bbox 3400 3632 3608 3704; x_wconf 84' lang='lat' dir='ltr'><strong>synodo</strong></span> <span class='ocrx_word' id='word_1_600' title='bbox 3632 3634 3803 3689; x_wconf 88' lang='lat' dir='ltr'><strong>solius</strong></span> 
     </span>
    </p>
   </div>
   <div class='ocr_carea' id='block_1_82' title="bbox 2205 3718 3803 3794">
    <p class='ocr_par' dir='ltr' id='par_1_82' title="bbox 2205 3718 3803 3794">
     <span class='ocr_line' id='line_1_82' title="bbox 2205 3718 3803 3794; baseline 0.005 -21"><span class='ocrx_word' id='word_1_601' title='bbox 2205 3718 2473 3774; x_wconf 81' lang='lat' dir='ltr'><strong>Theodori</strong></span> <span class='ocrx_word' id='word_1_602' title='bbox 2500 3720 2675 3785; x_wconf 89' lang='lat' dir='ltr'><strong>dicta,</strong></span> <span class='ocrx_word' id='word_1_603' title='bbox 2716 3729 2905 3774; x_wconf 91' lang='lat' dir='ltr'><strong>etnon</strong></span> <span class='ocrx_word' id='word_1_604' title='bbox 2948 3721 3185 3775; x_wconf 89' lang='lat' dir='ltr'><strong>omnium</strong></span> <span class='ocrx_word' id='word_1_605' title='bbox 3232 3722 3571 3794; x_wconf 90' lang='lat' dir='ltr'><strong>antiquorum</strong></span> <span class='ocrx_word' id='word_1_606' title='bbox 3612 3723 3667 3780; x_wconf 91' lang='lat' dir='ltr'><strong>in</strong></span> <span class='ocrx_word' id='word_1_607' title='bbox 3698 3725 3803 3781; x_wconf 86' lang='lat' dir='ltr'><strong>Ec-</strong></span> 
     </span>
    </p>
   </div>
   <div class='ocr_carea' id='block_1_83' title="bbox 2203 3810 3801 3878">
    <p class='ocr_par' dir='ltr' id='par_1_83' title="bbox 2203 3810 3801 3878">
     <span class='ocr_line' id='line_1_83' title="bbox 2203 3810 3801 3878; baseline 0.004 -14"><span class='ocrx_word' id='word_1_608' title='bbox 2203 3811 2367 3865; x_wconf 89' lang='lat' dir='ltr'><strong>clesia</strong></span> <span class='ocrx_word' id='word_1_609' title='bbox 2397 3810 2506 3864; x_wconf 93' lang='lat' dir='ltr'><strong>vita</strong></span> <span class='ocrx_word' id='word_1_610' title='bbox 2538 3810 2946 3878; x_wconf 78' lang='lat' dir='ltr'><strong>excedentium,</strong></span> <span class='ocrx_word' id='word_1_611' title='bbox 2993 3815 3194 3867; x_wconf 90' lang='lat' dir='ltr'><strong>revolvi</strong></span> <span class='ocrx_word' id='word_1_612' title='bbox 3235 3829 3297 3869; x_wconf 88' lang='lat' dir='ltr'><strong>ac</strong></span> <span class='ocrx_word' id='word_1_613' title='bbox 3324 3816 3569 3869; x_wconf 86' lang='lat' dir='ltr'><strong>ventilari</strong></span> <span class='ocrx_word' id='word_1_614' title='bbox 3596 3817 3801 3872; x_wconf 88' lang='lat' dir='ltr'><strong>debue—</strong></span> 
     </span>
    </p>
   </div>
   <div class='ocr_carea' id='block_1_84' title="bbox 2204 3898 3819 3974">
    <p class='ocr_par' dir='ltr' id='par_1_84' title="bbox 2204 3898 3819 3974">
     <span class='ocr_line' id='line_1_84' title="bbox 2204 3898 3819 3974; baseline 0.003 -19"><span class='ocrx_word' id='word_1_615' title='bbox 2204 3901 2348 3955; x_wconf 89' lang='lat' dir='ltr'><strong>rint?</strong></span> <span class='ocrx_word' id='word_1_616' title='bbox 2378 3898 2510 3954; x_wconf 82' lang='lat' dir='ltr'><strong>Nam</strong></span> <span class='ocrx_word' id='word_1_617' title='bbox 2541 3899 2589 3955; x_wconf 91' lang='lat' dir='ltr'><strong>si</strong></span> <span class='ocrx_word' id='word_1_618' title='bbox 2619 3899 2894 3956; x_wconf 84' lang='lat' dir='ltr'><strong>Theodori</strong></span> <span class='ocrx_word' id='word_1_619' title='bbox 2937 3910 3139 3956; x_wconf 89' lang='lat' dir='ltr'><strong>tantum</strong></span> <span class='ocrx_word' id='word_1_620' title='bbox 3186 3904 3429 3973; x_wconf 77' lang='lat' dir='ltr'><strong>quaedam</strong></span> <span class='ocrx_word' id='word_1_621' title='bbox 3458 3905 3655 3974; x_wconf 89' lang='lat' dir='ltr'><strong>scripta</strong></span> <span class='ocrx_word' id='word_1_622' title='bbox 3684 3907 3819 3960; x_wconf 86' lang='lat' dir='ltr'><strong>cui--</strong></span> 
     </span>
    </p>
   </div>
   <div class='ocr_carea' id='block_1_85' title="bbox 2203 3992 3804 4065">
    <p class='ocr_par' dir='ltr' id='par_1_85' title="bbox 2203 3992 3804 4065">
     <span class='ocr_line' id='line_1_85' title="bbox 2203 3992 3804 4065; baseline 0.006 -20"><span class='ocrx_word' id='word_1_623' title='bbox 2203 3999 2385 4062; x_wconf 85' lang='lat' dir='ltr'><strong>paret,</strong></span> <span class='ocrx_word' id='word_1_624' title='bbox 2433 3992 2616 4046; x_wconf 82' lang='lat' dir='ltr'><strong>omnia</strong></span> <span class='ocrx_word' id='word_1_625' title='bbox 2664 3993 2907 4046; x_wconf 89' lang='lat' dir='ltr'><strong>omnium</strong></span> <span class='ocrx_word' id='word_1_626' title='bbox 2957 3996 3287 4062; x_wconf 87' lang='lat' dir='ltr'><strong>approbasse</strong></span> <span class='ocrx_word' id='word_1_627' title='bbox 3326 3996 3626 4065; x_wconf 90' lang='lat' dir='ltr'><strong>videretur,</strong></span> <span class='ocrx_word' id='word_1_628' title='bbox 3680 4014 3804 4055; x_wconf 85' lang='lat' dir='ltr'><strong>cum</strong></span> 
     </span>
    </p>
   </div>
   <div class='ocr_carea' id='block_1_86' title="bbox 2202 4083 3804 4159">
    <p class='ocr_par' dir='ltr' id='par_1_86' title="bbox 2202 4083 3804 4159">
     <span class='ocr_line' id='line_1_86' title="bbox 2202 4083 3804 4159; baseline 0.006 -22"><span class='ocrx_word' id='word_1_629' title='bbox 2202 4084 2404 4139; x_wconf 85' lang='lat' dir='ltr'><strong>veritas</strong></span> <span class='ocrx_word' id='word_1_630' title='bbox 2420 4097 2524 4138; x_wconf 91' lang='lat' dir='ltr'><strong>non</strong></span> <span class='ocrx_word' id='word_1_631' title='bbox 2539 4084 2721 4138; x_wconf 88' lang='lat' dir='ltr'><strong>omnia</strong></span> <span class='ocrx_word' id='word_1_632' title='bbox 2741 4083 2933 4139; x_wconf 88' lang='lat' dir='ltr'><strong>doceat</strong></span> <span class='ocrx_word' id='word_1_633' title='bbox 2951 4086 3313 4155; x_wconf 89' lang='lat' dir='ltr'><strong>approbauda.</strong></span> <span class='ocrx_word' id='word_1_634' title='bbox 3341 4087 3409 4142; x_wconf 87' lang='lat' dir='ltr'><strong>Et</strong></span> <span class='ocrx_word' id='word_1_635' title='bbox 3426 4090 3544 4159; x_wconf 90' lang='lat' dir='ltr'><strong>quis</strong></span> <span class='ocrx_word' id='word_1_636' title='bbox 3561 4090 3804 4147; x_wconf 87' lang='lat' dir='ltr'><strong>omnium</strong></span> 
     </span>
    </p>
   </div>
   <div class='ocr_carea' id='block_1_87' title="bbox 2201 4174 3804 4255">
    <p class='ocr_par' dir='ltr' id='par_1_87' title="bbox 2201 4174 3804 4255">
     <span class='ocr_line' id='line_1_87' title="bbox 2201 4174 3804 4255; baseline 0.008 -27"><span class='ocrx_word' id='word_1_637' title='bbox 2201 4175 2286 4229; x_wconf 89' lang='lat' dir='ltr'><strong>vel</strong></span> <span class='ocrx_word' id='word_1_638' title='bbox 2310 4175 2524 4229; x_wconf 90' lang='lat' dir='ltr'><strong>nomina</strong></span> <span class='ocrx_word' id='word_1_639' title='bbox 2552 4175 2689 4230; x_wconf 87' lang='lat' dir='ltr'><strong>sciat</strong></span> <span class='ocrx_word' id='word_1_640' title='bbox 2717 4176 2809 4246; x_wconf 92' lang='lat' dir='ltr'><strong>qui</strong></span> <span class='ocrx_word' id='word_1_641' title='bbox 2839 4174 2910 4231; x_wconf 90' lang='lat' dir='ltr'><strong>de</strong></span> <span class='ocrx_word' id='word_1_642' title='bbox 2934 4175 3241 4233; x_wconf 81' lang='lat' dir='ltr'><strong>Christiana</strong></span> <span class='ocrx_word' id='word_1_643' title='bbox 3271 4179 3532 4250; x_wconf 90' lang='lat' dir='ltr'><strong>religione</strong></span> <span class='ocrx_word' id='word_1_644' title='bbox 3569 4185 3804 4255; x_wconf 81' lang='lat' dir='ltr'><strong>scripse-</strong></span> 
     </span>
    </p>
   </div>
   <div class='ocr_carea' id='block_1_88' title="bbox 2200 4267 3807 4345">
    <p class='ocr_par' dir='ltr' id='par_1_88' title="bbox 2200 4267 3807 4345">
     <span class='ocr_line' id='line_1_88' title="bbox 2200 4267 3807 4345; baseline 0.008 -25"><span class='ocrx_word' id='word_1_645' title='bbox 2200 4267 2362 4322; x_wconf 86' lang='lat' dir='ltr'><strong>runt?</strong></span> <span class='ocrx_word' id='word_1_646' title='bbox 2401 4267 2535 4322; x_wconf 91' lang='lat' dir='ltr'><strong>Cum</strong></span> <span class='ocrx_word' id='word_1_647' title='bbox 2575 4280 2705 4340; x_wconf 83' lang='lat' dir='ltr'><strong>ergo</strong></span> <span class='ocrx_word' id='word_1_648' title='bbox 2734 4269 2974 4324; x_wconf 92' lang='lat' dir='ltr'><strong>omnium</strong></span> <span class='ocrx_word' id='word_1_649' title='bbox 3004 4271 3184 4327; x_wconf 92' lang='lat' dir='ltr'><strong>omnia</strong></span> <span class='ocrx_word' id='word_1_650' title='bbox 3228 4274 3466 4345; x_wconf 86' lang='lat' dir='ltr'><strong>synodus</strong></span> <span class='ocrx_word' id='word_1_651' title='bbox 3492 4278 3807 4336; x_wconf 85' lang='lat' dir='ltr'><strong>examinare</strong></span> 
     </span>
    </p>
   </div>
   <div class='ocr_carea' id='block_1_89' title="bbox 2156 4358 3806 4431">
    <p class='ocr_par' dir='ltr' id='par_1_89' title="bbox 2156 4358 3806 4431">
     <span class='ocr_line' id='line_1_89' title="bbox 2156 4358 3806 4431; baseline 0.008 -18"><span class='ocrx_word' id='word_1_652' title='bbox 2156 4358 2165 4367; x_wconf 84' lang='lat'>&#39;</span> <span class='ocrx_word' id='word_1_653' title='bbox 2201 4374 2309 4414; x_wconf 93' lang='lat' dir='ltr'><strong>non</strong></span> <span class='ocrx_word' id='word_1_654' title='bbox 2339 4367 2552 4430; x_wconf 90' lang='lat' dir='ltr'><strong>posset,</strong></span> <span class='ocrx_word' id='word_1_655' title='bbox 2586 4373 2691 4416; x_wconf 92' lang='lat' dir='ltr'><strong>non</strong></span> <span class='ocrx_word' id='word_1_656' title='bbox 2724 4360 2961 4431; x_wconf 86' lang='lat' dir='ltr'><strong>oportuit</strong></span> <span class='ocrx_word' id='word_1_657' title='bbox 2990 4371 3047 4417; x_wconf 93' lang='lat' dir='ltr'><strong>ut</strong></span> <span class='ocrx_word' id='word_1_658' title='bbox 3091 4362 3360 4420; x_wconf 84' lang='lat' dir='ltr'><strong>Theodori</strong></span> <span class='ocrx_word' id='word_1_659' title='bbox 3392 4366 3533 4423; x_wconf 89' lang='lat' dir='ltr'><strong>dicta</strong></span> <span class='ocrx_word' id='word_1_660' title='bbox 3580 4368 3806 4425; x_wconf 84' lang='lat' dir='ltr'><strong>damna-</strong></span> 
     </span>
    </p>
   </div>
   <div class='ocr_carea' id='block_1_90' title="bbox 2204 4453 3804 4527">
    <p class='ocr_par' dir='ltr' id='par_1_90' title="bbox 2204 4453 3804 4527">
     <span class='ocr_line' id='line_1_90' title="bbox 2204 4453 3804 4527; baseline 0.007 -19"><span class='ocrx_word' id='word_1_661' title='bbox 2204 4462 2290 4509; x_wconf 89' lang='lat' dir='ltr'><strong>ret</strong></span> <span class='ocrx_word' id='word_1_662' title='bbox 2315 4471 2327 4507; x_wconf 89' lang='lat'>:</span> <span class='ocrx_word' id='word_1_663' title='bbox 2352 4455 2607 4524; x_wconf 89' lang='lat' dir='ltr'><strong>quoniam</strong></span> <span class='ocrx_word' id='word_1_664' title='bbox 2639 4453 2850 4509; x_wconf 84' lang='lat' dir='ltr'><strong>sufﬁcit</strong></span> <span class='ocrx_word' id='word_1_665' title='bbox 2872 4453 3031 4510; x_wconf 88' lang='lat' dir='ltr'><strong>nobis</strong></span> <span class='ocrx_word' id='word_1_666' title='bbox 3061 4456 3113 4511; x_wconf 92' lang='lat' dir='ltr'><strong>in</strong></span> <span class='ocrx_word' id='word_1_667' title='bbox 3140 4456 3244 4512; x_wconf 85' lang='lat' dir='ltr'><strong>hoc</strong></span> <span class='ocrx_word' id='word_1_668' title='bbox 3265 4459 3513 4527; x_wconf 86' lang='lat' dir='ltr'><strong>Apostoli</strong></span> <span class='ocrx_word' id='word_1_669' title='bbox 3542 4467 3804 4520; x_wconf 86' lang='lat' dir='ltr'><strong>sententia</strong></span> 
     </span>
    </p>
   </div>
   <div class='ocr_carea' id='block_1_91' title="bbox 505 4543 2099 4626">
    <p class='ocr_par' dir='ltr' id='par_1_91' title="bbox 505 4545 2098 4626">
     <span class='ocr_line' id='line_1_91' title="bbox 505 4545 2098 4626; baseline 0.007 -26"><span class='ocrx_word' id='word_1_670' title='bbox 505 4550 611 4610; x_wconf 83' lang='lat' dir='ltr'><strong>est,</strong></span> <span class='ocrx_word' id='word_1_671' title='bbox 644 4558 748 4599; x_wconf 86' lang='lat' dir='ltr'><strong>non</strong></span> <span class='ocrx_word' id='word_1_672' title='bbox 779 4545 1025 4614; x_wconf 70' lang='lat' dir='ltr'><strong>iniuriam</strong></span> <span class='ocrx_word' id='word_1_673' title='bbox 1054 4549 1259 4604; x_wconf 84' lang='lat' dir='ltr'><strong>referre</strong></span> <span class='ocrx_word' id='word_1_674' title='bbox 1280 4592 1295 4617; x_wconf 92' lang='lat'><strong>,</strong></span> <span class='ocrx_word' id='word_1_675' title='bbox 1330 4551 1424 4606; x_wconf 88' lang='lat' dir='ltr'><strong>sed</strong></span> <span class='ocrx_word' id='word_1_676' title='bbox 1454 4551 1803 4608; x_wconf 81' lang='lat' dir='ltr'><strong>oll‘ensionem</strong></span> <span class='ocrx_word' id='word_1_677' title='bbox 1828 4556 2098 4626; x_wconf 83' lang='lat' dir='ltr'><strong>corrigere</strong></span> 
     </span>
    </p>
   </div>
   <div class='ocr_carea' id='block_1_92' title="bbox 2202 4543 3805 4626">
    <p class='ocr_par' dir='ltr' id='par_1_92' title="bbox 2203 4545 3805 4621">
     <span class='ocr_line' id='line_1_92' title="bbox 2203 4545 3805 4621; baseline 0.007 -23"><span class='ocrx_word' id='word_1_678' title='bbox 2203 4559 2306 4614; x_wconf 91' lang='lat' dir='ltr'><strong>qua</strong></span> <span class='ocrx_word' id='word_1_679' title='bbox 2336 4545 2538 4599; x_wconf 90' lang='lat' dir='ltr'><strong>dictum</strong></span> <span class='ocrx_word' id='word_1_680' title='bbox 2579 4554 2665 4600; x_wconf 87' lang='lat' dir='ltr'><strong>est</strong></span> <span class='ocrx_word' id='word_1_681' title='bbox 2695 4561 2708 4599; x_wconf 90' lang='lat'><strong>:</strong></span> <span class='ocrx_word' id='word_1_682' title='bbox 2745 4545 2934 4600; x_wconf 81' lang='lat' dir='ltr'><strong>Omnia</strong></span> <span class='ocrx_word' id='word_1_683' title='bbox 2968 4549 3211 4617; x_wconf 83' lang='lat' dir='ltr'><strong>probate;</strong></span> <span class='ocrx_word' id='word_1_684' title='bbox 3254 4552 3392 4621; x_wconf 83' lang='lat' dir='ltr'><strong>quod</strong></span> <span class='ocrx_word' id='word_1_685' title='bbox 3419 4552 3607 4606; x_wconf 83' lang='lat' dir='ltr'><strong>bonum</strong></span> <span class='ocrx_word' id='word_1_686' title='bbox 3636 4568 3708 4609; x_wconf 81' lang='lat' dir='ltr'><strong>est</strong></span> <span class='ocrx_word' id='word_1_687' title='bbox 3735 4568 3805 4610; x_wconf 83' lang='lat' dir='ltr'><strong>te-</strong></span> 
     </span>
    </p>
   </div>
   <div class='ocr_carea' id='block_1_93' title="bbox 510 4636 2099 4714">
    <p class='ocr_par' dir='ltr' id='par_1_93' title="bbox 510 4636 2099 4714">
     <span class='ocr_line' id='line_1_93' title="bbox 510 4636 2099 4714; baseline 0.008 -26"><span class='ocrx_word' id='word_1_688' title='bbox 510 4636 851 4704; x_wconf 81' lang='lat' dir='ltr'><strong>pr0pcravit‘!</strong></span> <span class='ocrx_word' id='word_1_689' title='bbox 879 4637 1040 4705; x_wconf 83' lang='lat' dir='ltr'><strong>igitur</strong></span> <span class='ocrx_word' id='word_1_690' title='bbox 1058 4638 1199 4693; x_wconf 91' lang='lat' dir='ltr'><strong>sicut</strong></span> <span class='ocrx_word' id='word_1_691' title='bbox 1221 4639 1478 4709; x_wconf 65' lang='lat' dir='ltr'><strong>Ecclesia,</strong></span> <span class='ocrx_word' id='word_1_692' title='bbox 1501 4657 1606 4697; x_wconf 92' lang='lat' dir='ltr'><strong>non</strong></span> <span class='ocrx_word' id='word_1_693' title='bbox 1629 4644 1934 4714; x_wconf 88' lang='lat' dir='ltr'><strong>approbans</strong></span> <span class='ocrx_word' id='word_1_694' title='bbox 1956 4646 2099 4700; x_wconf 84' lang='lat' dir='ltr'><strong>beati</strong></span> 
     </span>
    </p>
   </div>
   <div class='ocr_carea' id='block_1_94' title="bbox 506 4728 2101 4806">
    <p class='ocr_par' dir='ltr' id='par_1_94' title="bbox 506 4728 2101 4806">
     <span class='ocr_line' id='line_1_94' title="bbox 506 4728 2101 4806; baseline 0.004 -22"><span class='ocrx_word' id='word_1_695' title='bbox 506 4729 761 4799; x_wconf 81' lang='lat' dir='ltr'><strong>Cypriani</strong></span> <span class='ocrx_word' id='word_1_696' title='bbox 788 4728 1012 4798; x_wconf 82' lang='lat' dir='ltr'><strong>ejusque</strong></span> <span class='ocrx_word' id='word_1_697' title='bbox 1051 4733 1465 4800; x_wconf 74' lang='lat' dir='ltr'><strong>prredeeessoris</strong></span> <span class='ocrx_word' id='word_1_698' title='bbox 1495 4735 1773 4804; x_wconf 85' lang='lat' dir='ltr'><strong>Agrippini</strong></span> <span class='ocrx_word' id='word_1_699' title='bbox 1803 4745 1852 4801; x_wconf 80' lang='grc' dir='ltr'><strong>ι,</strong></span> <span class='ocrx_word' id='word_1_700' title='bbox 1881 4737 1969 4806; x_wconf 91' lang='lat' dir='ltr'><strong>qui</strong></span> <span class='ocrx_word' id='word_1_701' title='bbox 2000 4735 2101 4791; x_wconf 90' lang='lat' dir='ltr'><strong>hoc</strong></span> 
     </span>
    </p>
   </div>
   <div class='ocr_carea' id='block_1_95' title="bbox 506 4822 2101 4892">
    <p class='ocr_par' dir='ltr' id='par_1_95' title="bbox 506 4822 2101 4892">
     <span class='ocr_line' id='line_1_95' title="bbox 506 4822 2101 4892; baseline 0.007 -18"><span class='ocrx_word' id='word_1_702' title='bbox 506 4832 629 4875; x_wconf 86' lang='lat' dir='ltr'><strong>ante</strong></span> <span class='ocrx_word' id='word_1_703' title='bbox 647 4831 931 4889; x_wconf 87' lang='lat' dir='ltr'><strong>statuerat,</strong></span> <span class='ocrx_word' id='word_1_704' title='bbox 961 4822 1030 4877; x_wconf 88' lang='lat' dir='ltr'><strong>de</strong></span> <span class='ocrx_word' id='word_1_705' title='bbox 1057 4824 1389 4892; x_wconf 78' lang='lat' dir='ltr'><strong>baptizandis</strong></span> <span class='ocrx_word' id='word_1_706' title='bbox 1431 4827 1681 4881; x_wconf 86' lang='lat' dir='ltr'><strong>omnibus</strong></span> <span class='ocrx_word' id='word_1_707' title='bbox 1707 4827 1977 4884; x_wconf 65' lang='lat' dir='ltr'><strong>haereticis</strong></span> <span class='ocrx_word' id='word_1_708' title='bbox 2002 4829 2101 4885; x_wconf 87' lang='lat' dir='ltr'><strong>de-</strong></span> 
     </span>
    </p>
   </div>
   <div class='ocr_carea' id='block_1_96' title="bbox 506 4912 2103 4988">
    <p class='ocr_par' dir='ltr' id='par_1_96' title="bbox 506 4912 2103 4988">
     <span class='ocr_line' id='line_1_96' title="bbox 506 4912 2103 4988; baseline 0.008 -24"><span class='ocrx_word' id='word_1_709' title='bbox 506 4912 829 4977; x_wconf 84' lang='lat' dir='ltr'><strong>finitionem,</strong></span> <span class='ocrx_word' id='word_1_710' title='bbox 864 4928 971 4967; x_wconf 92' lang='lat' dir='ltr'><strong>non</strong></span> <span class='ocrx_word' id='word_1_711' title='bbox 1020 4916 1195 4969; x_wconf 89' lang='lat' dir='ltr'><strong>solum</strong></span> <span class='ocrx_word' id='word_1_712' title='bbox 1227 4917 1405 4986; x_wconf 86' lang='lat' dir='ltr'><strong>ipsos,</strong></span> <span class='ocrx_word' id='word_1_713' title='bbox 1432 4918 1529 4972; x_wconf 88' lang='lat' dir='ltr'><strong>sed</strong></span> <span class='ocrx_word' id='word_1_714' title='bbox 1559 4927 1614 4972; x_wconf 92' lang='lat' dir='ltr'><strong>et</strong></span> <span class='ocrx_word' id='word_1_715' title='bbox 1642 4932 1831 4973; x_wconf 89' lang='lat' dir='ltr'><strong>omnes</strong></span> <span class='ocrx_word' id='word_1_716' title='bbox 1859 4920 1949 4988; x_wconf 90' lang='lat' dir='ltr'><strong>qui</strong></span> <span class='ocrx_word' id='word_1_717' title='bbox 1979 4935 2103 4976; x_wconf 90' lang='lat' dir='ltr'><strong>cum</strong></span> 
     </span>
    </p>
   </div>
   <div class='ocr_carea' id='block_1_97' title="bbox 505 5003 2105 5077">
    <p class='ocr_par' dir='ltr' id='par_1_97' title="bbox 505 5003 2105 5077">
     <span class='ocr_line' id='line_1_97' title="bbox 505 5003 2105 5077; baseline 0.006 -21"><span class='ocrx_word' id='word_1_718' title='bbox 505 5004 608 5058; x_wconf 82' lang='lat' dir='ltr'><strong>iliis</strong></span> <span class='ocrx_word' id='word_1_719' title='bbox 652 5004 755 5058; x_wconf 84' lang='lat' dir='ltr'><strong>hoe</strong></span> <span class='ocrx_word' id='word_1_720' title='bbox 782 5003 1110 5060; x_wconf 78' lang='lat' dir='ltr'><strong>deﬁnierunt</strong></span> <span class='ocrx_word' id='word_1_721' title='bbox 1152 5006 1440 5075; x_wconf 87' lang='lat' dir='ltr'><strong>episcopos</strong></span> <span class='ocrx_word' id='word_1_722' title='bbox 1500 5016 1684 5077; x_wconf 88' lang='lat' dir='ltr'><strong>patres</strong></span> <span class='ocrx_word' id='word_1_723' title='bbox 1733 5009 1986 5077; x_wconf 87' lang='lat' dir='ltr'><strong>ascribit,</strong></span> <span class='ocrx_word' id='word_1_724' title='bbox 2018 5025 2105 5066; x_wconf 89' lang='lat' dir='ltr'><strong>eo-</strong></span> 
     </span>
    </p>
   </div>
   <div class='ocr_carea' id='block_1_98' title="bbox 507 5094 2105 5173">
    <p class='ocr_par' dir='ltr' id='par_1_98' title="bbox 507 5094 2105 5173">
     <span class='ocr_line' id='line_1_98' title="bbox 507 5094 2105 5173; baseline 0.006 -24"><span class='ocrx_word' id='word_1_725' title='bbox 507 5110 732 5165; x_wconf 86' lang='lat' dir='ltr'><strong>rumque</strong></span> <span class='ocrx_word' id='word_1_726' title='bbox 757 5094 915 5152; x_wconf 84' lang='lat' dir='ltr'><strong>lidetn</strong></span> <span class='ocrx_word' id='word_1_727' title='bbox 943 5104 1106 5167; x_wconf 85' lang='lat' dir='ltr'><strong>atque</strong></span> <span class='ocrx_word' id='word_1_728' title='bbox 1144 5096 1483 5166; x_wconf 89' lang='lat' dir='ltr'><strong>doctrinam,</strong></span> <span class='ocrx_word' id='word_1_729' title='bbox 1509 5106 1567 5155; x_wconf 91' lang='lat' dir='ltr'><strong>et</strong></span> <span class='ocrx_word' id='word_1_730' title='bbox 1594 5101 1827 5156; x_wconf 79' lang='lat' dir='ltr'><strong>maxime</strong></span> <span class='ocrx_word' id='word_1_731' title='bbox 1850 5100 2105 5173; x_wconf 87' lang='lat' dir='ltr'><strong>Cypriani</strong></span> 
     </span>
    </p>
   </div>
   <div class='ocr_carea' id='block_1_99' title="bbox 580 5316 2103 5390">
    <p class='ocr_par' dir='ltr' id='par_1_99' title="bbox 580 5316 2103 5390">
     <span class='ocr_line' id='line_1_99' title="bbox 580 5316 2103 5390; baseline 0.009 -22"><span class='ocrx_word' id='word_1_732' title='bbox 580 5325 611 5390; x_wconf 13' lang='lat' dir='ltr'><strong>ei</strong></span> <span class='ocrx_word' id='word_1_733' title='bbox 646 5316 989 5390; x_wconf 12' lang='lat' dir='ltr'><strong>Qiiiiprimus</strong></span> <span class='ocrx_word' id='word_1_734' title='bbox 1034 5319 1277 5373; x_wconf 89' lang='lat' dir='ltr'><strong>omnium</strong></span> <span class='ocrx_word' id='word_1_735' title='bbox 1310 5320 1612 5376; x_wconf 88' lang='lat' dir='ltr'><strong>mortalium</strong></span> <span class='ocrx_word' id='word_1_736' title='bbox 1634 5364 1649 5390; x_wconf 93' lang='lat'><strong>,</strong></span> <span class='ocrx_word' id='word_1_737' title='bbox 1698 5333 1759 5379; x_wconf 91' lang='lat' dir='ltr'><strong>ut</strong></span> <span class='ocrx_word' id='word_1_738' title='bbox 1792 5324 2103 5382; x_wconf 80' lang='lat' dir='ltr'><strong>Vincentius</strong></span> 
     </span>
    </p>
   </div>
   <div class='ocr_carea' id='block_1_100' title="bbox 506 5385 2099 5464">
    <p class='ocr_par' dir='ltr' id='par_1_100' title="bbox 506 5385 2099 5464">
     <span class='ocr_line' id='line_1_100' title="bbox 506 5385 2099 5464; baseline 0.007 -23"><span class='ocrx_word' id='word_1_739' title='bbox 506 5385 805 5443; x_wconf 74' lang='lat' dir='ltr'><strong>Lirinensis</strong></span> <span class='ocrx_word' id='word_1_740' title='bbox 820 5389 887 5464; x_wconf 78' lang='lat' dir='ltr'><strong>in</strong></span> <span class='ocrx_word' id='word_1_741' title='bbox 906 5390 1341 5464; x_wconf 59' lang='lat' dir='ltr'><strong>Contutonitorio</strong></span> <span class='ocrx_word' id='word_1_742' title='bbox 1370 5385 1646 5464; x_wconf 31' lang='lat' dir='ltr'><strong>inscribit,</strong></span> <span class='ocrx_word' id='word_1_743' title='bbox 1666 5397 2099 5464; x_wconf 84' lang='lat' dir='ltr'><strong>rebaptizandnm</strong></span> 
     </span>
    </p>
   </div>
   <div class='ocr_carea' id='block_1_101' title="bbox 506 5459 2102 5535">
    <p class='ocr_par' dir='ltr' id='par_1_101' title="bbox 506 5459 2102 5535">
     <span class='ocr_line' id='line_1_101' title="bbox 506 5459 2102 5535; baseline 0.008 -24"><span class='ocrx_word' id='word_1_744' title='bbox 506 5474 629 5513; x_wconf 86' lang='lat' dir='ltr'><strong>esse</strong></span> <span class='ocrx_word' id='word_1_745' title='bbox 648 5459 1363 5535; x_wconf 66' lang='lat' dir='ltr'><strong>censuit._Pradecess9retn</strong></span> <span class='ocrx_word' id='word_1_746' title='bbox 1391 5459 1645 5534; x_wconf 85' lang='lat' dir='ltr'><strong>Cypriani</strong></span> <span class='ocrx_word' id='word_1_747' title='bbox 1671 5459 1929 5535; x_wconf 85' lang='lat' dir='ltr'><strong>appellat,</strong></span> <span class='ocrx_word' id='word_1_748' title='bbox 1962 5470 2102 5523; x_wconf 90' lang='lat' dir='ltr'><strong>sicut</strong></span> 
     </span>
    </p>
   </div>
   <div class='ocr_carea' id='block_1_102' title="bbox 509 5531 2098 5604">
    <p class='ocr_par' dir='ltr' id='par_1_102' title="bbox 509 5531 2098 5604">
     <span class='ocr_line' id='line_1_102' title="bbox 509 5531 2098 5604; baseline 0.009 -24"><span class='ocrx_word' id='word_1_749' title='bbox 509 5534 837 5604; x_wconf 65' lang='lat' dir='ltr'><strong>Augustinus</strong></span> <span class='ocrx_word' id='word_1_750' title='bbox 883 5531 977 5585; x_wconf 81' lang='lat' dir='ltr'><strong>lib.</strong></span> <span class='ocrx_word' id='word_1_751' title='bbox 1011 5547 1045 5584; x_wconf 89' lang='lat' dir='ltr'><strong>tt</strong></span> <span class='ocrx_word' id='word_1_752' title='bbox 1094 5535 1163 5588; x_wconf 88' lang='lat' dir='ltr'><strong>de</strong></span> <span class='ocrx_word' id='word_1_753' title='bbox 1208 5531 1483 5603; x_wconf 54' lang='lat' dir='ltr'><strong>Baptistn&#39;o</strong></span> <span class='ocrx_word' id='word_1_754' title='bbox 1526 5531 2098 5604; x_wconf 52' lang='lat' dir='ltr'><strong>t-ontra&#39;Dunatistas,</strong></span> 
     </span>
    </p>
   </div>
   <div class='ocr_carea' id='block_1_103' title="bbox 510 5599 2101 5677">
    <p class='ocr_par' dir='ltr' id='par_1_103' title="bbox 510 5599 2101 5677">
     <span class='ocr_line' id='line_1_103' title="bbox 510 5599 2101 5677; baseline 0.009 -26"><span class='ocrx_word' id='word_1_755' title='bbox 510 5614 627 5667; x_wconf 68' lang='lat' dir='ltr'><strong>cap.</strong></span> <span class='ocrx_word' id='word_1_756' title='bbox 663 5601 715 5653; x_wconf 84' lang='lat'><strong>7.</strong></span> <span class='ocrx_word' id='word_1_757' title='bbox 762 5599 965 5666; x_wconf 85' lang='lat' dir='ltr'><strong>Quotus</strong></span> <span class='ocrx_word' id='word_1_758' title='bbox 991 5612 1172 5659; x_wconf 85' lang='lat' dir='ltr'><strong>autem</strong></span> <span class='ocrx_word' id='word_1_759' title='bbox 1213 5599 1299 5659; x_wconf 53' lang='lat' dir='ltr'><strong>ab&#39;</strong></span> <span class='ocrx_word' id='word_1_760' title='bbox 1318 5607 1613 5675; x_wconf 84' lang='lat' dir='ltr'><strong>Agrippino</strong></span> <span class='ocrx_word' id='word_1_761' title='bbox 1653 5606 1952 5677; x_wconf 83' lang='lat' dir='ltr'><strong>Cyprianus</strong></span> <span class='ocrx_word' id='word_1_762' title='bbox 1979 5599 2101 5666; x_wconf 56' lang='lat' dir='ltr'><strong>Sne;</strong></span> 
     </span>
    </p>
   </div>
   <div class='ocr_carea' id='block_1_104' title="bbox 584 5756 1929 5833">
    <p class='ocr_par' dir='ltr' id='par_1_104' title="bbox 584 5756 1929 5833">
     <span class='ocr_line' id='line_1_104' title="bbox 584 5756 1929 5833; baseline 0.01 -21"><span class='ocrx_word' id='word_1_763' title='bbox 584 5757 600 5789; x_wconf 82' lang='grc'><strong>⁸</strong></span> <span class='ocrx_word' id='word_1_764' title='bbox 642 5756 776 5813; x_wconf 87' lang='lat' dir='ltr'><strong>Cod.</strong></span> <span class='ocrx_word' id='word_1_765' title='bbox 812 5757 1031 5831; x_wconf 70' lang='lat' dir='ltr'><strong>Verum,</strong></span> <span class='ocrx_word' id='word_1_766' title='bbox 1062 5768 1259 5831; x_wconf 68' lang='lat' dir='ltr'><strong>scrpta</strong></span> <span class='ocrx_word' id='word_1_767' title='bbox 1294 5765 1610 5824; x_wconf 72' lang='lat' dir='ltr'><strong>Nestorium</strong></span> <span class='ocrx_word' id='word_1_768' title='bbox 1641 5769 1929 5833; x_wconf 49' lang='lat' dir='ltr'><strong>dicuntum</strong></span> 
     </span>
    </p>
   </div>
   <div class='ocr_carea' id='block_1_105' title="bbox 2202 4635 3802 4711">
    <p class='ocr_par' dir='ltr' id='par_1_105' title="bbox 2202 4635 3802 4711">
     <span class='ocr_line' id='line_1_105' title="bbox 2202 4635 3802 4711; baseline 0.008 -21"><span class='ocrx_word' id='word_1_769' title='bbox 2202 4646 2318 4691; x_wconf 84' lang='lat' dir='ltr'><strong>nete</strong></span> <span class='ocrx_word' id='word_1_770' title='bbox 2347 4635 2398 4707; x_wconf 82' lang='grc' dir='ltr'><strong>(Ι</strong></span> <span class='ocrx_word' id='word_1_771' title='bbox 2427 4636 2606 4692; x_wconf 79' lang='lat' dir='ltr'><strong>Thess.</strong></span> <span class='ocrx_word' id='word_1_772' title='bbox 2631 4652 2686 4705; x_wconf 89' lang='lat' dir='ltr'><strong>v,</strong></span> <span class='ocrx_word' id='word_1_773' title='bbox 2718 4636 2835 4711; x_wconf 75' lang='lat' dir='ltr'><strong>2i).</strong></span> <span class='ocrx_word' id='word_1_774' title='bbox 2866 4639 3019 4705; x_wconf 77' lang='lat' dir='ltr'><strong>Quod</strong></span> <span class='ocrx_word' id='word_1_775' title='bbox 3060 4641 3105 4695; x_wconf 90' lang='lat' dir='ltr'><strong>si</strong></span> <span class='ocrx_word' id='word_1_776' title='bbox 3136 4656 3245 4695; x_wconf 89' lang='lat' dir='ltr'><strong>non</strong></span> <span class='ocrx_word' id='word_1_777' title='bbox 3275 4640 3461 4699; x_wconf 83' lang='lat' dir='ltr'><strong>fuisset</strong></span> <span class='ocrx_word' id='word_1_778' title='bbox 3488 4648 3621 4701; x_wconf 66' lang='lat' dir='ltr'><strong>hinc</strong></span> <span class='ocrx_word' id='word_1_779' title='bbox 3644 4650 3802 4711; x_wconf 92' lang='lat' dir='ltr'><strong>ratio,</strong></span> 
     </span>
    </p>
   </div>
   <div class='ocr_carea' id='block_1_106' title="bbox 2205 4727 3805 4807">
    <p class='ocr_par' dir='ltr' id='par_1_106' title="bbox 2205 4727 3805 4807">
     <span class='ocr_line' id='line_1_106' title="bbox 2205 4727 3805 4807; baseline 0.006 -26"><span class='ocrx_word' id='word_1_780' title='bbox 2205 4728 2323 4798; x_wconf 90' lang='lat' dir='ltr'><strong>quis</strong></span> <span class='ocrx_word' id='word_1_781' title='bbox 2350 4727 2515 4796; x_wconf 83' lang='lat' dir='ltr'><strong>judex</strong></span> <span class='ocrx_word' id='word_1_782' title='bbox 2556 4728 2841 4783; x_wconf 84' lang='lat' dir='ltr'><strong>modestus</strong></span> <span class='ocrx_word' id='word_1_783' title='bbox 2874 4737 2930 4784; x_wconf 88' lang='lat' dir='ltr'><strong>et</strong></span> <span class='ocrx_word' id='word_1_784' title='bbox 2976 4730 3241 4799; x_wconf 91' lang='lat' dir='ltr'><strong>prudens,</strong></span> <span class='ocrx_word' id='word_1_785' title='bbox 3283 4736 3385 4789; x_wconf 91' lang='lat' dir='ltr'><strong>nisi</strong></span> <span class='ocrx_word' id='word_1_786' title='bbox 3415 4736 3482 4791; x_wconf 90' lang='lat' dir='ltr'><strong>de</strong></span> <span class='ocrx_word' id='word_1_787' title='bbox 3512 4740 3805 4807; x_wconf 69' lang='lat' dir='ltr'><strong>propositis</strong></span> 
     </span>
    </p>
   </div>
   <div class='ocr_carea' id='block_1_107' title="bbox 2205 4820 3804 4903">
    <p class='ocr_par' dir='ltr' id='par_1_107' title="bbox 2205 4820 3804 4903">
     <span class='ocr_line' id='line_1_107' title="bbox 2205 4820 3804 4903; baseline 0.005 -28"><span class='ocrx_word' id='word_1_788' title='bbox 2205 4820 2385 4875; x_wconf 45' lang='lat' dir='ltr'><strong>causis</strong></span> <span class='ocrx_word' id='word_1_789' title='bbox 2414 4829 2469 4875; x_wconf 90' lang='lat' dir='ltr'><strong>et</strong></span> <span class='ocrx_word' id='word_1_790' title='bbox 2490 4821 2876 4890; x_wconf 60' lang='lat' dir='ltr'><strong>quaestionibus</strong></span> <span class='ocrx_word' id='word_1_791' title='bbox 2898 4822 3138 4892; x_wconf 81' lang='lat' dir='ltr'><strong>judicet?</strong></span> <span class='ocrx_word' id='word_1_792' title='bbox 3163 4825 3235 4878; x_wconf 86' lang='lat' dir='ltr'><strong>At</strong></span> <span class='ocrx_word' id='word_1_793' title='bbox 3254 4839 3374 4879; x_wconf 91' lang='lat' dir='ltr'><strong>cum</strong></span> <span class='ocrx_word' id='word_1_794' title='bbox 3397 4826 3527 4882; x_wconf 90' lang='lat' dir='ltr'><strong>nihil</strong></span> <span class='ocrx_word' id='word_1_795' title='bbox 3549 4830 3804 4903; x_wconf 79' lang='lat' dir='ltr'><strong>episcopo</strong></span> 
     </span>
    </p>
   </div>
   <div class='ocr_carea' id='block_1_108' title="bbox 2209 4910 3804 4984">
    <p class='ocr_par' dir='ltr' id='par_1_108' title="bbox 2209 4910 3804 4984">
     <span class='ocr_line' id='line_1_108' title="bbox 2209 4910 3804 4984; baseline 0.011 -18"><span class='ocrx_word' id='word_1_796' title='bbox 2209 4910 2317 4966; x_wconf 63' lang='lat' dir='ltr'><strong>lbre</strong></span> <span class='ocrx_word' id='word_1_797' title='bbox 2349 4924 2691 4968; x_wconf 88' lang='lat' dir='ltr'><strong>accusatores</strong></span> <span class='ocrx_word' id='word_1_798' title='bbox 2716 4914 3013 4984; x_wconf 78' lang='lat' dir='ltr'><strong>objicerent</strong></span> <span class='ocrx_word' id='word_1_799' title='bbox 3038 4918 3107 4972; x_wconf 89' lang='lat' dir='ltr'><strong>de</strong></span> <span class='ocrx_word' id='word_1_800' title='bbox 3148 4917 3302 4972; x_wconf 88' lang='lat' dir='ltr'><strong>laude</strong></span> <span class='ocrx_word' id='word_1_801' title='bbox 3328 4920 3593 4978; x_wconf 80' lang='lat' dir='ltr'><strong>Theodori</strong></span> <span class='ocrx_word' id='word_1_802' title='bbox 3619 4926 3671 4981; x_wconf 93' lang='lat' dir='ltr'><strong>in</strong></span> <span class='ocrx_word' id='word_1_803' title='bbox 3699 4927 3804 4983; x_wconf 85' lang='lat' dir='ltr'><strong>Ec-</strong></span> 
     </span>
    </p>
   </div>
   <div class='ocr_carea' id='block_1_109' title="bbox 2208 5007 3801 5087">
    <p class='ocr_par' dir='ltr' id='par_1_109' title="bbox 2208 5007 3801 5087">
     <span class='ocr_line' id='line_1_109' title="bbox 2208 5007 3801 5087; baseline 0.008 -21"><span class='ocrx_word' id='word_1_804' title='bbox 2208 5007 2388 5066; x_wconf 67' lang='lat' dir='ltr'><strong>clesiae</strong></span> <span class='ocrx_word' id='word_1_805' title='bbox 2411 5011 2789 5065; x_wconf 90' lang='lat' dir='ltr'><strong>communione</strong></span> <span class='ocrx_word' id='word_1_806' title='bbox 2829 5011 3093 5081; x_wconf 90' lang='lat' dir='ltr'><strong>defuncti,</strong></span> <span class='ocrx_word' id='word_1_807' title='bbox 3131 5017 3371 5086; x_wconf 86' lang='lat' dir='ltr'><strong>nunquid</strong></span> <span class='ocrx_word' id='word_1_808' title='bbox 3404 5020 3641 5087; x_wconf 91' lang='lat' dir='ltr'><strong>oportuit</strong></span> <span class='ocrx_word' id='word_1_809' title='bbox 3676 5038 3801 5077; x_wconf 86' lang='lat' dir='ltr'><strong>san-</strong></span> 
     </span>
    </p>
   </div>
   <div class='ocr_carea' id='block_1_110' title="bbox 2207 5104 3803 5182">
    <p class='ocr_par' dir='ltr' id='par_1_110' title="bbox 2207 5104 3803 5182">
     <span class='ocr_line' id='line_1_110' title="bbox 2207 5104 3803 5182; baseline 0.013 -28"><span class='ocrx_word' id='word_1_810' title='bbox 2207 5109 2348 5155; x_wconf 88' lang='lat' dir='ltr'><strong>etam</strong></span> <span class='ocrx_word' id='word_1_811' title='bbox 2374 5104 2659 5173; x_wconf 87' lang='lat' dir='ltr'><strong>synodum,</strong></span> <span class='ocrx_word' id='word_1_812' title='bbox 2692 5117 2790 5175; x_wconf 92' lang='lat' dir='ltr'><strong>pro</strong></span> <span class='ocrx_word' id='word_1_813' title='bbox 2833 5104 2937 5162; x_wconf 83' lang='lat' dir='ltr'><strong>ﬁde</strong></span> <span class='ocrx_word' id='word_1_814' title='bbox 2978 5123 3040 5165; x_wconf 90' lang='lat' dir='ltr'><strong>ac</strong></span> <span class='ocrx_word' id='word_1_815' title='bbox 3067 5124 3199 5181; x_wconf 87' lang='lat' dir='ltr'><strong>pace</strong></span> <span class='ocrx_word' id='word_1_816' title='bbox 3240 5116 3505 5182; x_wconf 88' lang='lat' dir='ltr'><strong>generalis</strong></span> <span class='ocrx_word' id='word_1_817' title='bbox 3544 5117 3803 5175; x_wconf 70' lang='lat' dir='ltr'><strong>Eccleste</strong></span> 
     </span>
    </p>
   </div>
   <div class='ocr_carea' id='block_1_111' title="bbox 2206 5328 3803 5417">
    <p class='ocr_par' dir='ltr' id='par_1_111' title="bbox 2206 5328 3803 5417">
     <span class='ocr_line' id='line_1_111' title="bbox 2206 5328 3803 5417; baseline 0.008 -37"><span class='ocrx_word' id='word_1_818' title='bbox 2206 5328 2587 5417; x_wconf 56' lang='lat' dir='ltr'><strong>cesserinnon</strong></span> <span class='ocrx_word' id='word_1_819' title='bbox 2612 5328 2797 5400; x_wconf 89' lang='lat' dir='ltr'><strong>liquet.</strong></span> <span class='ocrx_word' id='word_1_820' title='bbox 2824 5329 3007 5417; x_wconf 58' lang='lat' dir='ltr'><strong>bongo</strong></span> <span class='ocrx_word' id='word_1_821' title='bbox 3025 5334 3316 5417; x_wconf 64' lang='lat' dir='ltr'><strong>intervallo</strong></span> <span class='ocrx_word' id='word_1_822' title='bbox 3343 5341 3677 5417; x_wconf 75' lang='lat' dir='ltr'><strong>successisse</strong></span> <span class='ocrx_word' id='word_1_823' title='bbox 3698 5346 3803 5417; x_wconf 68' lang='lat' dir='ltr'><strong>Cy.</strong></span> 
     </span>
    </p>
   </div>
   <div class='ocr_carea' id='block_1_112' title="bbox 2210 5404 3798 5475">
    <p class='ocr_par' dir='ltr' id='par_1_112' title="bbox 2210 5404 3798 5475">
     <span class='ocr_line' id='line_1_112' title="bbox 2210 5404 3798 5475; baseline 0.014 -28"><span class='ocrx_word' id='word_1_824' title='bbox 2210 5404 2426 5475; x_wconf 71' lang='lat' dir='ltr'><strong>prianus</strong></span> <span class='ocrx_word' id='word_1_825' title='bbox 2460 5404 2571 5465; x_wconf 78' lang='lat' dir='ltr'><strong>ipse</strong></span> <span class='ocrx_word' id='word_1_826' title='bbox 2598 5414 2681 5475; x_wconf 79' lang='lat' dir='ltr'><strong>est</strong></span> <span class='ocrx_word' id='word_1_827' title='bbox 2721 5412 2903 5457; x_wconf 83' lang='lat' dir='ltr'><strong>auctor</strong></span> <span class='ocrx_word' id='word_1_828' title='bbox 2952 5404 3180 5475; x_wconf 83' lang='lat' dir='ltr'><strong>epistola</strong></span> <span class='ocrx_word' id='word_1_829' title='bbox 3225 5407 3290 5460; x_wconf 65' lang='lat'><strong>25</strong></span> <span class='ocrx_word' id='word_1_830' title='bbox 3336 5409 3400 5464; x_wconf 79' lang='lat' dir='ltr'><strong>ad</strong></span> <span class='ocrx_word' id='word_1_831' title='bbox 3450 5404 3798 5471; x_wconf 66' lang='lat' dir='ltr'><strong>Jubaianum.</strong></span> 
     </span>
    </p>
   </div>
   <div class='ocr_carea' id='block_1_113' title="bbox 2206 5466 3803 5557">
    <p class='ocr_par' dir='ltr' id='par_1_113' title="bbox 2206 5466 3803 5557">
     <span class='ocr_line' id='line_1_113' title="bbox 2206 5466 3803 5557; baseline 0.002 -32"><span class='ocrx_word' id='word_1_832' title='bbox 2206 5466 2513 5557; x_wconf 34' lang='lat' dir='ltr'><strong>‘junt</strong></span> <span class='ocrx_word' id='word_1_833' title='bbox 2532 5471 2654 5524; x_wconf 82' lang='lat' dir='ltr'><strong>anni</strong></span> <span class='ocrx_word' id='word_1_834' title='bbox 2696 5482 2815 5555; x_wconf 67' lang='lat' dir='ltr'><strong>sunt</strong></span> <span class='ocrx_word' id='word_1_835' title='bbox 2850 5482 2900 5527; x_wconf 81' lang='lat' dir='ltr'><strong>et</strong></span> <span class='ocrx_word' id='word_1_836' title='bbox 2939 5466 3092 5557; x_wconf 62' lang='lat' dir='ltr'><strong>longe</strong></span> <span class='ocrx_word' id='word_1_837' title='bbox 3118 5486 3245 5532; x_wconf 74' lang='lat' dir='ltr'><strong>tetas</strong></span> <span class='ocrx_word' id='word_1_838' title='bbox 3268 5498 3346 5557; x_wconf 60' lang='lat' dir='ltr'><strong>ex</strong></span> <span class='ocrx_word' id='word_1_839' title='bbox 3370 5499 3469 5552; x_wconf 84' lang='lat' dir='ltr'><strong>quo</strong></span> <span class='ocrx_word' id='word_1_840' title='bbox 3498 5486 3592 5537; x_wconf 80' lang='lat' dir='ltr'><strong>sub</strong></span> <span class='ocrx_word' id='word_1_841' title='bbox 3620 5466 3803 5557; x_wconf 50' lang='lat' dir='ltr'><strong>Agit}:</strong></span> 
     </span>
    </p>
   </div>
   <div class='ocr_carea' id='block_1_114' title="bbox 2205 5540 3801 5631">
    <p class='ocr_par' dir='ltr' id='par_1_114' title="bbox 2205 5540 3801 5631">
     <span class='ocr_line' id='line_1_114' title="bbox 2205 5540 3801 5631; baseline 0.014 -41"><span class='ocrx_word' id='word_1_842' title='bbox 2205 5540 2341 5631; x_wconf 35' lang='lat' dir='ltr'><strong>pinu.</strong></span> <span class='ocrx_word' id='word_1_843' title='bbox 2373 5543 2517 5631; x_wconf 69' lang='lat' dir='ltr'><strong>bona</strong></span> <span class='ocrx_word' id='word_1_844' title='bbox 2562 5544 2843 5631; x_wconf 33' lang='lat' dir='ltr'><strong>memoriae-</strong></span> <span class='ocrx_word' id='word_1_845' title='bbox 2864 5540 3212 5605; x_wconf 57' lang='lat' dir='ltr'><strong>convenientes</strong></span> <span class='ocrx_word' id='word_1_846' title='bbox 3262 5552 3315 5607; x_wconf 75' lang='lat' dir='ltr'><strong>in</strong></span> <span class='ocrx_word' id='word_1_847' title='bbox 3364 5540 3523 5609; x_wconf 60' lang='lat' dir='ltr'><strong>unum</strong></span> <span class='ocrx_word' id='word_1_848' title='bbox 3574 5540 3801 5631; x_wconf 50' lang='lat' dir='ltr'><strong>episcopi</strong></span> 
     </span>
    </p>
   </div>
   <div class='ocr_carea' id='block_1_115' title="bbox 2205 5613 2865 5680">
    <p class='ocr_par' dir='ltr' id='par_1_115' title="bbox 2205 5613 2865 5680">
     <span class='ocr_line' id='line_1_115' title="bbox 2205 5613 2865 5680; baseline 0.009 -15"><span class='ocrx_word' id='word_1_849' title='bbox 2205 5613 2415 5680; x_wconf 79' lang='lat' dir='ltr'><strong>plurimi</strong></span> <span class='ocrx_word' id='word_1_850' title='bbox 2440 5617 2533 5666; x_wconf 80' lang='lat' dir='ltr'><strong>hoc</strong></span> <span class='ocrx_word' id='word_1_851' title='bbox 2559 5623 2865 5672; x_wconf 77' lang='lat' dir='ltr'><strong>statuerunt.</strong></span> 
     </span>
    </p>
   </div>
   <div class='ocr_carea' id='block_1_116' title="bbox 2280 5768 2766 5841">
    <p class='ocr_par' dir='ltr' id='par_1_116' title="bbox 2280 5768 2766 5841">
     <span class='ocr_line' id='line_1_116' title="bbox 2280 5768 2766 5841; baseline 0.01 -18"><span class='ocrx_word' id='word_1_852' title='bbox 2280 5768 2301 5801; x_wconf 84' lang='grc'>⁸</span> <span class='ocrx_word' id='word_1_853' title='bbox 2339 5768 2483 5825; x_wconf 79' lang='lat' dir='ltr'><strong>Idem</strong></span> <span class='ocrx_word' id='word_1_854' title='bbox 2514 5770 2659 5841; x_wconf 90' lang='lat' dir='ltr'><strong>cod.,</strong></span> <span class='ocrx_word' id='word_1_855' title='bbox 2692 5782 2766 5828; x_wconf 74' lang='lat' dir='ltr'><strong>et.</strong></span> 
     </span>
    </p>
   </div>
  </div>
