4094 6466
301 325 390 378 777

1159 320 1291 376 PRO
1332 314 1756 374 DEFENSIONE
1796 312 2014 369 TRIUM
2052 312 2369 370 CAPITUL.
2412 313 2540 369 LIB.
2585 312 2652 369 Χ.

3471 319 3576 373 Π8

297 446 686 507 mugregatam,
714 449 905 489 novatn
940 435 994 489 in
1024 433 1224 504 privata
1249 447 1411 487 causa
1452 432 1592 487 inter
1620 431 1886 499 litigantes
1914 429 1961 487 Α
1992 427 2191 483 viorem
2224 428 2487 481 inveniret
2524 440 2738 481 causam
2784 425 2926 481 illius
2968 434 3170 480 sancite
3197 425 3385 497 synodi
3417 438 3574 496 quam

296 533 584 588 ium-ittcre
612 530 962 597 quaestionem
985 570 999 594 ,
1031 535 1084 579 et
1128 526 1180 577 in
1209 540 1272 579 ea
1305 535 1517 593 tempus
1543 519 1888 591 expendere?

298 629 456 696 Quasi
486 642 591 680 non
618 624 894 678 sufﬁceret
919 629 1025 676 tam
1050 621 1198 690 gravi
1231 635 1293 675 ac
1332 621 1583 673 diuturna
1611 614 1890 671 collisione

296 724 347 777 in
371 718 532 775 tantis
554 731 649 771 eos
671 713 886 781 iudiciis
907 712 1166 781 litigasse,
1196 721 1252 766 ut
1277 711 1477 781 aliquid
1504 709 1653 779 pejus
1672 717 1726 763 et
1752 707 1889 776 ipsa,

300 814 379 867 vel
408 816 778 865 accusatorum
815 804 1161 874 pertinacia,
1200 802 1283 857 vel
1328 801 1614 858 calamitati
1655 799 1893 869 episcopi

301 904 385 972 qui
418 900 794 965 accusabatur,
826 896 1125 965 adjiceret:
1161 895 1459 965 praesertim
1501 907 1622 947 cum
1668 890 1761 945 ille
1800 891 1893 945 de-

302 994 533 1062 ploraret
560 989 627 1044 de
658 987 856 1058 pietate
884 996 1085 1041 sancta:
1113 985 1307 1056 synodi
1335 984 1594 1038 auxilium
1625 994 1889 1052 quaerens,

303 1084 443 1152 quod
468 1082 579 1151 jam
602 1081 672 1135 20
696 1088 750 1135 et
772 1078 1002 1149 amplius
1033 1092 1281 1132 carceres
1304 1084 1588 1142 mutasset,
1611 1084 1667 1131 et
1690 1075 1756 1130 ad
1776 1080 1895 1130 eam

304 1175 367 1231 de
390 1175 460 1228 40
499 1171 864 1228 mansionibus
912 1171 1239 1226 advenisset.
1287 1168 1420 1236 Quis
1460 1169 1566 1223 hoc
1617 1166 1894 1221 hominum

304 1278 496 1336 praeter
526 1266 892 1337 Eutycbianos
913 1264 1079 1329 dicat,
1106 1277 1242 1332 quos
1269 1262 1407 1316 ratio
1433 1258 1592 1316 simul
1622 1260 1898 1329 pietasque

304 1361 571 1422 deseruit,
597 1367 652 1412 et
684 1358 737 1411 in
768 1356 963 1426 quibus
992 1370 1187 1410 nomen
1218 1355 1396 1410 solum
1427 1354 1684 1409 remansit
1712 1352 1900 1406 huma-

306 1451 469 1505 num?
503 1448 805 1503 Mcminerit
855 1458 1035 1502 autem
1080 1446 1249 1501 lector
1278 1445 1418 1513 quod
1452 1444 1567 1499 htec
1614 1445 1666 1498 in
1710 1442 1900 1497 defen-

305 1542 514 1597 sionem
559 1554 769 1607 magna‘.
810 1539 1000 1610 synodi
1025 1581 1040 1606 ,
1075 1539 1219 1594 nulla
1263 1539 1584 1595 necessitate
1612 1536 1900 1605 compulsi,

307 1633 373 1687 ad
398 1631 816 1703 conculcandam
846 1638 902 1685 et
931 1630 1144 1700 penitus
1168 1629 1551 1707 conterendam
1587 1630 1900 1684 vecordiutn

309 1724 767 1795 Eutychianorum
818 1723 1124 1792 superbiam
1178 1722 1493 1777 dixerimus.
1541 1720 1719 1777 Libuit
1757 1722 1901 1776 enim

1991 518 2268 573 beatorum
2312 518 2493 590 Cyrilli
2524 528 2580 573 et
2614 519 2811 573 Procli.
2838 517 2969 572 Nam
3000 517 3085 573 vel
3106 517 3184 586 si,
3213 526 3273 571 ut
3297 516 3577 581 dedimus,

1992 621 2331 667 accusaretur
2362 611 2500 680 apud
2550 611 2695 665 illam
2737 610 3090 677 Theodorus,
3144 609 3312 665 levius
3352 619 3498 665 esset
3526 620 3585 664 ut

1992 704 2295 758 absolveret
2335 704 2478 758 lbtm
2510 703 2853 773 episcopum,
2886 703 2978 772 qui
3021 718 3142 757 eutn
3186 701 3413 758 necdum
3443 701 3582 770 apud

1994 810 2054 850 se
2073 795 2319 864 deposita
2341 794 2681 849 accusatione
2703 794 2995 859 laudasset,
3013 808 3172 863 qnam
3196 792 3336 862 quod
3359 792 3546 848 beatus
3564 791 3585 823 ⁸

1994 886 2226 959 Cyrillus
2254 895 2311 943 et
2334 887 2554 941 Proclus
2581 888 2855 953 fecerunt,
2888 888 2977 957 qui
3006 884 3307 941 Orientales
3338 900 3364 936 a
3396 883 3587 952 quibus

1996 978 2139 1033 idem
2168 978 2484 1032 Theodorus
2516 986 2637 1047 post
2662 978 3057 1033 accusationem
3084 976 3336 1033 laudatus
3366 984 3474 1039 est,
3500 976 3588 1044 ju-

1997 1069 2312 1123 dicaverunt
2363 1068 2716 1124 orthodoxos.
2767 1068 2868 1125 Ubi
2918 1080 3096 1124 autem
3148 1067 3362 1137 probari
3417 1075 3590 1137 potest

2000 1161 2304 1231 quisquam,
2338 1160 2547 1216 etiamsi
2578 1176 2705 1216 vere
2732 1160 2891 1216 fuerit
2933 1161 3134 1216 Ιιειξιτθιίι
3156 1174 3242 1231 us,
3286 1161 3354 1214 ab
3380 1160 3592 1215 univer-

2002 1258 2101 1315 sali
2147 1258 2355 1328 synodo
2410 1272 2519 1313 non
2559 1257 2581 1289 ⁸
2625 1257 2829 1326 prolata
2884 1258 3227 1313 accusatione
3271 1256 3592 1315 damnatus!

2001 1348 2134 1404 Nam
2161 1351 2347 1406 Patres
2388 1351 2560 1405 nostri
2590 1361 2814 1405 cunctos
2857 1366 2992 1420 quos
3020 1354 3345 1421 expulerunt
3391 1354 3596 1410 δέει-θείη

2002 1456 2124 1509 cos,
2180 1442 2327 1511 prius
2374 1442 2771 1498 admonuerunt
2831 1458 3022 1512 sapere
3073 1445 3329 1513 meliora;
3399 1446 3597 1502 deinde

2004 1533 2539 1601 condemnationem,
2588 1534 2632 1589 si
2679 1549 2786 1590 non
2828 1535 3240 1605 resipiscerent,
3289 1540 3598 1596 comminati

2005 1635 2150 1691 sunt,
2184 1626 2375 1682 dantes
2397 1627 2475 1681 eis
2496 1627 2659 1683 etiam
2683 1626 2944 1685 tractandi
2970 1643 3149 1683 secum
3176 1629 3439 1695 inducias,
3464 1630 3599 1688 sicut

2008 1717 2369 1773 necessarium
2401 1716 2701 1773 videbatur.
2732 1716 2848 1772 Non
2880 1717 2996 1772 haec
3035 1718 3236 1788 absque
3279 1719 3602 1775 documento

310 1792 466 1870 nobis
507 1816 729 1872 illudere
755 1816 860 1872 illis
882 1858 897 1884 ,
927 1825 985 1873 et
1024 1817 1094 1871 ita
1125 1830 1341 1872 causam
1380 1816 1741 1881 constituere,
1782 1823 1903 1869 tan-
1934 1792 1982 1853 Β
2004 1806 2295 1877 iactamus.
2324 1809 2661 1863 Attestantur
2688 1807 2843 1863 nobis
2870 1810 3114 1879 exempla
3146 1810 3431 1881 maiorum,
3464 1828 3603 1881 quo-

310 1922 466 1977 quam
516 1907 837 1964 Theodorus
905 1894 1082 1978 aliqua
1149 1907 1437 1975 culpabilia
1497 1906 1739 1962 scribens
1792 1920 1901 1960 non

310 1999 710 2066 emendaverit,
744 2009 796 2055 et
826 2015 933 2054 non
975 2000 1148 2054 solum
1179 1997 1433 2067 praedicta
1463 1996 1701 2068 synodus
1740 1996 1905 2052 Chal-

312 2093 636 2149 cedonensis
683 2107 744 2148 ea
794 2095 1137 2163 cognoverit,
1185 2105 1286 2147 nec
1320 2091 1514 2147 melius
1560 2089 1903 2159 interpretari

316 2187 546 2255 potuerit
569 2231 583 2253 _,
614 2199 798 2239 verum
846 2186 1007 2239 etiam
1036 2183 1365 2239 venerabilis
1398 2183 1517 2238 lbas
1561 2180 1677 2236 haec
1716 2180 1905 2237 eadem

315 2294 420 2331 non
448 2278 701 2348 ignorans
729 2277 846 2348 ejus
886 2277 1185 2332 doctrinam
1212 2276 1506 2331 laudaverit
1530 2293 1544 2330 :
1575 2289 1801 2344 quorum
1827 2273 1909 2327 ni-

317 2368 388 2422 hil
418 2369 698 2437 probatum
729 2378 839 2433 est,
870 2368 965 2424 sed
997 2382 1094 2422 nos
1121 2368 1237 2423 hmo
1268 2367 1404 2422 ultro
1430 2365 1821 2429 concessimus,
1848 2372 1909 2418 ut

318 2476 413 2529 per
442 2461 545 2515 hoc
574 2460 802 2529 amplius
839 2470 1124 2530 appareret
1153 2475 1311 2530 quam
1355 2462 1517 2514 Stu'te
1546 2457 1707 2513 iidem
1739 2455 1908 2528 Euty-

317 2553 492 2608 cliiani
528 2554 594 2608 de
623 2554 889 2608 sententia
918 2552 1109 2624 synodi
1138 2567 1301 2623 super
1323 2552 1547 2621 epistola
1574 2550 1679 2605 lbze
1706 2549 1909 2620 prolata

318 2642 631 2707 querantur,
660 2641 910 2709 quoniam
947 2642 963 2673 ¹
1010 2655 1079 2696 ne
1120 2639 1204 2696 his
1231 2640 1445 2710 quidem
1487 2639 1739 2697 omnibus
1779 2652 1911 2694 con-

318 2733 484 2787 cessis
514 2730 956 2799 reprehensibilis
980 2732 1318 2801 probaretur.

941 2910 1166 2967 CAPUT
1206 2910 1296 2966 IV.
1378 2896 1397 2915 ‘

324 3044 474 3111 Quod
532 3042 857 3099 Theodorum
912 3043 1159 3115 synodus,
1203 3043 1249 3097 si
1292 3045 1432 3115 apud
1486 3058 1600 3098 eam
1645 3054 1914 3100 accusatus

392 3115 592 3188 [uisset,
624 3115 868 3188 damnare
896 3114 1007 3188 post
1036 3122 1247 3169 mortem
1292 3114 1346 3169 in
1387 3114 1630 3172 Ecclesia:
1666 3131 1794 3188 pace
1819 3118 1909 3170 de-

390 3186 623 3254 functum
646 3201 747 3239 non
776 3184 1024 3239 debuerit.

391 3341 606 3413 Aliquid
638 3352 815 3398 tamen
841 3353 895 3398 et
926 3341 1042 3398 istis
1073 3341 1384 3413 adjicimus,
1430 3351 1490 3399 ut
1514 3345 1655 3414 quod
1697 3343 1909 3414 penitus

323 3435 520 3487 factum
552 3449 659 3488 non
699 3442 813 3497 est,
846 3434 930 3487 vel
957 3432 1299 3489 Theodorum
1319 3478 1334 3504 ,
1370 3434 1455 3491 vel
1486 3434 1659 3505 ipsum
1686 3451 1912 3492 venera-

324 3522 484 3576 bilem
522 3521 699 3590 lbilm,
730 3523 798 3578 de
826 3521 1099 3578 Theodori
1127 3523 1283 3579 laude
1313 3538 1574 3595 ponamus
1612 3526 1667 3580 in
1704 3526 1912 3597 synodo

323 3624 649 3668 accusatum.
682 3615 737 3670 Si
768 3630 896 3684 ergo
926 3626 1143 3687 propter
1172 3617 1273 3671 hoc
1302 3617 1557 3673 haeretica
1579 3617 1805 3673 dicenda
1827 3626 1913 3674 est

324 3705 418 3757 illa
451 3705 725 3777 synodus,
770 3705 913 3774 quod
943 3705 1064 3775 ejus
1104 3707 1382 3776 epistulam
1413 3706 1752 3762 Theodorum
1798 3707 1911 3763 lau-

323 3795 538 3850 dantem
570 3796 939 3864 pronuntiavit
978 3797 1366 3862 orthodoxam,
1410 3799 1597 3853 beatus
1620 3799 1640 3828 ²
1679 3796 1913 3868 Cyrillus

324 3896 377 3941 et
404 3886 647 3953 Proclus,
678 3903 814 3957 quos
836 3888 1055 3943 honora;
1071 3904 1102 3944 e
1126 3905 1185 3945 se
1217 3891 1440 3961 lingunt,
1469 3892 1537 3946 ab
1561 3892 1780 3948 haeresis
1802 3892 1911 3949 cri-

324 3981 470 4034 mine
497 3980 870 4043 defendentur,
902 3983 991 4050 qui
1020 3982 1318 4038 Orientales
1341 3994 1649 4040 accusatum
1681 3985 1824 4054 apud
1852 4000 1912 4041 se

297 4069 667 4138 ,Theodorum
688 4070 1061 4139 defendentes,
1094 4083 1148 4128 et
1175 4076 1342 4129 multo
1366 4075 1595 4144 amplius
1619 4075 1912 4144 praedican-

327 4173 429 4230 tes,
459 4178 564 4218 non
595 4172 653 4218 ut
682 4163 966 4220 hmreticos
994 4166 1405 4237 damnaverunt,
1435 4167 1528 4222 sed
1554 4168 1731 4238 potius
1758 4182 1911 4223 com-

326 4255 650 4311 municando
675 4258 755 4313 eis
787 4258 1139 4313 ﬁrmaverunt
1176 4258 1539 4315 orthodoxos?
1568 4268 1625 4314 ut
1646 4248 1909 4322 emittam,

325 4348 465 4414 quod
498 4348 660 4402 etiam
693 4349 963 4418 ipsorum,
1000 4349 1050 4405 id
1081 4362 1162 4405 est
1189 4352 1369 4421 Cyrilli
1401 4363 1455 4408 et
1484 4352 1690 4417 Procli,
1720 4353 1912 4409 adver-

324 4448 416 4489 sus
461 4437 705 4493 eamdem
753 4440 1020 4494 Theodori
1063 4441 1458 4497 accusationem
1500 4443 1781 4498 sententias
1835 4452 1912 4497 te-

2007 1912 2123 1951 rum
2155 1896 2325 1953 forma
2351 1896 2376 1931 ⁸
2403 1896 2592 1953 beatus
2617 1895 2850 1969 Cyrillus
2880 1907 2935 1954 et
2970 1898 3278 1955 Nestorium
3310 1903 3456 1970 prius
3485 1917 3603 1959 cor-

2013 1997 2249 2056 rectum,
2285 2006 2391 2044 non
2437 1990 2558 2060 quia
2591 1990 2773 2060 lapsus
2804 2000 2954 2057 erat,
2993 1992 3089 2047 sed
3114 1994 3239 2062 quia
3270 1995 3444 2050 noluit
3473 1996 3605 2051 resi-

2014 2081 2243 2151 piscere,
2273 2081 2682 2149 condemnavit;
2713 2092 2769 2138 et
2796 2083 3170 2150 Theodorum,
3204 2085 3294 2155 qui
3325 2098 3605 2146 accusatus

2009 2181 2133 2227 ante
2160 2170 2337 2228 fuerat
2368 2174 2410 2239 ⁸,
2438 2174 2782 2231 condemnari
2814 2176 3107 2247 prohibuit.
3150 2178 3319 2244 Quam
3364 2181 3607 2237 sanitatis

2013 2273 2069 2317 et
2112 2264 2389 2319 modestia:
2431 2267 2668 2334 regulam
2712 2266 2927 2336 quidam
2976 2267 3118 2323 male
3163 2271 3507 2338 transgressi,
3539 2286 3609 2326 ne

2013 2355 2097 2411 vel
2147 2369 2272 2411 sero
2318 2364 2676 2412 conuteantur
2723 2372 2997 2421 errorem,
3047 2357 3232 2413 dicunt
3276 2362 3504 2429 probare
3549 2377 3609 2417 se

2017 2460 2175 2515 posse
2223 2446 2409 2502 nescio
2463 2461 2599 2517 quos
2658 2447 2943 2503 haereticos
3000 2460 3119 2518 post
3169 2458 3395 2507 mortem
3445 2450 3610 2510 fuisse

2013 2538 2341 2593 damnatos:
2373 2540 2526 2609 quasi
2579 2554 2705 2593 vero
2754 2555 2849 2611 per
2895 2539 2999 2595 hoc
3045 2542 3275 2610 probent
3322 2544 3462 2613 quod
3503 2560 3609 2601 non

2012 2630 2174 2685 etiam
2204 2628 2447 2684 viventes
2477 2629 2715 2684 damnati
2759 2630 2901 2696 sint,
2935 2631 3024 2687 vel
3068 2633 3111 2686 si
3143 2644 3380 2689 nostram
3408 2649 3610 2690 memo~

2013 2722 2146 2777 riam
2180 2736 2243 2777 ac
2273 2721 2516 2777 netitiam
2547 2721 2699 2792 fugit.
2734 2723 2846 2776 Non
2876 2722 3019 2778 enim
3042 2724 3326 2795 quisquam
3351 2727 3494 2782 scire
3518 2735 3610 2783 aut

2015 2814 2291 2869 reminisci
2332 2814 2512 2870 omnia
2544 2821 2741 2881 potest,
2773 2814 2895 2883 quia
2929 2831 3028 2871 nec
3054 2817 3232 2871 omnia
3265 2833 3385 2888 quae
3410 2821 3610 2889 scripto

2015 2905 2264 2960 mandata
2315 2915 2441 2960 sunt
2492 2905 2751 2960 hactenus
2794 2915 3162 2974 perseverant.
3196 2906 3265 2964 Ut
3301 2919 3478 2965 autem
3511 2909 3610 2964 hoc

2016 2997 2261 3052 omittam
2283 3039 2297 3063 ,
2344 2995 2476 3051 illud
2506 3005 2653 3052 certe
2679 3011 2879 3067 negare
2922 3013 3027 3053 non
3070 3008 3326 3068 possunt,
3357 3001 3609 3069 quoniam

2018 3087 2164 3157 prius
2193 3090 2426 3156 correpti
2455 3096 2615 3155 sunt,
2664 3097 2717 3141 et
2762 3088 2814 3141 in
2862 3087 3123 3156 judicium
3168 3089 3420 3158 adducti,
3447 3099 3609 3162 atque

1932 3164 1978 3226 C
2011 3177 2241 3234 convicti
2268 3195 2283 3244 ;
2316 3187 2368 3231 et
2397 3178 2444 3232 si
2473 3188 2531 3232 ut
2560 3176 2940 3247 resipiscerent
2970 3193 3075 3234 non
3101 3180 3209 3235 cito
3237 3180 3447 3249 spoliati
3479 3192 3606 3237 sunt

2014 3269 2310 3328 honoribus
2339 3268 2530 3338 quibus
2558 3269 2612 3323 in
2640 3268 2877 3324 Ecclesia
2906 3268 3283 3340 fungebantur,
3314 3286 3345 3326 a
3371 3272 3603 3327 fraterna

2015 3372 2197 3414 tamen
2240 3360 2623 3415 communione
2671 3360 2864 3415 remoti
2910 3370 3052 3416 sunt.
3105 3360 3242 3429 Quid
3272 3362 3462 3417 ltorutn
3500 3364 3608 3431 jam

2014 3458 2366 3520 praecesserat
2411 3451 2467 3504 in
2510 3449 2835 3515 Theodoro,
2887 3462 2943 3506 ut
2990 3467 3114 3507 eum
3161 3454 3400 3523 synodus
3447 3457 3609 3510 etiam

2012 3543 2151 3611 apud
2179 3557 2238 3598 se
2280 3540 2588 3598 accusatum
2617 3543 2990 3611 adjudicaret?
3018 3544 3072 3600 Si
3098 3545 3221 3615 quis
3248 3555 3425 3602 autem
3456 3547 3607 3602 afﬁr-

2014 3643 2126 3688 mat
2169 3634 2377 3703 aliqnos
2424 3644 2547 3690 ante
2595 3637 2988 3691 correctionem
3038 3638 3106 3692 ab
3146 3627 3386 3693 Ecclesia
3437 3639 3605 3696 fuisse

2014 3725 2327 3793 damnatos,
2370 3740 2475 3781 non
2515 3735 2623 3781 tam
2669 3728 2812 3795 ipsos
2841 3744 3001 3798 quam
3033 3730 3486 3787 condemnatores
3512 3747 3608 3788 eo-

2013 3832 2131 3872 rum
2174 3817 2362 3873 Patres
2402 3827 2616 3874 nostros
2642 3822 2941 3877 contrarios
2971 3822 3228 3889 Apostolo
3258 3829 3483 3878 conatur
3510 3840 3603 3895 op-

2016 3923 2218 3979 ponere
2239 3949 2255 3973 ,
2284 3910 2373 3979 qui
2419 3926 2525 3965 non
2555 3910 2657 3965 nisi
2690 3921 2809 3979 post
2839 3926 2997 3967 unam
3030 3921 3083 3967 et
3107 3914 3396 3969 secundam
3424 3929 3607 3971 corre-

2017 3998 2254 4068 ptionem
2282 4001 2438 4056 vitari
2461 4001 2616 4070 jubet
2654 4002 2964 4058 hmreticum
2990 4003 3117 4075 (Tit.
3151 4020 3240 4070 ιη,
3269 4004 3378 4076 10).
3410 4006 3605 4061 Verum

2017 4092 2172 4158 longe
2203 4090 2341 4146 absit
2362 4107 2391 4145 a
2416 4092 2571 4147 nobis
2596 4092 2616 4123 ⁷
2644 4092 2784 4161 quod
2811 4093 3077 4150 catholica
3106 4102 3159 4149 et
3185 4093 3480 4164 apostolica
3509 4096 3607 4151 Ec-

2016 4182 2179 4237 clesia
2213 4184 2472 4253 Apostolo
2523 4182 2682 4239 fuerit
2708 4184 2995 4255 aliquando
3041 4184 3307 4240 contraria
3334 4186 3349 4239 l
3379 4185 3438 4241 Si
3476 4187 3605 4255 quid

2016 4288 2145 4344 ergo
2186 4275 2324 4344 apud
2376 4288 2470 4330 eos
2519 4276 2660 4330 valet
2706 4276 2983 4331 modestiae
3027 4286 3083 4331 et
3120 4276 3323 4331 ordinis
3367 4276 3484 4346 ejus
3513 4292 3607 4332 au-

2015 4366 2268 4432 ctoritas,
2319 4381 2477 4435 quem
2508 4366 2798 4422 salubriter
2842 4366 2909 4421 ab
2954 4367 3210 4436 Apostolo
3255 4369 3604 4424 constitutum

2018 4459 2070 4512 in
2103 4459 2370 4515 haereticis
2400 4460 2666 4516 evitandis
2687 4503 2702 4526 ,
2750 4462 2800 4515 id
2831 4471 2915 4517 est
2957 4463 3340 4530 excludendis,
3390 4481 3605 4535 semper

326 4536 574 4630 ηξὲθυιξξνν
624 4530 765 4630 (θυοδ
797 4546 896 4585 nec
916 4529 1091 4630 _il_’_59s
1143 4544 1242 4630 ξῑθο
1277 4532 1391 4601 eius
1422 4531 1563 4630 ἀίειξι
1606 4532 1910 4630 damnaflda
1940 4537 1989 4597 Ι)
2019 4551 2215 4616 tenuit,
2241 4544 2491 4607 desinant
2515 4568 2639 4608 cum
2668 4555 2781 4609 suis
2811 4556 3241 4612 contentionibus
3268 4558 3604 4630 impugnare.

324 4617 447 4673 sint.
482 4619 742 4686 Quocirca
774 4624 856 4677 vel
884 4622 931 4677 si
969 4621 1323 4691 Theodorus,
1360 4625 1441 4679 vel
1471 4624 1754 4694 episcopus
1792 4624 1912 4679 Ibas

325 4721 669 4767 accusaretur
698 4714 750 4767 in
780 4714 987 4784 synodo
1012 4728 1111 4784 pro
1145 4713 1305 4768 laude
1333 4715 1622 4782 Theodori,
1655 4731 1759 4770 non
1789 4732 1913 4785 pos-

323 4810 405 4854 set
446 4801 515 4856 ab
550 4801 899 4873 Eutychianis
939 4805 1126 4861 eadem
1178 4805 1416 4875 synodus
1454 4807 1726 4872 accusari,
1769 4808 1913 4878 quod

324 4894 469 4946 illam
496 4894 779 4963 epistolam
810 4898 1175 4964 pronuntiavit
1204 4900 1584 4967 orthodoxam,
1618 4900 1717 4956 nisi
1750 4902 1910 4955 etiam

324 4983 554 5053 Cyrillus
586 4994 640 5039 et
670 4986 893 5042 Proclus
917 4999 1315 5061 consequenter
1338 5002 1737 5057 accusarentur,
1766 4992 1908 5063 quod

323 5074 678 5144 iudicaverint
718 5078 1019 5134 Orientales
1061 5084 1426 5148 ortltodoxos,
1472 5082 1561 5152 qui
1602 5093 1909 5139 accusatum

324 5166 463 5236 apud
512 5182 573 5223 se
620 5167 965 5227 Theodorum
1014 5172 1365 5229 defendentes
1408 5174 1569 5231 etiam
1623 5177 1910 5245 prmeipuis

325 5256 570 5313 laudibus
604 5259 926 5316 extulerant.
965 5262 1019 5318 Si
1061 5264 1183 5332 quis
1221 5276 1399 5319 autem
1430 5265 1601 5319 adhuc
1634 5266 1791 5335 paulo
1829 5276 1911 5321 at-

328 5352 525 5408 tentius
564 5355 730 5423 partis
769 5357 1051 5428 utriusque
1092 5370 1357 5413 momenta
1398 5360 1784 5431 perpenderet,
1831 5362 1906 5415 le-

401 5557 416 5586 ‘
457 5556 591 5629 Cod.
627 5557 846 5623 Vcron.,
870 5556 1077 5629 quando
1098 5580 1158 5617 ne
1187 5561 1284 5615 his.

398 5629 417 5657 ²
463 5626 606 5681 Idem
629 5629 774 5695 cod.,
803 5626 959 5685 beati.

399 5695 418 5778 ξ
457 5696 597 5778 idem
625 5700 769 5778 cod.,
801 5701 952 5778 beati.

458 5769 514 5822 ln
538 5769 729 5823 eo'dctu
761 5771 881 5827 cod.
908 5774 1061 5827 deest
1088 5791 1208 5829 non.

605 5883 877 5946 ΡΑτιιοι..
925 5887 1169 5951 LXVII.

2016 4641 2132 4695 Non
2161 4643 2303 4698 enim
2346 4654 2585 4698 sanctam
2617 4645 2901 4715 synodum,
2935 4661 3055 4716 quas
3099 4647 3229 4703 nihil
3256 4658 3441 4704 contra
3471 4665 3605 4705 con-

2016 4731 2349 4785 suetudinem
2377 4732 2628 4787 Ecclesiae
2652 4733 2874 4801 faceret,
2911 4737 3120 4791 etiamsi
3138 4746 3443 4793 accusatum
3465 4741 3605 4809 apud

2017 4834 2077 4874 se
2106 4820 2447 4877 Theodorum
2481 4838 2583 4878 non
2608 4823 2919 4891 damnaret;
2950 4828 3042 4882 sed
3083 4829 3258 4895 potius
3282 4830 3605 4898 universam,

2015 4909 2167 4978 cujus
2196 4909 2423 4965 fortnam
2461 4924 2800 4982 sequeretur,
2846 4915 3158 4985 impugttanl
3188 4917 3506 4975 Ecclesiam.
3540 4925 3607 4976 At

2018 5000 2104 5056 isti
2122 5016 2587 5073 argumentantur,
2608 5015 2660 5062 et
2682 5007 2864 5063 dicunt
2886 5009 2936 5061 in
2957 5009 3057 5063 hoc
3069 5009 3408 5066 Theodorum
3425 5016 3493 5068 ab
3518 5016 3607 5072 Ee-

2016 5095 2178 5148 clesia
2208 5094 2375 5152 fuisse
2395 5098 2701 5167 depulsum,
2727 5099 2979 5168 quoniam
3008 5102 3179 5155 sancti
3208 5102 3390 5158 Patres
3416 5105 3466 5157 in
3493 5108 3606 5161 sitis

2019 5185 2168 5239 libris
2191 5202 2325 5257 quos
2354 5190 2598 5255 privatim
2632 5192 2988 5261 scripserunt,
3018 5192 3366 5262 culpaverunt
3390 5209 3484 5249 eos
3513 5198 3604 5265 qui

1962 5350 1967 5357 ‘
2020 5279 2141 5332 talia
2164 5289 2417 5349 saperent
2436 5283 2613 5350 qualia
2632 5284 2875 5352 sapuisse
2890 5284 3083 5340 dicitur
3107 5284 3244 5340 idem
3267 5284 3602 5341 Theodorus.

2019 5367 2277 5439 Equidem
2302 5371 2548 5440 superius
2567 5372 2699 5441 jam,
2727 5389 2833 5429 non
2861 5376 3031 5430 solum
3056 5376 3363 5431 testimonio
3384 5393 3609 5450 magno-

2049 5562 2108 5685 .l;
2153 5562 2295 5686 [dein
2337 5565 2482 5627 cod.,
2518 5581 2731 5630 quorum
2767 5567 2934 5635 forma
2969 5573 3254 5627 custodiens
3301 5573 3471 5630 beatus
3500 5570 3607 5644 Cy—

2049 5650 2058 5684 l
2105 5649 2187 5686 us.
2213 5649 2240 5685 e
2268 5648 2315 5686 c.

2016 5648 2187 5697 riuus,
2213 5648 2315 5687 etc.

2088 5702 2108 5732 ⁶
2148 5703 2292 5773 idem
2318 5704 2435 5758 cod.
2457 5745 2471 5767 ,
2501 5722 2602 5758 non
2626 5706 2813 5773 fuerat.

2085 5773 2104 5803 '
2146 5771 2287 5827 Idem
2319 5775 2462 5843 cod.,
2492 5792 2521 5830 a
2550 5771 2689 5830 nobis
2715 5786 2767 5830 ut
2790 5779 3055 5833 credamus
3086 5780 3241 5848 quod.

3085 5912 3165 5973 25
