4094 6468
513 291 614 348 779

1609 288 1904 344 FACUND!
1951 283 2164 343 EPlSC.
2210 285 2728 343 HERMIANENSIS

3730 296 3836 348 7ῗο

512 419 630 462 rum
655 405 912 469 virorum,
937 405 1032 462 sed
1053 403 1494 462 etiamdictorum
1510 405 1627 476 ejus
1651 406 1952 476 prolatione
1968 422 2114 460 mon.
2151 405 2198 465 A
2227 405 2377 475 cujus
2407 419 2604 460 nomen
2635 405 2817 460 titulus
2849 405 3085 476 prmlert,
3116 405 3250 462 nihil
3287 409 3338 464 ei
3384 409 3455 465 de
3497 409 3599 466 hac
3647 424 3841 468 nostra

511 512 736 558 stratum
755 511 836 558 est
855 501 1122 570 quomodo
1149 501 1420 570 sapuerit;
1453 509 1628 554 tamen
1651 500 1906 570 quoniam
1939 499 2116 568 aliqua

513 610 577 649 ex
607 594 904 649 innumeris
919 592 1034 661 ejus
1050 592 1220 658 libris,
1239 592 1384 647 velut
1401 593 1484 646 his
1504 607 1626 662 qute
1649 592 1970 660 protulimus
1989 605 2116 646 con-

514 686 696 750 traria,
723 683 1054 739 calumniose
1081 682 1398 751 decerpunt,
1424 692 1480 737 et
1509 697 1606 752 pro
1637 682 1745 738 illis
1774 697 1899 737 eum
1932 682 2118 736 existi-

513 785 658 831 mant
674 789 794 830 esse
810 774 1192 842 damnandum,
1213 775 1301 828 alti
1312 782 1546 830 rmantes
1566 773 1710 844 quod
1736 772 1924 828 Patres
1948 773 2118 827 nostri

514 867 565 921 in
587 867 696 922 suis
712 867 864 922 libris
880 875 1005 921 ante
1021 875 1342 921 notaverunt
1363 881 1610 936 quosque
1628 865 1756 920 talia
1779 866 2072 920 sentientes
2103 881 2117 918 :

511 959 712 1016 idcirco
747 959 983 1028 ipsorum
1027 958 1242 1013 Patrum
1270 960 1468 1015 similia
1512 958 1597 1014 his
1625 973 1745 1031 qua:
1775 959 1995 1028 culpant
2033 975 2123 1014 sc-

511 1053 694 1124 qnenti
714 1052 983 1108 Volumine
1009 1051 1352 1123 proferimus,
1374 1060 1434 1106 ut
1454 1067 1581 1107 suas
1605 1053 1905 1108 calumnias
1928 1052 2122 1108 adver-

512 1160 604 1200 sus
627 1157 878 1214 magnum
907 1144 1193 1200 concilium
1221 1146 1553 1216 excogitatas
1583 1144 1823 1215 undique
1867 1146 2117 1214 repulsas

511 1235 794 1306 aspiciant.
827 1235 932 1292 Sed
965 1235 1050 1290 bis
1073 1251 1283 1306 quoque
1314 1235 1536 1292 sublatis
1574 1237 1659 1292 vel
1689 1237 1959 1307 paululum
1985 1237 2120 1291 dila-

512 1329 602 1391 t-is,
637 1327 708 1393 si,
737 1327 1188 1398 quemadmodum
1213 1327 1421 1394 dicunt,
1435 1328 1548 1398 jam
1575 1336 1704 1383 tunc
1723 1328 1982 1398 expulsus
2002 1337 2118 1384 erat

511 1417 851 1483 Theodorus,
879 1421 1039 1474 etiam
1065 1420 1257 1474 beatus
1275 1417 1532 1490 Cyrillus,
1555 1433 1654 1476 nec
1675 1434 1782 1474 non
1802 1418 2038 1475 Joannes
2067 1430 2118 1474 et

513 1510 749 1566 Domnus
773 1509 1095 1567 Antiocheni
1122 1520 1281 1580 atque
1297 1510 1389 1566 alii
1408 1509 1698 1566 orientales
1728 1511 1968 1581 episcopi
1993 1526 2116 1566 cum

511 1618 578 1658 eo
595 1602 753 1657 simul
775 1602 986 1670 expulsi
1009 1611 1155 1672 sunt,
1180 1616 1302 1657 cum
1326 1601 1606 1671 expulsum
1629 1601 1995 1657 condemnare
2011 1616 2116 1655 non

509 1695 776 1763 sinerent;
798 1696 1130 1752 mendaciter
1148 1711 1364 1767 quoque
1380 1694 1708 1762 Nestorium,
1725 1697 1808 1750 vel
1828 1695 1966 1751 idem
1988 1696 2114 1750 bea-

2221 493 2538 549 credulitate
2585 495 3029 564 prtejudicantes;
3060 497 3166 552 alia
3196 513 3355 564 vero,
3388 514 3514 554 cum
3552 502 3844 560 damnatio

2220 585 2339 653 ejus
2369 584 2458 655 qui
2490 586 2730 654 creditur
2771 596 2962 641 auctor
3008 587 3061 641 in
3107 587 3312 656 judicio
3355 589 3643 661 ﬂagitator.
3679 593 3846 650 Unte

2223 676 2308 755 vel
2338 677 2381 730 si
2409 676 2620 744 juraret
2649 677 2752 733 iste
2778 687 3062 733 accusator
3085 679 3358 736 Theodori
3385 696 3506 738 esse
3532 685 3716 738 omnia
3747 687 3844 742 illa

2221 768 2477 836 capitula.
2507 783 2607 824 nec
2639 769 2710 823 ita
2747 770 2988 840 synodus
3016 770 3084 825 ad
3112 771 3582 832 condemnandum
3632 777 3686 831 in
3734 778 3845 832 Ec-

2221 859 2405 914 clesiae
2436 874 2568 929 pace
2596 860 2910 916 defunctum
2952 861 3262 932 juramento
3309 863 3426 935 ejus
3471 866 3694 923 deberet
3741 871 3846 923 ad-

2222 951 2366 1006 duci.
2396 952 2535 1019 Quid
2575 954 2735 1022 igitur
2763 953 2854 1008 ille
2881 964 3166 1010 accusator
3191 957 3424 1026 amplius
3455 973 3617 1028 agere
3648 972 3843 1029 posset

2223 1059 2385 1114 quam
2421 1055 2586 1102 testes
2613 1046 2781 1102 citare
2816 1047 2995 1102 meriti
3022 1056 3077 1102 et
3101 1049 3308 1104 numeri
3339 1062 3647 1120 competent
3668 1069 3713 1116 s,
3739 1055 3840 1123 qui

2218 1135 2384 1206 jnrati
2418 1138 2519 1194 hoc
2553 1139 2726 1208 ipsum
2761 1139 3041 1196 testiﬁcari
3068 1141 3301 1201 vellent?
3329 1144 3497 1200 Porro
3525 1162 3697 1216 neque
3729 1147 3842 1204 hoc

2223 1233 2366 1301 quod
2407 1233 2642 1302 amplius
2664 1234 2684 1264 ³
2714 1234 2798 1305 agi
2845 1243 3027 1303 posset
3054 1235 3171 1304 ejus
3200 1236 3630 1294 condemnationi
3683 1241 3843 1295 suffi-

2221 1333 2390 1378 ceret.
2424 1324 2555 1379 Nam
2583 1325 2630 1380 si
2657 1326 2784 1380 dum
2812 1327 3015 1382 viveret
3043 1312 3182 1383 idem
3211 1327 3545 1398 Theodorus,
3568 1331 3841 1390 adversus

2223 1431 2348 1471 eum
2397 1427 2564 1474 testes
2604 1418 3160 1482 adducerentur,-non
3193 1405 3446 1488 oportuit,
3476 1424 3528 1476 in
3566 1421 3838 1492 judicium

2223 1525 2332 1564 non
2360 1510 2676 1566 devocatum
2718 1525 2818 1580 pro
2847 1511 2960 1564 sola
2991 1509 3012 1542 ⁸
3045 1511 3424 1568 testificatione
3460 1513 3738 1570 damnare.
3771 1516 3838 1580 Si

2222 1617 2354 1658 vero
2398 1612 2698 1659 conventus
2728 1603 2813 1658 vel
2846 1613 3028 1659 reatus
3070 1604 3399 1660 conscientia
3427 1607 3509 1662 vel
3551 1617 3839 1664 contuma-

2221 1698 2326 1762 cia,
2357 1696 2618 1751 indictum
2651 1696 2950 1765 praestolari
2991 1696 3160 1752 nollet
3194 1711 3442 1767 examen,
3467 1699 3576 1767 jam
3606 1717 3712 1756 non
3751 1712 3840 1759 te.

512 1803 596 1846 HIS
617 1790 872 1860 Cyrillus,
895 1789 981 1844 vel
1005 1797 1223 1844 sanctus
1248 1788 1573 1844 Coelestinus
1605 1789 1879 1845 Romanus
1901 1789 2113 1858 episeo-
2148 1785 2196 1844 B
2222 1788 2393 1844 stibus
2441 1787 2512 1842 de
2557 1791 2804 1851 absente,
2845 1787 2939 1842 sed
2985 1787 3084 1856 ipsi
3131 1787 3201 1843 de
3244 1802 3304 1843 se
3347 1787 3604 1858 judicanti
3655 1794 3837 1859 potius

512 1897 611 1952 pus
637 1882 916 1951 expulisse
943 1881 1218 1938 dicuntur.
1245 1880 1377 1935 Nam
1401 1882 1446 1936 si
1474 1891 1759 1951 propterea
1791 1881 1899 1950 jam
1919 1881 2041 1950 dep.
2066 1881 2112 1935 l-

511 1995 604 2035 sus
630 1987 767 2034 erat
807 1976 1129 2033 Theodorus
1167 1977 1421 2047 quoniam
1466 1976 1638 2031 sancti
1690 1975 1878 2030 Patres
1920 1975 1974 2030 in
2001 1977 2114 2029 suis

512 2071 664 2126 libris
687 2070 1041 2138 culpaverunt
1067 2081 1164 2123 eos
1189 2067 1282 2138 qui
1310 2068 1439 2122 talia
1464 2076 1742 2136 saperent,
1758 2067 1924 2120 multo
1947 2067 2116 2135 magis

511 2161 795 2216 Nestorius
820 2159 930 2231 jam
963 2160 1222 2230 depulsus
1249 2167 1386 2228 erat,
1417 2159 1506 2230 qui
1537 2170 1592 2214 et
1618 2159 1903 2214 manifeste
1950 2174 2113 2227 prava

508 2251 753 2321 sapuisse
801 2251 1246 2313 demonstratur,
1297 2259 1352 2304 et
1404 2250 1759 2306 ollensionem
1805 2250 2112 2306 audtorum

508 2357 668 2410 quam
702 2342 938 2410 profanis
967 2355 1158 2396 vocum
1190 2342 1516 2397 novitatibus
1542 2341 1865 2409 incurrerat,
1895 2342 2113 2399 auferre

507 2433 847 2501 contempsit.
872 2431 1072 2489 Verum
1101 2449 1202 2504 ego
1231 2433 1355 2488 hinc
1383 2433 1622 2503 ipsorum
1653 2437 2110 2506 Eutychianorum

506 2527 937 2597 qualemcunque
958 2527 1342 2582 conscientiam
1371 2541 1629 2595 quaeram.
1653 2527 1924 2582 Ponamus
1953 2543 2110 2582 accu-

505 2629 680 2676 satum
721 2620 863 2692 apud
906 2635 1006 2676 nos
1055 2621 1285 2689 aliquem
1329 2621 1428 2691 qui"
1463 2619 1736 2675 diceretur
1761 2621 2113 2691 expellendus

506 2711 651 2782 quod
699 2712 966 2767 contraria
1021 2711 1247 2765 doceret
1291 2709 1613 2779 quibusdam
1671 2712 1957 2765 sententiis
2015 2711 2113 2764 Pa-

507 2814 685 2867 trum;
720 2801 1008 2857 consilium
1056 2809 1202 2870 peto,
1233 2801 1361 2870 quid
1393 2815 1553 2870 agere
1580 2800 1926 2855 deberemus.
1959 2800 2113 2854 Nun.

505 2890 632 2961 quid
681 2891 781 2946 hoc
827 2891 983 2946 nobis
1033 2894 1286 2952 occurrit,
1331 2901 1381 2944 ut
1435 2905 1540 2944 non
1588 2889 1896 2945 admonitus
1939 2906 2114 2960 neque

506 2990 807 3050 correptus,
837 2998 904 3037 ex
935 2997 1000 3037 eo
1027 2990 1233 3036 tantmn
1265 2983 1330 3035 ab
1365 2981 1608 3037 Ecclesia
1641 2983 1952 3052 pelleretur,
1981 3000 2112 3053 quo-

508 3073 653 3125 niam
683 3071 870 3126 Patres
904 3073 956 3125 in
988 3072 1101 3124 suis
1129 3071 1282 3126 libris
1310 3087 1446 3141 quos
1475 3073 1723 3141 privatim
1755 3074 2108 3143 scripserunt,

2221 1879 2560 1935 crederetur.
2591 1879 2744 1933 Nulla
2779 1894 2908 1934 vero
2936 1880 3275 1935 correctione
3318 1881 3434 1937 sive
3475 1885 3836 1941 conventione

2218 1970 2561 2041 praecedente
2609 1970 2927 2037 damnatus,
2980 1971 3047 2025 de
3096 1971 3377 2040 iniquitate
3417 1973 3655 2042 judicum
3704 1976 3837 2046 jar.-

2219 2071 2558 2133 quereretur.
2593 2072 2648 2118 et
2695 2061 3098 2130 acceptabiliter
3141 2063 3368 2132 diceret,
3399 2066 3542 2134 quod
3592 2068 3835 2138 maligne

2218 2155 2308 2210 vel
2339 2163 2542 2210 temere
2573 2154 2834 2210 adversus
2866 2155 3147 2209 absentem
3196 2155 3348 2212 falsis
3393 2159 3616 2215 testibus
3649 2163 3830 2218 credi-

2215 2246 2445 2302 dissent.
2480 2246 2708 2316 Propter
2736 2246 2878 2317 quod
2929 2246 2982 2300 in
3030 2246 3218 2302 eadem
3261 2259 3449 2304 sancta
3489 2254 3696 2322 syno.’o
3723 2269 3828 2322 pro

2215 2339 2660 2394 reverentissimo
2689 2338 2777 2393 lba
2807 2339 3174 2395 elamaverunt
3201 2341 3437 2410 episcOpi
3467 2357 3610 2412 saepe
3639 2345 3831 2402 dic-en-

2218 2439 2300 2484 tes
2325 2449 2338 2484 :
2371 2448 2389 2480 ‹
2426 2430 2564 2485 Male
2593 2431 2836 2485 fecerunt
2855 2430 2949 2501 qui
2975 2446 3096 2486 eum
3123 2442 3317 2501 praeter
3339 2447 3574 2490 canones
3599 2436 3829 2491 damna-

2215 2527 2440 2584 verunt;
2467 2535 2588 2590 quae
2618 2521 2878 2576 adversus
2906 2522 3182 2578 absentem
3215 2524 3350 2579 laeta
3378 2537 3522 2590 sunt,
3551 2543 3833 2584 emetien-

2218 2618 2321 2665 tur.
2359 2610 2484 2666 llaec
2515 2626 2704 2665 omnes
2745 2612 2974 2666 dicimus
3022 2630 3036 2667 :
3085 2629 3244 2669 nemo
3273 2616 3592 2672 condemnat
3623 2620 3829 2674 absen-

2217 2711 2348 2758 tem.
2391 2722 2409 2755 ι
2445 2703 2514 2758 Αι
2564 2703 2609 2758 si
2658 2714 2846 2758 contra
2879 2705 3146 2760 viventem
3193 2710 3461 2776 acceptaii
3507 2718 3668 2765 testes
3713 2728 3826 2767 non

2215 2797 2455 2865 oportuit
2484 2805 2544 2851 ut
2575 2797 2923 2852 damnaretur
2955 2813 3060 2852 non
3097 2797 3459 2868 interrogatus
3489 2817 3661 2870 neque
3688 2819 3826 2856 con-

2215 2901 2430 2957 ventus,
2465 2881 2743 2960 quomodd
2765 2906 2860 2946 eos
2887 2900 3075 2946 sancta
3131 2891 3391 2963 synodus,
3444 2895 3650 2949 etiamsi
3695 2912 3829 2950 eon-

2216 2992 2296 3037 tra
2330 2983 2674 3037 Theodorum
2710 2985 2762 3035 in
2791 2985 2906 3052 ejus
2934 2983 3348 3038 testificarentur
3374 2989 3642 3054 examine,
3671 2988 3824 3057 juste

2216 3075 2520 3147 reciperet?
2547 3075 2630 3130 An
2663 3076 2873 3130 lacilius
2905 3085 3050 3130 esset
3077 3075 3289 3130 mentiri
3319 3075 3388 3132 de
3413 3079 3566 3143 vivo,
3594 3088 3651 3134 et
3680 3082 3826 3135 dim-

508 3162 774 3216 relutasse
804 3162 1173 3215 invenirentur
1202 3175 1296 3215 eos
1325 3161 1413 3229 qui
1447 3163 1566 3215 talia
1600 3165 1891 3225 sentirent;
1922 3174 1976 3218 et
2004 3182 2108 3219 non
2139 3159 2184 3220 C
2219 3168 2376 3222 cilius
2405 3168 2621 3223 mentiri
2648 3169 2715 3221 de
2751 3169 3001 3222 mortuo?
3039 3168 3098 3222 Si
3133 3179 3313 3224 autem
3360 3170 3827 3241 interrogarentur

509 3253 685 3320 potius
706 3251 832 3320 quia
859 3251 1267 3320 interrogandus
1293 3252 1439 3318 prius
1461 3265 1514 3306 et
1538 3253 1910 3308 admonendus
1938 3266 2103 3324 esset,

506 3341 890 3396 demonstratis
938 3341 988 3396 ei
1037 3342 1321 3396 sententiis
1351 3349 1660 3396 sanctorum
1685 3343 1703 3373 ι
1739 3343 1952 3396 Patrum
1983 3347 2104 3413 qui-

507 3434 608 3486 bus
649 3430 926 3487 diceretur
955 3445 1078 3487 esse
1117 3433 1454 3497 contrarius;
1485 3440 1541 3486 et
1571 3433 1613 3486 si
1647 3447 1751 3486 non
1785 3433 2102 3502 corrigeret,

505 3521 856 3579 devocaudus
899 3521 954 3576 in
984 3523 1303 3589 concilium;
1355 3522 1473 3593 ejus
1501 3524 1522 3554 '
1556 3524 1861 3578 auctoritati
1906 3523 1951 3578 si
2000 3541 2102 3577 non

506 3610 772 3678 crederet,
800 3611 1185 3680 expellendus?
1217 3613 1328 3668 lluc
1370 3614 1554 3683 utique
1594 3614 1806 3670 videtur
1836 3613 1999 3669 luisse
2029 3615 2105 3668 la-

504 3701 777 3772 eiendum,
819 3703 910 3758 hic
956 3703 1115 3757 nobis
1163 3703 1299 3758 ordo
1348 3705 1665 3772 servandus,
1700 3705 1816 3765 hanc
1859 3706 2106 3760 habenda

506 3793 854 3848 immanitatis
879 3795 1034 3860 ratio,
1053 3794 1135 3850 vel
1165 3796 1210 3849 si
1241 3794 1342 3850 hoc
1369 3811 1476 3849 non
1507 3797 1850 3866 pracepisset
1878 3800 2104 3865 Aposto-

505 3882 610 3937 lus.
641 3883 700 3938 Si
730 3891 910 3938 autem
944 3883 1315 3951 superstitem,
1347 3898 1452 3937 non
1498 3893 1622 3938 ante
1665 3883 1995 3937 admonitum
2027 3897 2106 3937 at-

499 3993 609 4048 que
637 3985 947 4047 correptum
977 3977 1238 4034 damnare
1279 3993 1386 4034 non
1427 3977 1749 4034 deberemus
1779 3982 2056 4036 absentem
2088 3998 2102 4036 :

504 4069 778 4139 quomodo
807 4081 992 4126 sancta
1020 4071 1380 4142 synodus,vel
1408 4072 1452 4126 si
1481 4073 1621 4141 apud
1651 4089 1768 4127 eam
1789 4074 2105 4130 Theodorus

505 4173 874 4229 accusaretur,
902 4164 1047 4233 juste
1091 4163 1356 4219 damnare
1385 4174 1654 4219 mortuum
1688 4178 1866 4235 posset
1887 4169 1947 4219 αἳ
1974 4169 2104 4222 Nam

505 4257 738 4324 primum
787 4259 907 4326 quis
950 4257 1070 4326 ejus
1113 4265 1396 4311 accusator
1445 4259 1521 4311 sic
1564 4271 1744 4312 certus
1773 4269 1917 4314 esset
1963 4261 2104 4330 quod

505 4348 674 4416 ipsius
701 4348 813 4401 sint
839 4347 1015 4401 omnia
1049 4349 1141 4402 illa
1173 4348 1403 4416 capitula
1431 4363 1551 4416 qua;
1577 4349 1881 4418 culpantur,
1903 4361 1955 4404 ut
1988 4354 2031 4406 si
2057 4351 2104 4403 ei

507 4449 757 4507 tanquam
789 4439 1086 4494 accusatori
1108 4454 1173 4493 ex
1204 4454 1356 4494 more
1384 4440 1654 4496 diceretur
1687 4459 1699 4493 :
1725 4441 1851 4496 Jura
1886 4458 1979 4512 per
2007 4458 2106 4497 no-

2212 3260 2376 3314 iidem
2413 3269 2601 3325 testes,
2632 3259 2778 3314 unde
2803 3260 3110 3315 certissime
3139 3261 3341 3316 scirent
3366 3261 3454 3315 illa
3483 3277 3600 3331 qua:
3628 3278 3825 3332 repre-

2213 3350 2596 3421 henderentur,
2629 3367 2659 3405 a
2689 3353 2974 3406 Theodoro
3014 3367 3136 3407 esse
3163 3354 3496 3424 conscripta,
3526 3355 3651 3424 quid
3688 3370 3822 3425 pos-

2209 3457 2330 3503 seut
2355 3447 2666 3502 credibilius
2716 3447 3068 3515 respondere,
3102 3447 3202 3500 nisi
3247 3447 3388 3518 quod
3431 3457 3522 3502 aut
3566 3449 3618 3503 in
3665 3449 3822 3505 libris

2210 3543 2300 3614 qui
2332 3543 2576 3612 ejusdem
2610 3542 2881 3597 Theodori
2917 3543 3246 3605 dicerentur,
3271 3557 3332 3597 ea
3364 3543 3694 3612 reperirent,
3720 3556 3820 3601 aut

2209 3635 2276 3689 ab
2299 3635 2414 3703 ipso
2440 3635 2567 3689 dum
2591 3633 2797 3689 viveret
2826 3633 2943 3701 ejus
2975 3633 3137 3688 fuisse
3164 3634 3485 3689 didicerint?
3511 3635 3616 3691 Sed
3647 3638 3817 3693 libro.

2211 3742 2327 3781 rum
2377 3726 2608 3788 titulum,
2655 3726 2720 3779 ad
2770 3725 3072 3780 faciendam
3114 3727 3620 3783 condemnationem
3669 3731 3817 3786 illius

2209 3818 2306 3871 viri
2338 3817 2427 3887 qui
2459 3817 2510 3869 in
2545 3815 2801 3870 Ecclesire
2844 3829 2974 3884 pace
3021 3823 3077 3869 et
3115 3817 3342 3869 maxima
3391 3815 3602 3870 Patrum
3652 3819 3814 3876 laude

2209 3912 2315 3965 vita
2342 3911 2573 3965 excessit
2598 3950 2614 3975 ,
2644 3923 2747 3962 non
2780 3909 3028 3964 sufﬁcere
3057 3923 3216 3978 supra
3246 3908 3550 3975 docuimus,
3577 3925 3816 3980 prmser.

2210 4005 2301 4058 tim
2331 4005 2454 4073 quia
2479 4011 2809 4073 conquestus
2842 4008 2927 4056 est
2957 4001 3218 4070 quosdam
3249 4015 3375 4055 suos
3407 4001 3571 4055 libros
3601 4004 3668 4055 ab
3697 4003 3813 4059 br-

2211 4097 2391 4153 reticis
2424 4096 2587 4152 luisse
2623 4103 2938 4164 corruptos;
2987 4105 3040 4148 et
3089 4095 3276 4149 beatus
3328 4092 3560 4164 Cyrillus
3601 4096 3672 4150 de
3716 4097 3814 4152 illo

2209 4190 2365 4255 dixit,
2395 4188 2516 4258 quia
2565 4204 2685 4242 cum
2737 4203 2842 4241 non
2892 4197 3036 4241 esset
3065 4187 3116 4240 in
3154 4195 3401 4255 promptu
3435 4203 3662 4256 persona
3691 4206 3814 4260 qua

2207 4281 2382 4349 culpae
2414 4288 2836 4349 supponeretur,
2870 4281 3070 4333 incerta
3115 4279 3468 4346 capitulorum
3505 4281 3813 4350 redargutio

2213 4373 2385 4437 (ξε-τρι,
2417 4380 2470 4426 et
2503 4373 2592 4440 qui
2637 4373 2750 4425 lucc
2779 4381 3022 4440 agerent,
3057 4371 3108 4424 in
3141 4373 3401 4426 incertmn
3450 4386 3728 4430 Cllll'eI-lt‘s
3757 4386 3811 4431 et

2210 4480 2390 4517 aerem
2421 4462 2769 4516 verberantes
2799 4462 3189 4517 invenirentur.
3215 4463 3496 4530 Quomodo
3527 4466 3687 4534 igitur
3713 4469 3811 4523 ali-

506 4546 633 4587 inen
683 4531 890 4586 Domini
939 4532 1084 4602 quod
1133 4532 1471 4600 Theodorus,
1502 4551 1660 4602 quem
1708 4545 1829 4604 post
1875 4551 2100 4590 mortem

2214 4555 2420 4624 quibus,
2450 4557 2531 4608 vel
2564 4555 2607 4608 si
2638 4554 3053 4617 adducerentur,
3083 4556 3306 4609 testibus
3340 4557 3575 4624 synodus
3611 4561 3804 4614 crede-

505 4623 853 4679 condemoari
881 4627 1102 4694 quaeris,
1141 4624 1242 4678 ista
1272 4626 1575 4695 scripserit,
1610 4627 1793 4697 jurare
1839 4629 2101 4684 auderet?

506 4717 628 4774 Non
658 4719 800 4772 enim
832 4718 1026 4773 licebat
1069 4733 1274 4790 magum
1305 4717 1379 4774 illi
1426 4721 1632 4791 synodo
1665 4721 1855 4776 leviter
1879 4723 2101 4778 credere

504 4813 648 4883 quod
697 4816 930 4884 graviter
975 4813 1172 4870 dicitur
1211 4815 1463 4872 debuisse
1500 4816 1775 4871 damnare.
1811 4819 1925 4872 Alia
1957 4819 2099 4872 enim

504 4921 666 4961 causa
697 4918 798 4974 est,
821 4922 940 4960 eum
973 4905 1038 4960 ad
1073 4909 1478 4962 instructionem
1509 4909 1880 4963 tantummodo
1902 4910 2100 4977 aliquid

506 4999 761 5072 legimus,
790 5010 847 5055 ut
876 4999 1161 5055 credamus
1206 5002 1524 5072 simpliciter
1553 5002 1670 5072 ejus
1697 5004 1932 5059 auctoris
1976 5022 2096 5061 esse

576 5167 603 5195 ι
633 5159 732 5226 Qui
777 5173 876 5228 pro
918 5156 1204 5213 Theodoro
1247 5158 1571 5228 pugnabant,
1625 5159 1723 5215 liae
1763 5162 2097 5230 potissimum

503 5230 818 5302 exceptione
849 5230 1150 5302 utebantur,
1179 5230 1557 5302 quammultis
1605 5231 1738 5286 locis
1779 5234 1972 5302 ingerit
2001 5235 2098 5288 Fa-

503 5299 734 5372 cundus,
761 5311 814 5353 et
854 5316 1012 5368 quam
1063 5299 1219 5372 habet
1250 5299 1472 5372 Vigilius
1520 5302 1634 5370 ipse
1679 5303 1730 5356 in
1782 5299 2093 5372 constituto,

502 5371 643 5442 quud
676 5379 795 5440 post
825 5379 1050 5424 mortem
1090 5369 1377 5424 damnandi
1425 5369 1549 5425 non?
1579 5373 1682 5426 sint
1727 5375 1816 5442 qui
1868 5377 1917 5427 in
1967 5369 2096 5442 pace

508 5440 763 5495 Ecclesia:
794 5442 954 5512 vitam
989 5442 1242 5494 liuierint.
1284 5442 1685 5510 Impugnatores
1715 5440 1900 5510 contra
1938 5440 2092 5512 Capi-

507 5513 767 5580 tttlorum,
796 5522 850 5566 et
875 5511 998 5581 jure
1026 5511 1293 5578 damnari,
1321 5513 1710 5585 damnatosque
1750 5516 1803 5570 in
1855 5517 2089 5572 Ecclesia

575 5645 590 5676 ⁸
788 5645 1006 5705 V'eron..
1036 5650 1088 5717 ἕρ
1118 5649 1159 5701 is
1189 5647 1426 5702 Patrum.

576 5717 595 5788 ξ
628 5712 772 5788 idem
799 5717 944 5788 cod.,
972 5712 1118 5788 cujus
1143 5721 1453 5774 auctoritati.

579 5785 598 5816 ⁸
628 5785 773 5842 ldcnt
803 5787 946 5855 cod.,
975 5785 1072 5853 quo
1099 5789 1228 5846 nihil
1253 5793 1470 5864 uinplr’us
1499 5791 1601 5854 aui.

2208 4659 2288 4700 ret
2318 4653 2520 4699 certum
2553 4645 2717 4698 fuisse
2749 4646 2888 4714 quod
2920 4645 3152 4715 Cyrillus
3183 4648 3482 4701 recentiore
3508 4649 3682 4703 adhuc
3709 4667 3797 4703 re-

2211 4755 2326 4793 rnm
2361 4738 2619 4793 memoria
2654 4738 2912 4792 incertum
2945 4736 3107 4793 fuisse
3138 4749 3361 4794 testatus
3392 4742 3505 4794 est?
3531 4741 3584 4797 Si
3617 4753 3794 4797 autem

2209 4832 2310 4884 hoc
2357 4831 2536 4900 potius
2577 4831 2848 4896 dicerent,
2893 4830 3036 4899 quod
3083 4830 3150 4886 ab
3199 4831 3316 4899 ipso
3360 4832 3644 4888 Theodoro
3687 4834 3805 4902 ejus

2210 4924 2372 4978 luisse
2398 4925 2420 4956 ⁵
2445 4935 2830 4994 cognoverunt,
2859 4925 2984 4995 quid
3017 4926 3344 4995 respondere
3389 4937 3611 4995 possent
3641 4928 3682 4981 si
3727 4931 3806 4983 εἲς

2209 5015 2478 5071 diceretur
2511 5035 2522 5069 :
2558 5017 2693 5084 Quid
2730 5018 2891 5088 igitur
2916 5032 3091 5072 causa:
3125 5015 3221 5071 luit
3249 5027 3306 5071 ut
3337 5017 3450 5073 hcce
3477 5035 3596 5088 quae
3626 5025 3800 5091 argui-

2209 5170 2489 5226 ltaereticos
2513 5169 2674 5225 fuisse
2704 5180 2822 5238 post
2847 5179 3074 5225 mortem
3098 5167 3522 5232 contendebant,
3552 5179 3606 5224 et
3628 5170 3808 5224 Theo-

2205 5243 2396 5297 dorum
2425 5241 2562 5296 falso
2589 5240 2694 5295 dici
2737 5253 3003 5296 mortuum
3047 5241 3099 5295 in
3141 5254 3270 5308 pace
3302 5240 3584 5306 Ecclesiae,
3611 5245 3698 5310 qui
3733 5239 3800 5292 ad

2207 5324 2435 5367 mortem
2486 5328 2650 5381 usque
2695 5314 2962 5366 centraria
2999 5311 3250 5366 Ecclesize
3292 5309 3536 5376 dogmata
3583 5309 3802 5365 sumtus

2205 5386 2292 5437 sit.
2323 5384 2411 5437 Sic
2453 5383 2593 5438 enim
2633 5381 2846 5437 disserit
2872 5383 3201 5438 Justinianus
3231 5383 3282 5436 in
3317 5382 3524 5450 Edicto,
3553 5390 3606 5436 et
3632 5396 3799 5450 syno-

2199 5455 2300 5508 dus
2333 5471 2360 5508 v
2396 5456 2445 5508 in
2478 5463 2578 5508 ait.
2613 5455 2664 5508 5.

2271 5657 2293 5688 "
2323 5657 2464 5711 Idem
2495 5656 2641 5720 cod.,
2672 5666 2783 5708 satu
2808 5654 3012 5709 illorum
3044 5653 3409 5719 testiﬁcatione.

2274 5730 2292 5759 ⁵
2324 5729 2468 5782 Idem
2501 5728 2645 5790 cod.,
2680 5729 2798 5780 dum
2826 5727 3022 5788 viveret,
3050 5727 3160 5795 ejus
3187 5723 3364 5794 fuisse.
