4094 6468
365 338 450 389 Ti!

1248 336 1377 389 PRO
1418 334 1840 393 DEFENSIONE
1881 335 2090 392 TRIUM
2133 340 2440 396 CAPITUL.
2479 342 2600 397 LIB.
2646 344 2709 397 Χ.

3513 347 3615 398 78‘}.

360 446 444 508 tie,
476 459 578 496 non
609 451 733 496 tunc
772 442 1028 498 adversus
1077 445 1414 512 superstitem
1462 444 1528 499 ad
1577 446 1933 501 Ecclesiarum
1961 452 2009 509 Α
2037 448 2154 514 dus,
2178 466 2297 519 quae
2327 453 2434 506 Deo
2463 454 2675 531 cederet
2702 454 2879 509 omnia
2913 458 3231 525 prmscienti,
3253 474 3351 514 nec
3376 458 3616 525 auderet,

359 532 675 600 praepositos
698 532 1003 597 deferret‘ts,
1022 536 1237 601 quando
1265 534 1391 589 etin
1421 536 1619 603 judicio
1649 546 1823 604 posset
1845 537 1939 592 ad-

354 622 499 689 duci,
525 631 579 675 et
606 630 699 675 aut
727 630 946 691 negaret
967 623 1116 699 quod
1147 638 1242 677 sua
1272 624 1487 689 fuerint,
1520 636 1608 685 aut
1649 628 1838 681 melius
1876 640 1937 687 ea

358 713 695 781 interpretari
729 723 929 780 pos-et,
951 724 1062 781 aut,
1087 714 1225 784 quod
1255 723 1555 775 extremum
1585 726 1685 782 est,
1711 718 1939 786 abjiccre

358 809 399 862 si
447 823 551 863 non
598 808 818 877 posset?
862 808 1000 864 Nihil
1027 818 1108 864 est
1136 810 1293 877 igitur
1325 810 1464 879 quod
1495 820 1675 867 sancta
1706 812 1938 881 synodus

359 899 423 953 de
467 914 571 953 non
619 899 972 955 condemnato
1015 899 1296 954 Theodoro
1336 901 1639 969 culparetur
1664 941 1677 967 ,
1728 902 1936 958 etiamsi

359 991 495 1059 apud
528 991 671 1045 illam
697 1002 975 1046 accusatus
998 1000 1161 1059 esset,
1183 988 1425 1051 et"testes
1456 993 1629 1048 meriti
1654 1002 1707 1049 et
1733 996 1938 1049 numeri

359 1082 710 1150 competentia
737 1081 803 1135 al
834 1095 949 1149 ejus
978 1083 1437 1137 introducerentur
1466 1098 1711 1139 examen.
1740 1073 1938 1138 Verum

362 1182 415 1227 et
442 1173 542 1226 hoc
570 1172 912 1243 Eutychianis
940 1174 1150 1238 demus,
1169 1184 1222 1226 et
1243 1177 1630 1229 constituamus
1654 1177 1789 1245 quod
1822 1192 1944 1244 pro.

361 1264 538 1319 datum
581 1264 784 1334 synodo
828 1262 986 1317 fuerit
1033 1263 1122 1318 illa
1171 1264 1437 1321 Theodori
1483 1281 1605 1322 esse
1652 1269 1877 1337 capitula
1924 1286 1938 1323 :

361 1351 504 1406 unde
542 1360 745 1405 certum
778 1350 996 1406 haberet
1022 1366 1121 1419 qua
1154 1351 1349 1406 fuerint
1379 1353 1672 1410 intentione
1703 1356 1941 1424 prolata?

364 1439 491 1493 Nam
522 1449 575 1495 et
594 1442 756 1495 multa
783 1457 885 1495 non
917 1441 1053 1496 sicut
1081 1441 1336 1500 sentimus
1362 1443 1680 1511 eloquimur,
1700 1454 1755 1499 et
1777 1447 1940 1501 multa

365 1545 469 1584 non
515 1529 652 1585 sicut
695 1546 725 1582 a
770 1532 923 1585 nobis
968 1531 1326 1601 proferuntur,
1359 1534 1428 1587 ita
1474 1534 1832 1603 suscipiuntur
1877 1537 1942 1591 ab

364 1620 515 1686 ali's;
545 1622 638 1675 sed
666 1630 720 1675 et
750 1622 849 1675 hoc
881 1636 1159 1690 ponamus,
1189 1613 1329 1692 quod
1376 1624 1464 1677 illa
1509 1625 1739 1694 capitula
1768 1627 1941 1687 Theo-

362 1709 552 1769 dorum
580 1719 848 1766 errantem
879 1712 1157 1781 scripsisse
1195 1715 1538 1784 cognoverint
1572 1732 1585 1768 :
1620 1717 1759 1772 unde
1802 1719 1941 1774 scire

2041 547 2099 591 ut
2129 541 2364 610 quidam,
2397 543 2725 597 occultorum
2770 543 2932 614 judex
2982 562 3121 612 esse,
3167 549 3307 617 quod
3354 549 3497 603 solus
3539 558 3623 603 est

2042 629 2215 684 Dyus?
2242 631 2436 686 Verum
2471 649 2643 703 neque
2686 636 2813 690 illud
2860 638 3131 692 modestus
3162 639 3461 708 quisquam,
3485 639 3624 693 sicut

2042 724 2291 790 arbitror,
2320 727 2543 781 deﬁnire
2591 728 2881 797 praesumit,
2913 730 3054 800 quod
3103 729 3336 785 haeretici
3390 724 3620 786 habendi

2041 815 2146 867 sint
2175 831 2381 886 omnes,
2407 819 2495 887 qui
2528 835 2631 873 non
2663 822 2983 890 pertinaces,
3013 823 3107 877 sed
3136 834 3191 877 ut
3221 822 3542 891 imperfecti,
3568 832 3625 878 et

2041 914 2108 969 ad
2138 913 2447 971 discendum
2481 918 2671 986 parati,
2696 920 2870 973 minus
2896 920 3094 989 aliquid
3120 920 3172 975 iu
3194 920 3493 976 Christiana
3521 922 3627 977 ﬁde

2042 1006 2418 1074 cognoverint;
2451 1008 2589 1061 sicut
2619 1009 2779 1062 etiam
2815 1010 2927 1079 ipse
2954 1012 2973 1041 ³
3001 1009 3232 1065 Thomas
3274 1022 3325 1066 et
3352 1011 3627 1081 Philippus

2042 1098 2288 1161 apostoli.
2322 1098 2450 1151 Nam
2500 1106 2553 1155 et
2595 1100 2814 1155 Thomas
2862 1100 3056 1155 dicitur
3098 1119 3112 1155 :
3164 1102 3230 1156 Si
3274 1102 3628 1173 cognovissetis

2043 1205 2143 1256 me,
2163 1198 2207 1241 et
2233 1188 2437 1244 Patrem
2466 1207 2630 1244 meum
2662 1194 2832 1262 utique
2855 1194 3213 1263 cognovissetis
3236 1192 3412 1264 (Joan.
3434 1194 3624 1263 κινῇ).

2047 1279 2112 1333 Ει
2158 1279 2403 1349 Philippo
2447 1297 2461 1335 :
2513 1281 2678 1335 Tanto
2720 1294 2940 1353 tempore
2984 1283 3243 1337 vobiscum
3286 1300 3419 1348 sum,
3450 1294 3496 1338 et
3525 1301 3628 1338 mn

2043 1372 2345 1440 cognovistis
2391 1390 2487 1437 me,
2520 1372 2795 1442 Philippe?
2825 1376 2905 1439 Et,
2933 1374 3054 1428 Non
3085 1375 3249 1429 credis
3281 1376 3401 1445 quia
3443 1391 3534 1447 ego
3574 1376 3629 1428 in

2046 1460 2218 1526 Patre,
2249 1473 2295 1515 et
2326 1461 2484 1517 Pater
2530 1466 2581 1517 in
2626 1482 2703 1518 me
2749 1476 2822 1519 est
2872 1465 3058 1537 (lbid.,
3087 1465 3143 1530 9,
3175 1465 3301 1537 10)?
3338 1467 3467 1534 Quis
3499 1481 3629 1537 ergo

2046 1553 2175 1607 tales
2206 1554 2484 1610 haereticos
2529 1556 2690 1624 dicat,
2725 1558 2767 1611 si
2814 1568 3130 1627 praesentem
3161 1560 3345 1623 vitam,
3373 1558 3623 1622 quamvis

2044 1644 2218 1701 adhuc
2248 1648 2573 1716 ignorantes,
2610 1650 2661 1703 in
2698 1648 2936 1705 Ecclesia
2982 1660 3156 1704 tamen
3187 1651 3439 1719 (inierint,
3467 1665 3625 1719 quam

2046 1736 2151 1790 falli
2192 1752 2346 1808 posse
2377 1755 2483 1793 non
2511 1740 2766 1807 credunt;
2798 1756 2920 1795 cum
2964 1750 3290 1798 memoratos
3333 1743 3627 1811 apostolos,

366 1802 597 1902 εἴηοδιξε
627 1812 805 1871 βοεεθί
828 1811 1004 1902 “fl”
1032 1818 1097 1858 εἰ
1128 1804 1251 1871 illis!
1270 1807 1716 1902 quemadmOdum
1742 1810 1943 1866 diem"!
1978 1815 2022 1874 Β
2051 1843 2149 1881 nec
2274 1831 2387 1899 ipso
2424 1839 2666 1901 tempore
2697 1802 2803 1901 quo
2830 1831 2946 1886 haec
2976 1833 3309 1902 ignorabant,
3346 1802 3629 1887 haereticos

366 1902 467 1959 est,
495 1894 576 1948 vel
608 1909 790 1949 eorum
821 1895 1084 1949 similibus
1114 1906 1293 1950 essent
1321 1912 1441 1967 quae
1469 1899 1520 1963 in
1547 1902 1658 1955 suis
1684 1901 1840 1957 dictis
1862 1904 1943 1958 vel

364 1986 702 2054 reprehendit
734 1989 816 2045 vel
846 1989 1149 2049 emendavit
1181 1991 1321 2049 idem
1351 1993 1700 2051 Theodorus?
1729 1997 1863 2054 Nam
1892 2009 1946 2054 et

368 2077 465 2131 hoc
505 2079 647 2147 juste
695 2080 919 2145 dicitur,
959 2081 1099 2150 quod
1148 2080 1361 2145 illorum
1411 2085 1793 2155 reprehensio,
1834 2090 1945 2144 sive

362 2170 644 2235 enrrectio,
674 2170 898 2225 aliorum
943 2187 1153 2241 quoque
1198 2175 1453 2230 similium
1496 2178 1678 2245 debuit
1723 2196 1945 2237 excusa—

365 2260 491 2314 tioni
524 2262 803 2329 proﬁcere.
831 2262 981 2330 Quod
1014 2262 1057 2319 si
1083 2265 1242 2319 etiam
1274 2281 1375 2320 non
1404 2268 1778 2329 ostenderetur
1801 2287 1945 2340 quat-

360 2351 481 2405 dam
523 2352 574 2406 in
605 2355 716 2407 suis
751 2354 907 2409 dictis
935 2356 1193 2424 culpasse,
1222 2358 1334 2411 sive
1370 2359 1667 2413 correxisse
1697 2361 1943 2423 Theodo-

359 2456 470 2504 rus,
502 2448 557 2495 et
594 2457 654 2496 ea
698 2458 815 2509 quae
861 2444 911 2496 in
960 2446 1050 2498 illo
1096 2446 1491 2513 reprehendunt
1541 2448 1831 2504 Ecclesiam
1864 2452 1942 2517 la-

361 2531 525 2585 tuisse
557 2532 873 2597 credantur;
906 2534 1047 2589 unde
1077 2535 1313 2605 synodus
1340 2546 1543 2592 certum
1575 2538 1735 2593 habet
1758 2540 1774 2569 ¹
1801 2540 1939 2609 quod

361 2633 637 2694 postquam
668 2625 754 2678 illa
787 2625 1004 2694 scripsit
1048 2642 1151 2680 non
1198 2628 1506 2696 cognoverit
1535 2631 1834 2696 veritatem,
1864 2632 1945 2686 in-

360 2718 594 2784 spirante
624 2717 752 2781 Deo,
784 2718 870 2785 qui
901 2720 1109 2773 occulte
1143 2733 1206 2773 ac
1237 2720 1552 2776 mirabiliter
1582 2722 1717 2776 solet
1745 2722 1796 2775 in
1822 2737 1945 2778 suo-

361 2821 474 2858 rum
517 2804 765 2859 cordibus
795 2809 1027 2877 operari,
1057 2817 1112 2863 ut
1152 2823 1273 2862 eum
1304 2809 1381 2863 sic
1405 2808 1671 2879 judicaret
1698 2822 1943 2882 tanquam

360 2903 410 2955 in
454 2903 568 2970 ipso
617 2918 797 2957 errore
849 2903 1192 2959 defunctum?
1238 2904 1369 2959 Nam
1420 2906 1500 2960 vel
1544 2907 1588 2960 si
1635 2908 1947 2974 probaretur

358 2993 500 3060 quod
526 3008 691 3063 usque
718 2994 769 3048 in
796 2994 882 3055 die
915 2995 1099 3050 mortis
1124 3011 1237 3051 suo:
1264 2996 1462 3065 aliquid
1491 2998 1558 3052 de
1584 2998 1945 3057 incarnatione

358 3082 552 3138 Christi
580 3084 851 3151 nescierit,
878 3094 1200 3141 tamencum
1230 3100 1333 3141 non
1360 3094 1506 3142 esset
1527 3088 1595 3143 ab
1620 3089 1735 3158 ejus
1764 3090 1943 3145 Eccle-

2050 1919 2214 1974 fuisse
2252 1921 2447 1975 audeat
2491 1922 2784 1988 saepicari‘l
2817 1920 3009 1975 Verum
3042 1922 3165 1976 hinc
3205 1937 3418 1992 quoque
3449 1930 3629 1991 postca

2050 2009 2212 2062 multa
2238 2009 2499 2065 dicemus.
2524 2011 2654 2065 Cum
2685 2027 2811 2065 vero
2841 2012 3099 2067 incertum
3126 2013 3362 2083 synodus
3387 2014 3628 2073 haberet.

2048 2110 2099 2153 et
2128 2100 2392 2156 Theodori
2422 2117 2539 2157 esse
2578 2104 2754 2157 omnia
2786 2105 2871 2157 illa
2913 2105 3140 2174 capitula
3188 2119 3285 2173 pro
3327 2105 3518 2174 quibus
3562 2106 3631 2161 ab

2051 2189 2289 2246 Ecclesia
2337 2192 2604 2248 diceretur
2630 2194 3028 2261 excludendus;
3073 2195 3214 2264 quod
3268 2195 3477 2249 etiamsi
3507 2210 3628 2249 cer-

2049 2290 2157 2336 tum
2184 2283 2433 2349 haberet,
2465 2284 2606 2353 quali
2640 2296 2812 2338 tamen
2844 2284 3040 2338 fuerint
3068 2286 3362 2340 intentione
3391 2286 3625 2354 prolata,

2048 2374 2221 2428 adhuc
2246 2376 2294 2429 ei
2323 2384 2466 2430 esset
2496 2378 2752 2430 incertum
2798 2393 2813 2428 :
2856 2378 2995 2445 quod
3036 2379 3078 2430 si
3127 2384 3183 2431 et
3226 2392 3436 2433 errasse
3482 2378 3628 2433 illum

2047 2465 2163 2518 sine
2202 2465 2534 2520 dubitatione
2579 2477 2945 2536 cognosceret,
2978 2482 3079 2523 non
3110 2478 3161 2523 et
3189 2470 3440 2522 continuo
3466 2470 3626 2523 etiam

2048 2556 2190 2625 quod
2236 2572 2475 2612 errorem
2524 2567 2705 2625 postea
2754 2573 2857 2610 non
2907 2557 3271 2612 emendaverit
3315 2565 3625 2626 appareret;

2049 2663 2220 2717 neque
2251 2648 2293 2701 si
2325 2649 2425 2705 hoc
2452 2664 2659 2716 quoque
2688 2649 2859 2717 aliqua
2908 2659 3049 2703 certa
3094 2652 3301 2704 ratione
3326 2660 3624 2714 constaret,

2048 2740 2325 2807 quisquam
2381 2741 2497 2807 pius
2540 2748 2594 2794 et
2638 2740 2815 2809 gravis
2863 2740 3089 2796 deﬁnire
3137 2743 3445 2810 prwsumit,
3486 2742 3627 2810 quod

2052 2828 2286 2883 haeretici
2315 2828 2415 2883 sint
2449 2844 2635 2884 omnes
2664 2831 2753 2899 qui
2789 2830 2903 2884 sine
2932 2831 3218 2899 pertinacia
3246 2833 3299 2885 in
3326 2829 3627 2887 Christiana

2051 2922 2154 2975 ﬁde
2199 2922 2469 2987 falluntur,
2498 2922 2544 2975 si
2591 2921 2816 2977 necdum
2848 2923 3090 2976 instructi
3122 2924 3176 2977 in
3209 2923 3459 2978 Ecc'esia:
3496 2938 3627 2993 pace

2050 3013 2208 3069 vitam
2240 3014 2475 3069 ﬁnierint
2507 3032 2519 3067 :
2550 3014 2668 3083 quis
2700 3015 2797 3069 nisi
2839 3015 3149 3069 temerarius
3178 3014 3322 3069 dicat
3367 3015 3509 3085 quod
3539 3016 3627 3070 illa

2049 3104 2285 3175 synodus
2335 3104 2472 3158 inter
2514 3113 2590 3160 tot
2632 3105 2833 3159 incerta
2874 3104 3121 3159 debuerit
3163 3104 3501 3159 Theodorum
3529 3105 3627 3161 sub

357 3171 433 3223 Si“
468 3178 764 3259 separatus,»
792 3174 950 3241 “nde,
976 3175 1110 3229 δίευί
1135 3175 1266 3240 dm»
1288 3185 1489 3230 cerium
1517 3179 1751 3247 ⁵Υ¹¹⁰¹¹¹¹³
1782 3179 1943 3235 habe‘
1972 3181 2017 3244 (ἶ
2047 3171 2381 3259 anathemate
2409 3203 2802 3259 condemnare?
2832 3203 2957 3259 Sine
2987 3203 3149 3259 dubio
3178 3212 3353 3259 autem
3384 3202 3628 3258 conside-

358 3271 443 3313 ret
474 3262 613 3330 quod
643 3264 693 3316 in
726 3252 836 3332 ipsa
870 3264 999 3318 hora
1026 3281 1129 3335 qua
1167 3266 1441 3322 efﬂaturus
1472 3277 1585 3322 erat
1620 3278 1941 3337 extremum,

358 3366 546 3422 magna
578 3360 631 3407 et
656 3353 1033 3422 investigabilis
1063 3356 1423 3412 misericordia
1456 3358 1573 3424 Dei,
1594 3374 1712 3429 qua:
1744 3362 1937 3417 latroni

352 3461 459 3499 non
492 3445 727 3513 ignorata
756 3446 957 3500 scelera
988 3447 1187 3501 dimisit
1217 3447 1270 3502 in
1303 3462 1481 3513 cruce,
1515 3464 1622 3504 non
1649 3449 1806 3504 etiam
1839 3452 1940 3521 ipsi

354 3535 495 3590 dedit
528 3549 623 3604 pro
667 3535 827 3595 tantis
857 3537 972 3605 ejus
1016 3539 1071 3597 in
1113 3537 1347 3592 Ecclesia
1380 3538 1652 3593 laboribus
1676 3550 1729 3595 et
1758 3549 1938 3597 certa-

352 3626 583 3680 minibus
622 3625 879 3680 adversus
930 3626 1241 3694 haereticos,
1285 3637 1341 3681 ut
1388 3628 1456 3683 ab
1500 3624 1797 3697 igriorantia
1842 3645 1939 3685 sua

355 3716 713 3785 resipisceret,
738 3727 789 3771 et
816 3730 1001 3772 errore
1028 3718 1279 3772 damnato
1307 3718 1567 3773 latronem
1597 3730 1935 3788 sequeretur,

357 3816 410 3861 in
443 3807 688 3875 paradiso
716 3808 893 3861 statim
935 3817 989 3862 et
1036 3808 1150 3876 ipse
1194 3824 1316 3864 cum
1345 3810 1560 3865 Christo
1589 3810 1817 3876 futurus,
1848 3813 1937 3881 qui

352 3915 494 3955 nunc
521 3901 712 3956 dicitur
741 3903 808 3957 de
837 3902 1150 3957 Nestoriano
1178 3903 1427 3973 dogmate
1468 3912 1592 3959 ante
1634 3905 1937 3962 Nestorium

353 3991 515 4044 fuisse
541 3991 907 4045 damnandus?
935 3992 1171 4058 Quantos
1204 3994 1345 4048 enim
1377 3993 1678 4060 haereticos,
1712 4004 1939 4057 quantos

350 4082 561 4137 Judaeos
587 4091 746 4151 atque
773 4084 998 4151 gentiles
1028 4084 1215 4139 idonea
1248 4086 1621 4140 testiﬁcatione
1651 4086 1936 4142 didicimus

349 4172 404 4226 in
440 4173 554 4240 ipso
584 4173 767 4228 limine
795 4173 983 4227 mortis
1018 4174 1182 4229 fuisse
1211 4177 1534 4229 cenversos?
1561 4175 1664 4229 Sed
1690 4177 1814 4245 quia
1841 4190 1937 4244 pu-

350 4262 517 4318 blicus
541 4263 635 4324 fuit
659 4278 812 4317 error
840 4263 1076 4328 illorum,
1103 4279 1211 4319 non
1241 4266 1411 4332 potuit
1440 4264 1651 4334 publica
1682 4279 1787 4319 non
1812 4280 1936 4320 esse

349 4356 650 4419 conversio,
679 4355 801 4410 dum
834 4355 1190 4421 reconciliari,
1216 4355 1341 4411 dum
1372 4358 1625 4425 baptizari
1654 4357 1720 4411 ab
1750 4357 1935 4413 Eccle-

351 4447 427 4500 sia
459 4446 841 4515 supplicarent,
871 4448 995 4502 dum
1029 4458 1302 4516 postremo
1334 4450 1806 4503 reconciliarentur
1832 4465 1927 4504 seu

348 4536 774 4603 baptizarentur;
806 4537 1074 4599 occultam
1106 4553 1236 4592 vero
1265 4552 1416 4593 suam
1459 4540 1805 4607 ignorantiam
1826 4582 1839 4606 ,
1872 4548 1927 4594 et
1960 4537 2005 4594 D

348 4642 375 4681 a
406 4628 553 4682 nullo
584 4629 871 4697 culpatam,
903 4645 1060 4699 quam
1092 4629 1404 4686 Theodorus
1432 4631 1627 4686 dicitur
1656 4632 1926 4699 habuisse,

346 4723 428 4776 cui
474 4728 528 4775 et
567 4721 825 4775 orientale
871 4722 1153 4777 concilium
1198 4732 1504 4790 attestatur,
1542 4724 1685 4794 quod
1730 4725 1928 4779 nullam

346 4813 725 4867 detractionem
755 4813 823 4868 ab
861 4814 1172 4869 orthodoxis
1205 4814 1257 4870 in
1287 4816 1393 4870 vita
1423 4816 1743 4884 susceperit,
1777 4826 1834 4870 et
1862 4816 1929 4870 dc

345 4920 453 4971 quo
492 4911 548 4957 et
593 4903 711 4959 aliis
759 4904 979 4959 Procles
1008 4906 1290 4975 episcopus
1321 4907 1470 4974 dicit,
1497 4923 1630 4974 quos
1659 4922 1758 4963 nec
1783 4909 1931 4961 vivos

342 4992 625 5060 aliquando
651 4994 998 5061 culpavimus,
1024 5004 1201 5063 posset
1228 4998 1433 5051 occulte
1462 5011 1735 5066 respuere.
1766 4997 1921 5064 Quod

344 5085 390 5139 si
417 5093 467 5136 ct
495 5099 596 5137 non
625 5087 856 5151 occulte,
880 5086 971 5140 sed
1001 5087 1260 5154 aliquibus
1288 5086 1513 5149 consciis
1545 5088 1682 5143 hanc
1707 5087 1918 5157 abjecit,

342 5183 519 5230 tamen
550 5176 650 5229 hoc
676 5184 876 5230 sancta:
899 5176 1103 5249 synodo
1126 5190 1245 5231 esse
1274 5186 1453 5245 posset
1473 5178 1754 5243 occultum,
1781 5189 1831 5233 et
1857 5179 1923 5233 de

340 5264 552 5317 occulto
580 5264 819 5332 judicare
858 5282 965 5320 non
1011 5277 1213 5337 posset,
1246 5269 1363 5336 quia
1412 5267 1512 5322 hoc
1558 5268 1651 5323 Dei
1692 5278 1774 5323 est
1803 5285 1923 5336 pro-

342 5353 535 5419 prium,
567 5355 778 5410 dicente
824 5356 1005 5427 Moyse
1056 5373 1069 5409 :
1114 5356 1250 5421 Quae
1290 5356 1486 5411 occulta
1530 5366 1645 5412 sunt
1693 5358 1829 5413 vobis
1876 5369 1922 5412 et

339 5444 462 5511 [iliis
486 5445 682 5500 vestris.
702 5444 853 5501 Unde
880 5444 934 5502 e't
962 5449 1147 5504 beatus
1176 5448 1403 5519 Cyrillus
1427 5450 1501 5503 ait
1522 5466 1536 5501 :
1560 5448 1920 5504 Justissimum

339 5545 558 5601 apparet
605 5536 948 5605 prudentibus
990 5539 1119 5592 viris
1157 5541 1350 5594 cedere
1395 5540 1693 5608 praescienti
1738 5542 1916 5594 unius-

335 5629 593 5695 cujusque
618 5629 964 5684 voluntatem.
989 5630 1098 5686 Cur
1124 5646 1249 5702 ergo
1278 5632 1586 5701 culparetur
1616 5632 1729 5687 haec
1757 5645 1918 5703 syno-

414 5737 427 5765 ¹
460 5736 591 5792 Cod.
629 5739 843 5808 Veron.,
877 5741 1096 5798 haberet.

2044 3320 2154 3372 ras,
2182 3306 2492 3373 imperator,
2517 3314 2709 3376 quanta
2726 3305 3069 3377 Eutychianis
3099 3321 3389 3378 eorumque
3414 3307 3629 3362 fautori-

2045 3395 2141 3449 bus
2170 3396 2311 3449 nulla
2344 3396 2548 3451 ratione
2585 3404 2807 3467 cogente
2849 3407 3039 3465 sponte
3067 3395 3335 3464 dedimus,
3363 3399 3473 3453 sive
3502 3414 3628 3452 con-

2043 3488 2332 3554 ceSsimus;
2364 3497 2418 3543 et
2449 3499 2626 3543 tamen
2655 3490 2733 3543 eis
2760 3489 2960 3543 veritas
2988 3503 3091 3544 non
3121 3489 3386 3559 concedit,
3415 3498 3474 3545 ut
3502 3504 3629 3545 sen-

2043 3581 2205 3634 tentia
2235 3594 2441 3648 magnze
2468 3580 2662 3650 synodi
2691 3595 2807 3650 qum
2833 3581 3111 3648 epistolam
3144 3580 3328 3636 laudes
3354 3580 3625 3636 Theodori

2041 3671 2401 3725 continentem
2430 3670 2793 3738 pronuntiavit
2821 3669 3172 3724 orthodoxam
3194 3710 3210 3736 ,
3238 3670 3515 3738 culpabilis
3544 3668 3625 3738 ju~

2039 3760 2263 3815 dicetur.
2292 3759 2443 3826 Quod
2484 3757 2527 3813 si
2571 3767 2730 3839 tanta:
2779 3760 2930 3812 nobis
2958 3760 3322 3813 convictiooes
3353 3773 3487 3828 quas
3532 3774 3625 3826 pro

2039 3858 2253 3917 experta
2284 3848 2646 3904 obstinatione
2677 3847 3105 3902 adversariorum
3145 3848 3490 3917 protulimus,
3524 3848 3624 3903 (le-

2040 3940 2294 4007 fuiSsent,
2337 3939 2455 4009 quis
2504 3939 2785 4009 religiosus
2833 3938 3226 4007 reprehendere
3269 3948 3447 4007 posset
3489 3940 3624 3996 hanc

2037 4029 2321 4099 synodum,
2354 4044 2470 4097 qua:
2523 4029 2667 4098 quod
2706 4029 2807 4083 sibi
2852 4028 3035 4083 datum
3086 4046 3190 4083 non
3237 4039 3320 4085 est
3368 4046 3623 4100 usurpare

2038 4145 2140 4183 non
2168 4144 2294 4183 ausa
2325 4128 2443 4184 est?
2470 4129 2602 4184 Nam
2636 4129 2887 4184 Ecclesia:
2917 4144 3026 4184 suae
3056 4129 3255 4184 nullam
3286 4131 3541 4185 Dominus
3564 4134 3620 4187 in

2036 4222 2256 4276 mortuis
2288 4221 2482 4290 ligandi
2528 4232 2581 4275 et
2628 4220 2873 4276 solvendi
2919 4222 3102 4276 tribuit
3136 4230 3622 4291 potestatem,cum

2034 4312 2311 4380 discipulis
2343 4313 2453 4365 suis
2481 4311 2686 4366 diceret
2711 4328 2724 4363 ε
2756 4312 3083 4383 Qutecunque
3111 4312 3441 4382 alligaveritis
3470 4330 3621 4383 super

2036 4414 2243 4471 terram,
2264 4412 2405 4458 erunt
2431 4404 2589 4476 ligata
2617 4413 2664 4457 et
2696 4405 2744 4456 in
2774 4404 2928 4469 caelo;
2958 4412 3005 4458 et
3034 4420 3345 4473 quacunque
3372 4407 3620 4461 solueritis

2032 4515 2183 4565 super
2213 4507 2421 4563 terram,
2455 4507 2598 4550 erunt
2624 4497 2787 4552 soluta
2812 4506 2859 4550 et
2888 4498 2939 4549 in
2965 4497 3088 4550 caelo
3119 4496 3619 4568 (MattthntJB).

2034 4590 2139 4644 Eos
2168 4591 2322 4660 igitur
2362 4589 2532 4642 solum
2570 4588 2658 4657 qui
2692 4597 2814 4642 sunt
2847 4588 2898 4639 in
2932 4587 3087 4640 terris
3116 4586 3281 4657 ligare
3327 4588 3531 4655 accepit
3559 4595 3614 4642 et

2032 4687 2259 4747 solvere,
2289 4692 2342 4738 et
2372 4684 2568 4739 idcirco
2595 4682 2913 4753 reprehendi
2946 4697 3049 4736 non
3078 4680 3241 4736 debet
3277 4681 3421 4751 quod
3449 4680 3618 4735 Theo-

2033 4775 2242 4837 derum.
2264 4777 2345 4830 vel
2376 4777 2418 4830 si
2448 4775 2764 4843 culpabilem
2794 4782 2993 4838 nosset,
3018 4773 3336 4843 tamenquia
3368 4786 3472 4826 non
3499 4782 3617 4827 erat

2033 4870 2084 4922 in
2117 4866 2293 4933 terris,
2324 4867 2542 4935 alligare
2581 4883 2684 4921 non
2730 4881 2856 4920 ausa
2891 4873 2991 4919 est.
3025 4864 3261 4918 Aliorum
3293 4863 3483 4931 quibus
3513 4864 3615 4919 hoc

2036 4958 2253 5025 placuit,
2284 4972 2389 5011 non
2430 4956 2545 5027 ejus
2588 4956 2745 5011 fuerit
2771 4955 2870 5009 ista
2904 4953 3267 5023 praesumptio.
3296 4953 3427 5006 Nam
3473 4955 3613 5009 sicut

2029 5075 2135 5113 non
2166 5062 2401 5131 oportuit
2432 5068 2488 5119 ut
2514 5059 2733 5113 auderet
2761 5058 2974 5111 solvere
3003 5064 3125 5127 post
3151 5064 3378 5109 mortem
3402 5068 3496 5109 eos
3520 5055 3610 5123 qui

2026 5155 2226 5226 al'igati
2253 5164 2405 5208 erant
2444 5154 2499 5206 in
2546 5151 2722 5215 terris,
2751 5149 2889 5219 quod
2920 5147 3133 5218 quidem
3171 5146 3372 5203 habere
3401 5147 3611 5203 videtur

2029 5246 2334 5300 nOnnulIam
2368 5244 2577 5312 pietatis
2604 5244 2911 5310 imaginem,
2942 5241 3011 5294 ita
3040 5256 3145 5294 non
3171 5240 3405 5309 oportuit
3435 5248 3490 5292 ut
3512 5254 3609 5292 au-

2029 5342 2178 5392 deret
2204 5352 2325 5391 eum
2356 5335 2443 5403 qui
2473 5334 2719 5403 alligatus
2766 5348 2871 5388 non
2916 5342 3034 5387 erat
3080 5332 3132 5385 in
3180 5332 3355 5394 terris,
3389 5328 3609 5399 alligare

2026 5438 2145 5498 post
2176 5436 2434 5490 mortem;
2466 5423 2607 5492 quod
2644 5430 2701 5477 et
2728 5433 2916 5489 aperte
2948 5422 3233 5491 impietatis
3262 5430 3375 5486 est,
3407 5427 3459 5474 et
3489 5420 3606 5489 ejus

2024 5518 2268 5589 potestati
2296 5531 2399 5569 non
2420 5514 2700 5569 creditum.
2720 5514 3054 5582 Quapmpter
3073 5513 3234 5569 etiam
3258 5513 3394 5567 beati
3422 5512 3605 5565 Patres

2025 5621 2344 5675 deﬁnierunt
2384 5615 2506 5683 quia
2554 5628 2657 5666 non
2712 5619 2951 5677 nostrum
2997 5622 3078 5667 est
3119 5612 3359 5681 judicare
3389 5625 3482 5668 eos
3511 5612 3603 5681 qui

2095 5741 2112 5768 ²
2144 5736 2285 5789 Idem
2312 5732 2453 5797 cod.,
2481 5730 2595 5797 ipsi.
