4094 6478
506 341 611 402 785

1608 332 1902 392 FACUNDI
1947 329 2163 388 EPlSC.
2207 323 2715 380 llEBMIANENSlS

3703 319 3812 374 78‘

505 461 768 516 bonorate
796 453 1027 512 defuncti
1062 459 1204 520 sunt,
1236 450 1330 506 sed
1357 447 1524 511 solius
1549 446 1744 518 judicis
1771 445 2016 500 vivorum
2046 451 2101 500 et

2229 437 2329 492 lem
2359 436 2498 492 bene
2520 434 2806 490 defunctus
2825 440 2932 498 est,
2960 438 3014 487 et
3035 431 3292 488 memoria
3325 429 3448 502 ejus
3470 444 3614 486 nunc
3639 445 3818 501 usque

507 561 858 608 IIIOI'IUOI'UIII.

887 617 896 626 ’
1130 657 1366 715 CAPUT
1403 657 1467 712 v.

509 800 659 868 Quod
688 796 1041 868 Athanasium_
1064 794 1457 868 nemondcnmat
1487 797 1699 868 propter
1726 788 2103 868 excusationem

577 887 731 940 quam
759 871 978 940 suscepit
1005 864 1240 940 Dionysii
1267 858 1653 940 Alexandrini;
1686 873 1736 915 et
1777 858 1914 930 quod
1941 859 2105 913 multo

579 935 785 1012 facilius
807 936 1224 997 sitTIteodorum
1255 935 1553 1006 defendere.

579 1074 862 1144 Quomodo
888 1081 1066 1129 autem
1093 1069 1279 1126 dicunt
1299 1065 1676 1125 Nestorianam
1700 1076 1822 1118 esse
1844 1060 2108 1130 synodum

511 1180 616 1222 non
637 1165 1041 1231 defendentem,
1061 1176 1160 1219 nec
1181 1160 1517 1231 aliquatenus
1542 1164 1890 1214 excusantem
1913 1150 2112 1220 scripta

512 1258 815 1322 Theodori,
845 1272 1005 1327 quem
1037 1254 1186 1310 velut
1214 1253 1526 1324 magistrum
1557 1246 1790 1304 Nestorii
1820 1243 2113 1299 criminan—

515 1361 631 1416 tur,
663 1364 786 1405 cum
822 1347 1177 1404 Athanasium
1206 1345 1402 1415 scripta
1429 1341 1730 1419 decessoris
1760 1339 1842 1393 sui
1874 1336 2112 1408 Dionysii

511 1442 891 1499 defendentem
921 1441 1103 1497 dicere
1130 1454 1237 1494 non
1266 1437 1498 1493 audeant
1524 1433 1820 1492 Arianum?
1850 1431 1982 1486 Nam
2015 1445 2114 1485 ne-

512 1549 618 1604 que
643 1549 766 1590 cum
795 1533 980 1587 Ariani
1010 1531 1215 1587 vellent
1235 1529 1482 1600 quasdam
1511 1542 1574 1583 ex
1605 1526 1766 1582 dictis
1791 1521 2118 1578 venerabilis

513 1623 754 1696 Dionysii
780 1622 1131 1678 Alexandrini
1153 1630 1178 1659 ⁸·
1209 1620 1447 1691 episcopi
1475 1619 1528 1674 in
1556 1616 1922 1674 testimonium
1948 1622 2001 1668 et
2027 1628 2118 1668 as-

514 1715 818 1772 sertionem
864 1713 945 1769 sui
993 1715 1195 1769 erroris
1240 1711 1526 1776 asciscere,
1567 1719 1627 1764 ut
1672 1723 1739 1764 ex
1788 1707 1890 1760 hoc
1935 1714 2120 1761 osten-

2211 541 2333 583 cum
2367 525 2617 581 Patribus
2649 525 2978 590 celebratur,
2999 533 3053 578 et
3075 537 3268 577 nomen
3290 522 3406 592 ejus
3422 523 3677 592 scripturn
3706 531 3816 576 est.

2212 621 2270 679 Si
2291 621 2435 677 enim
2460 619 2659 688 aliquid
2681 620 2906 674 istorum
2937 615 3186 686 sentiret,
3208 615 3294 673 vel
3318 615 3387 671 de
3417 614 3501 672 his
3529 630 3652 685 quae
3678 613 3825 669 scri-

2212 712 2320 784 psit
2339 709 2743 767 excusationem
2772 723 2878 764 non
2895 707 3119 774 faceret,
3144 706 3264 763 sine
3279 706 3628 778 ambiguitate
3650 707 3822 760 etiam

2213 803 2330 875 ipse
2359 802 2554 858 similia
2588 810 2884 871 pateretur.
2910 799 2978 855 Et
3003 799 3346 855 suli'ecissent
3365 799 3582 870 quidem
3616 800 3718 854 ista
3745 800 3821 854 ad

2213 895 2644 966 redargutionem
2670 909 2932 950 novorum
2951 893 3492 961 Judaeorum,eorum
3531 893 3618 963 qui
3658 891 3828 948 Chri-

2216 999 2356 1045 stum
2383 997 2732 1060 negaverunt,
2780 997 2830 1044 et
2873 985 3062 1042 Patres
3091 994 3499 1051 accusaverunt,
3528 995 3583 1042 et
3624 1001 3828 1043 omnes

2223 1080 2564 1137 Christianos
2592 1079 2777 1136 fallere
2805 1086 3105 1134 noscuntur
3135 1078 3178 1131 ³.
3211 1077 3479 1145 Quoniam
3509 1091 3636 1132 vero
3658 1091 3820 1133 accu-

2217 1175 2453 1228 sationes
2506 1184 2528 1212 ο
2577 1188 2638 1228 se
2679 1171 2881 1228 habere
2907 1179 3095 1242 putant
3118 1171 3182 1226 ad
3213 1171 3572 1226 accusandum
3598 1172 3822 1240 episcoo

2219 1281 2367 1333 pum,
2396 1273 2576 1335 partes
2606 1264 2815 1334 aliquas
2847 1264 3090 1331 epistolze
3117 1261 3233 1332 ejus
3259 1277 3358 1331 age
3381 1271 3434 1316 et
3465 1262 3606 1330 ipsas
3636 1263 3830 1316 videa-

2219 1373 2337 1412 mus
2368 1374 2382 1412 :
2417 1363 2475 1410 ut
2502 1357 2669 1410 etiam
2711 1371 2777 1411 ex
2823 1356 2925 1410 hoc
2949 1370 3137 1410 eorum
3162 1354 3372 1409 vanitas
3400 1353 3830 1421 demonstretur,

2218 1455 2274 1502 et
2321 1447 2603 1517 quiescant
2662 1447 2747 1501 vel
2781 1460 2903 1502 sero
2943 1445 3318 1515 blaSpbemare
3353 1445 3634 1500 Dominum
3680 1447 3829 1514 apud

2218 1539 2447 1609 seipsos,
2471 1538 2829 1594 conﬁteantur
2859 1546 3038 1592 autem
3058 1537 3144 1592 vel
3167 1551 3289 1591 cum
3318 1536 3599 1604 militibus,
3633 1536 3831 1590 viden-

2221 1637 2301 1684 tes
2325 1629 2698 1685 testiﬁcantem
2722 1640 3050 1697 creaturam,
3077 1627 3198 1699 quia
3233 1643 3358 1684 vere
3383 1628 3484 1683 iste
3520 1627 3688 1682 Filius
3724 1629 3828 1684 Dei

2223 1729 2325 1790 est,
2357 1729 2412 1775 et
2455 1735 2563 1776 non
2613 1727 2699 1777 est
2745 1736 2816 1776 ex
2866 1721 3152 1776 creaturis.
3187 1721 3379 1790 Dicunt
3428 1719 3606 1789 itaque
3654 1723 3705 1774 in
3735 1722 3831 1777 illa

513 1805 715 1860 derent
742 1803 930 1860 Arium
974 1819 1080 1858 non
1120 1817 1241 1858 esse
1288 1803 1410 1857 novi
1450 1799 1715 1870 dogmatis
1760 1798 2118 1861 inventorem,
2155 1833 2201 1894 Β
2228 1809 2452 1879 epistola
2505 1811 2722 1866 beatum
2771 1811 3083 1883 Dionysium
3123 1813 3323 1868 dixisse
3355 1813 3616 1869 facturam
3664 1824 3721 1870 ει
3752 1816 3833 1868 τε.

516 1896 714 1966 quippe
752 1910 872 1951 cum
915 1894 1200 1966 Dionysius
1238 1894 1368 1948 olim
1410 1892 1683 1948 docuisset
1713 1889 1972 1943 facturam
2001 1900 2125 1942 esse

519 1986 714 2042 Filium
748 1987 862 2051 Dei,
895 1999 1068 2055 neque
1103 1993 1297 2038 natura
1343 1982 1643 2053 proprium,
1672 1979 1769 2035 scd
1806 1987 2121 2034 extraneum

512 2082 589 2136 ab
615 2081 852 2135 essemia
881 2078 1073 2144 Patris,
1109 2087 1160 2132 ct
1181 2077 1304 2146 quia
1336 2075 1477 2131 idem
1505 2073 1678 2137 Filius
1719 2085 1824 2127 non
1871 2080 1989 2126 erat
2029 2085 2125 2124 an-

524 2183 742 2241 tequam
775 2171 947 2235 ﬁeret,
981 2169 1193 2238 aliaque
1240 2167 1433 2222 similia
1473 2180 1596 2238 quas
1639 2165 1694 2220 in
1740 2163 1931 2220 eodem
1961 2177 2124 2232 opere

520 2263 899 2328 continentur;
923 2260 1598 2329 Athanasius,germanum
1628 2255 1897 2326 specimen
1925 2261 1981 2310 et
2001 2268 2126 2325 pro-

529 2356 710 2411 babile
739 2353 1020 2410 catholica:
1060 2352 1320 2408 doctrinm
1351 2363 1512 2422 atque
1538 2352 1752 2406 virtutis
1781 2350 2089 2420 exemplum
2108 2389 2124 2414 ,

501 2463 581 2504 «ea
639 2455 954 2503 constanter
994 2446 1228 2517 excepit,
1252 2455 1306 2502 et
1357 2447 1606 2514 quamvis
1659 2444 1859 2499 nostris
1906 2443 2126 2499 auribus

503 2541 650 2595 «dura
691 2550 748 2596 et
790 2539 857 2594 ad
905 2539 1274 2594 excusandum
1321 2535 1562 2591 difﬁcilia
1599 2537 1639 2601 ί,
1683 2535 1977 2590 defendere
2017 2549 2125 2590 non

523 2633 852 2704 rerugityet
901 2632 1048 2702 prius
1095 2646 1284 2687 eorum
1329 2641 1606 2686 auctorem
1657 2629 1974 2700 Dionysium
2030 2641 2127 2696 per

511 2724 627 2779 ~hoc
669 2723 995 2779 voluit-esse
1045 2730 1352 2793 purgatum,
1383 2728 1544 2792 atque
1565 2721 1633 2775 ab
1661 2720 1984 2776 Arianorum
2020 2718 2127 2774 cri-

523 2819 687 2873 mine
715 2818 949 2872 alienum
981 2857 996 2882 ,
1038 2817 1185 2886 quod
1231 2816 1347 2886 ipse
1394 2830 1502 2869 non
1551 2815 1690 2870 sicut
1741 2815 1943 2880 Arius,
2002 2827 2125 2867 cum

510 2909 754 2974 viveret,
777 2909 845 2964 de
865 2908 1146 2980 impietate
1172 2905 1336 2962 fuerit
1365 2915 1665 2974 accusatus,
1702 2914 1793 2960 aut
1819 2906 1887 2962 de
1917 2906 2128 2980 episco-

528 3012 651 3069 patu
707 2979 982 3070 dejectus;
1031 3013 1206 3069 neque
1253 2998 1398 3052 velut
1421 2998 1684 3053 .ltaaresim
1711 2979 2025 3062 defendens,
2061 2997 2128 3051 de

508 3089 764 3146 Ecclesia
789 3091 926 3145 sicut
947 3088 1036 3144 ille
1065 3088 1393 3154 discesserit,
1419 3087 1514 3143 sed
1559 3087 1612 3142 in
1651 3087 1769 3155 ejus
1815 3099 2127 3155 permanse-

511 3225 518 3229 ..
528 3183 599 3237 rit
653 3181 854 3235 unitate
905 3196 918 3233 :

528 3280 750 3328 conatus
773 3280 872 3326 est.
907 3269 1063 3325 Unde
1091 3270 1498 3325 convenientius
1527 3275 1686 3339 puto,
1715 3274 1776 3322 ut
1804 3269 1848 3323 si
1881 3283 1983 3322 non
2006 3282 2123 3322 om-

529 3364 638 3427 nia,
662 3361 783 3430 quia
815 3361 1082 3430 prolixum
1105 3368 1187 3416 est
1205 3404 1222 3429 ,
1246 3361 1421 3431 aliqua
1451 3369 1626 3416 tamen
1655 3359 1708 3414 in
1743 3359 1975 3429 propriis
2003 3373 2123 3415 ver-

530 3455 613 3508 bis
642 3451 992 3508 ’-ostcndam.
1030 3470 1048 3503 ί
1090 3451 1322 3518 Etenim,
1355 3451 1448 3516 ait,
1471 3459 1527 3507 et
1565 3451 1782 3506 Judaeos
1828 3450 1880 3506 in
1935 3450 2125 3520 quibus

530 3555 717 3602 contra
741 3545 915 3615 legem
942 3544 1194 3617 agebant,
1218 3543 1579 3614 redarguebat
1607 3544 1868 3599 Dominus
1894 3543 2084 3598 dicens
2109 3561 2120 3594 :

526 3638 650 3693 Hoc
670 3638 928 3714 Abraham
961 3655 1063 3692 non
1096 3637 1216 3708 fecit
1249 3636 1428 3708 (Joan.
1457 3653 1570 3704 vtrt,
1599 3637 1716 3708 40);
1750 3647 1804 3694 et
1847 3639 1978 3692 istos
2023 3638 2124 3691 im-

529 3731 648 3798 pios
685 3741 738 3784 et
765 3728 1065 3797 mendaces
1109 3728 1297 3786 eadem
1352 3729 1465 3796 ipsa
1515 3732 1715 3785 veritas
1758 3729 2032 3800 redarguit
2070 3727 2124 3794 ³³,

529 3812 782 3892 quoniam
819 3821 942 3875 Arii
1005 3821 1209 3891 aliquid
1278 3821 1565 3891 Dionysius
1615 3823 1901 3890 episcopus
1951 3835 2127 3890 neque

531 3913 727 3979 sensit,
758 3927 932 3982 neque
953 3912 1230 3967 veritatem
1257 3913 1544 3982 ignoravit.
1571 3912 1677 3968 Sed
1700 3921 1756 3966 et
1770 3922 1898 3966 tunc
1920 3921 2024 3967 tem
2035 3927 2128 3982 po-

529 4005 605 4058 ris
625 4003 822 4069 Judazi,
846 4011 903 4059 et
933 4017 1072 4058 nunc
1093 4003 1180 4058 isti
1210 4004 1358 4067 novi,
1381 4018 1412 4058 a
1443 4012 1593 4073 patre
1618 4018 1717 4056 suo
1747 4003 1962 4058 diabolo
1987 4003 2126 4059 hanc

531 4092 723 4148 furiam
755 4093 1015 4150 adversus
1044 4093 1316 4148 Christum
1345 4093 1603 4148 rebellem
1629 4094 1930 4150 hrereditati
1957 4106 2083 4150 sunt
2111 4114 2125 4150 :

533 4185 677 4254 quod
708 4183 1128 4254 magnoindicio
1167 4192 1252 4239 est
1291 4183 1417 4253 quia
1455 4182 1772 4238 calumniari
1800 4193 2007 4238 tantum
2035 4201 2131 4239 vo-

534 4279 651 4332 lttnt
675 4277 753 4332 illi
791 4277 932 4344 viro,
961 4287 1143 4333 etnon
1171 4276 1452 4333 attendere
1495 4276 1636 4348 quod
1677 4292 1850 4348 neque
1895 4280 1963 4333 ab
2011 4281 2130 4336 aliis

535 4370 807 4438 episcopis
839 4369 908 4424 de
955 4369 1231 4439 impietate
1260 4380 1544 4425 accusatus
1574 4381 1686 4438 est,
1717 4381 1811 4427 aut
1832 4372 1899 4427 de
1921 4374 2131 4441 episco-

535 4470 661 4530 patu
691 4461 952 4531 deiectus,
984 4462 1124 4516 sicut
1143 4462 1228 4517 isti
1259 4462 1327 4518 de
1351 4463 1646 4528 clericatu;
1674 4465 1956 4533 nequeille
1989 4466 2133 4520 velut

2227 1912 2370 1957 ctum
2408 1917 2530 1959 esse
2577 1903 2772 1959 Filium
2806 1903 2931 1971 Dei;
2959 1920 3131 1975 neque
3162 1915 3348 1961 natura
3379 1909 3676 1978 proprium,
3727 1908 3830 1964 sed

2227 2010 2541 2055 extraneum
2601 2001 2667 2055 ab
2709 1999 2944 2056 essentia
2990 2001 3161 2055 Patris
3209 2016 3334 2056 eum
3388 2017 3527 2069 esse,
3555 2004 3713 2059 sicuti
3743 2014 3834 2059 est

2228 2091 2458 2162 agricola
2483 2091 2550 2147 ad
2573 2092 2757 2158 vitem,
2781 2102 2835 2146 et
2865 2092 3016 2146 navis
3048 2091 3235 2162 opifex
3269 2093 3335 2148 ad
3363 2109 3552 2149 navem
3579 2112 3592 2147 :
3623 2104 3675 2149 et
3699 2096 3832 2164 quia

2227 2192 2481 2254 tanquam
2535 2182 2744 2239 factura
2794 2197 2900 2238 non
2933 2191 3052 2238 erat
3085 2191 3372 2254 antequam
3407 2184 3578 2241 ﬁeret.
3611 2185 3690 2240 Ita
3719 2196 3831 2254 est,

2227 2274 2441 2344 scripsit
2471 2273 2831 2328 :conﬁtemur
2853 2281 2906 2328 et
2929 2287 3027 2328 nos
3049 2287 3169 2329 esse
3193 2275 3352 2328 talem
3378 2277 3659 2344 epistolam
3685 2277 3832 2346 ejus.

2227 2367 2333 2424 Sed
2356 2369 2496 2423 sicut
2518 2367 2663 2421 illam
2688 2369 2924 2436 scripsit,
2957 2367 3027 2421 ita
3054 2376 3108 2422 et
3131 2367 3264 2423 alias
3294 2369 3550 2436 plurimas
3577 2370 3833 2438 scripsit;

2227 2468 2282 2513 et
2309 2460 2594 2528 oportebat
2640 2472 2734 2513 eos
2778 2469 2832 2513 et
2872 2459 2988 2513 illas
3041 2460 3244 2529 legere,
3270 2469 3330 2514 ut
3359 2477 3423 2515 ex
3456 2463 3724 2528 omnibus,
3777 2474 3836 2518 et

2231 2565 2336 2604 non
2367 2567 2430 2605 ex
2485 2549 2586 2604 ista
2623 2551 2760 2616 sola,
2803 2549 2938 2606 ﬁdes
2977 2550 3118 2606 illius
3176 2552 3276 2606 viri
3322 2565 3663 2623 agnoscatur.
3700 2574 3718 2606 ι
3767 2555 3836 2611 Et

2231 2643 2430 2699 deinde
2480 2645 2722 2716 sequitur
2765 2659 2952 2701 eorum
2995 2660 3115 2716 qua:
3161 2647 3578 2703 memoravimus
3597 2664 3834 2704 excusa-

2236 2735 2308 2789 tio
2339 2751 2353 2789 :
2379 2751 2538 2806 quam
2563 2751 2667 2792 n0n
2692 2735 2744 2790 in
2769 2736 2893 2804 isto,
2918 2737 3043 2806 quia
3072 2737 3334 2807 prolixum
3358 2739 3476 2807 fuit,
3505 2741 3598 2795 sed
3627 2742 3679 2795 iu
3706 2742 3832 2807 ejus

2231 2840 2398 2894 opt-re
2452 2827 2621 2882 lector
2672 2827 2929 2897 inquirat.
2961 2827 3173 2896 Aspicis
3221 2844 3372 2896 vero,
3404 2830 3674 2901 Auguste,
3705 2848 3834 2903 quae

2233 2916 2418 2971 beatus
2450 2918 2772 2973 Athanasius
2795 2919 2846 2972 in
2881 2919 3137 2991 Dionysio
3167 2923 3469 2978 excusanda
3500 2925 3831 2994 susciperet,

2231 3023 2337 3062 non
2369 3009 2440 3064 ob
2465 3009 2633 3073 aliud,
2662 3011 2764 3065 nisi
2811 3011 2936 3079 quia
2969 3025 3072 3064 non
3097 3026 3158 3064 ex
3202 3011 3306 3066 levi
3340 3027 3474 3068 sono
3505 3015 3830 3085 verborum,

2231 3101 2324 3157 sed
2345 3118 2409 3155 ex
2431 3103 2728 3158 intentione
2755 3103 2984 3158 dicentis
3012 3104 3324 3160 aestimanda
3348 3115 3615 3176 suntquae
3637 3107 3837 3164 dicun-

972 3178 1169 3275 ἀςίιιάθ
1215 3177 1566 3275 meimihi“
1614 3177 1727 3248 Ῑῐδετι
1782 3177 2123 3275 ίιιξθιιρτειετί
2150 3215 2196 3275 C
2232 3202 2335 3246 ttrr.
2361 3192 2600 3249 Dicentis
2646 3203 2825 3249 autem
2877 3195 3129 3260 intentio,
3164 3211 3285 3251 cum
3316 3197 3427 3267 jam
3457 3215 3688 3269 persona
3732 3201 3835 3257 de-

2230 3283 2413 3337 functa
2443 3294 2557 3344 est.
2585 3300 2650 3339 ex
2684 3287 3066 3343 communione
3102 3286 3124 3318 ⁵
3159 3287 3462 3358 religiosius
3504 3289 3833 3347 aestimatur.

2230 3371 2343 3428 Hoc
2371 3383 2454 3430 est
2482 3376 2624 3430 enim
2653 3376 2793 3445 quod
2819 3377 2894 3430 ait
2933 3393 2947 3430 :
2981 3377 3035 3434 Si
3061 3378 3202 3432 enim
3223 3379 3422 3449 aliquid
3451 3380 3675 3437 istorum
3700 3397 3834 3439 sen-

2229 3468 2374 3534 tiret,
2391 3468 2474 3523 vel
2497 3468 2564 3525 de
2587 3468 2650 3523 iis
2663 3484 2782 3539 qua:
2805 3470 3021 3539 scripsit
3041 3471 3446 3528 excusationem
3469 3490 3573 3530 non
3599 3474 3830 3545 faceret,

2228 3557 2344 3612 sine
2366 3558 2714 3630 ambiguitate
2753 3562 2915 3614 etiam
2951 3561 3067 3631 ipse
3114 3563 3308 3616 similia
3353 3573 3668 3634 pateretur:
3703 3577 3832 3623 tan-

2229 3664 2387 3719 quam
2412 3650 2636 3706 dicens:
2669 3650 2783 3706 Non
2813 3653 2952 3722 quod
2985 3653 3036 3708 in
3056 3654 3233 3708 verbis
3268 3657 3707 3712 sonatdebernus
3745 3670 3831 3715 at-

2231 3743 2478 3809 tendere,
2502 3743 2596 3798 sed
2619 3744 2840 3801 credere
2861 3745 3040 3816 potius
3062 3747 3129 3802 de
3154 3747 3394 3804 Ecclesia
3418 3751 3641 3818 Chrisri,
3667 3769 3832 3823 quam

2244 3836 2378 3904 regit
2406 3837 2521 3904 ipse
2547 3837 2635 3906 qui
2669 3840 2930 3908 sanguine
2973 3855 3071 3896 suo
3120 3842 3377 3906 redemit,
3421 3846 3678 3914 quoniam
3729 3849 3836 3906 ni-i

2232 3925 2346 3980 haec
2381 3925 2533 3980 bona
2582 3927 2883 3984 intentione
2924 3931 3222 3999 proferret,
3257 3943 3348 3987 aut
3376 3935 3492 3989 aliis
3521 3942 3640 4004 ejus
3671 3939 3837 3996 dictis

2231 4018 2537 4074 auferretur
2564 4019 2826 4089 offensio,
2858 4023 2975 4078 sine
3019 4023 3185 4078 dubio
3239 4025 3528 4097 Dionysius
3551 4029 3604 4082 in
3635 4045 3699 4085 ea
3730 4049 3836 4088 non

2233 4116 2480 4163 maneret
2509 4111 2818 4179 episcopus.
2852 4111 3016 4181 Igitur
3048 4113 3370 4170 Athanasius
3390 4157 3406 4183 ,
3435 4119 3524 4186 qui
3566 4135 3673 4174 non
3719 4133 3836 4177 tan-

2235 4207 2345 4250 tum
2373 4197 2523 4252 verbi
2555 4198 2820 4264 doctrina,
2846 4211 3102 4268 quantum
3135 4203 3498 4272 passionibus,
3529 4210 3686 4265 trina:
3710 4214 3838 4267 uni-

2237 4290 2363 4343 tatis
2379 4300 2495 4345 erat
2526 4299 2786 4356 assertor,
2819 4300 2873 4346 et
2899 4293 3051 4360 cujus
3071 4302 3196 4348 tota
3224 4296 3332 4350 vita
3359 4300 3676 4370 martyrium
3717 4303 3838 4370 fuit,

2237 4381 2553 4435 auctoritati
2614 4396 2674 4437 se
2725 4382 2904 4438 subdit
2949 4384 3236 4452 Ecclesiae,
3291 4395 3347 4442 et
3389 4392 3530 4458 quod
3583 4391 3840 4465 Dionysio

2241 4473 2671 4530 communicavit
2699 4490 2871 4546 usque
2919 4477 2972 4531 in
3027 4477 3226 4545 linem,
3272 4479 3374 4534 hoc
3422 4483 3592 4536 solum
3633 4485 3838 4554 judicat

523 4555 809 4609 -Ιδωτθεθω
836 4553 1154 4624 defendens.
1179 4555 1247 4610 de
1276 4556 1515 4612 Εεοιθείε
1546 4556 1819 4623 discessu.
1846 4557 1941 4612 50d
1967 4559 2018 4612 ῖη
2042 4574 2129 4614 ea—
2164 4593 2217 4653 Ι)
2246 4569 2363 4640 ejus
2395 4568 2698 4640 purgationi
2727 4567 2993 4636 sufﬁcere,
3021 4570 3094 4625 ita
3122 4580 3178 4626 ut
3207 4572 3355 4627 illum
3387 4591 3482 4643 pro
3507 4553 3704 4633 talibus
3731 4580 3838 4636 dic-

608 4741 635 4770 ι
664 4732 796 4788 'l‘ota
821 4732 1064 4804 Dionysii
1095 4735 1388 4801 accusatio,
1413 4744 1470 4790 ut
1499 4737 1821 4793 Athanasius
1846 4742 1896 4795 ἐν
1922 4750 1984 4800 τῆ
2009 4745 2137 4799 ἀπο·-

514 4804 677 4884 logia;
705 4806 836 4884 ᾇπέρ
866 4807 1119 4860 Διονυσίου
1151 4804 1436 4884 interminata
1463 4807 1836 4884 ’Δλεξανδρείας
1854 4805 2041 4884 docet,
2068 4815 2137 4868 ab

535 4877 760 4944 epistola
786 4877 943 4950 quam
969 4887 1153 4950 contra
1179 4877 1471 4950 Sabel‘ltum
1488 4877 1785 4950 scripserat
1802 4882 1868 4936 ad
1896 4883 2140 4950 Euphra-

517 4961 726 5001 ~norcm
756 4955 812 5000 et
838 4949 1220 5022 Arnm_0_rtium_,
1249 4945 1319 5001 de
1351 4962 1454 5017 qua
1485 4945 1670 5022 Romae
1699 4966 1924 5022 purgare
1955 4945 2013 5008 se
2041 4971 2136 5010 ce-

536 5025 690 5072 actus
713 5025 796 5071 ρει
816 5017 957 5086 apud
981 5017 1294 5088 Dionysium
1313 5033 1534 5088 papam.
1561 5020 1615 5073 In
1641 5017 1712 5076 ea
1729 5017 2141 5081 continebantur

540 5089 656 5142 haec
713 5089 890 5141 omnia
937 5102 1057 5162 qua:
1105 5087 1500 5162 Facundus’ab
1545 5106 1610 5146 co
1653 5106 1932 5162 perperam
1994 5096 2137 5151 dicta

539 5168 952 5212 commemorat.
982 5159 1249 5236 Creteer
1298 5159 1624 5236 Athanasius
1649 5159 1990 5236 :Dionysium
2026 5169 2141 5221 vult

540 5244 645 5308 non
691 5244 876 5308 errore
922 5241 1013 5308 aut
1060 5230 1374 5308 ignorantia,
1405 5231 1499 5308 sed
1548 5233 1661 5308 ἕρπ’
1701 5230 1979 5308 οἰκοῦομὶαν
2024 5238 2138 5294 btec

540 5298 823 5376 scripsisse
844 5300 1416 5376 contra_Sabellia_nos.
1443 5303 1671 5358 Basilius
1693 5321 1820 5361 vero
1850 5298 2010 5376 episn
2044 5309 2136 5374 41.

540 5369 666 5425 dum
715 5371 767 5425 ill
811 5372 1140 5426 contrarium
1177 5371 1370 5439 tendit,
1398 5381 1553 5428 κακοῦ
1583 5378 1729 5430 κακὸν
1770 5369 2056 5452 διαμεῖψαι,
2083 5369 2138 5436 et

623 5611 638 5686 ξ
671 5611 805 5686 Cod.
836 5611 1056 5686 Verum,
1076 5615 1231 5669 nimis
1271 5614 1518 5686 ἀίῃὶσίιὶα.

617 5683 639 5758 ξ
681 5682 826 5758 Hem
853 5684 998 5758 00d.”
1021 5686 1183 5758 verbis
1199 5690 1310 5758 ejus
1325 5682 1621 5747 ostendam.

619 5749 638 5784 ⁸
679 5752 823 5809 Idem
876 5749 1023 5822 codL,
1075 5749 1254 5826 {alter}
1309 5761 1609 5816 moliuntur.
1662 5761 1847 5818 Graeca
1887 5779 1989 5820 vox
2042 5775 2129 5822 est

2241 4749 2686 4834 incautenlapsum
2708 4759 2881 4834 putat.
2913 4751 3222 4834 ’Δνξιϐριίνωςυ
3245 4760 3343 4834 γὰρ
3370 4757 3623 4834 σφοδρῶς,
3649 4762 3840 4834 inquit,

2240 4829 2302 4893 τῇ
2337 4821 2552 4894 cia-s64?
2597 4828 2689 4875 τοῦ
2713 4823 2935 4894 ῌΛίϐυος,
2970 4823 3146 4879 ἔλαθεν
3187 4821 3367 4882 ἑαὺτὶν
3411 4821 3578 4890 sig-Iro
3612 4821 3846 4893 insiticio;

2244 4889 2387 4971 κᾲξιὸν
2427 4889 2539 4971 ὐπὸ
2570 4899 2660 4952 τῆς
2703 4889 2834 4971 ἆγριν
2876 4893 3158 4971 φιλοτιμξας
3191 4889 3516 4971 ῥπενεχθεὶῗς.
3549 4903 3620 4957 lle
3649 4889 3841 4962 evenit]

2247 4963 2409 5014 etiam
2438 4961 2909 5028 discrepant'inter
2937 4980 3017 5019 se.
3038 4961 3175 5021 Nam
3205 4961 3429 5023 Basilius
3457 4973 3678 5028 ha-resis
3701 4961 3840 5032 Anod-

2248 5045 2474 5110 n_iaaanae
2517 5034 2721 5110 semina
2760 5033 2954 5110 jecisse
2971 5037 3223 5110 affirmat
3244 5040 3576 5110 Dionysium.
3609 5046 3840 5102 Athana-

2247 5101 2364 5189 sius
2385 5114 2590 5189 contra
2629 5101 2916 5189 immerito
2954 5101 3449 5189 Arianosépcidofmi
3479 5120 3562 5189 κριὲ
3591 5101 3840 5189 asas-pan.

2247 5174 2533 5257 sententiae
2553 5187 2683 5257 "sua:
2699 5176 3150 5257 astipulatorem
3172 5174 3383 5246 jactare
3401 5185 3474 5236 ait
3508 5174 3842 5257 Dior'rys'i'nm-

2246 5256 2368 5316 cum
2407 5258 2474 5302 ex
2515 5245 2635 5316 aliis
2662 5245 2782 5316 ejus
2809 5247 3024 5316 scriptis
3065 5245 3346 5316 deberent,
3374 5268 3478 5309 non
3507 5270 3577 5310 ex
3611 5245 3710 5312 lt'ac
3742 5275 3840 5313 una

2246 5313 2590 5396 epistolaLde
2617 5315 2760 5396 illius
2793 5316 2905 5396 [ide
2922 5313 3273 5388 doctrinaque
3303 5313 3480 5380 facere
3505 5326 3794 5396 judicium.

2307 5383 2345 5421 δ
2387 5383 2444 5463 in
2471 5384 2684 5463 grmco,
2717 5385 2973 5463 διελέγξαι,
3007 5383 3266 5463 coargue}.

2322 5464 2343 5490 ο
2381 5454 2441 5507 In
2465 5454 2992 5530 Grieconrpopai'am,
3011 5454 3386 5530 excusationes,
3415 5466 3500 5521 vel
3524 5469 3844 5526 occasiones.

2229 5638 2647 5719 inexsipotiozm
2663 5638 2803 5710 apud
2822 5640 3170 5698 Athanasium
3201 5644 3257 5699 in
3283 5643 3507 5716 epistola
3538 5648 3602 5703 de
3645 5665 3846 5708 senten-

2241 5708 2311 5760 tia
2341 5708 2598 5764 Dionusii.

2341 5727 2472 5761 υιυη
2513 5727 2598 5764 8H.

2315 5777 2334 5807 ’⁸
2375 5727 2516 5836 Μιξιῇ
2538 5780 2684 5849 cod.,
2713 5785 3073 5840 communione
3104 5785 3350 5844 Ecclesia
3372 5789 3677 5861 religiosius.
