4094 6508
293 298 397 351 785

1186 262 1791 353 PRODEFENSIONE
1831 295 2044 351 rmuu
2080 294 2397 371 CAPITUL.
2442 294 2574 351 LIB.
2617 295 2683 353 x.

3484 291 3584 345 7323

295 414 363 466 tis
396 424 500 462 non
525 404 890 461 condemnare
919 405 1063 475 dico,
1086 423 1272 464 verum
1298 412 1604 467 necleviter
1626 410 1848 481 culpare
1880 412 1895 441 ¹
1928 412 1978 473 Α
2010 412 2133 467 dem
2165 413 2346 468 verbis
2376 412 2570 482 quibus
2591 411 2804 468 Arianis
2857 410 2944 466 ille
2996 410 3292 479 respondit,
3323 424 3420 481 ego
3459 427 3589 478 quo-

297 506 624 571 prarsuniat;
656 498 832 552 sciens
881 499 1133 568 quoniam
1181 501 1229 555 si
1282 505 1382 557 hoc
1440 500 1657 567 faceret,
1703 511 1890 567 totam,

272 608 414 673 ‘quaa
465 591 537 645 illi
562 578 1006 657 rcommuuicavit,
1046 593 1291 661 culparet
1345 595 1659 651 Ecclesiam.
1696 597 1763 651 Et
1801 611 1896 652 ne-

297 685 410 739 scio
436 683 549 753 qui,
578 696 714 751 quos
730 681 931 737 utinam
962 697 1086 737 vere
1118 684 1468 750 nesciremus,
1497 687 1839 754 praedicatum
1865 703 1893 741 a

224 766 231 774 ’
300 776 461 829 tamis
507 773 755 827 Patribus
797 772 1137 829 Theodorum
1176 775 1228 827 in
1271 777 1743 844 reprehensionem
1789 777 1892 833 Ec.

298 868 476 923 clesizn
525 864 886 921 condemnare
934 874 1263 934 prmsumunt
1285 906 1299 932 ,
1330 876 1383 921 et
1413 869 1628 937 insuper
1655 879 1895 924 sanctam

300 959 588 1030 synodum,
621 956 761 1027 quod
809 955 912 1011 hoc
963 973 1069 1012 non
1120 960 1520 1027 prmsumpserit
1576 959 1899 1015 criminari?

302 1049 436 1118 Quid
460 1058 544 1104 est
566 1057 744 1102 autem
776 1046 922 1117 quod
950 1048 1001 1101 in
1028 1048 1122 1103 ilio
1143 1049 1641 1119 inexcusabilejam
1670 1052 1901 1107 invene-7

304 1148 443 1205 rant,
474 1140 519 1193 si
546 1138 599 1193 in
648 1138 906 1210 Dionysio
941 1140 1112 1207 potuit
1145 1141 1414 1209 excusari,
1448 1141 1592 1210 quod
1630 1144 1888 1197 facturam

303 1247 425 1287 esse
470 1230 602 1286 dicit
650 1230 842 1285 Filium
884 1231 1000 1297 Dei,
1026 1242 1078 1286 et
1098 1241 1412 1289 extraneum
1442 1234 1510 1290 ab
1537 1236 1767 1290 essentia
1798 1236 1899 1290 Pa-

306 1327 422 1388 tris,
455 1330 510 1377 ct
539 1324 660 1393 quia
710 1340 815 1378 non
868 1336 986 1379 erat
1016 1336 1303 1395 antequam
1350 1325 1528 1394 fieret,
1561 1342 1683 1382 cum
1713 1328 1898 1383 Patres

309 1415 449 1486 apud
496 1414 731 1469 Nicaeam
770 1416 1345 1473 anathematizaverint
1399 1433 1495 1474 eos
1539 1420 1628 1488 qui
1670 1418 1900 1474 dicunt:

308 1510 433 1562 Erat
460 1506 676 1578 quando
702 1522 806 1560 non
831 1518 981 1574 erat,
1015 1518 1070 1562 et
1124 1518 1410 1579 antequam
1443 1517 1761 1565 nasceretur
1793 1526 1899 1564 non

306 1609 463 1666 erat;
497 1608 549 1655 et
575 1598 665 1668 qui
705 1599 889 1653 dicunt
943 1599 1138 1654 factum
1172 1600 1256 1654 vel
1286 1616 1351 1656 ex
1384 1601 1488 1655 alia
1518 1601 1752 1656 essentia
1780 1616 1905 1658 esse

316 1691 508 1746 Filium
536 1690 669 1746 Dei?
698 1690 805 1746 Sed
857 1690 1204 1755 Athanasius,
1239 1690 1319 1745 vir
1369 1705 1561 1761 magna
1604 1690 1827 1747 ratione
1852 1700 1913 1746 et.

1999 521 2104 573 que
2159 508 2276 561 istis
2328 521 2425 573 pro
2480 505 2765 561 Theodoro
2812 504 3184 573 Mopsuestenn
3207 502 3584 571 respondeam,

1999 601 2187 655 dicens
2218 618 2229 652 :
2262 600 2631 671 Nequidquam
2656 598 2737 654 illi
2762 600 2880 654 viro
2927 595 3349 663 calumniantiui,
3380 596 3469 665 qui
3492 610 3589 651 ne-

2000 709 2104 761 que
2135 685 2202 748 ab
2226 694 2345 749 aliis
2376 693 2644 764 episcopis
2672 693 2739 749 de
2768 694 3040 762 impietate
3062 700 3343 747 accusatus
3371 700 3474 756 est,
3497 699 3590 744 aut

2000 784 2069 839 de
2098 785 2411 853 episcopatu
2448 783 2712 853 dejectus,
2742 783 2882 839 sicut
2928 782 3228 844 Nestorius,
3280 796 3456 851 neque
3503 781 3593 835 ille

2001 875 2147 929 velut
2175 874 2434 929 interesem
2478 874 2772 929 defendens
2801 873 2868 928 ab
2903 872 3141 927 Ecclesia
3198 870 3465 936 discessit,
3496 869 3590 923 sed

2003 968 2053 1021 in
2085 968 2270 1022 eadem
2298 966 2434 1021 bene
2456 965 2739 1021 defunctus
2762 974 2864 1021 est.
2890 964 2947 1020 Si
2965 965 3107 1020 enim
3130 963 3339 1032 aliquid
3365 965 3587 1016 istorum

2002 1056 2357 1123 sentiret,vel
2405 1056 2474 1113 de
2526 1056 2609 1112 his
2649 1070 2769 1124 qua:
2814 1054 3024 1125 scripsit
3053 1055 3451 1133 excusationem
3486 1067 3591 1109 non

2006 1149 2235 1215 faceret,
2263 1148 2381 1203 sine
2425 1146 2776 1217 ambiguitate
2820 1147 2980 1201 etiam
3029 1146 3145 1215 ipse
3170 1144 3363 1199 similia
3386 1151 3594 1212 patere-

2005 1251 2114 1296 tur.
2155 1241 2211 1295 ln
2256 1241 2373 1295 aliis
2404 1254 2618 1310 quoque
2646 1238 3014 1307 responsionis
3068 1235 3187 1306 ejus
3228 1234 3472 1291 ordinem
3520 1242 3597 1288 te-

2007 1347 2166 1398 nens,
2192 1331 2386 1387 iterum
2412 1331 2611 1395 dicam,
2644 1330 2770 1399 quia
2794 1329 2932 1385 sicut
2979 1327 3080 1382 ista
3109 1326 3595 1396 scripsitTheodo-

2006 1436 2123 1487 rus,
2160 1423 2230 1476 ita
2256 1423 2419 1478 etiam
2454 1423 2569 1476 alia
2590 1422 2816 1491 plurima
2847 1420 3093 1491 scripsit,
3111 1429 3165 1475 et
3194 1427 3403 1485 oportet
3428 1432 3529 1473 vos
3547 1428 3600 1472 et

2006 1515 2095 1569 illa
2125 1513 2324 1583 legere,
2340 1522 2402 1577 ut
2430 1528 2496 1569 ex
2527 1513 2800 1579 omnibus,
2830 1522 2885 1567 et
2916 1526 3021 1565 non
3061 1525 3128 1567 ex
3168 1510 3302 1575 istis,
3332 1509 3465 1565 fides
3494 1509 3591 1563 viri

2009 1602 2160 1657 illius
2186 1611 2524 1672 agnoscatur.
2558 1602 2622 1656 Et
2654 1599 2921 1671 proferam
2944 1599 3062 1670 ejus
3085 1599 3252 1653 multa
3274 1598 3592 1653 Nestoriano

2008 1692 2182 1748 errori
2210 1693 2500 1758 contraria,
2541 1692 2611 1747 de
2668 1691 2864 1762 quibus
2893 1704 3059 1761 pauca
3114 1689 3264 1745 libris
3304 1688 3518 1758 alligavi
3549 1687 3593 1741 ⁸.

311 1782 576 1852 gravitate
605 1778 875 1842 fundatus,
908 1791 963 1836 et
1007 1784 1089 1835 cui
1141 1791 1390 1851 tanquam
1423 1782 1903 1851 experientissimo
1940 1790 1985 1850 Β
2017 1786 2387 1840 Demonstrem
2415 1799 2545 1840 vero
2577 1784 2679 1839 illis
2700 1792 2754 1841 et
2783 1797 2999 1838 causam
3031 1798 3129 1837 cur
3155 1782 3275 1837 talia
3297 1781 3596 1851 scripserit,

312 1872 432 1928 duci
455 1886 665 1926 summa
694 1871 879 1941 praelia
919 1871 1176 1927 adversus
1206 1872 1388 1927 hostes
1422 1871 1675 1927 Ecclesiae
1706 1873 1905 1928 merito

312 1965 685 2028 crederentur,
720 1973 941 2020 noverat
971 1965 1101 2034 ipsis
1143 1965 1470 2021 exercitatus
1522 1966 1773 2035 periculis
1797 1966 1903 2020 ha:-

317 2056 609 2112 reticorum
667 2054 904 2112 fallacias
952 2056 1245 2124 prudenter
1293 2059 1561 2123 excipere.
1588 2058 1720 2112 Nam
1749 2066 1804 2113 et
1833 2058 1910 2114 illi

322 2164 426 2203 non
459 2149 689 2217 minore,
722 2149 831 2204 imo
861 2148 1137 2205 callidiore
1157 2150 1618 2216 astutia,incautis
1650 2150 1908 2223 frequen-

316 2250 396 2295 ter
443 2239 703 2305 illudnnt,
736 2249 794 2295 ut
822 2254 956 2308 quos
1003 2241 1054 2295 in
1090 2241 1328 2297 Ecclesia
1359 2242 1647 2308 catholica,
1679 2244 1828 2299 velut
1856 2243 1921 2296 in.

322 2334 513 2387 castris
534 2333 810 2401 cujusdam
842 2346 1050 2401 magnae
1072 2333 1383 2402 reipublicae
1429 2333 1699 2403 sapientes
1724 2344 1778 2389 et
1798 2334 1915 2389 for-

318 2433 399 2476 tes
428 2421 682 2488 viderint,
707 2436 774 2476 ne
813 2421 1027 2477 illorum
1078 2421 1162 2476 vel
1208 2421 1436 2477 consilio
1493 2422 1806 2488 credamus,
1823 2423 1910 2478 vel

320 2512 698 2567 confirmemur
720 2511 988 2582 exemplo,
1012 2510 1136 2581 quia
1166 2526 1295 2567 suos
1320 2510 1497 2567 facere
1520 2528 1625 2567 non
1662 2522 1907 2582 possunt,

328 2606 409 2660 vel
436 2604 594 2660 nobis
623 2605 820 2660 faciant
845 2619 966 2661 esse
994 2614 1293 2675 suspectos.
1327 2605 1393 2660 Et
1422 2605 1492 2660 ob
1521 2605 1622 2662 hoc
1656 2607 1770 2673 ille,
1805 2622 1915 2662 non

323 2700 468 2757 velut
509 2696 727 2769 quidam
767 2698 925 2765 levis,
954 2705 1117 2769 atque
1152 2698 1220 2753 ad
1245 2699 1426 2754 omnia
1454 2701 1474 2731 ²
1516 2714 1704 2757 eorum
1728 2700 1916 2756 factio-

325 2795 482 2849 nibus
510 2792 825 2849 movebatur
859 2808 873 2845 :
908 2800 966 2846 ut
987 2791 1440 2863 quemadmodum
1465 2793 1719 2848 malitiosi
1757 2807 1819 2848 ac
1855 2793 1921 2847 ti-

328 2883 478 2951 midi,
513 2890 569 2939 et
598 2893 704 2937 tam
731 2882 983 2937 malitiosi
1022 2898 1186 2952 quam
1235 2882 1428 2949 timidi,
1462 2882 1625 2939 duces
1654 2882 1923 2939 exercitus

330 2974 531 3040 solent,
554 2974 676 3044 quia
706 2972 1021 3042 Dionysium
1064 2974 1258 3029 Ariani
1307 2972 1476 3029 videri
1517 2974 1619 3029 sibi
1648 2972 1923 3029 conscium

329 3066 580 3121 volebant
611 3072 665 3119 et
711 3064 965 3129 amicum,
995 3078 1118 3119 eum
1173 3063 1467 3120 crudeliter
1493 3071 1546 3120 et
1568 3073 1770 3121 temere
1795 3078 1926 3120 cen-

2011 1883 2068 1930 et
2095 1875 2314 1930 doceam
2344 1875 2485 1945 quod
2516 1884 2702 1931 contra
2739 1874 3085 1946 Synusiastas
3107 1916 3121 1938 ,
3153 1875 3241 1943 qui
3272 1874 3601 1942 temporibus

2011 1966 2128 2037 ejus
2158 1966 2393 2022 maxime
2417 1965 2717 2030 fervebant,
2740 1965 3047 2032 ubicunque
3077 1964 3296 2019 inventa
3318 1965 3604 2019 occasione

2011 2060 2254 2114 securius
2282 2058 2409 2113 talia
2440 2056 3039 2129 loquebatur,necdum
3070 2072 3135 2111 ex
3167 2056 3384 2111 diverso
3410 2055 3601 2110 Nesto-

2012 2151 2079 2205 rii
2110 2150 2432 2206 sollicitante
2455 2149 2698 2220 perfidia.
2730 2150 2793 2205 Et
2822 2148 2951 2205 mihi
2981 2148 3228 2219 quidem,
3258 2146 3345 2203 vel
3391 2145 3607 2217 quihus-

2017 2260 2121 2316 que
2142 2246 2443 2314 catholicis,
2472 2245 2587 2299 htec
2604 2243 2717 2300 sola
2738 2253 2928 2299 contra
2947 2242 3299 2297 Nestorlanos
3314 2241 3605 2306 sufficient,

2014 2350 2137 2406 quae
2187 2350 2380 2406 magno
2427 2334 2722 2390 Athanasio
2748 2343 2935 2389 contra
2983 2333 3212 2386 Arianos
3240 2331 3333 2385 illo
3365 2339 3608 2399 tempore

2017 2428 2371 2484 suffecerunt.
2405 2427 2536 2496 Quae
2557 2437 2736 2483 autem
2780 2442 2878 2481 nos
2913 2426 3142 2494 amplius
3193 2424 3486 2479 habeamus
3508 2438 3607 2491 pro

2018 2519 2328 2586 Theodoro,
2352 2534 2513 2589 quam
2540 2518 2865 2574 Athanasius
2889 2532 2986 2586 pro
3012 2516 3265 2588 Dionysio
3290 2514 3495 2580 habuit,
3516 2528 3604 2568 os-

2018 2610 2241 2668 tendere
2263 2652 2279 2677 ,
2305 2611 2434 2680 quin
2457 2610 2636 2681 potius
2661 2618 2879 2666 ostensa
2909 2621 3337 2664 commemorare
3366 2620 3472 2660 nou
3502 2602 3611 2669 dif-

2019 2702 2211 2756 feram.
2235 2699 2478 2756 Providit
2517 2701 2661 2755 enim
2714 2698 3084 2755 misericordia
3128 2698 3358 2763 Domini,
3390 2696 3476 2752 vel
3515 2710 3612 2766 pro

2022 2801 2207 2847 nostra
2240 2792 2474 2857 inscitia,
2504 2791 2596 2862 qui
2625 2792 2808 2849 minus
2858 2789 3067 2845 habiles
3103 2789 3170 2844 ad
3215 2787 3611 2844 defendendum

2024 2897 2233 2949 sumus,
2260 2882 2343 2939 vel
2390 2898 2488 2953 pro
2531 2882 2828 2951 pertinacia
2860 2882 3276 2946 contrariorum,
3308 2880 3401 2950 qui
3448 2880 3616 2934 mani-

2027 2976 2179 3031 festte
2230 2974 2422 3029 nolunt
2469 2977 2815 3044 acquiescere
2844 2973 3077 3040 veritati,
3104 2971 3348 3027 utmulto
3380 2970 3621 3040 pluribus

2029 3069 2206 3126 modis
2238 3066 2558 3123 Theodorus
2605 3066 2881 3123 excusari.
2911 3081 3069 3137 quam
3104 3067 3387 3138 Dionysius
3412 3075 3621 3135 posset.

330 3158 631 3223 demnaret,
654 3164 707 3212 et
737 3171 896 3227 quem
924 3170 1108 3212 secum
1157 3167 1612 3227 propugnatorem
1659 3156 1916 3212 adversus
1949 3156 1996 3220 C
2026 3160 2177 3229 Quod
2210 3157 2354 3214 enim
2396 3173 2493 3214 nos
2539 3158 2850 3224 asserimus,
2877 3158 3013 3213 adeo
3057 3157 3326 3213 diversum
3378 3156 3543 3213 fuisse
3586 3172 3619 3211 a

340 3249 525 3303 hostes
572 3246 833 3315 habebat,
886 3261 917 3302 a
976 3246 1289 3302 cmlestibus
1340 3249 1534 3302 castris
1587 3246 1919 3302 excluderet.

332 3341 486 3395 llunc
515 3340 694 3409 itaque
718 3337 1086 3395 doctissimum
1122 3347 1283 3407 atque
1323 3339 1723 3395 sanctissimum
1748 3340 1922 3394 virum

335 3431 559 3498 imitari,
591 3430 1013 3485 clementissime
1047 3429 1341 3499 imperator
1360 3470 1374 3493 ,
1404 3429 1562 3499 hujus
1582 3431 1848 3485 rationem
1874 3439 1930 3485 et

334 3524 478 3578 circa
526 3535 711 3591 pacem
754 3520 1013 3576 Ecclesiae
1035 3521 1431 3575 observantiam
1460 3521 1613 3590 sequi
1640 3519 1922 3575 debemus.

335 3615 465 3670 Nam
497 3614 710 3670 illorum
768 3613 1077 3668 deridemus
1131 3612 1504 3668 crudelitatem
1536 3613 1623 3682 qui
1650 3611 1715 3667 ad
1740 3611 1929 3667 defen-

338 3706 573 3761 dendum
606 3720 733 3760 suos
758 3704 959 3774 ignavi,
992 3703 1063 3757 ad
1115 3702 1581 3758 condemnandum
1623 3717 1750 3757 vero
1782 3702 1926 3757 festi-

337 3798 414 3865 ni,
439 3798 506 3852 de
551 3795 975 3865 reprehensione
1015 3795 1279 3865 majorum
1307 3792 1718 3863 ignominiosam
1739 3805 1794 3848 et
1821 3792 1928 3846 hze-

337 3889 517 3945 reticis
547 3902 888 3944 communem
919 3885 1142 3957 gloriam
1172 3893 1409 3955 captant.
1438 3883 1571 3939 Nam
1594 3883 1757 3939 credo
1779 3883 1927 3953 quod

338 3983 622 4053 magistros
652 3979 856 4035 militia;
886 3989 991 4033 ture
1020 3978 1159 4033 hanc
1186 3977 1240 4033 iu
1266 3979 1461 4034 castris
1483 3992 1511 4031 a
1538 3985 1591 4032 te
1620 3977 1723 4031 sibi
1754 3974 1931 4031 credi-

340 4076 408 4129 tis
446 4088 571 4145 erga
618 4072 852 4129 hostium
871 4072 1024 4129 dolos
1055 4082 1107 4128 et
1128 4086 1346 4127 suorum
1365 4070 1728 4126 defensionem
1748 4079 1932 4124 caute-

342 4168 447 4223 lam
469 4166 747 4235 prmcipias
770 4166 1084 4231 observare,
1113 4180 1273 4235 quam
1290 4160 1759 4233 magister-militia:
1780 4160 1932 4217 Chri-

341 4259 410 4314 sti
451 4256 775 4313 Athanasius
825 4256 1131 4313 observavit
1162 4274 1176 4311 :
1205 4265 1259 4312 et
1286 4255 1408 4311 ideo
1452 4270 1559 4310 non
1604 4254 1794 4324 dignos
1829 4253 1936 4310 exi-

343 4350 534 4406 stimes
557 4348 925 4405 Ecclesiarum
956 4348 1051 4404 Dei
1082 4349 1422 4419 praepositos,
1453 4347 1639 4418 quales
1665 4348 1709 4402 si
1732 4356 1929 4402 castro-

344 4458 462 4497 rum
483 4451 697 4497 tuorum
725 4441 974 4504 haberes.
1006 4441 1278 4512 iudicares
1310 4439 1581 4511 indignos.
1605 4439 1755 4494 Nunc
1783 4453 1933 4509 ergo,

2032 3250 2303 3307 Theodori
2360 3265 2523 3305 sensu
2593 3249 2902 3306 Nestorium
2930 3290 2946 3315 ,
2998 3258 3055 3303 ut
3106 3264 3137 3303 a
3185 3247 3623 3305 reverentissimo

2031 3342 2239 3400 Joanne
2288 3341 2648 3398 Antiocheno.
2677 3341 2987 3396 admonitus
3013 3342 3059 3409 ⁸,
3084 3356 3191 3397 non
3246 3356 3415 3397 ausus
3464 3339 3626 3395 fuerit-

2031 3434 2295 3492 dictorum
2320 3435 2462 3490 illius
2486 3434 2805 3490 testimoniis
2829 3448 2924 3490 sua
2949 3435 3087 3489 male
3114 3433 3575 3490 dictatdefendere
3607 3451 3620 3486 :

2031 3527 2175 3597 quod
2208 3527 2394 3595 utique
2426 3541 2532 3580 non
2564 3526 2874 3593 omitteret,
2908 3526 3285 3582 n‘sicatholiei
3314 3527 3408 3581 viri
3430 3527 3626 3581 doctri«

2033 3632 2159 3673 nam
2191 3617 2524 3674 contrariam
2562 3617 2665 3672 sibi
2697 3617 2928 3672 videret.
2963 3617 3157 3672 Beatus
3190 3618 3518 3677 Athanasius
3540 3617 3624 3671 ni-

2033 3707 2111 3764 hil
2140 3707 2247 3763 tale
2270 3708 2325 3763 in
2357 3706 2733 3763 defensionem
2764 3707 3087 3762 venerabilis
3118 3707 3352 3776 Dionysii
3382 3707 3522 3777 quod
3540 3708 3623 3762 di-

2032 3805 2181 3855 ceret
2209 3797 2399 3853 habuit
2429 3814 2445 3852 :
2476 3797 2600 3868 quia
2631 3812 2738 3853 non
2760 3797 2900 3852 sicut
2922 3796 3190 3853 Theodori
3220 3796 3520 3867 Nestorius,
3555 3798 3625 3856 ita

2034 3890 2278 3962 Dionysii
2322 3890 2479 3945 Arius
2502 3890 2766 3961 exemplo
2789 3888 2965 3945 fuerat
2989 3890 3295 3947 admonitus
3335 3901 3391 3946 et
3442 3893 3626 3946 convi-

2033 3994 2172 4039 ctus.
2194 3983 2396 4039 Deinde
2414 3983 2559 4053 quod
2572 3982 2889 4039 Theodorus
2910 3985 3051 4040 ultro
3070 3982 3419 4052 semetipsum
3442 3997 3628 4052 repre-

2035 4072 2280 4129 hendens
2324 4074 2379 4128 in
2431 4073 2770 4143 expositione
2819 4073 3173 4142 psalmorum,
3217 4073 3496 4128 confessus
3547 4084 3629 4127 est

2035 4165 2177 4235 quod
2209 4163 2544 4236 negligenter
2570 4179 2601 4219 a
2631 4178 2692 4220 se
2719 4164 3016 4234 composita
3058 4163 3257 4219 fuerint
3296 4162 3550 4233 plurima,
3572 4175 3633 4218 et

2036 4261 2267 4316 maxime
2296 4260 2385 4316 illa
2414 4274 2533 4331 quae
2561 4258 2729 4328 prima
2754 4266 2922 4324 sunt,
2953 4266 3006 4313 et
3036 4257 3178 4327 quod
3234 4256 3504 4329 perhibuit
3527 4258 3627 4311 ali-

2036 4366 2141 4422 qua
2170 4351 2225 4406 in
2256 4365 2383 4407 suos
2424 4351 2591 4407 libros
2620 4349 2689 4404 ab
2719 4349 3098 4420 Apolinaristis
3129 4348 3393 4407 immissa.
3432 4350 3639 4406 Possu-

2038 4460 2158 4501 mus
2188 4458 2318 4515 ergo
2343 4442 2676 4499 Nestorianis
2717 4442 2897 4498 dicere
2952 4441 3094 4511 quod
3143 4456 3208 4495 ex
3248 4440 3355 4495 illis
3388 4440 3633 4510 plurimis

346 4534 393 4588 si
421 4533 555 4587 mihi
594 4532 900 4589 Nestoriani
928 4531 1167 4587 dixerint
1210 4548 1223 4584 :
1250 4531 1569 4586 Theodorus
1595 4530 1930 4600 Mopsueste-
1961 4542 2014 4602 ι)
2040 4537 2372 4607 negligenter
2394 4534 2463 4590 ab
2493 4549 2559 4590 eo
2584 4534 2903 4606 compositis
2949 4533 3217 4590 credenda
3251 4534 3360 4588 sint
3382 4534 3472 4588 illa
3494 4534 3631 4603 ipsa,

347 4625 581 4695 nus;'qui
598 4634 654 4681 et
679 4625 735 4679 in
764 4626 1073 4694 episcopatu
1096 4623 1376 4680 defunctus
1401 4632 1507 4689 est,
1536 4630 1592 4679 et
1622 4636 1729 4677 non
1754 4622 1931 4678 solum

348 4716 403 4771 in
432 4716 658 4788 epistola
700 4730 862 4788 quam
917 4726 1101 4772 nostra
1132 4715 1154 4747 ³
1183 4714 1426 4788 synodus
1454 4715 1816 4786 pronuntiavit
1842 4730 1933 4769 or-

350 4808 662 4876 thodoxam,
695 4826 877 4866 verum
904 4811 1065 4865 etiam
1090 4809 1143 4865 in
1170 4809 1277 4865 illis
1297 4808 1542 4879 epistolis
1564 4822 1791 4879 quarum
1836 4821 1935 4861 au-

351 4904 603 4959 ctoritate
631 4904 857 4959 Romani
876 4902 1071 4958 Leonis
1092 4901 1448 4973 dog-maticam
1475 4900 1718 4956 defendit
1736 4900 1939 4970 episto-

354 4996 483 5061 lam,
506 5008 700 5064 magna
744 4992 1127 5063 pnedicatione
1173 4991 1453 5059 laudatus,
1484 4992 1557 5047 ita
1604 4991 1674 5047 de
1721 4992 1940 5047 Christo

356 5085 807 5157 quemadmodum
838 5083 1117 5140 Nestorius
1165 5084 1357 5152 sensit,
1390 5091 1447 5139 et
1476 5083 1528 5137 in
1573 5082 1941 5138 defensionem

356 5180 445 5235 sui
485 5178 771 5249 dogmatis,
813 5176 955 5233 sicut
998 5176 1065 5231 de
1121 5175 1381 5246 Dionysio
1434 5175 1620 5230 Ariani
1674 5174 1940 5244 fecerunt,

358 5271 603 5343 quedam
634 5270 701 5326 de
731 5269 887 5325 libris
908 5268 1026 5341 ejus
1046 5266 1280 5336 capitula
1307 5266 1376 5322 ad
1418 5266 1563 5321 aliud
1589 5266 1944 5333 intendentis,

357 5372 413 5417 et
439 5363 699 5418 adversus
740 5362 875 5417 alios
915 5361 1220 5430 conscripta
1249 5359 1608 5430 protulerunt,
1638 5373 1758 5428 qua:
1808 5357 1947 5412 indi-

360 5464 520 5524 geant
545 5456 790 5510 excusari
820 5495 834 5520 ,
867 5454 1150 5510 confestim
1183 5452 1410 5509 formam
1432 5467 1592 5521 quam
1640 5450 1795 5506 nobis
1824 5450 1951 5506 bea-

364 5556 448 5602 tus
472 5547 797 5601 Athanasius
842 5547 909 5602 de
950 5545 1205 5619 Dionysio
1227 5544 1478 5616 praebuit,
1507 5558 1725 5616 sequar,
1760 5552 1813 5599 et
1860 5542 1949 5597 iis-

446 5658 463 5690 ¹
503 5657 637 5711 Cod.
668 5656 894 5720 νει-οη..
927 5656 1106 5712 saltem
1129 5657 1357 5726 culpare.

439 5730 462 5761 ²
502 5728 645 5783 idem
677 5729 825 5788 ωδ..
855 5730 922 5781 ad
951 5730 1121 5782 omnia
1153 5728 1349 5784 mobilis
1377 5742 1567 5782 eorum.

447 5797 469 5831 ³
507 5799 650 5856 ldcttt
680 5800 827 5866 cod.,
863 5810 1043 5855 vestra.

2038 4644 2158 4699 quas
2190 4637 2377 4697 putant
2406 4642 2504 4681 suo
2541 4626 2774 4697 dogmati
2825 4625 3152 4692 convenire,
3185 4633 3278 4679 aut
3305 4639 3368 4678 ex
3400 4623 3483 4679 eis
3514 4638 3634 4693 qum

2040 4718 2431 4788 Apolinaristas
2477 4717 2529 4771 in
2579 4730 2709 4771 suos
2766 4715 2929 4770 libros
2977 4714 3268 4769 immisisse
3307 4722 3632 4782 conquestus

2041 4822 2144 4868 est.
2170 4811 2463 4867 Possumus
2479 4809 2639 4864 etiam
2658 4808 2897 4878 proferre
2919 4806 3060 4875 quod
3082 4804 3137 4859 in
3155 4805 3340 4875 quinto
3360 4804 3428 4858 de
3451 4803 3632 4859 lncar-

2044 4904 2262 4960 natione
2307 4902 2445 4957 libro
2499 4902 2649 4956 idem
2672 4899 2997 4954 Theodorus
3027 4898 3124 4965 ait,
3156 4904 3210 4951 et
3236 4909 3335 4950 nos
3358 4895 3411 4948 in
3444 4904 3639 4951 nostro.

2048 4995 2327 5063 superiore
2358 4993 2656 5062 posuimus,
2700 4989 2841 5060 quod
2866 4988 3167 5058 ubicunque
3193 4986 3260 5040 de
3288 4987 3501 5042 Christo
3526 4987 3633 5041 dis-

2050 5093 2241 5156 putans
2270 5082 2500 5137 alterum
2552 5091 2608 5136 et
2656 5080 2887 5135 alterum
2926 5077 3074 5142 dicit,
3108 5092 3219 5132 non
3261 5090 3507 5146 persona,
3539 5077 3653 5132 sed'

2051 5184 2243 5230 natura
2270 5174 2495 5229 alterum
2526 5172 2692 5227 dicat.
2728 5170 2857 5225 llaec
2883 5169 3063 5224 omnia
3119 5183 3238 5237 quae
3260 5168 3414 5222 nobis
3444 5182 3631 5237 super-

2049 5266 2346 5335 abundant,
2376 5268 2532 5345 beato
2576 5264 2869 5321 Athanasio
2895 5262 2961 5317 ad
3004 5260 3363 5317 excusandam
3400 5261 3637 5331 Dionysii

2054 5360 2342 5429 epistolam
2373 5360 2686 5416 defuerunt.
2717 5359 2885 5427 Quem
2916 5370 3037 5413 cum
3071 5354 3391 5426 Eutychiani
3422 5355 3504 5409 vel
3536 5354 3634 5411 Se-

2056 5450 2439 5522 mieutychiani
2464 5450 2717 5518 Acephali
2734 5450 2952 5519 culpare
2975 5463 3082 5504 non
3103 5446 3355 5515 audeant,
3373 5446 3640 5515 quomodo

2053 5542 2551 5600 Chalcedonensem
2602 5541 2864 5612 synodum
2916 5541 3150 5611 culpent.
3193 5554 3314 5609 qua:
3372 5538 3645 5594 Theodori

2126 5658 2147 5687 ⁸
2190 5655 2335 5710 Idem
2362 5654 2507 5721 cod.,
2538 5655 2679 5708 fibris
2711 5654 3056 5724 super-foribus
3086 5652 3322 5724 allegavi.

2127 5728 2159 5758 ι
2188 5730 2352 5783 idem.
2381 5725 2526 5795 cod.,
2550 5728 2779 5795 exemplo
2811 5726 2921 5794 ejus
2951 5725 3249 5779 admonitus
