4094 6534
372 403 471 461 73)

1232 400 1405 455 'PRO
1449 396 1872 454 DEFENSIONE
1903 396 2119 454 TRIUM
2159 397 2474 455 CAPITUL.
2517 399 2641 455 LIB.
2686 400 2751 454 Χ.

3555 406 3655 457 790

370 524 535 579 ratos,
570 515 705 570 hanc
729 513 1118 571 absolutionem
1139 512 1424 582 qumstioni
1494 510 1659 577 dedit,
1712 508 1966 580 quoniam
1999 513 2045 569 Α
2076 525 2205 579 ergo
2234 510 2545 576 Athanasio,
2580 511 2694 566 hanc
2724 510 2939 578 Basilio,
2970 512 3083 568 hmc
3136 512 3340 568 llilarin
3380 523 3434 568 ct
3481 517 3656 571 omni-

370 616 425 663 ct
482 605 557 661 iiIi
624 608 924 675 octuagiuta
990 613 1173 659 contra
1246 603 1559 659 haereticutn
1613 600 1964 670 improbave-

373 705 495 751 runt
526 697 865 761 homousion,
892 706 946 750 et
976 694 1200 750 trecenti
1223 694 1408 749 decem
1437 703 1493 748 et
1540 700 1663 748 octo
1689 692 1741 746 id
1791 691 1968 759 ipsum

371 797 557 842 contra
624 787 933 842 haereticum
985 786 1373 855 probaverunt.
1409 784 1524 839 Hoc
1569 797 1783 853 quoque
1833 781 1970 852 adji-

371 880 518 934 t-iens
547 878 682 949 (Sub
712 879 891 947 linem)
928 896 939 931 :
973 897 991 928 α
1026 879 1335 948 Cogitemus
1381 886 1457 932 tot
1485 876 1799 932 sacerdotes
1844 889 1972 930 san-

373 984 490 1028 etos
516 981 571 1027 et
598 971 939 1041 quiescentes
962 970 1073 1040 jam
1107 970 1277 1040 :quid
1309 971 1377 1025 de
1418 970 1574 1025 nobis
1599 969 1702 1025 erit
1731 968 1822 1037 qui
1854 982 1968 1023 rem

373 1079 438 1119 eo
464 1061 795 1127 deducimus,
827 1068 884 1115 ut
908 1061 1029 1130 quia
1052 1059 1293 1129 episcopi
1316 1074 1421 1115 non
1445 1059 1682 1124 fuerunt,
1706 1072 1807 1114 nos
1832 1071 1968 1127 quo-

372 1169 477 1224 que
509 1168 608 1210 nec
633 1154 954 1222 coeperimus
974 1168 989 1218 ;
1013 1152 1243 1207 ordinati
1283 1154 1424 1206 enim
1470 1151 1538 1206 ab
1570 1151 1651 1206 his
1684 1158 1891 1218 sumus,”
1918 1161 1973 1207 et

371 1261 558 1301 eorum
602 1243 1077 1300 sumussuccessio
1126 1260 1139 1296 :
1196 1243 1566 1297 renunticmus
1611 1241 1967 1312 episcopatui,

373 1337 494 1406 quia
528 1336 761 1391 officium
776 1336 892 1405 ejus
913 1336 982 1389 ab
995 1333 1335 1388 anathemate
1363 1334 1774 1403 sumpserimus.
1818 1352 1837 1385 ι
1865 1332 1973 1388 Ve-

376 1443 491 1482 rum
529 1428 643 1481 haec
665 1428 866 1493 omnia,
890 1440 1011 1495 qua:
1042 1425 1128 1482 vel
1160 1426 1409 1493 privatim
1439 1439 1467 1477 a
1491 1423 1692 1479 sanctis
1724 1421 1977 1495 Dionysio

374 1527 532 1588 atque
546 1516 804 1586 Gregorio
828 1517 989 1583 dicta,
1010 1517 1093 1573 vel
1114 1516 1324 1586 publice
1342 1517 1396 1571 in
1413 1515 1641 1571 concilio
1661 1530 1691 1571 a
1712 1531 1977 1572 memora-

377 1612 441 1664 tis
463 1611 763 1675 octuag‘nta
786 1607 1034 1663 Patribus
1064 1610 1107 1674 ί,
1140 1623 1247 1665 non
1300 1618 1504 1662 tantum
1550 1609 1839 1670 excusandi
1883 1608 1977 1662 ha—

375 1701 502 1756 bere
540 1699 917 1755 difficultatem
966 1699 1234 1764 videntur,
1291 1699 1543 1769 quoniam
1601 1708 1728 1755 ante
1780 1699 1975 1754 defini-

378 1793 578 1848 tionem
606 1793 836 1848 Nicaente
861 1793 1053 1865 synodi
1109 1794 1313 1863 prolata
1346 1794 1703 1863 reperiuntur.
1729 1793 1868 1847 Illud
1892 1799 1976 1847 est

2073 604 2172 658 bus
2197 604 2326 657 viris
2374 605 2574 659 sanctis
2603 604 2908 659 sollicitudo
2955 604 3076 671 fuit,
3124 621 3191 660 ne
3234 605 3461 675 culpatis
3513 608 3661 663 velut

2073 693 2340 748 haereticis
2366 694 2447 747 eis
2471 694 2560 763 qui
2591 695 2642 748 in
2676 693 2932 749 Ecclesia;
2956 709 3084 761 pace
3112 705 3273 765 atque
3314 696 3519 751 honore
3567 697 3661 751 de-

2074 785 2241 840 functi
2294 794 2443 853 sunt,
2473 790 2587 856 ipsa
2618 802 2735 854 qua:
2776 787 2898 842 illos
2947 804 3145 857 magno
3196 788 3405 845 honore
3444 788 3660 860 dignata

2071 886 2156 933 est
2174 877 2413 932 Ecclesia
2438 878 2766 948 culparetur.
2798 880 2859 934 Et
2890 880 3013 936 ideo
3038 881 3122 935 vel
3150 881 3195 936 si
3227 880 3366 937 forte
3390 881 3665 938 invenian-
3720 895 3737 906 ‘

2072 976 2161 1024 tur
2179 969 2342 1038 aliqui
2373 969 2428 1023 in
2452 968 2700 1038 plurimis
2729 971 3031 1039 approbati,
3060 972 3150 1042 qui
3176 972 3427 1028 eumdem
3480 972 3659 1030 Theo-

2075 1060 2265 1116 dorum
2295 1060 2554 1116 damnent
2581 1061 2729 1117 velut
2784 1063 3118 1127 hatreticum,
3172 1064 3273 1120 hoc
3312 1064 3662 1134 probabiliter

2077 1151 2318 1220 profecto
2347 1169 2454 1207 non
2504 1152 2863 1217 faciunt;nec
2911 1156 2964 1209 in
2995 1169 3063 1211 eo
3109 1157 3368 1226 sequendi
3409 1166 3553 1222 sunt,
3610 1160 3662 1213 in

2076 1258 2183 1313 quo
2211 1244 2656 1299 consuetudinem
2684 1245 2942 1301 Ecclesia:
2961 1261 3069 1301 non
3097 1257 3415 1317 sequuntur.
3442 1249 3594 1305 Unde
3616 1252 3662 1307 si

2075 1336 2535 1393 Chaicedonensis
2564 1340 2824 1409 synodus,
2860 1340 3111 1395 Ecclesiae
3140 1356 3341 1397 morem
3385 1343 3437 1397 in
3478 1343 3664 1399 defen-

2078 1429 2283 1484 sionem
2314 1429 2482 1499 ipsius
2508 1430 2762 1485 Ecclcsiae
2783 1445 3033 1500 sequens,
3058 1430 3198 1485 dicta
3220 1431 3487 1488 Theodori
3511 1435 3662 1490 Sinti-

2082 1521 2205 1574 liter
2231 1528 2534 1588 excusaret,
2566 1521 2682 1590 quis
2707 1536 2824 1577 eam
2867 1521 2935 1575 de
2965 1521 3067 1577 hac
3092 1523 3290 1592 pietate
3333 1533 3492 1593 atque
3538 1539 3665 1579 cau-

2078 1604 2182 1663 tela
2207 1610 2308 1664 nisi
2338 1611 2594 1679 profanus
2615 1612 2904 1680 argueret?
2934 1611 3043 1666 Nec
3090 1620 3271 1668 tamen
3324 1623 3378 1668 et
3429 1614 3529 1669 hoc
3548 1616 3666 1671 siue

2081 1702 2376 1763 Athanasio
2400 1712 2455 1759 et
2485 1704 2688 1759 Hilario
2710 1705 2731 1736 ⁵
2763 1713 2967 1773 posset.
2995 1705 3163 1759 Porro
3192 1704 3390 1775 aliquid
3423 1707 3528 1762 tale
3558 1724 3662 1762 non

2081 1792 2229 1859 fecit,
2252 1809 2371 1861 qua:
2400 1792 2528 1849 hinc
2558 1793 2811 1849 invidiam
2842 1796 3092 1863 sustinet,
3124 1797 3265 1864 quod
3322 1796 3542 1852 alterius
3598 1798 3663 1852 ad

377 1887 546 1941 multo
569 1886 819 1955 amplius,
853 1886 995 1956 quod
1019 1886 1161 1944 idem
1193 1898 1408 1941 sanctus
1440 1886 1673 1943 Hilarius
1701 1887 1753 1942 in
1782 1886 1970 1943 eadem
2006 1885 2049 1947 B
2077 1898 2138 1939 se
2156 1885 2386 1939 delatam
2417 1885 2719 1953 epistolam,
2745 1900 2843 1940 nec
2869 1885 2937 1941 de
2966 1886 3123 1942 laude
3150 1886 3421 1942 Theodori
3444 1902 3664 1943 accusa-

379 1993 475 2031 sua
513 1977 740 2047 epistola
767 1977 970 2043 prolata
1001 1992 1152 2047 teque
1178 1976 1420 2034 defendit
1452 1976 1747 2032 Sirmiense
1798 1978 1977 2033 conci-

375 2069 503 2124 lium
527 2078 553 2107 ι
589 2078 708 2140 post
741 2069 1018 2125 Nicmnum
1039 2078 1450 2139 congregatum,
1496 2068 1548 2122 in
1573 2068 1726 2138 cuius
1747 2068 1977 2125 decretis

377 2162 576 2216 dictum
608 2171 692 2218 est
721 2180 734 2216 :
768 2180 787 2216 ι
824 2161 880 2217 Si
908 2162 1030 2231 quis
1059 2177 1221 2217 unum
1252 2161 1437 2217 dicens
1474 2160 1668 2225 Deum,
1706 2162 1976 2216 Christum

380 2263 557 2308 autem
586 2252 753 2308 Deum
780 2262 905 2308 ante
931 2254 1127 2309 saecula
1172 2253 1361 2307 Filium
1396 2253 1489 2307 Dei
1537 2253 1849 2309 obsecutum
1880 2252 1979 2306 Pa.-

377 2346 442 2400 tri
472 2345 526 2399 in
556 2344 830 2400 creatione
876 2345 1115 2401 omnium
1169 2357 1276 2399 non
1323 2342 1633 2406 confitetur,
1687 2340 1976 2397 anathema

376 2439 467 2492 sit.
509 2457 528 2490 ι
567 2439 633 2493 Ει
656 2438 848 2492 iterum
886 2455 899 2491 :
936 2455 956 2489 ε
989 2437 1045 2492 Si
1074 2439 1194 2506 quis
1222 2436 1391 2491 Deum
1423 2449 1528 2490 non
1568 2434 1851 2491 Dominum
1880 2433 1972 2489 Pa-

378 2537 513 2582 trem
547 2529 590 2596 ¹,
624 2537 678 2582 et
708 2527 900 2583 Filium
922 2527 1078 2599 quasi
1108 2526 1391 2582 Dominum
1417 2541 1443 2580 a
1474 2525 1719 2591 Domino,
1740 2526 1875 2579 duos
1896 2523 1980 2579 di-

377 2624 461 2670 cat
498 2614 655 2681 Deos,
682 2615 965 2671 anathema
1001 2615 1093 2671 sit.
1148 2613 1285 2689 Non-
1313 2614 1456 2669 enim
1498 2627 1845 2683 exaequamus
1895 2614 1977 2667 vel

378 2719 753 2773 comparamus
780 2704 978 2763 Filium
1008 2704 1172 2770 Patri,
1228 2704 1327 2761 sed
1378 2704 1679 2773 subjectum
1726 2703 1979 2772 intelligi-

379 2814 516 2854 mus.
551 2799 734 2867 Neque
778 2800 919 2858 enim
950 2801 1227 2856 descendit
1255 2801 1306 2854 in
1366 2801 1598 2857 Sodoma
1649 2801 1767 2857 sine
1806 2800 1980 2856 Patris

382 2892 673 2957 voluntate,
702 2907 878 2962 neque
898 2893 1033 2962 pluit
1073 2908 1142 2950 ex
1175 2908 1256 2958 se,
1287 2893 1378 2948 sed
1412 2908 1440 2946 a
1489 2892 1695 2947 Domini
1742 2892 1978 2946 auctori-

385 2990 517 3049 tate,
549 2982 757 3037 scilicet
778 2982 983 3049 Patris;
1012 2998 1112 3037 nec
1138 2985 1291 3039 sedet
1316 2983 1383 3037 ad
1410 2983 1683 3037 dexteram
1732 2997 1760 3037 a
1782 2989 1983 3038 semet-

388 3072 525 3140 ipso,
551 3071 645 3129 sed
671 3071 821 3127 audit
846 3072 1114 3126 dicentem
1152 3074 1386 3138 Patrem,
1421 3072 1557 3127 Sede
1601 3073 1670 3125 ad
1720 3074 1982 3126 dexteram

385 3179 549 3216 meam
575 3161 751 3231 (Psal.
778 3178 886 3230 Ctx,
922 3163 998 3230 ί).
1037 3181 1056 3213 ι
1095 3148 1470 3233 Rursumque:
1508 3179 1530 3214 ι
1585 3161 1642 3217 Si
1670 3161 1790 3230 quis
1828 3161 1981 3216 inna-

2084 1984 2213 2039 tam,
2238 1990 2339 2043 pro
2359 1991 2502 2033 verae
2528 1977 2650 2031 fidei
2679 1978 3018 2033 confessione
3046 1993 3207 2049 quam
3241 1980 3500 2046 continet,
3542 1994 3666 2051 pro-

2081 2067 2344 2121 nuntiavit
2373 2068 2749 2121 orthodoxam.

2690 2228 2918 2286 CAPUT
2962 2229 3065 2288 VH.

2086 2386 2236 2453 Quod
2262 2383 2547 2438 adversarii
2577 2384 2627 2436 in
2672 2399 2777 2438 una
2824 2384 3172 2439 damnationis
3230 2383 3487 2439 Theodori
3534 2385 3669 2442 brevi

2228 2455 2476 2509 sententia
2496 2462 2719 2523 quatuor
2745 2454 2799 2506 in
2830 2471 3017 2526 magna
3046 2454 3173 2507 vitia
3194 2453 3523 2510 incurrert'nt.

2155 2596 2501 2665 Inspiciamus
2524 2602 2702 2650 autem
2729 2595 2874 2664 ipsos
2901 2593 3358 2665 Eutychianorum
3408 2594 3666 2662 fautores,

2082 2688 2175 2755 qui
2232 2686 2374 2747 dicta
2415 2686 2468 2740 in
2518 2685 2774 2743 Ecclesia:
2841 2699 2973 2755 pace
3048 2686 3473 2754 quiescendum,
3543 2702 3670 2755 quo-

2085 2778 2226 2833 niam
2255 2779 2547 2834 obscurum
2595 2776 2796 2846 aliquid
2842 2778 2897 2833 in
2944 2778 3025 2833 eis
3078 2778 3369 2846 invenitur,
3424 2778 3668 2834 damnari

2084 2872 2253 2939 magis
2298 2884 2456 2937 quam
2498 2870 2973 2936 excusarivolunt,
3026 2878 3204 2927 utrum
3254 2870 3330 2926 ita
3387 2870 3672 2941 vigilanter

2084 2964 2225 3019 cauti
2251 2963 2379 3027 sint,
2394 2971 2452 3017 ut
2468 2963 2520 3017 in
2534 2960 2646 3018 suis
2668 2960 2823 3017 dictis
2836 2970 2994 3030 atque
3008 2963 3325 3032 conscriptis
3349 2962 3671 3031 reprehendi

2085 3053 2391 3111 nullatenus
2413 3064 2633 3122 queant.
2666 3052 2724 3108 Si
2751 3052 2893 3110 enim
2946 3061 3054 3108 tam
3096 3053 3471 3123 circumspecti
3524 3064 3671 3120 sunt,

2087 3151 2149 3198 ut
2176 3143 2228 3196 in
2259 3142 2405 3198 nullo
2434 3141 2907 3211 deprehendantur
2929 3140 3224 3206 offendere,
3257 3142 3541 3199 tolerabile
3566 3143 3675 3199 fore

386 3255 623 3309 scibilem
657 3263 711 3309 et
731 3255 847 3309 sine
879 3254 1031 3309 initio
1048 3253 1187 3321 dicat
1218 3232 1433 3320 Filium,
1460 3262 1709 3320 tanquam
1740 3252 1847 3307 duo
1863 3251 1980 3313 sine

2096 3246 2238 3289 tasse
2268 3234 2477 3290 dicatur
2501 3232 2669 3301 quod,
2694 3247 2787 3288 sua
2805 3233 3068 3303 sapientia
3089 3232 3233 3303 freti,
3261 3233 3327 3291 'ad
3355 3250 3456 3291 nos
3481 3238 3677 3291 nostri-

386 3345 671 3417 principio,
705 3355 758 3401 et
801 3345 907 3401 duo
957 3345 1315 3410 innascibilia,
1346 3352 1402 3400 et
1431 3344 1536 3398 duo
1564 3346 1745 3397 inna'a
1774 3342 1983 3406 dicens.

388 3439 525 3495 duos
550 3439 694 3495 dicat
721 3437 879 3504 Deos,
912 3436 1198 3491 anathema
1224 3437 1312 3491 sit.
1343 3434 1516 3505 Caput
1544 3434 1687 3489 enim
1720 3432 1861 3502 quod
1902 3439 1990 3493 est

392 3531 708 3601 principium
741 3531 981 3585 omnium
1012 3528 1297 3593 Christus;
1344 3536 1504 3599 caput
1529 3534 1708 3581 autem
1734 3524 1883 3595 quod
1908 3532 1991 3585 est

392 3623 710 3692 principium
741 3622 941 3677 Christi
975 3621 1137 3677 Deus.
1182 3620 1254 3673 lta
1277 3620 1419 3673 enim
1450 3619 1517 3672 ad
1547 3631 1731 3682 unum,
1767 3615 1854 3684 qui
1910 3623 1995 3669 est

391 3714 507 3769 sine
533 3714 793 3783 principio
821 3713 1062 3769 omnium
1091 3710 1436 3781 principium,
1477 3722 1573 3778 per
1629 3706 1823 3760 Filium
1878 3705 1993 3758 uni-

391 3822 547 3862 versa
569 3806 871 3863 referimus.
897 3825 915 3859 ›
941 3806 1007 3861 Ει
1034 3806 1227 3861 iterum
1245 3804 1395 3875 (Cap.
1427 3804 1520 3874 27)
1556 3821 1569 3855 :
1608 3822 1626 3855 ι
1653 3800 1992 3858 Confirman-

395 3908 478 3954 tes
498 3897 895 3952 Christianismi
917 3897 1272 3964 intellectum,
1286 3896 1515 3953 dicimus
1532 3895 1782 3964 quoniam
1806 3894 1849 3947 si
1874 3894 1994 3961 quis

394 3989 665 4045 Christum
693 3990 861 4046 Deum
894 3990 1087 4044 Filium
1113 3990 1206 4045 Dei
1233 3997 1358 4044 ante
1385 3988 1585 4043 saecula
1610 3987 1993 4042 subsistentem

396 4093 449 4138 et
474 4084 870 4140 ministrantem
894 4082 1039 4137 Patri
1063 4082 1128 4137 ad
1159 4082 1399 4137 omnium
1450 4080 1835 4151 perfectionem
1888 4093 1996 4134 non

396 4174 558 4238 dicat,
590 4173 686 4229 sed
713 4189 778 4227 ex
809 4187 914 4242 quo
944 4172 1013 4228 de
1044 4172 1207 4228 Maria
1235 4180 1393 4227 natus
1422 4179 1527 4237 est,
1560 4185 1628 4225 ex
1662 4183 1727 4225 eo
1748 4178 1803 4225 et
1845 4168 1999 4225 Chri-

396 4275 537 4319 stum
560 4274 613 4318 et
643 4263 835 4318 Filium
860 4264 1194 4318 nominatum
1238 4277 1383 4329 esse,
1406 4270 1456 4318 et
1486 4261 1695 4316 initium
1726 4260 2000 4330 accepisse

398 4367 455 4410 ut
482 4357 552 4412 sit
582 4356 746 4421 Deus,
780 4356 947 4421 dicat,
976 4354 1261 4408 anathema
1292 4355 1383 4409 sit.
1424 4371 1442 4404 ι
1490 4353 1620 4421 Quae
1669 4351 1846 4409 omnia
1895 4365 2004 4407 me-

400 4456 662 4502 moratum
689 4445 986 4523 Sirmiense
1012 4444 1300 4500 concilium
1332 4443 1352 4475 ⁸
1383 4453 1603 4499 sanctus
1650 4440 1885 4499 Hilarius
1907 4455 2002 4496 ne-

403 4541 639 4597 cessarie
678 4550 866 4597 contra
937 4540 1223 4595 Photinum
1267 4547 1325 4593 et
1372 4537 1394 4569 δ
1451 4537 1755 4594 Orientales
1810 4534 2003 4589 asserit

2096 3343 2201 3399 que
2233 3328 2439 3385 similes
2468 3326 2558 3397 qui
2586 3326 2641 3381 in
2668 3326 2852 3382 multis
2876 3324 3221 3392 offendimus,
3247 3326 3680 3384 condescendere

2095 3434 2201 3477 non
2228 3420 2535 3490 dignantur.
2565 3418 2763 3475 Verum
2791 3418 2920 3489 quid
2941 3433 3185 3489 agemus,
3222 3418 3368 3488 quod
3402 3419 3583 3475 nullos
3611 3421 3678 3475 ab

2096 3513 2243 3569 eisin
2274 3512 2378 3567 alia
2405 3526 2565 3567 causa
2595 3512 2844 3569 conditos
2872 3513 3041 3570 libros
3083 3513 3410 3580 audivimus,
3450 3528 3678 3583 quorum

2096 3604 2970 3674 discussioneirreprehensibilem
2993 3620 3181 3660 eorum
3206 3606 3451 3674 peritiam
3480 3616 3537 3661 et
3564 3618 3681 3675 per-

2099 3695 2316 3764 vigilem
2347 3696 2618 3765 possimus
2642 3695 2871 3765 probare
2896 3696 3202 3751 cautelam?
3242 3695 3424 3751 Placet
3449 3711 3579 3767 ergo
3604 3697 3682 3750 eis

2100 3786 2230 3842 utin
2254 3787 2361 3842 hoc
2387 3785 2549 3851 libro,
2591 3800 2752 3855 quem
2778 3786 3048 3840 communi
3076 3799 3141 3841 ac
3168 3786 3425 3841 diuturno
3459 3795 3683 3840 tractatu

2099 3882 2152 3935 in
2178 3879 2549 3949 prmjudicium
2572 3885 2776 3934 sancta:
2787 3880 2977 3950 synodi
3005 3880 3360 3948 scripserunt,
3379 3880 3494 3935 sive
3519 3883 3683 3936 scribi

2100 3976 2379 4039 fecerunt,
2455 3972 2748 4042 perfectam
2799 3986 2986 4027 eorum
3046 3986 3306 4043 nusquam
3362 3972 3681 4041 culpabilem

2098 4065 2381 4122 scientiam
2402 4062 2782 4133 requiramus?
2814 4062 2918 4118 Sed
2938 4061 3050 4133 jam
3076 4063 3178 4118 etsi
3204 4076 3311 4118 non
3335 4077 3523 4118 omnes
3550 4076 3686 4132 quos

2100 4157 2377 4225 continet,
2409 4157 2660 4228 quoniam
2690 4154 2831 4210 aliud
2871 4156 2923 4209 in
2978 4156 3079 4210 hoc
3130 4169 3296 4226 opere
3314 4154 3686 4211 demonstrare

2101 4250 2462 4320 suscepimus,
2494 4249 2693 4304 multos
2720 4256 2900 4303 tamen
2953 4262 3016 4302 ex
3044 4248 3326 4303 occasione
3355 4246 3686 4317 prodidimus

2098 4358 2318 4401 errores
2344 4342 2387 4408 ο,
2415 4343 2581 4397 multa
2601 4354 2814 4411 quoque
2838 4338 3114 4395 mendacia
3144 4338 3356 4408 sibique
3396 4339 3685 4395 contraria.

2104 4435 2205 4493 Ubi
2220 4446 2266 4488 et
2281 4435 2385 4489 hoc
2396 4431 2836 4500 docuimus'quia,
2855 4444 2977 4485 cum
2995 4429 3277 4484 mendacio
3293 4429 3564 4496 studeant,
3595 4444 3689 4483 ne-

2106 4527 2285 4583 sciunt
2301 4526 2385 4581 vel
2412 4524 2683 4594 quomodo
2709 4522 3055 4586 mentiantur,
3086 4531 3141 4576 et
3159 4522 3425 4590 quomodo
3440 4537 3530 4591 per
3546 4530 3691 4577 eam-

403 4632 726 4689 decrevisse.
766 4633 1004 4698 Quorum
1050 4630 1405 4685 sufficientem
1462 4628 1865 4684 excusationem
1925 4623 2002 4679 fa-
2033 4637 2078 4697 ι)
2106 4616 2697 4674 demscientiametiam
2715 4612 3691 4685 verumcontrasealiquandoloquauc

402 4727 589 4787 ciens,
636 4723 905 4794 quomodo
935 4724 1044 4779 sint
1097 4720 1410 4791 accipienda
1454 4719 1815 4775 demonstrat.
1877 4717 2004 4771 llaec

478 4930 505 4961 ι
537 4920 594 4976 In
646 4936 754 4987 quo
808 4922 1116 4990 episcopatu
1167 4921 1408 4991 deiectus
1455 4929 1538 4975 est
1577 4919 1834 4991 Photinus
1862 4931 2003 4971 anno

406 4992 604 5047 Christi
632 4993 757 5047 55f.
793 4988 1026 5046 Hilarius
1055 4994 1105 5046 in
1157 4988 1341 5047 eadem
1386 4992 1609 5060 epistola
1643 5008 1655 5041 :
1690 4988 1824 5060 Ea_m
1868 5005 2003 5042 nunc

408 5065 562 5133 [idem
587 5072 941 5127 retractemus,
972 5077 1086 5131 quae
1112 5078 1213 5115 non
1244 5063 1384 5128 olim,
1420 5057 1555 5115 tunc
1579 5076 1696 5133 c_um
1748 5057 2001 5133 Photinus

408 5127 703 5203 episcOpatu
728 5133 955 5199 deiectus
976 5127 1385 5203 est,conscripta
1439 5142 1535 5203 est.
1584 5130 1898 5203 Exemplum
1935 5127 2001 5203 li-

409 5198 495 5258 d'ei
520 5198 717 5258 Sirmio
736 5198 804 5258 ab
834 5202 1197 5258 Orientalibus
1223 5198 1407 5256 contra
1456 5201 1743 5256 Photinum
1764 5198 2001 5255 conseri.

411 5284 549 5344 pun:
582 5274 852 5331 Credimus
881 5274 936 5344 in
978 5288 1136 5327 unum
1172 5271 1354 5344 Deum,
1398 5280 1500 5344 etc.
1555 5272 1815 5344 lntegram
1856 5269 2003 5344 enim

412 5338 690 5407 describit,
714 5359 835 5399 cum
862 5343 1089 5401 subditis
1120 5338 1385 5399 caoitbus
1414 5343 1497 5397 vel
1539 5338 2006 5396 anathematismis

491 5524 505 5553 ¹
538 5520 673 5575 Cod.
713 5520 931 5585 Veron.,
961 5520 1205 5577 Patribus
1229 5520 1433 5573 decreta
1469 5523 1612 5581 sunt,
1650 5531 1752 5569 non
1780 5521 2000 5585 tantum.

490 5594 513 5624 ’
544 5591 686 5646 Idem
711 5591 858 5660 cod.,
893 5582 1168 5646 Dominum
1194 5600 1239 5643 et
1270 5588 1565 5660 Dominum,
1594 5585 1807 5660 Patrem
1835 5594 1882 5639 ct
1914 5582 2010 5660 Εἱ-

424 5662 573 5731 h’um,
596 5671 724 5727 etc.;
750 5655 927 5716 favent
967 5663 1087 5717 huic
1108 5661 1319 5716 lectioni
1354 5659 1566 5715 codices
1587 5657 1685 5731 alii
1713 5669 1842 5731 mss.
1891 5655 2009 5731 plu-

426 5748 536 5796 res,
558 5725 622 5786 'ut
645 5725 825 5787 videre
850 5742 934 5787 est
981 5732 1033 5786 in
1066 5747 1199 5787 nova
1245 5731 1481 5785 editione
1520 5727 1688 5781 sancti
1741 5726 1926 5781 llilarii
1954 5725 2005 5780 in

428 5803 522 5878 lib.
554 5804 621 5878 dc
650 5803 898 5878 Synndis,
928 5819 1020 5858 seu
1049 5803 1116 5857 de
1148 5803 1253 5878 fide
1280 5800 1667 5878 0r_ieut_aliurn_._

503 5874 521 5904 ³
551 5870 705 5928 ldcm
724 5874 868 5941 cod.,
896 5884 1173 5929 memorato
1201 5874 1467 5929 Strntiensi
1489 5870 1721 5925 concilio.

2112 4725 2217 4767 tur.
2241 4711 2301 4768 Si
2327 4718 2506 4766 autem
2530 4708 2583 4764 in
2613 4708 2713 4764 hoc
2729 4707 2866 4764 libro
2884 4710 2935 4762 in
2959 4722 3065 4777 quo
3087 4706 3539 4778 subscripserunt,
3563 4707 3692 4762 alie-

2105 4919 2212 4982 27;
2244 4914 2544 4971 Orientales
2566 4921 2746 4967 autem
2772 4908 3044 4979 intelligit,
3099 4921 3258 4982 quos_
3280 4905 3601 4982 Athanasius
3627 4906 3693 4982 de

2106 4975 2294 5046 eadem
2323 4985 2430 5041 ﬁde
2449 5000 2611 5054 agens
2636 4975 2971 5037 Eusebianos
2993 4975 3184 5054 vocat,
3209 4975 3582 5054 _Semiarianos
3611 4977 3692 5028 vi-

2108 5046 2653 5125 delicet.Quanquam
2686 5066 2814 5125 ergo
2841 5058 3105 5125 suspectae
3153 5046 3471 5125 li_dei_erant
3514 5056 3694 5125 aucto-

2109 5116 2195 5185 res
2222 5139 2274 5183 et
2295 5116 2539 5183 auctores
2556 5138 2681 5179 suos
2718 5116 3074 5188 decreta’ipsa
3103 5117 3438 5182 redolebant,
3466 5116 3694 5188 nondu-

2110 5184 2297 5255 bi'tavit
2320 5209 2497 5252 tamen
2530 5192 2759 5249 Hilarius
2785 5184 2999 5253 eadem,
3032 5197 3280 5256 tanquam
3329 5197 3516 5241 contra
3547 5184 3690 5256 Pho-

2110 5275 2279 5326 tiuum
2330 5267 2632 5325 necessario
2686 5262 2921 5327 condita,
2974 5255 3249 5328 explicare
3294 5271 3357 5311 ac
3387 5255 3691 5311 defendere.

2185 5514 2206 5545 ⁸
2234 5513 2290 5567 In
2320 5509 2508 5566 eodem
2539 5508 2660 5563 cod.
2716 5507 2868 5561 deest
2885 5512 2956 5561 et.
2985 5502 3137 5561 Unde
3180 5514 3370 5558 sensus
3395 5509 3474 5557 est
3508 5516 3522 5553 :
3554 5513 3693 5568 pra:-

2112 5585 2253 5641 dicta
2305 5582 2483 5636 omnia
2531 5579 2833 5635 Orientales
2898 5579 2953 5632 in
3012 5573 3292 5631 Sirmiensi
3332 5570 3559 5628 concilio
3608 5570 3687 5625 de-

2113 5654 2369 5711 crevisse.

2187 5727 2206 5757 δ
2236 5724 2379 5777 Idem
2407 5720 2549 5787 cod.,
2586 5718 2884 5782 Athanasio,
2920 5715 3112 5773 Basilio
3150 5722 3199 5771 et
3232 5713 3454 5769 Hilario.

2186 5796 2208 5829 ⁸
2232 5795 2376 5850 idem
2408 5792 2554 5857 cod.,
2586 5791 2697 5860 ejus
2726 5802 2940 5841 errores.
3040 5848 3043 5849 ν
