4094 6480
470 280 567 336 791

1546 266 1839 323 FMIUNDl
1881 263 2093 320 EPlSC.
2139 258 2643 317 HERMIANENSIS

3658 251 3767 306 792

471 411 570 452 nos
593 406 831 459 errores,
863 390 977 445 sive
1007 387 1197 452 falsos,
1221 385 1337 440 sive
1381 397 1538 439 veros
1588 394 1816 451 arguere
1870 377 2058 434 intenti
2094 376 2142 437 Α
2168 375 2217 430 ei
2241 376 2441 430 dixisse
2474 391 2488 428 :
2513 374 2752 441 Domine,
2768 375 2812 427 si
2833 372 3017 443 [uiues
3036 371 3141 437 hic,
3171 375 3327 441 frater
3348 384 3489 424 meus
3510 384 3613 423 non
3629 370 3766 438 [uiae

480 492 534 543 in
557 484 719 542 tantis
760 481 1075 554 reprehensi
1144 486 1302 544 sunt;
1350 491 1453 547 qua
1503 476 1680 531 fronte
1732 487 1839 528 non
1887 472 2062 527 dicam

477 576 771 643 Theodori,
802 575 896 631 sed
922 573 1210 642 cujuslibet
1239 570 1473 626 hominis
1497 569 1639 624 dicta
1670 567 1888 636 culpare
1927 578 2068 635 pra:-

473 670 728 729 sumunt?
761 671 827 724 At
849 667 1172 724 erubescent
1196 666 1283 720 isti
1331 664 1541 735 judices
1568 664 1585 694 ¹
1625 670 1986 725 mortuorum,
2021 661 2064 715 si

476 779 572 835 per
596 770 766 817 totum
795 759 968 829 ipsum
994 758 1191 813 librum
1221 770 1408 813 eorum
1456 754 1861 811 consideremus
1909 753 2070 808 insci-

474 857 604 910 tiam
637 873 652 910 :
684 860 739 908 et
770 850 973 906 idcirco
1003 850 1057 904 in
1082 849 1197 919 ipsa
1219 856 1422 903 tantum
1441 847 1733 911 sententia,
1756 860 1860 915 qua
1891 844 2070 900 Theo-

473 949 667 1006 dorum
692 962 815 1004 cum
846 945 960 1003 suis
986 944 1325 1016 dogmatibus
1354 942 1769 1007 damnaverunt,
1799 941 2071 1010 inSpicere

481 1055 599 1096 eam
625 1053 690 1094 ac
713 1037 1088 1093 demonstrare
1117 1036 1392 1105 proposui.
1423 1033 1690 1087 Dixerunt
1728 1032 1896 1094 enim,
1931 1032 2069 1086 sicut

482 1130 821 1185 narravimus
855 1145 869 1182 :
924 1145 943 1179 ι
999 1125 1055 1183 Si
1084 1125 1205 1196 quis
1239 1139 1346 1180 non
1371 1122 1792 1178 anathematizat
1822 1120 2070 1176 Theodo-

474 1235 594 1275 rum
624 1218 968 1289 Mopsuestia:
991 1224 1039 1285 ει,
1071 1225 1127 1272 et
1147 1216 1265 1285 ejus
1296 1215 1570 1283 dogmata,
1621 1226 1825 1282 eosque
1869 1211 1956 1281 qui
1981 1220 2072 1265 aut

474 1312 527 1367 ei
548 1311 743 1368 similia
769 1317 1086 1381 sapuerunt,
1115 1318 1206 1363 aut
1227 1307 1466 1379 sapiunt,
1516 1306 1804 1361 anathema
1830 1307 1925 1362 sit.
1965 1324 1983 1357 ι
2013 1305 2068 1360 In

474 1418 579 1475 qua
601 1402 871 1459 sententia
890 1400 1357 1471 intende,quazso,
1379 1408 1509 1468 quot
1529 1407 1583 1453 et
1601 1413 1761 1468 quam
1785 1411 1974 1468 magna
1994 1398 2071 1451 vi-

475 1496 549 1549 tia
574 1492 992 1564 reprehendam.
1051 1491 1289 1548 Primum
1339 1500 1442 1551 est,
1501 1489 1645 1560 quod
1700 1503 1822 1543 eum
1879 1496 2069 1543 contra

474 1588 797 1643 sententiam
830 1585 1047 1640 Patrum
1089 1592 1146 1640 et
1175 1583 1337 1638 totius
1386 1580 1645 1637 Ecclesiae
1697 1580 1981 1649 judicium,
2014 1581 2069 1634 in

474 1680 632 1749 cujus
658 1693 787 1749 pace
812 1677 1099 1734 defunctus
1146 1686 1251 1743 est,
1308 1674 1638 1731 anathemati
1689 1673 2065 1730 subdiderunt.

2171 481 2246 525 set
2274 479 2506 525 mortuus
2554 468 2738 539 (lam.
2767 484 2862 534 xt,
2892 464 3030 526 ΞΜ.
3151 466 3283 532 Quae
3328 465 3451 519 licet
3477 464 3762 519 crederent

2170 562 2310 632 quod
2343 564 2458 631 ipse
2487 569 2634 617 esset
2662 561 2829 616 Filius
2852 561 2873 592 ⁸
2904 559 3002 614 Dei
3025 558 3116 628 qui
3140 558 3192 612 in
3221 557 3476 611 mundum
3501 557 3765 621 venisset.

2173 668 2349 713 tamen
2374 672 2482 712 non
2505 656 2770 721 dicerent,
2803 655 2849 709 si
2879 654 3072 710 fuisses
3096 654 3204 718 hic,
3255 653 3301 707 si
3318 668 3438 707 eum
3469 665 3770 721 cognosce-

2172 759 2290 807 rent
2318 752 2458 806 sicut
2478 749 2643 805 Deum
2668 748 2866 817 ubique
2894 762 3017 803 esse
3046 755 3387 816 praesentem.
3438 744 3636 798 Eadem
3665 758 3765 797 er-

2170 858 2240 912 go
2264 852 2557 912 sapuerunt
2578 856 2701 911 qua:
2720 840 2918 895 dicitur
2938 838 3182 906 sapuisse
3203 836 3542 902 Theodorus,
3564 844 3768 890 etcum

2172 933 2460 989 Theodoro
2500 932 2659 987 simul
2713 930 3180 986 anathematizatte
3232 936 3379 983 sunt.
3424 927 3492 982 Et
3532 936 3771 996 quantos

2170 1027 2257 1082 vel
2285 1040 2351 1080 eo
2379 1035 2622 1093 tempore
2645 1024 2696 1078 in
2724 1022 3028 1093 Evangeliis
3086 1029 3142 1076 et
3184 1018 3497 1088 apostolicis
3544 1018 3772 1085 script‘s

2174 1122 2309 1176 tales
2333 1120 2501 1174 fuisse
2534 1116 2917 1188 cognovimus?
2965 1122 3198 1185 quantos
3242 1114 3405 1169 etiam
3439 1125 3579 1166 nunc
3632 1110 3774 1165 tales

2174 1217 2226 1271 in
2258 1229 2422 1285 grege
2453 1214 2710 1277 ﬁdelium,
2745 1212 2858 1266 sola
2887 1218 3200 1265 sanctorum
3239 1206 3616 1277 mysteriorum
3644 1218 3776 1274 par-

2172 1308 2485 1377 ticipatione
2508 1304 2814 1373 etsimplici
2865 1310 3259 1372 praeceptorum
3316 1298 3625 1356 obedientia
3649 1297 3775 1365 pla-

2170 1407 2356 1455 centes
2382 1399 2492 1453 Deo
2522 1396 2795 1451 vidimus?
2826 1409 2947 1450 cum
2974 1402 3029 1449 et
3048 1393 3149 1462 ipsi
3179 1392 3339 1462 primi
3371 1399 3616 1461 pastores
3645 1389 3776 1459 ejus

2169 1490 2393 1559 apostoli
2438 1490 2516 1544 sic
2557 1487 2844 1558 aliquando
2889 1486 3181 1554 sapuerint,
3237 1499 3371 1555 quos
3421 1497 3608 1539 omnes
3646 1497 3777 1537 cum

2171 1581 2461 1638 Theodoro
2492 1580 2719 1636 vidimus
2746 1579 2801 1634 in
2834 1578 2937 1633 hoc
2965 1577 3308 1632 anathemate
3340 1576 3776 1632 condemnatos?

2169 1672 2302 1728 Nam
2331 1673 2434 1729 etsi
2481 1671 2730 1726 dicantur
2758 1670 3003 1724 Thomas
3044 1676 3100 1723 et
3124 1668 3431 1737 Philippus,
3464 1667 3553 1736 qui
3584 1667 3738 1721 aiunt
3761 1684 3776 1696 '

477 1770 786 1827 Secundum
812 1779 992 1825 autem
1021 1768 1165 1839 quod
1189 1810 1204 1835 ,
1240 1765 1655 1823 condemnanda
1688 1778 1881 1821 omnes
1910 1767 1997 1834 qui
2019 1763 2071 1819 ei
2105 1772 2147 1831 Β
2180 1766 2402 1821 Ostende
2426 1765 2572 1820 nobis
2605 1763 2844 1830 Patrem,
2878 1772 2926 1818 et
2955 1763 3134 1833 sufﬁcit
3161 1764 3305 1817 nobis
3328 1761 3509 1829 (Joan.
3544 1778 3658 1828 xiv,
3689 1760 3777 1831 8),

476 1877 583 1918 non
612 1861 800 1916 dicunt
827 1860 1136 1926 anathema,
1159 1865 1491 1913 memoratos
1523 1869 1741 1926 quoque
1787 1854 2075 1911 venerabi-

481 1955 563 2010 les
595 1954 807 2018 Patres,
838 1960 893 2007 et
942 1952 1113 2020 ipsam
1165 1963 1285 2019 qua:
1333 1947 1622 2003 Theodoro
1662 1946 2077 2002 communicavit

479 2043 801 2111 Ecclesiam,
825 2051 987 2111 atque
1012 2055 1201 2096 omnes
1230 2046 1529 2108 praesentes
1584 2037 1637 2092 in
1668 2052 1897 2107 corpore
1920 2038 2078 2093 Chri-

480 2137 551 2192 sti
580 2135 791 2199 ﬁdeles,
818 2133 910 2204 qui
952 2133 1069 2188 sive
1096 2130 1240 2200 quod
1272 2132 1325 2185 in
1368 2128 1624 2184 Ecclesiae
1662 2143 1793 2198 pace
1814 2129 1979 2183 vitam
2011 2128 2077 2182 ﬁ-

483 2226 706 2294 nierint,
736 2224 854 2279 sive
880 2222 1025 2294 quod
1051 2236 1151 2277 nec
1171 2235 1387 2276 errores
1408 2218 1528 2289 ejus
1546 2233 1644 2274 nec
1666 2231 1864 2273 nomen
1892 2217 2077 2273 audie-

484 2322 619 2387 rint,
643 2334 767 2375 eum
799 2331 905 2372 non
935 2313 1410 2380 anathematizant,
1462 2314 1821 2369 decreverunt
1851 2320 1912 2366 ut
1950 2325 2079 2366 ana-

481 2412 665 2468 thema
695 2409 886 2465 ﬁerent
915 2425 927 2460 :
953 2406 1097 2477 quod
1126 2415 1311 2475 apt-rte
1331 2415 1519 2461 contra
1554 2402 1816 2473 justitiam
1848 2410 1903 2457 et
1949 2415 2079 2456 con-

483 2514 563 2559 tra
594 2516 802 2559 morem
834 2499 1089 2557 Ecclesiae
1136 2499 1338 2553 factum
1364 2512 1488 2553 esse
1531 2495 1642 2566 jam
1687 2495 1943 2561 diximus,
1978 2506 2079 2547 nec

481 2594 649 2650 ullum
681 2593 788 2648 tale
816 2590 1119 2647 invenimus
1136 2588 1443 2658 exemplum
1469 2587 1561 2643 ubi
1614 2587 1898 2641 anathema
1951 2584 2078 2639 facti

483 2684 925 2755 sint,quialicui
979 2682 1268 2748 hmretico,
1300 2695 1462 2751 quem
1528 2680 1777 2749 ignorare
1829 2686 2077 2747 possunt,

490 2793 599 2834 non
624 2776 813 2832 dicunt
848 2772 1174 2830 anathema.
1217 2771 1372 2843 Quod
1420 2785 1521 2827 nec
1557 2771 1643 2826 isti
1700 2768 2078 2833 decernerent,

483 2870 589 2926 nisi
616 2869 681 2923 ad
708 2866 905 2939 synodi
958 2861 1417 2922 Chalcedonensis
1466 2861 1741 2933 injuriam,
1775 2875 1918 2930 quae,
1958 2873 2079 2914 cum

486 2959 629 3030 apud
651 2973 713 3014 se
728 2957 1094 3015 recitarentur
1117 2956 1236 3025 ejus
1262 2954 1473 3021 laudes,
1491 2968 1600 3008 non
1640 2954 1690 3008 ei
1733 2951 1930 3008 dixerit
1954 2965 2083 3005 anas

484 3054 686 3108 thema.
720 3050 961 3106 Tertium
1018 3063 1147 3105 vero
1168 3057 1273 3115 est,
1303 3047 1445 3119 quod
1471 3046 1589 3101 sine
1618 3045 1725 3100 ulla
1769 3044 2083 3113 exceptione

2178 1875 2284 1915 non
2315 1860 2590 1915 hominem
2623 1856 2997 1913 tantummodo
3028 1856 3324 1911 credidisse
3349 1855 3645 1921 Christum,
3678 1856 3777 1909 sed

2181 1951 2373 2018 Deum,
2407 1950 2651 2020 quamvis
2677 1948 2839 2004 Patre
2865 1949 3128 2003 minorem
3157 1955 3252 2002 aut
3279 1954 3582 2015 separatum
3610 1960 3639 1998 a
3670 1944 3778 1999 Pa-

2179 2050 2282 2109 tre,
2307 2049 2529 2110 propter
2549 2040 2696 2110 quod
2723 2040 2885 2095 etiam
2908 2038 3109 2093 dictum
3132 2048 3216 2093 est
3241 2056 3254 2093 :
3280 2036 3403 2091 Non
3426 2037 3631 2092 creditis
3653 2039 3776 2105 quia

2178 2149 2271 2205 ego
2311 2134 2365 2186 in
2414 2132 2588 2199 Patre,
2636 2141 2683 2186 et
2716 2129 2873 2186 Pater
2894 2130 2949 2185 in
2979 2147 3059 2184 me
3088 2138 3162 2184 est
3189 2128 3384 2203 (Ibid.,
3425 2129 3552 2201 l0)?
3580 2129 3778 2182 similia

2182 2227 2375 2296 procul
2429 2228 2596 2283 dubio
2640 2236 2937 2298 sapuerunt
2988 2228 3069 2282 eis
3109 2242 3227 2297 qua:
3280 2231 3500 2295 putatur
3536 2223 3779 2293 sapuisse

2186 2318 2528 2374 Theodorus.
2548 2319 2667 2373 Non
2689 2320 2831 2375 enim
2857 2318 3135 2375 dissimilis
3156 2327 3246 2373 aut
3269 2316 3493 2371 minoris
3524 2315 3781 2385 ignoran-

2186 2414 2273 2466 tia:
2303 2411 2420 2477 fuit,
2452 2411 2535 2467 vel
2566 2412 2826 2467 minorem
2858 2409 3152 2465 credidisse
3194 2407 3382 2471 Deum,
3426 2406 3511 2462 vel
3558 2421 3585 2459 a
3622 2404 3780 2459 Patre

2181 2503 2372 2560 Filium
2403 2512 2732 2573 separatum.
2775 2503 2886 2559 Nisi
2928 2503 3064 2558 forte
3091 2501 3171 2555 sic
3210 2500 3363 2556 nobis
3393 2513 3548 2553 error
3589 2496 3782 2551 Nesto-

2185 2596 2375 2650 rianus
2423 2594 2698 2665 displicet,
2731 2606 2789 2650 ut
2835 2595 3043 2664 placeat
3071 2593 3325 2648 Arianus.
3369 2588 3781 2658 Quomodolibet

2184 2699 2314 2755 ergo
2345 2685 2594 2755 sapuisse
2628 2684 2896 2750 dicantur,
2929 2692 3022 2739 aut
3049 2682 3236 2738 eadem
3266 2680 3452 2752 procul
3499 2680 3661 2734 dubio
3689 2688 3782 2735 aut

2184 2776 2379 2830 similia
2408 2785 2732 2847 sapuerunt.
2768 2776 2872 2832 Pro
2902 2775 3002 2830 hac
3032 2790 3161 2845 ergo
3208 2773 3467 2845 praecipiti
3501 2781 3555 2828 et
3584 2772 3780 2827 incon-

2186 2864 2423 2920 siderata
2454 2866 2727 2921 sententia
2771 2880 2869 2938 sua
2897 2866 3263 2936 respondeant
3288 2864 3378 2935 qui
3410 2865 3781 2918 tantummodo

2185 2958 2377 3012 alienis
2421 2958 2741 3014 calumniari
2790 2959 2990 3025 sciunt,
3044 2973 3145 3014 sua
3198 2971 3326 3013 vero
3374 2955 3663 3013 defendere
3691 2971 3782 3010 ne-

2186 3051 2395 3118 sciunt;
2426 3061 2481 3106 et
2525 3055 2569 3107 si
2598 3052 2723 3121 quid
2755 3060 3009 3121 possunt,
3050 3051 3119 3105 ab
3162 3050 3279 3105 istis
3307 3047 3574 3104 vinculis‘
3612 3050 3783 3103 mani-

485 3145 811 3215 generaliter
839 3138 961 3214 ejus
1008 3143 1259 3213 dogmata
1298 3149 1360 3198 et
1388 3140 1670 3195 universos
1701 3137 1793 3207 qui
1844 3138 1926 3194 eis
1967 3152 2078 3192 non
2112 3157 2160 3220 ρ
2196 3142 2349 3199 festae
2377 3143 2620 3199 veritatis
2648 3144 2933 3199 absolvant
2959 3160 2971 3196 :
2995 3152 3051 3198 et
3075 3142 3213 3197 forte
3241 3142 3509 3197 credimus
3528 3140 3668 3211 quod
3698 3155 3781 3195 ac-

486 3233 677 3290 dicunt
700 3232 986 3288 anathema
1029 3231 1477 3294 condemnantes.
1506 3229 1560 3283 in
1591 3227 1786 3298 quibus
1843 3240 1943 3282 nec
1984 3224 2089 3296 ipsi

489 3334 694 3397 negant
720 3325 951 3395 plurima
987 3333 1134 3380 recta
1173 3336 1320 3388 esse,
1372 3338 1479 3376 non
1515 3322 1689 3376 solum
1743 3334 1879 3390 quos
1926 3334 2088 3389 supra

488 3416 908 3472 memoravimus
934 3413 1143 3480 Patres,
1168 3421 1225 3468 et
1275 3412 1413 3467 alios
1454 3412 1711 3481 praeteriti
1740 3411 1824 3467 vel
1850 3426 2090 3481 prasen-

494 3506 562 3562 tis
587 3506 851 3575 temporis
878 3506 1213 3571 innocentes,
1242 3519 1427 3560 verum
1454 3512 1509 3559 et
1539 3504 1709 3574 ipsam
1764 3502 2087 3559 catholicam

493 3597 679 3663 ﬁdem,
710 3594 864 3666 cujus
880 3594 1266 3651 assertionibus
1288 3609 1504 3650 omnem
1537 3595 1798 3649 haeresem
1814 3634 1829 3659 ,
1853 3603 2089 3650 testante

493 3687 701 3743 Joanne
721 3696 776 3742 et
798 3686 1007 3741 Domno
1035 3684 1390 3741 Antiochenis
1412 3692 1575 3755 atque
1620 3684 1869 3740 orientali
1912 3685 2093 3740 conci-

494 3781 592 3847 lio,
622 3778 944 3835 Theodorus
978 3778 1325 3850 expugnavit,
1349 3787 1403 3833 et
1447 3792 1607 3849 quam
1646 3776 1943 3831 secundum
1987 3775 2091 3845 Cy-

500 3874 704 3939 rillum,
754 3880 813 3927 ut
865 3872 1081 3927 interim
1127 3869 1439 3941 perhibent,
1477 3869 1759 3939 magniﬁce
1832 3868 2092 3923 adversus

496 3966 729 4021 Arianos
780 3972 834 4019 et
910 3963 1275 4018 Eunomianos
1325 3962 1579 4026 asseruit,
1636 3959 2093 4016 anathematizare

500 4057 687 4127 procul
712 4054 879 4111 dubio
906 4054 1318 4110 convincuntur.
1352 4053 1612 4120 Quartum
1655 4061 1763 4122 est,
1794 4050 1936 4122 quod
1958 4068 2090 4107 con-

501 4148 636 4203 tenti
689 4161 797 4202 non
851 4145 1049 4203 fuerint
1098 4146 1220 4201 illos
1265 4154 1469 4201 tantum
1514 4145 1968 4201 anathematizare
2000 4145 2093 4215 qui

501 4240 696 4295 similia
725 4239 963 4309 sapiunt,
991 4239 1086 4295 sed
1140 4239 1334 4295 iterum
1375 4247 1566 4293 contra
1614 4236 1874 4307 justitiam
1905 4237 2093 4293 Eccle-

500 4331 707 4400 siaeque
734 4331 974 4400 regulam
1005 4330 1346 4394 addiderunt,
1377 4338 1434 4386 et
1463 4330 1583 4385 illos
1606 4328 1696 4400 qui
1718 4330 1912 4385 similia
1941 4333 1961 4361 ¹
2004 4344 2094 4384 sa-

502 4430 758 4490 pucrunt.
806 4421 874 4475 Et
920 4436 1226 4493 quanquam
1276 4422 1620 4478 Theodorum
1651 4422 1782 4476 nihil
1829 4422 1972 4477 male
2005 4437 2091 4476 sa-

2191 3235 2435 3305 ceperint
2460 3244 2780 3306 potestatem
2806 3234 2999 3306 ligandi
3029 3249 3123 3291 eos
3146 3235 3235 3305 qui
3261 3248 3423 3305 super
3451 3243 3650 3289 terram
3676 3248 3783 3287 non

2194 3334 2343 3390 sunt,
2372 3340 2533 3395 quam
2585 3341 2685 3381 nec
2726 3326 2959 3396 apostoli
2987 3334 3330 3395 acceperunt.
3377 3324 3520 3380 Ecce
3560 3335 3782 3394 quatuor

2193 3431 2383 3486 magna
2412 3417 2562 3485 vitia,
2596 3432 2702 3473 non
2732 3418 2987 3484 obscura,
3020 3432 3123 3472 nec
3166 3416 3233 3473 de
3262 3416 3532 3485 aliquibus
3560 3417 3783 3471 secretis

2193 3507 2410 3574 educta,
2440 3509 2537 3564 sed
2585 3509 2732 3563 clara
2761 3518 2816 3565 et
2842 3510 3146 3584 manifesta,
3180 3523 3274 3565 eos
3300 3508 3581 3563 docuimus
3612 3509 3784 3562 incur-

2192 3599 2352 3655 risse.
2374 3600 2651 3666 Quomodo
2681 3602 2845 3671 igitur
2865 3602 2953 3656 ille
2972 3601 3183 3656 subtilis
3221 3616 3412 3657 eorum
3484 3601 3785 3656 intellectus

2195 3690 2248 3745 iu
2286 3702 2444 3746 noete
2489 3692 2841 3748 obscurarum
2883 3694 3241 3762 quaestionum
3271 3693 3599 3749 elucubratis
3629 3706 3787 3747 esco-

2195 3786 2547 3857 gitationibus
2596 3787 2855 3843 adversus
2897 3788 3071 3843 aliena
3120 3788 3261 3844 dicta
3309 3788 3555 3859 pervigil,
3597 3787 3648 3841 in
3678 3790 3787 3841 suis

2195 3877 2422 3933 obtusus
2467 3877 2719 3933 inventus
2764 3888 2848 3933 est
2894 3887 2949 3934 et
2979 3880 3161 3934 medio
3205 3879 3291 3934 die
3336 3878 3702 3949 lethargicus?
3735 3878 3789 3933 In

2194 3970 2409 4039 quantis
2461 3979 2645 4026 autem
2699 3971 2960 4026 librorum
3013 3970 3374 4026 voluminibus
3422 3970 3506 4024 isti
3556 3970 3790 4024 censorii

2195 4072 2529 4117 mortuorum
2553 4061 2767 4132 judices
2800 4072 2980 4117 tantos
3006 4071 3060 4117 et
3084 4076 3312 4116 numero
3343 4070 3397 4116 et
3421 4060 3789 4130 magnitudine

2196 4151 2396 4207 fecisse
2438 4151 2922 4222 deprehenduntur
2950 4153 3202 4208 errores?
3224 4152 3411 4207 Nonne
3443 4166 3546 4205 una
3587 4151 3792 4204 brevis-

2198 4257 2307 4312 que
2338 4243 2611 4299 sententia
2638 4253 2745 4308 est,
2776 4259 2897 4314 qua:
2943 4242 3110 4300 semel
3160 4243 3328 4298 tincto
3368 4244 3579 4297 calamo
3630 4242 3789 4295 scribi

2197 4346 2375 4406 potest
2418 4356 2430 4392 :
2479 4355 2496 4390 ι
2530 4338 2587 4394 Si
2643 4338 2766 4407 quis
2818 4352 2925 4393 non
2982 4336 3403 4391 anathematiztt
3453 4336 3789 4391 Theodorum

2199 4429 2565 4499 Mopsuestiat,
2597 4440 2652 4486 et
2681 4432 2797 4501 ejus
2829 4430 3097 4501 dogmata,
3128 4445 3330 4500 eosque
3360 4430 3448 4500 qui
3479 4441 3569 4484 aut
3598 4429 3789 4483 similia

502 4513 685 4579 puisse
715 4510 1085 4581 Ρῒοδθνεῐίηῑν
1109 4522 1366 4582 (Ιυεηιυηὶ
1416 4523 1595 4569 tamen
1644 4513 1711 4567 ad
1762 4527 1856 4569 00$
1878 4514 2089 4576 θῑιίηθιν
2124 4540 2175 4599 ι)
2202 4522 2251 4577 ei
2296 4532 2587 4592 sapuerunt
2615 4532 2707 4577 aut
2735 4522 2971 4593 sapiunt,
3000 4524 3285 4577 anathema
3328 4522 3477 4576 sit?»
3514 4522 3578 4576 Et
3609 4522 3662 4575 in
3709 4522 3792 4577 his

502 4603 1006 4659 condemnaverunt
1028 4617 1222 4659 omnes
1247 4603 1315 4658 ab
1339 4602 1478 4673 ipso,
1512 4604 1567 4658 in
1593 4619 1752 4673 quem
1779 4605 1933 4659 illum
1964 4605 2093 4660 inci-

502 4696 649 4751 disse
671 4700 883 4765 putant,
904 4708 1093 4750 errore
1113 4708 1407 4750 conversos
1432 4709 1447 4760 ;
1486 4694 1727 4763 nihilque
1758 4695 1865 4750 illis
1889 4697 2094 4765 praesti-

505 4789 569 4842 tit
599 4803 695 4844 sua
722 4787 1029 4858 conversio,
1058 4787 1203 4858 quod
1228 4787 1338 4859 jam
1364 4787 1486 4843 talia
1514 4803 1619 4843 non
1661 4788 1899 4859 sapiunt,
1927 4806 2098 4860 quan-

502 4881 573 4934 do
601 4888 655 4935 et
673 4891 893 4949 propter
913 4880 1013 4935 hoc
1044 4879 1393 4949 damnantur,
1445 4881 1585 4948 quod
1632 4880 1921 4952 aliquando
1971 4883 2093 4937 talia

502 4982 817 5040 sapuerunt.
851 4971 951 5027 Ubi
983 4972 1108 5042 quid
1152 4982 1311 5042 agent
1335 4972 1403 5027 de
1432 4972 1640 5027 Martha
1669 4981 1724 5027 et
1745 4972 1910 5027 Maria
1935 4986 2091 5027 soro-

506 5062 656 5117 ribus
680 5060 889 5128 Lazari,
926 5078 1045 5131 quae
1088 5064 1333 5118 familiari
1357 5063 1645 5121 devotione
1697 5064 1799 5134 ipsi
1845 5065 2093 5131 Domino,

505 5155 634 5210 dum
666 5155 751 5210 hic
794 5155 849 5210 in
892 5170 1053 5211 carne
1092 5156 1332 5227 degeret,
1365 5157 1750 5212 adhzcserunt?
1800 5156 1867 5214 Et
1915 5168 2096 5214 tamen

508 5257 757 5319 utraque,
780 5248 830 5304 id
854 5257 940 5305 est
960 5248 1107 5320 prius
1131 5248 1338 5305 Martha
1363 5264 1428 5304 ac
1455 5249 1651 5306 deinde
1685 5250 1872 5318 Maria,
1904 5252 2098 5321 legitur

581 5390 609 5419 ι
635 5380 711 5454 _lJt
754 5397 915 5454 supra
960 5381 1112 5439 initio
1140 5383 1233 5439 lib.
1253 5399 1330 5439 ut.
1366 5384 1560 5440 iisdem
1592 5402 1803 5454 quoque
1835 5388 2015 5443 verbis
2043 5398 2098 5443 et

511 5451 842 5507 Justinianus
865 5452 919 5507 in
946 5454 1155 5509 Edicto.
1174 5454 1236 5509 Εἴ
1251 5478 1329 5516 τις
1361 5462 1527 5512 τοίνυν
1549 5451 1876 5515 ὰνῖτιπὸιεῖται
1906 5459 2102 5516 Θεοδώ-

510 5544 625 5601 ρου,
658 5523 783 5579 δι)ὶά
809 5531 875 5598 μὴ
899 5527 1252 5596 ἀναθεματίζει
1271 5529 1441 5595 αὐτὸν,
1467 5533 1622 5585 καὶτὰ
1653 5533 1813 5586 αὐτοῦ
1837 5533 2103 5606 συγγράμ-

586 5656 604 5688 ¹
755 5654 971 5742 .Yeron.
985 5700 998 5722 .
1014 5660 1086 5741 .At
1106 5662 1411 5742 comminus.
1421 5664 1645 5742 arbitror
1668 5682 1934 5739 apparere,
1950 5682 2103 5739 quam

517 5734 801 5806 nes_C_i£_stttt
828 5738 976 5806 atgue
1006 5734 1289 5806 iguar_t'__iatt'
1310 5735 1532 5806 judices,
1567 5745 1669 5791 etc.

588 5798 605 5829 ³
631 5795 774 5853 ldcm
797 5795 941 5871 codg,
974 5795 1252 5858 ci'similia.

2204 4616 2540 4685 paucissimis
2586 4615 2809 4688 syllabis
2852 4617 3011 4686 longo
3057 4625 3298 4686 tempore
3341 4615 3635 4682 meditatis,
3684 4623 3792 4669 tam

2202 4708 2351 4762 multi
2379 4709 2671 4779 sapientes,
2700 4716 2777 4775 et,
2807 4711 2948 4778 quod
2978 4719 3059 4764 est
3090 4709 3344 4779 amplius.
3375 4708 3672 4763 alienorum
3710 4709 3793 4761 di-

2201 4810 2409 4855 ctorum
2437 4801 2891 4871 scrupulosissimi
2919 4810 2974 4856 et
2998 4802 3471 4857 calumniosissimi
3514 4801 3790 4855 discusso-

2202 4910 2308 4959 res,
2367 4895 2418 4949 in
2463 4910 2525 4950 ea
2572 4894 2685 4966 ipsa
2730 4896 3015 4952 calumnia:
3064 4911 3177 4952 sua:
3234 4896 3499 4951 sententia
3540 4960 3543 4963 _
3584 4894 3662 4948 sic
3707 4909 3795 4946 er-

2199 4996 2472 5051 raverunt,
2526 4995 2584 5041 ut
2634 4988 2843 5043 etiamsi
2900 5004 3025 5042 vera
3098 4987 3275 5042 forent
3329 5001 3452 5057 qua:
3512 4987 3564 5041 in
3620 4988 3793 5041 deuo-

2201 5078 2457 5132 tationem
2499 5088 2700 5133 sancta
2740 5079 2932 5150 synodi
2980 5079 3048 5134 de
3081 5079 3367 5134 Theodoro
3401 5078 3629 5149 iactant,
3673 5094 3783 5132 non

2202 5178 2424 5238 possent
2485 5185 2674 5224 eorum
2735 5171 3013 5227 erroribus
3073 5170 3395 5238 comparari.
3466 5170 3531 5223 Et
3592 5170 3797 5225 audent

2201 5263 2287 5317 isti
2363 5263 2635 5319 discutere
2706 5279 2769 5318 ac
2850 5262 3248 5333 reprehendere
3311 5262 3532 5318 illustris
3599 5261 3795 5316 doctri-

2204 5424 2361 5476 ματᾳ.
2382 5401 2607 5476 miror);
2636 5401 2702 5455 τὰ
2729 5397 2879 5470 ὅμοια
2897 5401 3036 5469 αὐτῷ
3061 5405 3362 5475 φρονοῦντας
3377 5398 3407 5459 ἧ
3426 5401 3793 5476 φρονήσαντας.

2205 5469 2431 5542 ἀνάθεμα
2455 5469 2487 5525 ἕ
2490 5494 2619 5527 στω.

2281 5673 2300 5703 ³
2324 5671 2467 5726 Idem
2499 5671 2643 5736 cod.,
2670 5670 2901 5725 Chris'us
2928 5669 3093 5728 Filius
3121 5671 3231 5726 Dei.

2281 5742 2302 5774 ⁸
2333 5743 2476 5799 idem
2504 5742 2647 5813 cett,
2674 5759 2724 5799 se
2748 5742 2977 5797 vinculis.
