4094 6468
280 300 381 357 793

1175 293 1306 349 ΡΙὶο
1346 291 1779 349 DEFENSIONE
1820 288 2041 346 TRIUM
2084 290 2402 349 CAPITUL.
2444 294 2570 351 LIB.
2616 298 2706 352 XI.

3462 308 3563 362 794

281 431 365 474 nae
415 416 592 479 viros,
636 427 864 483 quorum
920 420 1047 468 sunt
1099 412 1364 472 innumeri
1428 412 1578 477 libri,
1623 410 1715 481 qui
1753 425 1857 463 non
1887 413 1938 468 Δ
1964 410 2226 476 creditur,
2256 413 2343 480 qui
2376 428 2481 466 non
2511 415 2766 481 probatur
2793 419 3107 474 correctioni
3146 422 3407 477 restitisse
3436 424 3564 478 dum

280 514 395 565 sine
418 509 626 578 magnis
661 516 717 562 et
761 507 943 561 multis
976 506 1251 561 erroribus
1276 505 1442 559 semel
1473 505 1754 558 intinctum
1779 517 1870 557 ca-

280 603 477 659 lamum
509 600 795 657 scribendo
820 600 1042 653 fundere
1069 598 1532 668 potueruntllllud
1552 598 1713 652 etiam
1740 611 1870 651 con-

282 692 625 747 siderandum
658 700 761 755 est,
793 691 933 759 quod
965 690 1299 753 Theodorus,
1333 689 1563 743 necdum
1593 687 1874 743 Nestoria—

284 785 366 839 nis
382 782 784 852 apparentibus,
808 782 861 835 in
885 781 1021 836 alios
1048 780 1352 842 intendens.
1372 787 1428 835 et
1440 778 1872 849 oppugnantibus

283 874 613 947 Synusiastis
633 872 839 939 obvius,
864 872 1093 942 aliquam
1125 873 1142 903 ⁸
1173 880 1200 908 ι
1228 871 1581 927 oﬂ'ensionem
1623 871 1692 924 ad
1730 869 1874 925 aliud

287 965 561 1036 pergentis
584 963 817 1019 transitu
856 964 1118 1018 sermonis
1141 962 1389 1017 incurrit.
1425 963 1515 1017 Isti
1539 976 1688 1028 vero,
1731 960 1874 1031 quod

285 1071 392 1110 non
415 1056 684 1111 immerito
715 1056 867 1109 venia
893 1063 1063 1123 caret,
1097 1054 1256 1123 longo
1278 1055 1423 1123 pacis
1471 1054 1597 1109 odio
1625 1053 1879 1109 seduliet

286 1149 470 1218 quieti,
520 1149 564 1203 si
596 1157 773 1203 tamen
798 1148 984 1217 quieti,
1035 1163 1139 1202 non
1188 1148 1361 1203 solum
1408 1146 1779 1216 multipliciter
1823 1155 1878 1201 et

1978 504 2219 570 viveret;
2254 504 2301 558 si
2349 503 2666 561 Theodorus
2704 509 3113 577 condemnatur,
3157 515 3246 582 qui
3295 515 3567 570 neminem

1973 595 2359 650 condemnavit
2388 595 2443 650 in
2473 597 2727 653 Ecclesia:
2773 613 2902 668 pace
2931 601 3277 668 defunctum;
3312 606 3357 659 si
3387 605 3568 660 Theo-

1979 685 2146 740 dorus
2174 687 2605 759 excluditur,qui
2635 706 2738 745 non
2773 691 3045 747 invenitur
3075 694 3126 747 in
3156 694 3408 751 Ecclesiae
3432 712 3569 766 pra:-

1970 774 2229 844 judicium
2261 778 2541 847 scripsisse
2572 780 2792 848 aliquid,
2833 782 2901 836 de
2931 797 3036 851 quo
3061 783 3176 852 ipsa
3208 786 3566 842 conturbare-

1978 872 2063 918 tur
2096 864 2332 920 Ecclesia
2361 883 2377 922 :
2403 868 2528 937 quid
2562 868 2628 923 de
2653 871 2810 925 nobis
2854 872 3052 940 agitur,
3080 874 3123 927 si
3156 875 3341 930 multis
3371 879 3569 930 tumul-

1977 964 2147 1011 tuosa)
2204 969 2402 1013 nostrae
2445 962 2848 1030 ptmsnmptioni
2896 965 3410 1034 contradicentibus,
3459 984 3564 1023 non

1977 1049 2286 1117 exemplum
2320 1051 2710 1117 tantummodo,
2752 1068 2939 1108 verum
2984 1054 3146 1110 etiam
3176 1072 3393 1112 causam
3442 1075 3567 1129 pos-

1981 1137 2111 1192 teris
2136 1137 2328 1193 demus
2355 1139 2613 1195 adversus
2635 1156 2731 1196 nos
2747 1143 2869 1197 talia
2895 1148 3252 1213 prmsumendi
3275 1148 3296 1199 ?
3319 1148 3362 1202 si
3389 1158 3565 1204 tamen

286 1240 522 1308 graviter
558 1246 901 1304 erraverunt,
926 1238 1019 1292 sed
1052 1238 1191 1292 inter
1211 1252 1272 1292 se
1292 1250 1354 1289 ac
1381 1245 1558 1290 tantos
1596 1236 1881 1301 Patres,et
1980 1229 2205 1283 dicenda
2258 1230 2502 1285 Videatur
2558 1232 2645 1286 illa
2700 1237 3067 1303 praesumptio,
3117 1249 3169 1291 et
3220 1254 3329 1293 non
3396 1241 3567 1310 magis

286 1328 596 1384 universam
626 1343 747 1399 quae
789 1327 1072 1382 Theodoro
1100 1326 1512 1381 communicavit
1559 1327 1875 1395 Ecclesiam,

289 1423 437 1488 ipsos
477 1436 688 1492 quoque
741 1421 1035 1490 apostolos,
1086 1421 1520 1489 interposuerunt
1569 1420 1874 1477 anathema.

288 1513 441 1581 Quod
471 1511 562 1567 ille
588 1512 641 1565 in
666 1511 857 1581 quibus
883 1510 951 1564 ab
967 1510 1045 1565 eis
1060 1510 1473 1579 reprehenditur
1491 1526 1595 1565 nou
1620 1511 1765 1575 fecit.
1786 1514 1881 1583 qui

290 1621 431 1663 nunc
461 1619 558 1673 pro
583 1603 700 1661 solo
728 1602 1039 1673 praeiudicio
1060 1602 1250 1673 synodi
1274 1602 1375 1658 sub
1390 1602 1733 1658 anathemate
1752 1618 1884 1658 eon-

291 1694 595 1750 damnatur.
628 1692 780 1749 Unde
815 1693 863 1748 si
903 1705 1028 1748 ante
1054 1701 1270 1749 centum
1309 1707 1480 1747 annos
1511 1693 1685 1747 audax
1716 1703 1773 1749 et
1798 1708 1886 1748 as-

1981 1322 2418 1391 praasumptionis
2447 1322 2605 1392 digna
2636 1325 3012 1393 reprehensio.
3054 1329 3136 1381 An
3166 1326 3303 1384 forte
3331 1331 3568 1399 cuipiam

1984 1411 2251 1467 videbitur
2281 1412 2578 1482 indignum,
2621 1422 2681 1468 ut
2718 1416 2806 1485 qui
2839 1415 2891 1469 in
2945 1416 3213 1474 Theodori
3242 1421 3568 1478 condemna-

1986 1503 2154 1570 tione,
2182 1513 2258 1559 tot
2281 1515 2496 1560 sanctos
2528 1506 2737 1573 Patres,
2773 1515 2853 1563 tot
2881 1509 3214 1577 innocentes,
3244 1521 3319 1567 tot
3345 1513 3567 1582 placitas

1985 1604 2039 1651 et
2066 1595 2355 1651 familiares
2385 1597 2600 1652 Christo
2644 1613 2921 1666 personas,
2949 1608 3107 1671 atque
3146 1602 3293 1670 ipsos
3340 1608 3569 1662 anathe-

1988 1690 2376 1744 matizaverunt
2414 1692 2708 1759 apostolos,
2748 1707 2815 1746 ne
2846 1700 3050 1748 tantum
3094 1694 3301 1750 facinus
3332 1707 3566 1765 maneat,

293 1800 475 1855 perum
505 1784 707 1838 sanctis
737 1783 983 1838 Patribus
1014 1782 1325 1852 apparebat,
1363 1793 1420 1837 ut
1443 1782 1727 1838 anathema
1773 1783 1874 1837 im-
1904 1777 1950 1837 Β
1981 1783 2151 1850 ipsum
2194 1784 2371 1850 potius
2420 1796 2543 1838 cum
2588 1786 2700 1840 suis
2749 1787 3139 1841 condemnetur
3168 1790 3478 1845 auctoribus
3499 1794 3515 1815 °
3545 1790 3570 1843 τ

294 1885 551 1946 ponerent
570 1876 593 1909 ²
615 1875 773 1931 dictis
800 1875 854 1929 in
876 1888 1008 1943 pace
1032 1874 1289 1929 Ecclesiae
1305 1885 1657 1940 mortuorum,
1677 1885 1875 1945 quanto

294 1981 435 2022 nunc
446 1967 702 2022 audacius
718 1977 795 2021 cst
821 1977 982 2037 atque
998 1965 1262 2034 asperius,
1286 1974 1348 2021 ut
1373 1981 1477 2021 non
1495 1969 1669 2022 solmn
1688 1981 1873 2022 eorum

291 2057 457 2126 dicta,
496 2059 645 2129 quod
669 2068 880 2114 constat
916 2058 1046 2114 olim
1094 2058 1445 2125 prohibitum,
1486 2059 1580 2115 sed
1633 2076 1875 2129 personae

294 2165 505 2220 quoque
526 2147 894 2205 damnentur?
940 2149 1006 2204 Et
1030 2149 1050 2180 ³
1082 2149 1271 2207 Patres
1291 2150 1367 2205 illi
1387 2151 1477 2219 qui
1515 2151 1876 2208 condemnare

296 2240 645 2310 prohibebant
676 2239 945 2294 Theodori
969 2249 1023 2294 et
1049 2240 1275 2295 aliorum
1304 2239 1878 2317 dicta,ennsultissime

293 2329 583 2384 dicebant:
625 2330 754 2397 Quis
797 2331 939 2384 enim
980 2341 1221 2384 nostrum
1251 2339 1434 2401 speret
1474 2347 1579 2386 non
1611 2334 1879 2405 defungi?

297 2427 387 2473 aut
412 2432 440 2471 a
477 2433 583 2486 quo
612 2432 717 2472 non
748 2419 948 2474 dictum
976 2429 1060 2474 est
1084 2421 1307 2489 aliquid,
1340 2424 1484 2495 quod
1519 2424 1683 2479 alium
1710 2428 1880 2495 possit

296 2510 556 2564 movere?
588 2519 841 2564 caventes
871 2511 1076 2582 utique,
1118 2527 1188 2567 ne
1233 2513 1323 2567 tali
1349 2516 1597 2585 exemplo
1639 2518 1877 2584 ipsorum

294 2615 507 2670 quoque
546 2601 705 2656 dictis
735 2612 857 2670 post
898 2611 1125 2658 mortem
1156 2604 1524 2673 imponeretur
1548 2608 1832 2663 anathema
1858 2628 1872 2665 :

295 2700 551 2760 quantum
580 2707 678 2747 nos
707 2702 947 2749 metuere
997 2694 1256 2750 debemus
1294 2698 1597 2767 exemplum
1646 2702 1878 2769 posteris

294 2779 445 2845 dare,
474 2795 582 2851 quo
618 2797 722 2836 non
753 2782 925 2838 solum
967 2784 1110 2839 dicta
1140 2793 1259 2853 post
1287 2795 1517 2841 mortem
1565 2789 1876 2858 dicentium,

294 2869 388 2924 sed
420 2885 675 2939 personas
704 2888 917 2944 quoque
945 2875 1306 2930 condemnant
1327 2876 1349 2929 l
1373 2878 1505 2933 Nam
1545 2880 1590 2933 si
1624 2881 1877 2938 Theodo-

295 2978 385 3017 rus
412 2972 530 3033 post
563 2974 735 3021 tantos
755 2982 868 3021 suae
910 2967 1267 3024 defunctionis
1313 2984 1483 3028 annos
1527 2973 1877 3033 detestandus

369 3084 396 3112 ⁸
427 3075 480 3130 In
513 3092 637 3141 ms.,
670 3078 943 3148 obliquam.

370 3170 391 3243 ξ
421 3169 555 3243 god.
593 3172 814 3243 Veram,
849 3174 1105 3241 obliquam
1128 3174 1478 3243 offensionem.

373 3239 395 3269 ³
423 3240 565 3295 Idem
588 3242 733 3308 cod.,
764 3239 1128 3311 imponeretur.

376 3312 396 3339 ‘
416 3311 555 3367 Idem
578 3313 725 3378 cod.,
751 3313 816 3367 Et
845 3314 889 3368 si
913 3313 1115 3370 Patres.

309 3417 511 3432 “.-

1902 3188 1950 3250 C

1980 1871 2265 1941 Corrigant
2312 1890 2441 1944 ergo
2486 1876 2647 1931 nimis
2686 1876 2960 1945 profanam
3006 1879 3360 1935 temeritatem
3390 1894 3564 1948 suam,

1982 1975 2093 2032 aut,
2124 1967 2170 2020 si
2197 1965 2330 2020 nihil
2359 1981 2419 2021 se
2447 1976 2633 2035 putant
2675 1968 3050 2036 corrigendum
3090 1967 3301 2033 fecisse,
3334 1969 3456 2025 facti
3482 1985 3569 2025 ra-

1984 2056 2184 2111 tiOnem
2217 2055 2466 2122 reddant,
2499 2065 2554 2111 et
2584 2071 2689 2110 non
2735 2056 2789 2110 in
2820 2057 3119 2112 alienorum
3147 2059 3571 2126 reprehensione

1982 2148 2274 2214 dictorum,
2297 2148 2391 2202 sed
2418 2149 2593 2217 potius
2621 2148 2676 2203 in
2697 2162 2919 2204 suorum
2941 2149 3256 2205 defensione
3306 2152 3572 2211 subtilita-

1985 2250 2092 2293 tem
2135 2239 2356 2310 ingenii,
2389 2239 2457 2294 de
2501 2253 2603 2307 qua
2634 2242 2862 2293 multum
2913 2239 3231 2310 gloriantur,
3261 2242 3568 2297 ostendant.

1982 2329 2095 2385 Hoc
2122 2330 2190 2384 de
2216 2340 2392 2384 vestra
2411 2329 2615 2399 iustitia
2647 2330 2896 2397 petimus,
2929 2342 2985 2385 ut
3020 2331 3066 2385 si
3091 2331 3421 2399 respondere
3452 2342 3571 2388 ten-

1984 2422 2233 2490 taverint,
2258 2422 2397 2476 ultra
2422 2421 2503 2476 eis
2530 2435 2638 2475 non
2669 2421 2827 2476 liceat
2846 2421 2946 2477 sub
2971 2423 3124 2477 titulo
3145 2424 3309 2478 vestri
3332 2426 3569 2479 nominis

1980 2527 2073 2569 sua
2102 2513 2125 2545 ¹δ
2150 2524 2204 2568 et
2232 2513 2451 2583 profana
2482 2514 2826 2569 conscribere
2856 2532 2869 2566 :
2905 2516 3030 2583 quia
3082 2515 3208 2570 licet
3252 2516 3568 2581 docentibus

1980 2608 2240 2675 apostolis
2264 2606 2617 2661 didicerimus
2647 2606 2786 2676 quod
2814 2607 2922 2663 Deo
2954 2607 3122 2676 magis
3151 2622 3306 2676 quam
3332 2606 3364 2660 h
3389 2606 3570 2661 tmini-

1986 2702 2086 2757 bus
2107 2705 2374 2771 oporteat‘
2398 2701 2641 2766 obedire,
2665 2710 2923 2771 quantum
2957 2710 3134 2756 tamen
3175 2702 3227 2754 in
3281 2699 3436 2754 nobis
3485 2708 3570 2754 est

1985 2804 2232 2863 optamus
2249 2793 2333 2847 'et
2358 2791 2469 2847 Deo
2490 2792 2712 2848 obedire
2727 2800 2784 2847 et
2801 2791 3125 2855 hominibus,
3150 2791 3273 2846 dum
3294 2806 3357 2846 ea
3385 2791 3571 2846 volunt

1987 2896 2041 2941 et
2072 2887 2339 2953 imperant
2390 2884 2636 2939 homines
2675 2899 2795 2954 quae
2833 2884 3100 2940 contraria
3131 2898 3237 2939 non
3285 2883 3395 2938 sint
3437 2882 3571 2937 obe-

1983 2979 2200 3035 dientia‘.
2228 2992 2387 3048 quam
2422 2977 2531 3031 Dco
2557 2977 2839 3031 debemus.

2054 3184 2078 3217 ⁸
2109 3184 2253 3239 Idem
2284 3184 2431 3249 cod.,
2464 3199 2594 3237 vana
2620 3193 2668 3237 et
2700 3183 2939 3251 profana.

2058 3257 2079 3287 ⁵
2107 3257 2248 3310 Idem
2274 3255 2422 3322 cod.,
2456 3256 2620 3324 magis
2647 3264 2900 3322 Optamus.

2058 3326 2088 3357 ἰ
2112 3326 2284 3382 Locus
2314 3330 2368 3380 in
2400 3329 2596 3381 mendo
2621 3326 2822 3380 cubare
2849 3325 3082 3379 videtur.

518 3419 2938 3446 Μ

1337 3487 1687 3571 LIBER
1765 3476 2507 3576 UNDECIMUS‘.

824 3625 1050 3681 CAPUT
1093 3624 1376 3682 PRIMUM.

304 3715 456 3789 Quod
484 3718 630 3789 multi
677 3716 857 3772 Patres
886 3717 1084 3787 antiqui
1112 3716 1301 3770 similia
1345 3717 1564 3773 dixerint
1594 3721 1657 3775 iis
1686 3737 1801 3789 qua?
1828 3723 1883 3776 in

376 3785 1140 3860 Theodororepreltenduntur,
1191 3798 1341 3857 atque
1387 3790 1637 3860 imprimis
1691 3785 1885 3846 Eusta-

377 3855 516 3913 t'ln'us
540 3855 910 3913 Antiocheam.

374 3951 533 4008 Multa
564 3962 688 4007 sunt
714 3953 963 4023 equidem
992 3952 1133 4007 dicta
1165 3952 1355 4020 quibus
1385 3953 1681 4009 calumnias
1712 3955 1879 4025 Euty-

302 4047 617 4102 chianorum
647 4060 891 4117 magnam
915 4046 1181 4116 synodum
1205 4044 1696 4101 Chalcedonensem
1715 4047 1879 4101 etiam

301 4141 372 4195 de
391 4137 660 4195 Theodori
690 4151 847 4192 causa
871 4138 1266 4191 criminantium
1305 4153 1370 4192 ex
1394 4137 1541 4191 omni
1571 4137 1887 4194 discidimus

302 4239 474 4301 parte.
494 4230 630 4299 Quid
653 4230 795 4285 enim
818 4231 926 4299 jam
953 4237 1199 4299 superest
1225 4230 1365 4283 unde
1406 4229 1615 4284 causari
1660 4231 1885 4298 possint,

303 4323 515 4393 quando
539 4338 645 4376 non
671 4323 843 4376 solum
868 4335 930 4376 ea
961 4321 1307 4376 concidentes
1327 4323 1342 4352 ¹
1367 4337 1486 4391 quae
1510 4322 1733 4377 ﬁnxisse
1766 4323 1887 4377 illos

305 4422 657 4473 monstratum
688 4426 791 4481 est,
820 4430 1005 4471 verum
1037 4416 1200 4470 etiam
1226 4415 1454 4483 plurima
1480 4432 1600 4484 quae
1628 4430 1729 4471 nec
1756 4431 1888 4470 con-
1917 4448 1969 4507 Β

305 4509 429 4564 ﬁcta
454 4517 599 4573 sunt,
624 4518 806 4562 nostra
828 4516 1018 4577 sponte
1064 4516 1119 4560 ut
1161 4506 1243 4561 eis
1285 4506 1631 4562 illuderemus
1673 4507 1884 4573 dantes,

304 4598 620 4670 sic‘quoque
669 4600 951 4654 docuimus
1002 4596 1243 4653 eamdem
1288 4597 1552 4668 synodum
1602 4598 1802 4652 invicta
1837 4607 1892 4652 et

304 4691 537 4746 evidenti
589 4676 798 4745 ratione
846 4687 1062 4743 defendi
1094 4687 1117 4740 ?
1163 4688 1437 4751 Attamen,
1470 4686 1593 4754 quia
1628 4685 1891 4742 voluimus

303 4786 386 4840 eis
417 4783 646 4854 amplius
667 4797 826 4853 quam
868 4783 919 4835 in
953 4781 1324 4848 superioribus
1366 4778 1592 4834 fecimus
1636 4794 1889 4848 compro-

304 4878 455 4939 bare,
501 4873 773 4945 quomodo
811 4871 1100 4927 multorum
1145 4870 1361 4925 Patrum
1408 4871 1705 4925 doctrinam
1753 4884 1887 4940 quos

305 4978 363 5022 et
391 4965 494 5036 ipsi
517 4954 790 5019 nobiscum
824 4963 1096 5016 honorare
1124 4977 1184 5016 se
1226 4962 1442 5025 dicunt,
1475 4964 1528 5015 in
1557 4961 1887 5017 condemna-

309 5052 455 5115 tione
486 5057 794 5127 dogmatum
827 5052 1096 5107 Theodori
1128 5053 1517 5117 criminentur;
1545 5061 1595 5106 et
1625 5052 1747 5121 quia
1781 5067 1886 5107 non

308 5163 414 5205 tam
444 5163 539 5219 pro
558 5157 851 5203 memorata
879 5145 1108 5217 synodo,
1131 5161 1252 5215 quze
1276 5145 1386 5215 jam
1411 5145 1543 5200 satis
1573 5144 1889 5213 abundeque

308 5250 528 5312 purgata
555 5252 660 5303 est,
693 5255 851 5309 quam
883 5253 977 5307 pro
1003 5237 1204 5292 eisdem
1230 5236 1475 5290 Patribus
1519 5236 1887 5302 decertamus;

306 5329 596 5387 statuimus
622 5331 673 5385 in
707 5331 806 5384 hoc
837 5328 1109 5383 volumine
1136 5340 1446 5396 magnorum
1484 5326 1722 5379 virorum
1745 5324 1886 5379 dicta

310 5424 551 5494 proferre
573 5422 765 5476 similia
789 5463 805 5487 ,
851 5421 913 5475 ad
946 5418 1320 5475 excusandum
1347 5416 1648 5471 difficiliora
1679 5415 1758 5469 his
1792 5431 1889 5483 pro

308 5514 500 5584 quibus
520 5529 641 5568 eum
668 5526 873 5579 putave:
890 5520 1004 5575 unt,
1024 5520 1273 5581 tanquam
1299 5507 1609 5576 magistrum
1630 5505 1881 5569 Nestorii,

312 5605 656 5659 anathemate
697 5602 1093 5673 percellendnm
1124 5619 1136 5653 :
1167 5610 1225 5654 ut
1254 5600 1308 5655 in
1341 5597 1585 5668 plurimis
1624 5596 1890 5667 exemplis

382 5728 408 5757 ι
437 5719 607 5772 'I‘nmo
640 5718 677 5770 V
710 5733 929 5787 operum
960 5716 1167 5787 Cyrilli,
1213 5724 1348 5785 part.
1380 5729 1437 5783 ll,
1470 5729 1589 5784 pag.
1625 5711 1746 5769 195.

432 5790 566 5848 Cod.
601 5790 819 5859 \'et‘0u.,
849 5789 1193 5844 concedentes.

1622 3604 2252 3641 —_——§

1992 3656 2206 3712 videant
2258 3656 2401 3727 quod
2451 3658 2880 3727 sapientissimus
2928 3656 3165 3711 Joannes
3205 3656 3572 3711 Antiochenus

1990 3761 2110 3801 cum
2139 3746 2383 3801 orientali
2406 3748 2633 3802 concilio
2664 3747 2906 3803 scribens
2940 3748 3095 3801 beato
3126 3746 3327 3817 Cyrillo
3362 3747 3428 3802 de
3457 3749 3573 3817 qui-

1989 3837 2213 3892 busdam
2238 3837 2489 3907 capitulis
2531 3837 2820 3906 supradicti
2847 3837 3116 3891 Theodori
3146 3837 3276 3891 dixit
3304 3847 3330 3875 ει
3366 3854 3380 3889 :
3419 3856 3437 3887 ί
3469 3837 3573 3893 Sed

1989 3928 2097 3983 illis
2126 3943 2245 3997 qua:
2277 3939 2533 3998 putantur
2574 3928 2820 3992 obscura,
2856 3928 3049 3981 similia
3080 3928 3244 3982 multa
3268 3938 3322 3983 et
3352 3944 3379 3981 a
3413 3928 3574 3996 pluri-

1991 4021 2095 4076 mis
2125 4022 2488 4076 antcriorihus
2515 4022 2654 4091 ejus,
2688 4030 2742 4077 et
2764 4020 3011 4089 gloriosis
3040 4021 3287 4077 Patribus
3316 4023 3457 4076 dicta
3490 4022 3575 4075 in-

1992 4112 2269 4178 venimus;
2305 4120 2359 4166 et
2406 4112 2704 4179 periculum
2749 4111 3024 4180 impendet
3057 4128 3160 4166 non
3192 4112 3327 4177 leve,
3362 4128 3429 4166 ne
3460 4109 3574 4166 istis

1992 4205 2153 4259 etiam
2184 4205 2301 4258 illo~
2330 4205 2628 4270 solvamus,
2662 4205 2777 4270 ejus
2802 4204 2905 4257 viri
2931 4203 3282 4272 reprobantes
3303 4203 3461 4270 dicta,
3489 4204 3575 4271 qni

1996 4296 2049 4349 in
2080 4296 2388 4364 episcopatu
2414 4295 2704 4349 defunctus
2736 4296 2777 4361 ',
2810 4294 3071 4363 agonibus
3103 4302 3278 4346 autem
3323 4293 3575 4346 adversus

1994 4390 2221 4444 Arianos
2272 4401 2327 4445 et
2381 4391 2743 4444 Eunomianos
2785 4396 2837 4441 et
2877 4389 3009 4441 alios
3056 4387 3339 4440 luereticos
3391 4386 3574 4439 decem

1998 4483 2236 4537 millibus
2279 4498 2370 4550 per
2414 4497 2631 4536 omnem
2673 4496 2823 4534 suam
2857 4480 3017 4533 vitam
3054 4477 3247 4547 ubique
3297 4478 3577 4531 decoratus

2000 4586 2084 4630 est
2116 4594 2126 4627 :
2154 4574 2294 4644 quod
2333 4575 2375 4627 si
2409 4575 2518 4640 fiat,
2551 4574 2710 4627 multa
2745 4571 2903 4627 etiam
2934 4570 3002 4623 ab
3033 4571 3149 4622 aliis
3179 4570 3377 4622 sanctis
3404 4565 3577 4621 Patri-

2000 4667 2098 4721 bus
2124 4676 2247 4735 apte
2278 4664 2416 4720 dicta
2452 4664 2791 4720 retractaturi
2817 4661 3047 4716 sumus”.
3074 4682 3095 4710 s
3125 4661 3190 4714 Et
3212 4669 3331 4730 post
3352 4657 3526 4728 aliqua
3554 4674 3569 4710 :

2007 4760 2173 4827 «Quis
2195 4761 2359 4826 enim,
2381 4759 2573 4829 inquit,
2598 4769 2837 4813 n05trum
2867 4765 3046 4827 speret
3074 4769 3177 4808 non
3211 4751 3463 4821 defungi?
3486 4760 3575 4803 aut

1998 4870 2027 4909 a
2066 4870 2172 4924 quo
2219 4868 2325 4907 non
2380 4852 2579 4907 dictum
2631 4860 2713 4905 est
2751 4849 2972 4918 aliquid,
3022 4845 3163 4915 quod
3214 4846 3374 4896 alium
3408 4842 3577 4911 possit

1996 4946 2247 5002 movere?
2285 4962 2303 4997 ι
2343 4940 2936 5008 Etsnli‘eceratquidem
2968 4937 3083 4990 hate
3108 4933 3417 5002 protestatio
3443 4931 3577 4988 tanti

1996 5036 2206 5094 concilii
2237 5037 2301 5091 ad
2333 5032 2774 5104 compescendam
2822 5027 3227 5084 temerariorum
3272 5023 3572 5087 audaciam,

1996 5131 2137 5203 quod
2174 5129 2335 5184 multa
2364 5126 2557 5181 similia
2591 5123 2856 5193 capitulis,
2882 5135 3003 5190 qua:
3048 5120 3099 5173 in
3144 5117 3429 5172 Theodoro
3463 5116 3576 5170 enl-

1997 5233 2125 5296 pant
2145 5224 2233 5294 qui
2251 5220 2588 5276 occasionem
2615 5217 2877 5271 faciebant
2898 5213 3165 5269 contrario
3185 5211 3419 5280 dogmati
3469 5223 3577 5275 quo

2000 5316 2338 5378 tenebantur,
2362 5314 2522 5367 etiam
2551 5324 2581 5363 a
2606 5306 2846 5378 plurimis
2869 5301 3221 5358 anteriorihus
3248 5310 3302 5355 et
3323 5296 3571 5369 gloriosis

1994 5407 2238 5462 Patribus
2281 5405 2421 5459 dicta
2454 5402 2741 5456 invenient.
2769 5396 2874 5454 Sed
2900 5394 3147 5464 quoniam
3182 5391 3339 5446 modo
3367 5395 3414 5444 ei
3468 5405 3574 5441 non

1994 5498 2250 5565 creditur,
2290 5495 2376 5549 cui
2412 5495 2669 5548 hactenus
2717 5492 2853 5545 bene
2898 5487 3159 5543 creditum
3196 5483 3315 5545 fuit,
3347 5490 3401 5534 et
3438 5479 3575 5533 ratio

1998 5591 2115 5661 ejus
2132 5602 2259 5643 sana
2291 5586 2659 5641 contemnitur
2676 5597 2781 5652 qua
2811 5585 2999 5637 rursus
3017 5578 3090 5632 ait
3116 5596 3128 5631 :
3158 5579 3262 5632 Aut
3287 5590 3318 5628 a
3341 5587 3447 5645 quo
3470 5585 3577 5626 non

2074 5711 2094 5742 ¹
2129 5704 2269 5759 Idem
2299 5700 2443 5767 cod.,
2479 5702 2686 5764 quidem
2714 5701 3000 5769 defunctus.

2069 5780 2088 5811 ³
2114 5777 2258 5834 Idem
2272 5772 2367 5831 cod
2379 5816 2391 5829 .
2401 5813 2416 5842 ,
2433 5762 2754 5828 retractatum
2768 5762 2942 5827 sumus
2963 5780 3005 5827 et
3022 5766 3353 5839 reprobaturi.
3365 5762 3427 5819 Et
3438 5771 3571 5833 post.
