4094 6478
523 283 630 340 793

1601 283 1897 339 FACUNDI
1929 281 2144 339 EPISC.
2179 281 2692 338 IIERMIANENSIS

3705 282 3808 335 79C.

519 399 718 452 dictum
747 408 830 454 est
850 398 1071 469 aliquid,
1097 397 1240 467 quod
1267 395 1426 451 alium
1455 397 1886 464 possitmovcre,
1917 411 2102 450 neces—
2135 393 2180 455 A
2207 392 2467 458 Stachius,
2509 392 2756 448 homines
2799 392 3016 447 Christo
3057 393 3262 449 sim'les
3290 408 3409 450 esse
3446 410 3663 464 genere,
3704 395 3804 447 hu-

522 494 680 548 sitate
697 493 1145 562 compellimurex
1170 493 1374 549 eisdem
1389 493 1573 549 multis
1601 494 1864 548 similibus
1887 493 2107 547 Patrum

521 584 685 640 dictis
707 583 886 652 aliqua
929 585 1188 653 proferre,
1215 595 1270 640 et
1309 586 1362 639 in
1384 601 1492 656 quo
1520 601 1738 641 movere
1777 587 1984 654 possint
2020 600 2107 639 os-

522 676 766 743 tendere,
787 684 847 730 ut
875 675 1190 745 Eutychiani
1231 691 1528 747 eorumque
1553 677 1816 732 satellites
1855 678 2111 733 dissimu-

525 771 637 824 lare
668 783 771 823 non
795 768 1025 836 possint,
1057 767 1198 836 quod
1226 768 1280 822 in
1308 769 1759 824 condemnatione
1795 769 2108 840 dogmatum

525 858 790 914 Theodori
821 859 1126 913 necessario
1154 860 1315 914 etiam
1350 859 1584 928 ipsorum
1607 859 1826 915 Patrum
1862 861 2106 916 doctrina

521 951 576 1006 in
598 965 700 1019 qua
722 951 1070 1004 inveniuntur
1088 950 1305 1017 similia,
1331 952 1741 1006 condemnetur.
1757 951 1889 1008 Nam
1917 957 2107 1011 beatus

524 1043 848 1097 Eustachius
890 1042 1257 1098 Antiochenus
1297 1041 1585 1111 episcopus
1608 1052 1656 1108 α,
1679 1043 1768 1112 qui
1822 1047 2025 1111 primus
2051 1046 2105 1100 in

523 1134 740 1189 Nicteno
779 1132 1006 1187 concilio
1033 1131 1152 1197 fuit,
1198 1140 1350 1186 sexto
1379 1131 1635 1186 adversus
1681 1133 1910 1188 Arianos
1943 1133 2103 1202 libro,

522 1227 592 1282 de
611 1241 676 1281 eo
693 1224 833 1294 quod
851 1225 928 1278 ait
949 1224 1234 1278 Dominus:
1257 1223 1424 1278 Nemo
1446 1225 1540 1278 scit
1567 1223 1701 1278 diem
1722 1223 1869 1278 illum
1888 1224 2101 1295 (Matth.

520 1333 670 1387 xnv,
697 1316 790 1386 56)
820 1332 837 1372 :
873 1333 892 1367 t
933 1316 1206 1384 Dicamus,
1237 1317 1426 1385 inquit,
1465 1316 1619 1384 cuius
1641 1317 1716 1372 rei
1739 1317 1905 1386 gratia
1938 1315 2107 1373 Filius

523 1409 761 1464 hominis
790 1409 929 1464 diem
963 1408 1166 1478 proprii
1205 1410 1469 1464 adventus
1499 1410 1724 1478 ignorat.
1755 1408 1942 1478 Neque
1963 1409 2103 1464 enim

516 1502 738 1555 dubium
764 1510 864 1567 est,
887 1501 1010 1570 quia
1035 1500 1206 1556 ethoc
1229 1516 1386 1555 causa
1415 1501 1658 1556 utilitatis
1678 1501 1953 1556 hominum
1976 1516 2103 1571 pro-

519 1595 706 1649 videns
733 1595 1008 1649 adinvenit
1045 1595 1284 1649 omnium
1332 1605 1543 1650 creator
1569 1604 1626 1650 et
1663 1595 1878 1665 generis
1923 1593 2104 1663 opifex

520 1687 679 1742 Deus.
710 1687 859 1742 Sicut
907 1688 1050 1742 enim
1100 1686 1372 1742 hominem
1423 1701 1586 1742 causa
1613 1687 1802 1742 salutis
1827 1686 2102 1742 hominum

2215 483 2450 554 tycltiani
2490 484 2683 540 leviter
2725 486 2779 540 in
2824 484 3109 541 Theodoro
3139 486 3512 554 prmterirent;
3553 479 3646 541 sed
3679 501 3805 554 pro-

2211 576 2353 631 fectu
2381 576 2861 644 calumniarentur,
2913 577 3054 647 quod
3095 576 3374 634 hominem
3431 587 3662 646 tantum,
3691 596 3805 634 non

2210 667 2372 722 etiam
2418 667 2584 722 Deum
2627 669 2918 724 crediderit
2971 668 3280 735 Christum,
3335 670 3422 725 cui
3472 685 3668 741 genere
3718 672 3800 724 si-

2211 759 2368 814 miles
2415 774 2603 815 omnes
2633 758 2878 815 homines
2927 760 3293 829 pradicasset.
3340 760 3576 830 Itemque
3618 763 3674 815 in
3704 776 3801 815 co-

2209 851 2332 906 dem
2381 851 2560 906 libro:
2615 869 2633 903 t
2675 851 2808 904 Dum
2861 852 3068 918 sederit,
3126 853 3222 918 ait,
3271 852 3440 908 Filius
3469 852 3692 907 hominis
3741 855 3802 905 in

2208 942 2324 996 sede
2353 944 2637 1010 maiestatis
2655 959 2762 998 sua:
2789 943 3003 1014 (Matth.
3038 960 3150 1010 nx,
3172 942 3290 1015 28),
3314 947 3416 999 alia
3456 946 3673 1015 quidem
3719 945 3800 1000 vi.-

2209 1032 2368 1090 detur
2397 1034 2544 1104 loqui
2573 1049 2825 1103 persona,
2851 1034 2921 1089 de
2947 1035 3113 1090 altera
3141 1043 3318 1090 autem
3358 1035 3485 1091 facit
3511 1036 3798 1096 manifesto

2209 1139 2536 1180 sermonem.
2565 1125 2707 1193 Ergo
2727 1126 2938 1180 divinus
2958 1125 3188 1195 Spiritus
3205 1126 3273 1182 de
3301 1127 3519 1182 homine
3547 1128 3692 1184 clare
3712 1129 3798 1184 die

2209 1235 2336 1277 cens
2361 1231 2583 1291 apparet
2615 1241 2628 1275 :
2663 1221 2798 1276 Dum
2817 1225 3002 1278 sederit
3036 1223 3202 1278 Filius
3227 1225 3445 1284 hominis
3469 1227 3520 1280 in
3543 1227 3660 1282 sede
3679 1244 3798 1280 ma-

2200 1314 2408 1382 jestatis
2460 1330 2612 1380 sure,
2655 1315 2772 1371 sine
2823 1317 3248 1373 contradictione
3301 1317 3620 1372 denuntians
3667 1319 3798 1388 quia

2208 1406 2644 1474 supervenientes
2673 1408 2874 1478 glorias
2905 1409 3065 1464 homo
3090 1412 3325 1479 suscepit
3359 1410 3564 1480 justitia
3599 1421 3656 1468 et
3683 1415 3796 1468 vir-

2211 1506 2322 1552 tute
2349 1504 2593 1564 ornatus,
2634 1508 2690 1553 et
2717 1500 2990 1553 excelsum
3023 1499 3172 1568 regni
3226 1500 3417 1554 solium
3470 1503 3571 1556 rite
3620 1502 3796 1570 perci-

2208 1591 2379 1660 piens.
2412 1610 2430 1643 ι
2462 1591 2602 1659 Quid
2632 1592 2790 1645 etiam
2843 1591 2930 1646 hic
2976 1591 3238 1650 dicimus?
3281 1591 3514 1661 nunquid
3547 1592 3796 1647 Theodoo

2208 1699 2298 1738 rus
2341 1684 2530 1738 alicubi
2576 1684 2740 1738 verba
2778 1683 2977 1738 Christi
3002 1685 3073 1739 de
3111 1687 3400 1754 semetipso
3427 1685 3690 1755 loquentis
3711 1686 3795 1741 sic

521 1777 698 1832 Verbo
727 1778 997 1848 coaptavit
1023 1789 1076 1833 et
1095 1777 1203 1833 Deo
1231 1795 1244 1831 :
1273 1779 1353 1833 sic
1381 1787 1434 1834 et
1455 1777 1718 1848 insignem
1743 1777 1928 1846 judicii
1959 1778 2100 1832 diem
2137 1770 2182 1830 Β
2209 1777 2473 1840 tractavit,
2513 1785 2572 1831 ut
2623 1776 2826 1831 diceret
2854 1777 3013 1831 aliam
3043 1777 3112 1832 de
3159 1777 3264 1832 alia
3291 1778 3435 1847 loqui
3483 1793 3792 1847 personam,

518 1884 680 1924 causa
702 1868 869 1926 divini
895 1870 1141 1926 beneficii
1165 1870 1370 1924 homini
1396 1877 1765 1939 competenter
1787 1868 2095 1935 abscondit;

519 1977 589 2017 ne
617 1962 755 2017 forte
778 1961 1066 2018 ineffabilia
1106 1964 1361 2034 mysteria
1392 1962 1586 2016 similis
1610 1961 1824 2032 generis
1871 1959 2102 2015 homini-

523 2054 624 2108 bus
654 2054 815 2108 homo
845 2054 1106 2119 indicans,
1132 2061 1188 2110 et
1208 2054 1349 2109 diem
1388 2054 1608 2109 secundi
1635 2055 1898 2110 adventus
1917 2062 2096 2109 osten-

520 2146 692 2200 deret.
731 2164 750 2197 ›
777 2145 914 2213 Quid
943 2146 1068 2212 tale,
1113 2161 1316 2215 quaeso,
1347 2147 1397 2200 in
1429 2145 1586 2202 dictis
1617 2145 1884 2202 Theodori
1913 2157 2097 2201 contra

517 2236 781 2308 synodum
798 2237 1290 2292 Chalcedoneusem
1321 2237 1639 2307 Eutychiani
1667 2239 1924 2294 hactenus
1946 2237 2098 2292 iuve-

515 2336 727 2394 nerunt,
763 2336 854 2383 aut
881 2343 941 2383 se
961 2328 1202 2383 invenire
1224 2328 1498 2383 finxerunt
1529 2329 1550 2382 1
1577 2327 1644 2383 Ut
1674 2328 1818 2383 enim
1851 2329 2096 2382 omittam

517 2419 660 2489 quod
681 2418 770 2474 hic
797 2418 892 2484 ait,
923 2417 1092 2473 Filius
1136 2418 1367 2473 hominis
1417 2419 1558 2474 diem
1588 2419 1792 2489 proprii
1840 2419 2099 2473 adventus

513 2511 739 2581 ignorat,
775 2523 875 2564 nec
925 2508 1117 2565 saltem
1160 2510 1318 2576 dixit,
1347 2509 1635 2580 ignoravit,
1660 2518 1721 2565 ut
1765 2519 1890 2566 ante
1919 2526 2100 2565 resur-

509 2604 800 2659 rectionem
844 2611 1075 2668 tantum,
1120 2618 1224 2658 non
1262 2606 1424 2659 etiam
1460 2613 1580 2673 post
1623 2604 2095 2669 resurrectionem,

508 2695 842 2762 ignorantem
869 2711 995 2750 eum
1021 2695 1224 2750 dixisse
1253 2695 1552 2762 videretur,
1585 2695 1807 2765 quando
1831 2710 2004 2763 neque
2043 2695 2097 2750 in

509 2788 626 2856 ejus
654 2786 900 2842 fidelibus
927 2787 1036 2841 ulla
1060 2787 1324 2855 ignoratio
1350 2787 1674 2843 remanebit.
1708 2785 1778 2842 Ut
1813 2800 1946 2854 ergo
1974 2786 2096 2852 hoc,

507 2884 642 2935 sicut
685 2881 814 2947 dixi,
883 2888 1224 2950 pra-loream,
1271 2881 1522 2949 quoniam
1571 2880 1726 2934 facile
1763 2880 1873 2934 dici
1923 2887 2100 2948 potest

507 2970 800 3025 secundum
835 2969 964 3024 illud
1017 2979 1226 3038 tempus
1286 2970 1430 3039 quod
1469 2979 1598 3025 ante
1642 2970 2096 3026 resurrectionem

508 3062 754 3118 Christus
779 3063 865 3117 hic
893 3063 1022 3134 egit,
1049 3064 1258 3118 locutus
1287 3063 1474 3118 beatus
1507 3061 1848 3116 Eustachius.
1878 3062 1946 3118 Ut
1968 3063 2096 3117 illud

2203 1868 2653 1936 quemadmodum
2708 1869 2895 1923 beatus
2951 1867 3312 1934 Eustachius,
3365 1883 3486 1922 cum
3539 1876 3795 1924 tractaret

2203 1959 2320 2026 ejus
2349 1957 2512 2014 verba
2541 1958 2768 2015 dicentis
2802 1975 2816 2011 :
2848 1959 2988 2012 Dum
3015 1959 3204 2013 sederit
3253 1956 3422 2013 Filius
3471 1957 3692 2014 hominis
3735 1961 3796 2014 in

2202 2051 2321 2105 sude
2355 2052 2640 2120 majestatt's
2671 2067 2798 2106 suae.
2839 2050 3027 2106 Nonne
3055 2051 3124 2106 de
3169 2052 3419 2106 omnibus
3452 2066 3552 2120 pro
3595 2051 3792 2121 quibus

2203 2140 2542 2196 Theodorum
2563 2141 2802 2210 culpant,
2827 2140 2882 2196 id
2897 2150 3166 2196 conantur
3185 2140 3478 2209 suspiciose
3497 2141 3577 2196 vel
3595 2141 3792 2196 calum-

2203 2227 2354 2292 niose
2376 2237 2654 2308 colligere,
2686 2239 2826 2308 quod
2856 2238 2910 2292 in
2939 2235 3153 2292 Christo
3175 2237 3400 2291 alteram
3428 2237 3541 2303 Dei,
3564 2238 3789 2291 alteram

2203 2331 2438 2386 hominis
2459 2331 2681 2399 intelligi
2705 2344 2988 2400 personam
3007 2329 3272 2385 voluerit?
3293 2332 3434 2399 quod
3459 2330 3548 2384 ille
3571 2329 3786 2397 quidem

2199 2423 2434 2494 graviter
2444 2430 2770 2491 exsecratur;
2785 2433 2840 2478 at
2855 2422 3176 2478 Eustachius
3190 2433 3374 2491 aperte
3383 2423 3589 2488 dicit,in
3605 2423 3788 2478 verbis

2203 2513 2567 2571 uniusChristi
2586 2515 2654 2569 de
2665 2517 2956 2584 semetipso
2980 2515 3264 2584 loquentis,
3281 2516 3421 2584 quod
3440 2516 3543 2569 alia
3560 2528 3784 2583 persona

2199 2606 2268 2662 de
2279 2609 2445 2661 altera
2461 2606 2742 2661 manifeste
2767 2621 3071 2662 sermonem
3087 2606 3264 2670 faciat,
3285 2614 3456 2659 etnon
3471 2605 3535 2659 de
3556 2604 3785 2668 Deo,sed

2201 2696 2270 2753 de
2288 2697 2507 2752 homine
2535 2699 2680 2752 clare
2709 2698 2894 2752 dicens
2923 2706 3179 2766 appareat
3202 2713 3216 2749 :
3236 2695 3385 2749 'Dum
3406 2696 3589 2749 sedarit
3612 2693 3784 2748 Filius

2200 2788 2420 2843 hominis
2441 2790 2496 2842 in
2523 2788 2641 2844 sede
2669 2787 2948 2858 majestatis
2967 2802 3096 2842 sure.
3131 2787 3327 2841 Verum
3370 2801 3467 2840 nec
3491 2783 3621 2838 illud
3643 2784 3785 2853 quod

2200 2882 2295 2946 ait,
2331 2881 2780 2950 Supervenientes
2808 2880 3004 2949 glorias
3027 2880 3187 2933 homo
3225 2879 3458 2946 suscepit
3489 2877 3690 2946 iustitia
3729 2886 3787 2930 et

2203 2975 2401 3028 virtute
2416 2982 2656 3039 ornatus,
2677 2971 2985 3044 Eutychiani
3017 2970 3068 3024 in
3085 2970 3366 3025 Theodoro
3384 2969 3524 3025 ferre
3547 2977 3781 3038 possent,

2201 3063 2294 3119 sed
2322 3074 2636 3119 accusarent
2660 3079 2782 3119 eum
2811 3064 2929 3118 sine
2956 3064 3139 3130 dubio,
3168 3063 3316 3133 quasi
3347 3063 3610 3119 dicentem
3642 3063 3783 3132 quod

505 3169 719 3226 quoque
745 3155 1060 3224 relinquam,
1086 3155 1230 3225 quod
1275 3157 1368 3220 ait,
1402 3155 1681 3209 Hominem
1711 3168 1877 3208 causa
1908 3155 2097 3208 salutis
2125 3153 2169 3213 C
2203 3156 2443 3211 Christus
2470 3156 2630 3211 homo
2671 3163 2872 3210 tantum
2925 3154 3120 3220 fuerit,
3149 3169 3252 3209 non
3300 3155 3458 3208 etiam
3507 3155 3666 3216 Dens,
3696 3156 3783 3208 cui

509 3246 784 3298 hominum
812 3245 990 3300 Verbo
1017 3254 1292 3316 coaptavit
1333 3258 1386 3300 et
1415 3246 1546 3310 Deo,
1576 3245 1720 3315 quod
1776 3246 2096 3316 Eutychiani

511 3336 697 3404 procul
724 3336 891 3391 dubio
924 3337 978 3390 in
1028 3337 1336 3404 Theodoro,
1379 3337 1426 3391 si
1461 3340 1590 3406 .ipse
1632 3337 1988 3402 hoc-diceret,
2011 3352 2098 3392 ac-

509 3435 781 3494 cusarent,
815 3435 1064 3497 tanquam
1097 3427 1240 3494 prius
1280 3427 1548 3482 exstiterit
1575 3426 1759 3490 homo,
1799 3427 1886 3496 qui
1921 3425 2100 3481 Verbo

510 3529 850 3588 coaptaretur
878 3529 933 3576 et
966 3521 1076 3574 Deo
1110 3538 1123 3576 :
1151 3521 1275 3574 illud
1306 3530 1451 3576 certe
1481 3519 1621 3591 quod
1664 3521 1757 3585 ait,
1807 3519 2097 3588 Propterea

509 3611 722 3666 ChriSto
769 3611 910 3666 diem
954 3612 1140 3683 judicii
1181 3621 1552 3683 competenter
1592 3612 1987 3680 absconditum,
2033 3627 2100 3666 ne

508 3706 704 3760 similis
733 3705 946 3775 generis
973 3705 1280 3762 ltontinibus
1305 3706 1465 3759 homo
1491 3704 1632 3760 diem
1654 3704 1874 3759 secundi
1900 3704 2100 3757 adven-

511 3810 595 3854 tus
640 3799 972 3864 ostenderet,
1005 3800 1277 3855 nescimus
1323 3799 1580 3853 hactenus
1630 3797 1994 3868 Eutychianos
2045 3797 2098 3853 in

507 3891 792 3946 Theodoro
838 3891 1182 3956 criminatos,
1239 3890 1331 3944 sed
1375 3904 1472 3944 nec
1528 3887 1731 3957 aliquid
1782 3888 1907 3952 tale,
1954 3886 2098 3955 quod

511 3985 638 4038 huic
663 3984 947 4039 sententiae
974 3989 1336 4051 comparetur.
1370 3981 1499 4034 Nam
1525 3995 1644 4033 cum
1679 3979 1966 4046 Apostolus
2013 3994 2100 4033 ra-

509 4083 631 4145 ptus
666 4075 718 4128 in
746 4072 1047 4141 paradisum
1075 4069 1282 4126 audiret
1308 4083 1502 4123 arcana
1527 4069 1685 4122 verba
1715 4083 1830 4138 quae
1855 4069 2100 4123 nonlicet

513 4163 722 4218 homini
745 4161 916 4233 loqui,
948 4176 1047 4216 nec
1085 4161 1331 4230 cuiquam
1366 4158 1681 4228 prodiderit,
1707 4159 1798 4212 sed
1827 4159 1987 4212 divini
2011 4174 2100 4214 se-

508 4255 643 4310 creti
692 4263 875 4310 custos
908 4253 1081 4309 fidelis
1137 4253 1384 4307 inventus
1425 4259 1526 4316 est,
1577 4255 1846 4321 quomodo
1903 4249 2099 4325 dicitur

507 4345 647 4416 quod
667 4345 810 4402 Deus
826 4345 1060 4411 Christo,
1080 4360 1182 4398 non
1206 4343 1377 4398 dicam
1397 4353 1454 4398 ut
1474 4343 1581 4397 Deo
1603 4343 1743 4413 quod
1759 4352 1859 4407 est,
1875 4341 1970 4395 Sed
1985 4355 2099 4396 tan-

509 4450 624 4492 tum
667 4447 727 4491 ut
777 4437 998 4501 homini,
1042 4437 1129 4506 qui
1190 4445 1366 4489 tamen
1398 4433 1617 4488 inferior
1660 4433 1824 4488 Paulo
1865 4449 1970 4486 non
2012 4448 2096 4488 es-

509 4538 615 4595 set,
663 4537 945 4597 propterea
998 4528 1138 4582 diem
1185 4527 1366 4597 judicii
1411 4526 1773 4592 absconderit,
1797 4543 1863 4580 ne
1902 4527 2096 4579 similis
2128 4525 2179 4584 D

509 4623 724 4693 generis
765 4621 1072 4676 hominibus
1112 4621 1359 4692 proderet
1391 4637 1402 4673 :
1434 4631 1690 4691 tanquam
1733 4634 1837 4674 non
1889 4628 2095 4687 posset,

508 4716 652 4784 quod
688 4714 980 4787 Apostolus
1019 4713 1138 4786 ejus
1173 4715 1424 4780 servavit,
1468 4713 1813 4768 commissum
1849 4711 1950 4764 sibi
1987 4727 2099 4766 ser-

513 4824 639 4863 vare
677 4817 968 4864 secretum.
1016 4808 1329 4882 Quanquam
1378 4822 1476 4861 nec
1543 4803 1674 4859 illud
1703 4804 1843 4874 quod
1886 4805 1959 4859 ςιίι
1995 4804 2100 4858 Ευ-

585 4977 608 5004 a
647 4965 1001 5020 Scribcndum
1047 4963 1403 5025 Eustathius,
1468 4964 1784 5021 Εὑστάθιοςε
1830 4960 1906 5014 sic
1949 4961 2092 5015 enim

511 5051 700 5093 omnes
733 5046 946 5091 vocant.
1000 5034 1321 5090 Eustachins
1355 5033 1514 5086 etiam
1564 5033 1724 5085 simili
1767 5031 2094 5085 crrorealihi

507 5109 713 5173 dictus,
743 5107 832 5178 qui
864 5106 970 5161 Iba:
986 5104 1156 5178 inde!
1186 5104 1286 5178 fuit
1310 5101 1675 5178 cnm_P_hotio,
1697 5115 1818 5178 cum
1848 5102 1935 5178 alii
1991 5103 2096 5178 Eu-

507 5172 772 5236 διδιὴίαηὶ
791 5172 1090 5231 nominent.
1117 5175 1283 5236 Huius
1309 5180 1398 5229 τοῦ
1429 5173 1576 5244 ἁγίου
1601 5173 1877 5244 Εὐσταθὶου
1897 5172 2101 5244 ἐξω-κὰ-

513 5273 610 5310 που
631 5244 1428 5320 Ἀντιοχείγς,χαί-ὁμολογητοῇ
1453 5243 1536 5320 vat
1552 5245 1598 5320 ia
1622 5243 1855 5320 citantur
1875 5259 1902 5294 a
1922 5243 2099 5320 Theo-

510 5321 699 5378 doreto
721 5323 772 5374 in
796 5311 1027 5389 Dialogis
1051 5333 1064 5371 :
1089 5311 1354 5388 Ἑρμηῦεἱα
1379 5317 1430 5389 in
1459 5315 1725 5389 l’salmos;
1749 5311 2094 5389 Advertit-‘16,

512 5397 689 5470 Κύριος
711 5391 878 5448 ἴκτισὲ
915 5384 1008 5470 (έἱῖ
1040 5384 1197 5470 Αὸἳίαῗ
1225 5392 1347 5470 πίΡξ
1365 5385 1569 5470 ψυχῆςο
1602 5386 1972 5470 [19"'_‘ii.,7."-~‘
1997 5384 2103 5470 έῖτν

543 5453 710 5540 ρᾶφᾶς
733 5473 820 5522 τῆς
839 5453 1234 5534 arulas/paci“;
1265 5453 1350 5511 κάὶ
1376 5453 1817 5540 esa‘amfaepsv.
1845 5453 2103 5540 yisttntttr

515 5524 774 5604 pra-terea
821 5533 876 5586 in
929 5524 1038 5586 bini
1066 5524 1270 5604 otln-ms
1303 5524 1804 5604 antiquisejusdem
1837 5524 2099 5604 epotus"

515 5595 907 5670 llexaemeron,
932 5607 998 5661 εἰς
1031 5601 1088 5658 τό
1119 5609 1206 5660 τῆς
1238 5599 1647 5672 ἐγγαστοιμύῦθυ
1668 5599 1926 5666 θεώρημα,
1947 5595 2099 5663 cujus

589 5747 602 5780 ⁸
637 5741 770 5796 (Ind.
806 5741 999 5794 th‘un.
1025 5780 1037 5798 .
1074 5749 1122 5791 ut
1153 5751 1305 5792 litum.

2201 3248 2369 3318 gloria
2399 3247 2688 3303 accesserit
2715 3261 2871 3316 quam
2905 3254 3028 3300 ante
3068 3260 3173 3299 non
3199 3245 3462 3309 habuerit,
3489 3257 3543 3298 et
3564 3244 3785 3311 justitia:

2205 3339 2781 3411 virtutisqueprofectu
2811 3353 2931 3394 eam
2955 3336 3114 3391 fuerit
3145 3345 3487 3395 consecutus,
3515 3337 3564 3389 in
3593 3337 3608 3366 ¹
3637 3344 3785 3388 tanto

2203 3437 2393 3492 merito
2415 3434 2572 3489 etiam
2603 3432 2750 3502 regni
2773 3431 2967 3485 solium
2999 3429 3097 3483 rite
3125 3428 3442 3496 perceperit.
3468 3426 3665 3480 Rursus
3684 3442 3785 3480 au-

2203 3539 2309 3584 tem
2332 3529 2520 3582 eodem
2569 3527 2703 3579 libro
2731 3524 2806 3579 de
2851 3522 3029 3578 verbis
3054 3521 3252 3575 Christi
3303 3521 3582 3590 disputans
3609 3520 3736 3574 dicit
3770 3537 3782 3572 :

2207 3639 2226 3672 ι
2259 3619 2444 3674 Omnia
2469 3617 2592 3671 mihi
2614 3617 2804 3670 tradita
2821 3625 2936 3669 sunt
2958 3628 2988 3666 a
3012 3613 3168 3667 Patre
3191 3629 3298 3666 meo
3326 3612 3541 3685 (:llattlt.
3569 3628 3644 3675 XI,
3663 3612 3784 3678 27),

2202 3709 2484 3766 manifeste
2510 3723 2574 3762 ex
2605 3721 2834 3777 persona
2887 3703 3118 3758 hominis
3159 3703 3482 3771 prophetare
3511 3705 3786 3770 cognosci-

2204 3813 2310 3869 tur,
2333 3802 2470 3858 sicut
2499 3812 2553 3855 et
2577 3809 2702 3855 ante
2743 3798 3110 3869 probavimus.
3145 3796 3251 3850 Iste
3278 3797 3419 3852 enim
3450 3798 3707 3849 maximas
3735 3806 3786 3850 et

2202 3895 2508 3950 accidentes
2537 3893 2761 3946 virtutes
2783 3890 3008 3960 percipit
3035 3889 3098 3942 ad
3129 3889 3348 3943 meliora
3381 3887 3635 3954 dignitate
3658 3903 3783 3954 pro-

2203 3987 2471 4041 cedens.)
2502 3985 2640 4040 Ecce
2664 3993 2718 4038 et
2742 3982 2829 4038 hic
2856 3998 2976 4038 cum
3007 3984 3315 4052 loquentem
3353 3978 3621 4033 Christum
3658 3995 3783 4047 per-

2203 4081 2349 4134 hibet
2387 4094 2454 4134 ex
2506 4089 2734 4146 persona
2784 4075 3015 4128 hominis
3068 4075 3423 4144 prOphetare,
3470 4071 3787 4124 subauditur

2202 4173 2341 4242 quod
2369 4172 2590 4226 alteram
2623 4169 2766 4225 dicat
2795 4182 2916 4222 esse
2958 4168 3046 4220 Dei
3087 4179 3390 4235 personam.
3422 4161 3552 4217 Nam
3583 4178 3703 4216 cum
3735 4170 3787 4216 et

2203 4266 2267 4320 de
2296 4264 2512 4319 homine
2542 4263 2765 4331 loquens
2811 4259 3016 4314 diceret
3045 4277 3056 4312 :
3088 4257 3192 4311 lste
3245 4257 3387 4310 enim
3431 4254 3693 4307 maximas
3733 4263 3788 4308 et

2202 4356 2506 4411 accidentes
2538 4353 2762 4406 virtutes
2793 4350 3036 4418 percipit,
3082 4345 3412 4400 tantumdem
3461 4345 3605 4397 Valet
3648 4356 3709 4395 ac
3741 4343 3784 4395 si

2203 4451 2408 4505 diceret
2441 4466 2454 4503 :
2485 4448 2576 4502 Ille
2621 4459 2758 4500 vero
2787 4459 2892 4497 non
2944 4441 3167 4511 percipit
3215 4431 3475 4505 tanquam'
3494 4437 3652 4490 Deus.
3699 4436 3786 4488 [)i-

2203 4539 2373 4595 cendo
2398 4540 2558 4593 etiam
2584 4535 2726 4607 quod
2747 4535 2990 4588 Christus
3015 4531 3369 4586 accidentium
3394 4531 3648 4582 virtutum
3671 4542 3783 4594 per-

2203 4631 2451 4701 ceptione
2495 4628 2561 4684 ad
2611 4627 2833 4683 meliora
2882 4622 3222 4694 processerit,
3247 4631 3302 4676 et
3343 4621 3617 4687 accepisse
3661 4633 3784 4672 eum

2204 4724 2345 4794 quod
2388 4721 2672 4792 aliquando
2703 4735 2809 4773 non
2861 4717 3076 4782 habuit,
3109 4724 3166 4769 et
3213 4713 3507 4782 profecisse
3538 4719 3781 4764 testatur.

2203 4815 2302 4882 Qui
2331 4822 2520 4868 octavo
2551 4825 2763 4881 quoque
2811 4809 2947 4864 libro
2999 4811 3075 4862 sic
3113 4806 3225 4859 ait:
3264 4799 3780 4870 «Contemplandum

2202 4968 2322 5024 libri
2353 4965 2594 5022 meminit
2611 4971 2829 5019 sanctus
2853 4961 3206 5034 Hieronymus
3226 4957 3279 5034 in
3301 4955 3442 5010 Viris
3459 4953 3785 5034 illustribus.

2205 5041 2282 5095 Ex
2323 5040 2424 5093 hoc
2451 5045 2630 5092 autem
2665 5050 2826 5101 opere
2854 5027 3114 5086 adversus
3145 5030 3398 5101 Arianos,
3424 5027 3587 5101 alium
3619 5027 3782 5101 etiam

2204 5113 2379 5164 locum
2443 5108 2647 5177 profert
2696 5095 3009 5177 Anastasius
3066 5101 3116 5154 in
3165 5099 3378 5177 _E_cloge
3426 5098 3521 5177 his_
3548 5095 3734 5177 verbis
3774 5111 3786 5177 ξ

2204 5168 2483 5236 Εὐσταθὶού
2503 5177 2822 5252 ’Δντφχείας
2855 5175 2907 5227 ἐκ
2935 5179 3029 5252 τοῆ
3054 5173 3183 5252 κατᾲ
3197 5170 3481 5252 ⁴ςᾼρριοεειοῶτ
3507 5168 3659 5252 λόγῳ)
3679 5170 3785 5252 ’,Εἰ

2202 5257 2302 5328 γὰρ
2329 5252 2555 5313 κτιστὸς,
2589 5240 2809 5328 ubi?”
2831 5246 3084 5328 ’γεννητὸς-
3117 5244 3162 5328 ei
3193 5240 3259 5328 δὲ.
3283 5240 3787 5328 emendasti.an

2205 5309 2586 5384 ίετὶστόςνἙπεὶ
2611 5309 2858 5388 μηδὲόἷῶ
2877 5336 2930 5370 τε
2947 5317 3066 5400 napi
3087 5318 3178 5370 τήν
3201 5311 3523 5408 «timeretur:
3545 5309 3788 5394 ἑκατέρῳ

2209 5381 2510 5469 στρέφενσθαι
2545 5381 2618 5445 τὸ·
2645 5392 2806 5461 γένος·
2841 5381 3047 5455 σημεῐόὶν
3087 5405 3138 5438 τε
3161 5423 3196 5469 ,⁸
3229 5381 3306 5469 ὅῖι
3347 5381 3590 5468 diiuncti-ou
3633 5381 3785 5464 sitsit":

2208 5453 2436 5532 mihi”
2477 5463 2631 5518 αὐτήν
2652 5453 2811 5530 ’φύσιν
2851 5453 2919 5512 τὸ.
2939 5457 3142 5532 κῖιστόν
3173 5454 3484 5532 ὑπσὲρᾼχειντι
3506 5453 3590 5503 καὶ
3616 5453 3672 5502 τὸ
3700 5453 3781 5501 ἄκ-

2208 5524 2406 5596 τιὲτον,
2441 5523 2690 5587 καθολικὸῦ
2708 5531 2807 5601 ’γὰρ
2838 5527 3125 5601 repeat/you
3155 5531 3228 5595 τῷ
3257 5523 3552 5589 δὶδασκάλῳ.
