4094 6464
286 283 385 340 797

1147 285 1278 340 PRO
1321 286 1758 343 DEFENSIONE
1799 289 2012 345 TRIUM
2054 290 2366 347 CAPITUL.
2409 291 2538 345 LIB.
2583 291 2674 347 Xl.

3456 300 3557 355 798

285 409 462 451 autem
493 396 763 465 quomodo
789 396 1011 466 loquens
1049 397 1159 452 Deo
1185 406 1239 452 et
1269 398 1455 453 dicens
1486 415 1499 451 :
1535 396 1601 452 Et
1641 400 1865 455 civitates
1902 413 1939 469 Α
1973 404 2251 472 ipsumque
2278 404 2568 468 Christum,
2599 405 2751 475 cujus
2797 405 2999 461 homini
3046 420 3393 479 praeparatam
3436 428 3556 479 per-

284 490 578 544 docti-usiin
626 488 799 561 (Psal.
848 505 926 554 ix,
959 489 1035 559 7),
1069 504 1254 544 rursus
1298 491 1525 565 alterum
1577 491 1867 547 introducit

288 581 543 635 Dominus
565 580 820 647 inferens,
852 579 914 633 Et
940 579 1186 633 Dominus
1214 583 1263 633 in
1279 592 1523 635 a'ternum
1544 593 1730 636 manet.
1763 582 1868 635 Pa-

284 676 407 728 ravit
440 675 489 727 in
509 674 711 744 judicio
748 674 919 726 sedem
962 689 1107 726 suam
1137 671 1325 744 (Ibid,
1350 674 1402 737 8,
1435 676 1515 745 9).
1549 676 1867 731 Manifestis-

283 768 417 821 sime
444 765 645 821 etenim
676 764 770 818 alii
794 764 862 819 de
902 764 1007 819 alio
1039 765 1264 835 loquens
1289 776 1514 835 apparet
1548 783 1564 821 :
1597 767 1867 835 signiﬁca-

282 858 359 911 vit
388 856 511 925 quia
536 855 701 925 judex
730 865 813 909 est
837 855 927 923 qui
972 856 1294 925 praeparavit
1317 858 1366 911 ei
1399 857 1582 912 sedem
1613 866 1863 928 tanquam

283 946 430 1016 prius
458 958 565 1000 non
608 945 821 1000 habenti
852 947 993 999 hunc
1027 946 1325 1012 honorem;
1358 947 1438 1002 sic
1478 947 1761 1001 videbatur
1789 950 1863 1003 lo-

283 1037 371 1107 qui
394 1077 411 1104 ,
459 1037 612 1107 quasi
653 1051 749 1106 per
778 1038 975 1106 figuras
1003 1037 1149 1091 enim
1184 1038 1458 1094 indicabat
1499 1039 1860 1109 prepheticas,

285 1134 535 1203 quoniam
568 1133 729 1187 homo
754 1148 823 1187 ex
854 1133 1111 1189 membris
1129 1134 1351 1204 justitiae
1376 1137 1629 1204 templum
1669 1136 1867 1190 decen-

284 1234 365 1279 ter
403 1224 600 1291 l’actus,
627 1235 681 1279 et
707 1224 1071 1279 sacratissimo
1099 1224 1347 1280 habitans
1376 1226 1570 1291 Verbo,
1605 1227 1821 1280 virtutis
1849 1228 1864 1260 ⁸

284 1316 513 1385 adeptus
559 1326 640 1371 est
664 1326 981 1384 perpetuum
1027 1315 1247 1369 solium.
1298 1316 1547 1384 Loquens
1574 1357 1588 1381 ,
1653 1318 1863 1384 inquit,

283 1407 395 1461 Deo
438 1420 625 1461 rursus
652 1406 883 1460 alterum
917 1406 1207 1460 introducit
1256 1406 1564 1461 Dominum.
1607 1425 1625 1458 ι
1679 1408 1789 1461 lloc
1820 1407 1866 1461 si

284 1496 603 1567 Eutychiani
650 1496 704 1550 in
758 1496 1048 1551 Theodoro
1104 1497 1445 1563 invenirent,
1510 1498 1751 1566 profecto
1812 1500 1865 1552 in

285 1592 763 1660 reprehensionem
795 1591 985 1660 synodi
1036 1590 1499 1645 Chalcedonensis
1529 1604 1649 1659 qum
1680 1590 1865 1645 laudes

277 1686 397 1755 ejus
438 1684 802 1739 continentem
850 1684 1132 1753 epistolam
1180 1681 1435 1751 judicavit
1482 1683 1862 1746 orthodoxam,

1971 490 2119 547 hibet
2145 493 2348 560 sedem,
2373 494 2531 547 simul
2560 508 2681 548 cum
2714 495 2822 550 Deo
2841 495 2995 551 Patre
3016 507 3067 551 et
3097 499 3213 566 ejus
3241 498 3417 554 Verbo
3439 518 3552 555 om-

1971 589 2116 641 nium
2159 600 2522 643 creaturarum
2551 588 2812 643 dominari
2857 590 3069 644 asserit.
3101 591 3209 647 Nec
3239 603 3416 647 tamen
3463 609 3559 663 pro

1970 678 2052 731 his
2074 693 2306 747 quoque,
2330 694 2448 747 qure
2476 679 2704 733 necdum
2728 690 2916 734 exorto
2943 679 3194 735 Nestorio
3219 697 3405 739 secura
3429 685 3557 737 sim-

1972 768 2176 837 plicitas
2190 768 2522 838 loquebatur,
2539 768 2657 837 ejus
2668 777 2750 823 est
2765 770 3261 824 anathematizanda
3277 772 3519 826 doctrina
3540 790 3552 825 :

1970 864 2109 934 quod
2154 874 2277 919 tunc
2326 865 2480 918 nobis
2523 874 2771 919 constare
2821 865 3035 932 poterit,
3077 866 3123 918 si
3172 865 3370 919 nullius
3417 868 3555 921 anti-

1970 972 2197 1025 quorum
2251 956 2506 1011 Ecclesiae
2561 957 2968 1025 praedicatorum
3024 972 3122 1027 pro
3168 958 3362 1012 talibus
3411 959 3554 1012 dicta

1968 1050 2311 1104 damnentur.
2342 1049 2590 1116 Alioquin
2630 1034 2911 1116 cujuslibet
2946 1063 3131 1102 eorum
3161 1047 3375 1115 scriptis
3422 1062 3554 1099 ana-

1970 1142 2343 1205 thematizatis,
2366 1139 2505 1193 sicut
2526 1139 2759 1193 Joannes
2778 1139 3202 1207 sapientissimus
3223 1148 3275 1192 et
3294 1138 3557 1192 orientale

1970 1232 2253 1287 concilium
2284 1231 2433 1296 dixit,
2464 1244 2686 1284 necesse
2714 1239 2795 1283 est
2823 1241 2875 1283 et
2906 1247 2966 1283 ea
2997 1246 3116 1295 quae
3141 1230 3207 1283 ab
3234 1229 3350 1282 aliis
3384 1229 3555 1281 Patri-

1968 1323 2068 1377 bus
2089 1333 2213 1377 sunt
2237 1322 2375 1376 dicta
2394 1322 2700 1389 crniplccd.
2729 1321 2967 1375 Sulliciat
2999 1336 3127 1389 ergo
3158 1321 3381 1387 posteris
3411 1318 3556 1388 quod

1971 1423 2269 1479 temporum
2330 1428 2549 1466 suorum
2602 1411 2867 1467 haereticis
2925 1419 3284 1481 repugnantes
3333 1410 3551 1463 illwsani

1969 1504 2334 1558 custodierunt
2373 1504 2684 1558 Ecclesium.
2711 1503 2951 1559 Sufﬁciat
2979 1502 3121 1572 quod
3155 1502 3318 1555 nobis
3346 1515 3558 1569 queque

1970 1596 2225 1649 adversus
2271 1610 2365 1650 eos
2410 1609 2556 1649 arma
2597 1596 2988 1664 quamplurima
3026 1596 3207 1649 labore
3255 1609 3353 1647 suo
3396 1603 3557 1662 atque

1972 1687 2230 1740 industria
2264 1695 2646 1755 praaparantes,
2676 1700 2797 1741 cum
2829 1701 3018 1757 magna
3048 1686 3203 1739 laude
3232 1684 3299 1740 de
3329 1685 3429 1738 hoc
3457 1699 3557 1738 sa:-

280 1775 480 1845 bicipiti
508 1790 606 1830 nos
626 1777 1085 1845 argumentatione
1104 1774 1555 1843 constringerent.
1589 1776 1658 1826 ita
1685 1774 1856 1827 dicen-
1901 1777 1947 1835 B
1973 1778 2094 1832 culo
2133 1780 2477 1831 transierunt.
2520 1776 2637 1831 Non
2687 1775 2937 1846 injuriam
2992 1790 3336 1831 successores
3390 1771 3558 1827 labori

285 1878 364 1921 tes
394 1883 408 1919 :
440 1867 494 1921 Si
522 1867 640 1920 haec
667 1866 737 1919 de
769 1867 923 1919 Patre
952 1876 1004 1918 et
1036 1864 1166 1918 Filio
1195 1863 1350 1932 dixit,
1384 1865 1653 1932 quomodo
1703 1864 1869 1918 Filius

194 2010 197 2011 ν
283 1960 416 2013 alter
444 1965 523 2011 est
552 1955 828 2021 Dominus,
846 1970 968 2009 cum
991 1955 1247 2023 seripula
1272 1954 1380 2007 sit:
1409 1954 1662 2018 Quoniam
1690 1953 1871 2007 Domi-

283 2064 377 2101 nus
407 2046 542 2101 Deus
567 2054 757 2110 noster,
787 2043 1036 2098 Dominus
1079 2062 1213 2098 unus
1241 2054 1314 2098 est
1345 2044 1524 2115 (Deut.
1558 2061 1630 2113 vr,
1664 2045 1745 2113 l)?
1773 2044 1872 2099 Ne-

285 2156 387 2211 que
414 2140 555 2195 enim
583 2142 662 2195 sic
693 2140 886 2194 dicitur
929 2139 1085 2193 Pater
1113 2138 1388 2203 Dominus,
1417 2147 1472 2191 et
1504 2136 1666 2191 Filius
1693 2136 1873 2193 Domi-

285 2246 404 2298 nus,
426 2246 478 2285 et
508 2231 740 2301 Spiritus
767 2239 985 2285 sanctus
1024 2229 1303 2293 Dominus,
1337 2239 1393 2282 ut
1420 2240 1529 2282 tres
1561 2227 1791 2292 Domini,
1818 2238 1873 2282 et

283 2340 387 2377 non
436 2323 613 2391 potius
645 2336 778 2375 unus
807 2320 1017 2375 dicatur
1062 2319 1314 2373 Dominus
1350 2336 1365 2372 :
1395 2319 1533 2372 sicut
1587 2332 1759 2387 neque
1799 2317 1870 2371 ita

283 2414 474 2469 dicitur
500 2414 657 2468 Pater
682 2414 844 2477 Deus,
867 2421 923 2465 et
949 2410 1115 2465 Filius
1139 2411 1301 2475 Deus,
1328 2418 1384 2464 et
1410 2409 1636 2479 Spiritus
1653 2419 1871 2463 sanctus

284 2506 445 2573 Deus,
478 2513 531 2558 ut
563 2496 672 2558 tres
716 2504 819 2570 Dii,
853 2514 907 2558 et
954 2518 1058 2556 non
1092 2501 1268 2572 potius
1308 2516 1444 2555 unus
1469 2500 1678 2554 dicatur
1706 2500 1865 2553 Deus.

282 2600 339 2653 Si
360 2608 536 2653 autem
560 2596 629 2652 de
655 2596 765 2650 Deo
792 2594 968 2649 Verbo
996 2604 1050 2648 et
1076 2600 1351 2661 assumpto
1378 2592 1591 2646 homine
1620 2593 1865 2660 loquens,

284 2691 451 2746 eidem
480 2696 812 2756 assumptum
847 2687 1117 2740 hominem
1146 2686 1375 2739 alterum
1402 2684 1684 2738 Dominum
1716 2682 1867 2750 dixit,

282 2781 521 2851 arguitur
548 2795 713 2835 unum
742 2777 1014 2832 Christum
1060 2780 1111 2832 in
1142 2778 1278 2832 duos
1320 2777 1570 2830 Domiuos
1603 2775 1866 2829 divisisse.

281 2876 457 2939 Atque
489 2870 587 2925 hoc
619 2871 798 2926 verbis
826 2871 990 2925 etiam
1035 2870 1484 2938 subsequentibus
1514 2868 1867 2931 afﬁrmarent,

282 2964 472 3032 quibus
501 2962 699 3017 dictum
731 2971 813 3016 est
842 2979 853 3012 :
887 2961 990 3015 Alii
1020 2962 1085 3014 de
1125 2961 1229 3013 alio
1260 2961 1483 3029 loquens
1528 2967 1784 3028 apparet;
1815 2970 1870 3012 et

284 3056 473 3110 iterum
508 3072 520 3107 :
554 3054 687 3121 Quia
716 3053 860 3109 Deus
896 3053 1064 3122 judex
1106 3054 1426 3121 praeparavit
1465 3062 1740 3120 assumpto
1772 3051 1868 3104 ho—

1971 1867 2345 1923 decedendum
2389 1867 2608 1932 debent,
2653 1882 2761 1920 non
2813 1867 3052 1921 convicia
3096 1865 3367 1919 referenda
3413 1874 3557 1920 sunt.

1972 1959 2100 2014 Post
2154 1968 2426 2013 certamen
2468 1958 2607 2013 bene
2656 1957 2924 2012 defunctis
2968 1958 3256 2011 victoribus
3308 1955 3558 2023 triumphi

1971 2054 2196 2123 gloriam
2229 2066 2454 2121 negasse
2481 2050 2675 2120 aliquis
2715 2051 3018 2105 inveniatur
3064 2050 3300 2120 ingratus
3332 2066 3345 2103 :
3381 2050 3561 2102 nescio

1973 2148 2017 2200 si
2048 2148 2330 2216 quisquam
2360 2155 2558 2212 praeter
2580 2160 2679 2199 nos
2705 2144 3082 2199 Contumeliam
3107 2141 3305 2196 retulit.
3336 2139 3560 2206 Quidam

1975 2237 2291 2306 praedicator
2321 2234 2575 2289 Ecclesize
2604 2234 2679 2288 sic
2710 2242 3003 2302 prtesentes
3036 2234 3360 2303 expugnavit
3390 2230 3561 2284 ha-rc-

1975 2326 2133 2390 tieos,
2165 2332 2222 2377 ut
2269 2325 2325 2376 in
2355 2323 2520 2387 nullo,
2554 2332 2644 2375 aut
2674 2331 2824 2375 certe
2875 2327 2926 2375 iu
2964 2337 3149 2389 parvo,
3180 2321 3371 2374 futuris
3401 2334 3558 2374 oeta-

1972 2415 2180 2467 sionem
2212 2412 2364 2466 daret
2392 2427 2408 2467 :
2440 2411 2527 2466 hic
2554 2410 2746 2481 dignus
2784 2410 2940 2465 laude
2973 2410 3238 2479 praecipua
3267 2409 3556 2478 judicetur.

1972 2505 2198 2572 Quidam
2241 2519 2372 2559 vero
2420 2504 2475 2557 in
2525 2504 2706 2558 hostes
2751 2503 2938 2557 obvios
2988 2504 3245 2567 intentus,
3295 2503 3413 2556 aliis
3453 2519 3558 2556 non

1973 2598 2123 2667 quasi
2166 2596 2500 2649 latitantibus
2532 2596 2587 2649 in
2638 2594 2867 2659 insidiis,
2908 2597 2999 2663 qui
3052 2594 3287 2649 nondum
3331 2594 3558 2662 fuerant,

1972 2687 2067 2743 sed
2123 2688 2389 2742 exorturis
2438 2686 2755 2756 quandoque
2812 2685 3033 2754 provide
3091 2688 3109 2717 ²
3170 2701 3233 2740 ac
3285 2687 3559 2756 vigilanter

1972 2780 2205 2834 occurrit
2241 2797 2252 2829 :
2288 2778 2376 2831 hic
2426 2779 2666 2842 minima,
2713 2788 2801 2831 aut
2844 2779 3003 2830 etiam
3046 2778 3211 2844 nulla,
3237 2779 3283 2831 si
3329 2778 3558 2844 videtur,

1973 2870 2167 2938 dignus
2224 2867 2383 2922 laude
2423 2868 2672 2932 ducatur,
2702 2883 2808 2922 non
2855 2878 3030 2921 tamen
3065 2869 3147 2923 vel
3194 2869 3437 2924 incautus
3470 2884 3562 2938 pa-

1976 2960 2093 3013 tria:
2145 2969 2467 3027 propugator
2508 2958 2646 3012 inter
2698 2958 2881 3012 hostes
2934 2957 3212 3011 habendus
3260 2967 3360 3011 est.
3411 2959 3562 3014 Unde

1974 3053 2162 3107 beatus
2194 3050 2529 3115 Eustachius,
2559 3066 2863 3120 quanquam
2910 3056 3106 3105 multos
3160 3056 3323 3119 posst
3368 3053 3562 3106 tatibus

284 3147 413 3202 mini
442 3147 650 3214 sedem,
680 3156 932 3215 tanquam
964 3146 1108 3214 prius
1138 3158 1243 3199 non
1280 3143 1494 3199 habenti
1529 3144 1667 3197 hunc
1698 3145 1865 3195 hono-
1892 3144 1938 3204 C
1970 3144 2131 3199 dictis
2187 3140 2461 3196 otlendere
2483 3183 2499 3208 ,
2553 3156 2659 3196 non
2715 3152 2891 3195 tamen
2944 3141 3327 3196 condemnatur
3350 3181 3367 3206 ,
3418 3143 3564 3196 velut

283 3252 415 3291 rem.
442 3237 574 3291 Cum
600 3250 726 3291 vero
758 3246 900 3290 tanta
931 3235 1127 3289 invidia
1155 3233 1504 3289 criminentur
1545 3234 1597 3288 in
1640 3234 1865 3303 epistola

284 3329 607 3385 venerabilis
640 3330 761 3394 lbae,
790 3327 932 3397 quod
974 3329 1048 3381 ait
1097 3327 1350 3396 templum
1391 3338 1445 3381 et
1478 3326 1864 3381 inhabitantem

284 3421 333 3475 in
364 3434 459 3485 eo;
493 3435 613 3489 quae
645 3419 749 3473 illis
779 3417 847 3472 ad
887 3418 1314 3487 exaggerandum
1348 3420 1503 3473 verba
1536 3418 1863 3482 sufﬁcerent,

284 3511 327 3568 si
358 3512 458 3567 hoc
500 3512 725 3567 dixisset
764 3511 903 3580 quod
948 3510 1263 3565 Eustachius
1290 3511 1385 3577 ait,
1415 3508 1673 3577 Quoniam
1709 3514 1868 3565 homo

285 3622 348 3662 ex
380 3606 635 3661 membris
658 3606 877 3674 jnsdtite
908 3605 1165 3675 templum
1196 3605 1449 3659 decenter
1480 3605 1647 3659 factus
1675 3616 1778 3672 cst,
1812 3617 1868 3659 ut

287 3698 646 3753 sacratissimo
689 3697 1000 3752 cohabitans
1036 3696 1246 3751 Verbo?
1275 3695 1409 3749 Nam
1455 3695 1499 3749 si
1543 3694 1863 3760 inhabitare,

286 3790 423 3860 quod
458 3791 574 3844 lbas
602 3790 698 3854 ait,
731 3789 867 3842 duas
897 3788 1075 3843 dicant
1102 3787 1405 3858 signiﬁcare
1442 3801 1715 3857 personas,
1747 3801 1867 3841 cum

286 3884 461 3936 anima
505 3897 657 3936 suum
686 3895 882 3950 corpus
929 3881 1235 3935 inhabitans
1266 3897 1367 3935 una
1398 3895 1519 3934 cum
1550 3894 1616 3935 eo
1646 3895 1870 3948 persmia

284 3976 376 4039 sit,
398 3983 599 4045 quanto
628 3975 798 4043 magis
818 3974 1150 4038 cohabitare,
1172 3982 1229 4027 et
1260 3973 1428 4042 ipsius
1457 3973 1870 4028 cohabitationis

285 4071 485 4123 virtute
515 4068 764 4137 adeptum
794 4082 915 4124 esse
958 4068 1226 4122 hominem
1275 4077 1587 4137 perpetuum
1635 4068 1871 4123 solium?

288 4161 414 4215 Item
433 4159 485 4213 in
504 4159 691 4215 eodem
712 4160 847 4214 libro
876 4177 887 4210 :
917 4176 935 4209 ‹
963 4158 1073 4212 Non
1101 4160 1245 4213 enim
1275 4159 1477 4228 ait,qui
1506 4160 1655 4226 regni
1686 4160 1870 4213 scdcm

288 4251 471 4319 habet,
489 4250 710 4304 alteram
733 4249 829 4305 sibi
856 4259 1076 4319 apparat
1102 4260 1334 4316 sortem;
1366 4251 1460 4303 sed
1484 4250 1564 4302 cui
1589 4265 1693 4302 non
1723 4250 1876 4303 adest

287 4343 433 4397 sedis
459 4344 716 4411 potentia.
753 4340 890 4410 Ergo
919 4345 1033 4395 haec
1064 4340 1131 4394 ad
1172 4340 1440 4395 hominem
1470 4339 1670 4394 Christi
1704 4340 1871 4395 mani-

289 4436 425 4490 leste
454 4435 763 4503 respiciunt.
798 4434 979 4503 Neque
1022 4443 1197 4487 autem
1231 4433 1597 4502 Omnipmenti
1632 4434 1743 4487 haec
1788 4448 1874 4488 re-

1970 3234 2271 3291 Nestoiiani
2316 3246 2501 3289 auctor
2531 3236 2766 3289 erroris:
2800 3235 2892 3289 sed
2926 3234 3219 3289 honoratur
3269 3251 3390 3288 cum
3422 3236 3562 3287 mul-

1973 3330 2038 3382 tis
2070 3335 2125 3382 et
2161 3340 2270 3396 pra:
2301 3327 2481 3379 multis
2523 3326 2787 3390 Patribus,
2824 3334 3074 3396 tanquam
3115 3325 3315 3380 Nicaeni
3346 3325 3562 3381 contilii

1971 3422 2173 3489 primus
2218 3420 2499 3482 existens;
2530 3429 2586 3471 et
2636 3421 2985 3490 Eutychianis
3017 3420 3214 3473 nullam
3263 3420 3387 3473 hinc
3431 3420 3563 3473 invi-

1970 3513 2111 3566 diam
2141 3512 2627 3576 commoventibus,
2650 3512 2967 3565 solemnitcr
2992 3512 3129 3564 inter
3158 3526 3286 3564 suos
3313 3512 3561 3565 decesso-

1974 3619 2059 3659 res
2083 3618 2145 3657 ac
2161 3616 2504 3659 successores
2522 3603 2588 3656 ad
2614 3604 2874 3656 sacrilicia
2901 3604 3222 3656 nominatur.
3249 3604 3313 3656 Et
3336 3604 3563 3657 fortasse

1975 3706 2258 3767 propterea
2289 3696 2421 3749 nihil
2452 3695 2576 3747 inde
2606 3702 2879 3757 accusant,
2914 3696 3035 3762 quia
3066 3693 3117 3747 in
3151 3694 3270 3760 hoc,
3305 3696 3448 3761 quod
3479 3698 3560 3747 ul-

1976 3792 2163 3845 timum
2213 3790 2507 3856 posuimus,
2562 3786 2870 3840 testimonio
2914 3786 3066 3849 dixit,
3118 3786 3343 3852 Propter
3395 3786 3559 3838 divini

1976 3882 2137 3936 Verbi
2160 3881 2621 3935 commistioncm.
2651 3878 2753 3933 Ubi
2777 3879 2919 3933 enim
2942 3877 3221 3932 memorati
3248 3877 3561 3947 Eutychiani

1975 3969 2044 4023 ab
2067 3971 2251 4039 aliquo
2284 3970 2697 4038 praedicatorum
2735 3960 2995 4024 Ecclesiae
3016 3968 3219 4023 dictum
3264 3969 3562 4021 invenerint

1979 4061 2147 4118 Deum
2192 4060 2421 4115 Verbum
2464 4060 2664 4113 homini
2708 4075 2827 4115 esse
2856 4060 3232 4129 commixtum,
3266 4061 3560 4114 secundum

1977 4168 2131 4208 suum
2161 4152 2352 4223 dogma
2384 4151 2589 4206 dictum
2629 4152 2956 4206 existimant.

2608 4303 2831 4358 CAPUT
2858 4304 2920 4359 ll.

1981 4441 2130 4506 Quod
2173 4439 2311 4507 apud
2340 4438 2540 4491 beatum
2589 4436 2931 4489 Athanasium
2977 4436 3213 4508 quaedam
3240 4439 3561 4508 reperiuntur

289 4525 536 4595 ponenda
587 4538 711 4579 sunt
765 4524 1035 4594 preprium
1086 4525 1303 4579 habenti
1350 4534 1653 4591 sceptrum;
1706 4539 1877 4593 neque
1909 4519 1958 4576 D
2052 4511 2350 4595 “nmium”
2379 4509 2605 4578 άδΙῙδσλίία
2645 4508 2723 4560 "is
2753 4523 2868 4577 ειυω
2895 4511 2945 4560 δη
2976 4507 3245 4561 Thema")
3283 4511 3557 4577 T¢'l’"e"‘"‘

292 4620 468 4674 Verbo
494 4622 663 4688 ipsum
683 4635 902 4689 regnum
932 4620 1142 4674 habenti
1166 4620 1304 4687 quod
1324 4620 1481 4674 etiam
1506 4619 1661 4673 Pater
1685 4619 1874 4685 habet;

290 4713 384 4767 scd
419 4712 469 4765 in
493 4711 702 4766 Christo
730 4711 1013 4766 dicendum
1033 4754 1045 4775 ,
1068 4710 1315 4765 Dominus
1344 4712 1397 4764 in
1450 4714 1577 4763 casto
1615 4726 1875 4780 praepara-

290 4805 360 4857 vit
412 4803 581 4857 sedent
630 4818 798 4856 suam.
828 4802 958 4856 Nam
1007 4802 1244 4857 omnium
1297 4802 1454 4857 simul
1504 4812 1872 4856 creaturarqu

292 4894 597 4947 dominator
644 4900 859 4961 propter
909 4891 1080 4947 divini
1145 4892 1304 4947 Verbi
1362 4892 1815 4947 commixtionem.
1845 4910 1864 4944 ι

295 4987 581 5043 Attcndant
622 5002 750 5057 ergo
791 4986 946 5055 quale
992 4986 1062 5039 sit
1108 4988 1265 5040 etiam
1308 4985 1407 5042 hoc
1444 4986 1585 5056 quod
1630 4987 1723 5053 ait,
1756 4985 1870 5040 Non

295 5080 403 5135 Deo
427 5078 604 5135 Verbo
651 5094 869 5151 regnum
901 5076 1117 5133 habenti
1160 5079 1379 5133 alteram
1419 5090 1618 5134 sortem
1650 5094 1874 5149 appara-

295 5182 423 5238 tam,
454 5172 546 5226 sed
578 5172 775 5242 potius,
804 5172 890 5227 cui
925 5186 1030 5225 non
1061 5174 1211 5226 adest
1240 5173 1382 5226 sedis
1430 5172 1684 5239 potentia,
1714 5172 1765 5225 id
1796 5179 1879 5225 cst

294 5262 493 5318 homini
525 5263 742 5318 Christi.
772 5262 881 5317 Nec
910 5262 1099 5318 saltem
1143 5262 1291 5330 dixit,
1326 5261 1521 5315 homini
1560 5261 1653 5316 Dei
1701 5260 1877 5327 Verbi,

364 5406 393 5436 ι
432 5398 714 5468 Synodicte
736 5398 1009 5452 Athanasii
1034 5398 1099 5450 ad
1125 5398 1483 5451 Antiochenos
1512 5397 1710 5451 mentio
1741 5398 1873 5452 facta

289 5477 375 5523 est
420 5469 512 5522 lib.
562 5484 637 5532 vr,
668 5484 786 5523 cum
823 5471 890 5538 de
922 5470 1060 5538 liypo
1096 5471 1190 5521 tusi
1233 5484 1531 5537 ageremus.
1579 5469 1684 5523 Sed
1718 5470 1874 5523 aliam

289 5548 503 5593 constat
548 5542 823 5608 epistolam
854 5537 1042 5605 luisse,
1073 5540 1141 5594 de
1163 5554 1269 5608 qua
1299 5538 1384 5595 hic
1412 5554 1612 5595 sermo.
1642 5539 1878 5609 Apparet

371 5654 382 5686 '
416 5652 549 5710 Cod.
585 5654 805 5720 Veram,
835 5655 1035 5709 uirtute.

374 5728 399 5764 ~‘
440 5728 581 5781 idem
607 5728 746 5795 t‘Od.,
768 5730 931 5781 minus
962 5728 1181 5798 provide.

2050 4582 2085 4633 d
2094 4590 2265 4633 antur.

2050 4718 2207 4772 Multa
2240 4733 2368 4771 vero
2396 4716 2761 4786 superioribus
2803 4714 2997 4769 similia
3027 4730 3092 4769 ex
3137 4715 3290 4768 dictis
3316 4715 3563 4783 ejusdem

1978 4811 2119 4864 beati
2153 4810 2424 4863 Eustachii
2457 4808 2696 4877 proferre
2745 4821 3055 4876 possemus,
3085 4822 3202 4873 qua:
3252 4815 3470 4873 possent
3502 4806 3553 4858 in

1975 4918 2082 4956 uno
2106 4901 2126 4932 ³
2158 4901 2373 4955 tractari
2422 4901 2726 4964 volumine;
2780 4897 2874 4952 sed
2904 4898 3003 4951 ista
3035 4896 3227 4964 legenti
3267 4896 3553 4960 sufﬁciant,

1972 4993 2223 5063 quoniam
2298 4994 2543 5046 volumus
2607 4989 2672 5044 ad
2743 4989 2968 5043 aliorum
3054 4989 3247 5055 scripta
3307 4988 3554 5053 transire,

1975 5087 2043 5140 de
2071 5086 2260 5151 quibus
2287 5099 2439 5153 atque
2467 5096 2574 5136 non
2600 5080 2777 5135 omnia
2805 5094 2921 5148 qua:
2953 5078 3035 5131 his
3060 5077 3254 5131 similia
3284 5077 3551 5141 dixerunt,

1976 5176 2069 5231 sed
2099 5176 2273 5244 aliqua
2303 5173 2671 5227 tantummodo
2703 5170 3040 5241 proferimus.
3072 5168 3209 5236 Quid
3237 5184 3364 5238 ergo
3397 5168 3557 5222 etiam

1978 5278 2194 5322 sanctus
2213 5266 2535 5321 Athanasius
2563 5266 2703 5319 dicat
2728 5266 2781 5318 in
2803 5262 3027 5334 epistola
3049 5262 3114 5315 ad
3139 5261 3503 5314 Antiochenos
3534 5268 3559 5296 ει

1986 5416 2184 5472 autem,
2235 5402 2489 5471 quidquid
2518 5403 2581 5456 ad
2625 5402 2942 5458 refellendns
2970 5401 3354 5472 Apolinaristas
3401 5399 3452 5453 in
3494 5414 3562 5452 ea

1986 5475 2311 5545 scripserit,
2362 5490 2629 5542 nunquam
2680 5475 3026 5527 Athanasium
3082 5477 3132 5527 in
3176 5472 3389 5527 Christo
3429 5473 3561 5524 duas

1988 5544 2240 5617 perSonas
2279 5546 2611 5611 distinxisse,
2642 5546 2737 5597 sed
2780 5544 2831 5598 in
2861 5559 2967 5599 una
3006 5546 3299 5615 eademque
3337 5556 3561 5612 perauna

2058 5665 2075 5696 ³
2116 5664 2257 5718 ldem
2290 5663 2433 5731 cod.,
2464 5678 2564 5715 non
2593 5678 2713 5715 uno.
