4094 6482
530 288 622 340 799
1608 288 1897 344 FACUNI)!
1939 286 2146 343 EI’lSC.
2194 289 2261 343 ll.
2287 289 2688 349 RMHNENSIS

3679 298 3786 354 800

528 409 785 461 debemus
815 410 1077 477 insiticere
1114 427 1125 461 :
1163 430 1180 460 ‹
1222 409 1301 463 Ex
1341 408 1610 462 veteribus
1638 408 1778 461 enim
1811 405 2054 461 eruditus
2086 407 2101 436 ¹
2132 411 2180 467 Α
2210 408 2522 465 Theodorus
2542 409 2641 465 hoc
2659 411 2999 475 dieeret,non
3020 410 3154 465 duos
3177 419 3401 479 tantum,
3422 427 3599 465 verum
3621 414 3784 469 etiam

528 511 581 555 et
609 500 738 570 legis
766 500 953 554 doctor
981 500 1238 566 existens,
1272 500 1559 555 Proverbia
1592 498 1895 554 Salomonis
1922 497 2107 566 legens

528 603 581 647 et
620 592 753 646 duas
792 606 1047 661 personas
1089 593 1156 647 de
1188 592 1411 647 Domino
1465 591 1772 655 inveniens,
1804 605 1962 644 unam
1992 589 2110 658 qui-

530 690 650 743 dem
680 689 819 742 circa
849 687 1117 742 hominem
1145 703 1300 758 quem
1329 702 1396 741 ex
1420 687 1583 742 Maria
1611 701 1709 755 pro
1733 684 1883 737 nobis
1903 684 2108 737 futurus

529 793 645 837 erat
691 797 986 845 assumere,
1035 781 1255 835 alteram
1297 790 1474 835 autem
1518 780 1659 833 circa
1696 778 1922 833 Verbum
1966 774 2109 845 quod

529 884 650 928 ante
678 873 857 927 omnia
885 871 1077 925 saeculi
1102 880 1305 925 aeterne
1334 885 1400 926 ex
1431 871 1586 925 Patre
1610 876 1791 923 natum
1820 875 1933 930 est;
1962 877 2014 921 et
2043 865 2111 920 de

530 965 653 1019 .lesu
685 963 895 1031 quidem
926 979 990 1019 ex
1019 963 1180 1017 Maria
1210 962 1394 1017 scribit
1418 961 1705 1016 Timotheo
1738 977 1751 1012 :
1788 958 1986 1013 Memor
2004 965 2113 1011 esto

528 1056 785 1111 Christum
806 1055 983 1109 Iesum
1005 1038 1338 1108 resurrexisse
1374 1070 1404 1106 a
1448 1054 1660 1107 mortuis
1689 1068 1750 1106 ex
1773 1052 1961 1107 semine
2008 1050 2112 1105 Da-

528 1149 631 1208 vid.
665 1148 943 1201 secundum
988 1148 1326 1217 Evangelium
1348 1163 1511 1201 meum
1539 1145 1624 1217 (ll
1656 1144 1792 1199 Tim.
1821 1160 1879 1211 ιι,
1912 1144 1966 1214 8)
2000 1161 2015 1209 ;
2047 1144 2114 1199 de

532 1250 640 1301 Deo
662 1248 840 1302 Verbo
865 1257 1065 1313 autem,
1088 1247 1230 1313 quod
1254 1262 1372 1300 cum
1400 1247 1558 1301 Patre
1580 1261 1793 1315 semper
1817 1255 1919 1309 est,
1948 1245 2106 1307 dixit,

531 1340 781 1407 quoniam
810 1350 890 1392 est
918 1337 1096 1391 omnia
1137 1340 1180 1391 ².
1220 1357 1238 1389 ι
1274 1337 1421 1391 Hanc
1450 1347 1627 1391 autem
1670 1338 1837 1389 sancti
1875 1333 2111 1388 Athana-

534 1434 598 1487 sii
649 1434 713 1488 ad
752 1431 1115 1489 Antiochenos
1155 1430 1456 1499 epistolam,
1490 1430 1540 1482 in
1594 1444 1694 1497 qua
1745 1429 2004 1494 scriptum
2033 1435 2115 1479 est

532 1525 664 1579 duas
692 1539 811 1579 esse
840 1538 1118 1592 personas,
1152 1522 1383 1575 hominis
1423 1520 1703 1586 assumpti,
1741 1532 1787 1573 et
1827 1518 1919 1570 Dei
1951 1517 2110 1572 Verbi

532 1616 874 1679 assumentis,
906 1622 960 1668 et
986 1613 1086 1667 alia
1115 1612 1406 1681 Scriptura:
1430 1610 1588 1675 verba
1621 1610 1843 1663 Domino
1867 1610 1993 1664 Jesu
2021 1610 2111 1678 qui

532 1722 595 1759 ex
631 1706 816 1769 Maria,
849 1704 951 1758 alia
1001 1719 1129 1758 vero
1167 1703 1274 1756 Deo
1304 1701 1476 1755 Verbo
1508 1715 1825 1767 congruere.
1860 1700 1911 1752 in
1967 1706 2111 1751 tanta

2211 508 2318 553 tres
2355 498 2509 555 Iesus
2554 501 2798 555 Christos
2828 500 3165 572 Eutychiani,
3190 501 3483 558 secundum
3530 518 3653 559 suas
3694 519 3789 559 ca-

2211 590 2459 656 lumnias,
2504 591 2557 646 in
2598 592 2682 647 his
2711 594 2889 649 verbis
2931 594 3257 664 signiﬁcatus
3302 597 3498 651 vellent
3536 595 3787 667 intelligi.

2209 682 2323 736 Non
2352 686 2491 737 enim
2524 676 2848 741 hoc-saltem
2875 688 3072 743 dictum
3100 696 3201 753 est,
3231 687 3383 743 Jesus
3425 688 3664 743 Christus
3689 705 3791 745 au-

2211 786 2340 841 tem,
2370 776 2461 846 qui
2484 776 2633 845 juxta
2673 779 2993 835 salvatorem
3030 779 3356 849 intelligitur.
3388 780 3482 835 sed
3508 781 3654 850 juxta
3686 780 3791 835 bo-

2211 870 2407 924 miucm
2438 872 2715 927 salvatoris
2746 890 2757 925 :
2788 881 2849 927 ut
2889 873 3049 927 alium
3081 873 3430 942 significatum
3475 889 3594 930 esse
3636 874 3782 928 dieeo

2211 973 2329 1019 rent
2372 963 2555 1020 Jesum
2600 965 2907 1032 Christum,
2942 968 3103 1022 alium
3153 981 3281 1022 vero
3328 967 3594 1021 hominem
3638 966 3793 1035 juxta

2212 1072 2369 1124 quem
2399 1068 2545 1113 esset
2576 1059 2690 1128 ipse
2715 1059 2871 1114 Jesus
2901 1058 3168 1125 Christus,
3199 1071 3253 1115 et
3281 1075 3468 1114 rursus
3496 1060 3655 1113 alium
3683 1060 3795 1113 sal-

2214 1156 2470 1215 vatorem,
2496 1149 2646 1219 cujus
2676 1165 2796 1206 esse
2834 1151 3100 1205 diceretur
3145 1151 3284 1205 idem
3318 1151 3500 1205 homo.
3528 1151 3707 1205 Denuo
3738 1152 3793 1203 in

2213 1240 2397 1293 eadem
2416 1240 2641 1307 epistola
2665 1242 2834 1307 :«Est,
2851 1243 3041 1311 inquit,
3064 1244 3290 1311 Spiritus
3310 1244 3431 1297 vita
3443 1251 3656 1297 sanctus
3669 1257 3793 1295 cum

2216 1330 2372 1385 Patre
2399 1342 2449 1383 et
2475 1332 2611 1388 Filio
2636 1335 2687 1388 in
2714 1335 2938 1403 singulis
2964 1338 3338 1404 prophetarum
3368 1351 3460 1404 per
3493 1336 3795 1405 generatio-

2215 1440 2309 1479 nes
2341 1428 2629 1495 transiens,
2661 1428 2749 1498 qui
2776 1428 2973 1485 indicat
3001 1445 3121 1497 quae
3146 1439 3305 1485 erunt
3334 1439 3524 1499 etquae
3555 1430 3795 1496 fuerint,

2214 1516 2416 1573 habens
2456 1520 2638 1575 oculos
2669 1530 2792 1577 ante
2820 1530 2874 1576 et
2916 1530 3058 1591 post,
3087 1522 3187 1577 hoc
3226 1530 3328 1589 est,
3360 1524 3498 1578 sicut
3538 1524 3796 1587 diximus,

2213 1608 2488 1664 scientiam
2512 1610 2806 1666 futurorum
2824 1621 2982 1682 atque
3002 1613 3415 1682 praeteritorum,
3436 1628 3555 1683 quae
3576 1614 3627 1666 in
3651 1613 3799 1668 Salo-

2214 1714 2372 1755 mone
2403 1710 2584 1755 narrat
2623 1716 2693 1757 ex
2741 1716 2968 1769 persona
3012 1702 3105 1757 ﬂlii
3138 1702 3370 1758 hominis
3416 1716 3481 1758 ex
3527 1703 3708 1766 Maria,
3740 1712 3799 1756 et

532 1797 844 1850 ancteritate
865 1795 1120 1848 adversus
1158 1793 1538 1856 Apolinaristas
1568 1790 1795 1857 suscepit
1845 1789 2107 1852 Ecclesia,
2144 1774 2184 1834 Β
2215 1788 2333 1844 Filii
2369 1790 2459 1844 Dei
2488 1790 2666 1856 Verbi,
2694 1792 2833 1861 quod
2863 1793 2930 1847 ab
2959 1793 3111 1847 initio
3140 1802 3256 1848 erat
3282 1792 3422 1863 apud
3455 1792 3664 1848 Patrem
3696 1810 3711 1846 :
3742 1802 3797 1849 et

536 1896 593 1940 ut
642 1902 704 1941 ex
737 1886 825 1939 illa
864 1885 1051 1939 ἣξειεεὶ
1083 1883 1333 1937 conversi
1379 1897 1474 1935 sua
1522 1880 1915 1943 subscriptione
1954 1878 2024 1933 ita
2054 1893 2115 1934 se

534 1990 723 2042 sapere
754 1974 1065 2028 faterentur.
1098 1972 1249 2028 Unde
1284 1985 1567 2026 successor
1596 1968 1835 2039 ejusdem
1880 1968 2114 2024 Athana-

534 2068 600 2123 sii
632 2068 843 2129 Petrus,
870 2067 1111 2122 scribens
1143 2065 1207 2119 ad
1251 2065 1551 2133 episcopos,
1586 2063 1927 2134 presbyteros
1954 2071 2115 2132 atque

537 2161 796 2214 diaconos
838 2161 926 2229 qui
956 2160 1054 2213 sub
1089 2159 1309 2213 Valente
1358 2158 1683 2235 imperatore
1728 2158 2113 2213 Diocrcsaream

537 2250 743 2304 fuerant
782 2252 996 2306 exsules
1025 2251 1195 2314 missi,
1229 2268 1246 2301 ι
1282 2250 1408 2305 Sine
1436 2250 1545 2304 Deo
1572 2251 1769 2319 quippe
1793 2259 1892 2312 est,
1923 2251 2112 2318 inquit,

534 2345 658 2397 etin
690 2345 937 2398 omnibus
964 2342 1247 2409 reprobus,
1278 2342 1367 2409 qui
1398 2356 1503 2394 non
1534 2341 1820 2395 conﬁte'ur
1848 2342 2112 2411 integrum

533 2434 804 2488 hominem
832 2434 1066 2488 salvasse.
1095 2433 1325 2486 adventu
1355 2447 1451 2485 suo
1477 2430 1832 2486 Salvatorem.
1869 2432 1936 2485 Et
1956 2435 1998 2486 si
2028 2443 2113 2487 tu-

531 2533 640 2577 tum
665 2525 851 2588 salvat,
878 2532 1045 2578 totum
1079 2523 1390 2591 assumpsit,
1426 2538 1530 2576 non
1562 2522 1615 2576 in
1655 2521 1982 2591 adiutorium
2010 2525 2115 2579 sal-

529 2614 776 2678 vationis,
807 2614 897 2669 sed
941 2614 1005 2667 ad
1039 2612 1198 2667 totius
1222 2614 1589 2668 salvationem.
1624 2612 1821 2668 Nullus
1851 2630 1977 2682 ergo
2029 2618 2113 2685 pie

528 2723 588 2762 se
618 2722 807 2775 sapere
832 2706 1148 2760 existimans
1196 2705 1426 2759 infidelis
1454 2705 1622 2773 magis
1649 2706 1861 2760 existat.
1897 2706 1953 2760 Si
1984 2723 2112 2763 vero

527 2810 769 2864 quaerere
809 2794 1008 2859 studet,
1036 2795 1202 2847 discat
1252 2810 1315 2849 ex
1357 2794 1583 2863 epistola
1622 2810 1780 2863 quam
1825 2797 1890 2851 ad
1922 2798 2111 2851 Antio-

525 2888 723 2941 chenos
753 2888 919 2940 beatae
948 2887 1218 2939 memoria:
1246 2885 1528 2954 episcopus
1560 2886 1882 2942 Athanasius
1904 2890 2111 2958 scribit,

527 2981 613 3034 ubi
644 2980 823 3033 omnia
862 2977 1145 3047 diligenter
1173 2976 1412 3044 exponit,
1444 2991 1601 3046 quam
1648 2976 1827 3047 legere
1856 2978 2115 3049 incipien-

525 3078 606 3125 tes
634 3068 939 3133 orthodoxi,
968 3077 1019 3122 et
1049 3068 1117 3120 ita
1149 3082 1339 3134 sapere
1387 3076 1441 3122 et
1487 3067 1871 3139 subscripsisse
1916 3071 2113 3127 confir-

2216 1879 2347 1934 duas
2372 1896 2630 1949 personas
2650 1882 2974 1951 signiﬁcans,
3007 1884 3073 1939 de
3103 1884 3316 1940 homine
3344 1884 3557 1952 quidem
3583 1899 3649 1939 ex
3681 1884 3796 1938 Ma-

2216 1972 2291 2025 ria
2321 1981 2501 2027 creato
2528 1981 2583 2028 et
2624 1973 2903 2041 plasmato,
2934 1975 3003 2030 de
3030 1975 3125 2030 illo
3167 1990 3295 2029 vero
3319 1975 3406 2045 qui
3444 1984 3568 2030 ante
3596 1974 3796 2029 stecula

2216 2072 2295 2117 est
2343 2064 2460 2117 sine
2496 2064 2773 2133 principio,
2814 2074 2872 2120 et
2922 2075 3135 2122 aeterna:
3192 2067 3499 2122 nativitatis.
3531 2066 3794 2131 Quoniam

2215 2169 2343 2221 ergo
2371 2156 2655 2209 verborum
2687 2159 3017 2225 seductores,
3045 2167 3099 2214 et
3127 2175 3231 2213 non
3263 2160 3455 2215 eruditi
3482 2161 3667 2229 spiritu
3696 2160 3795 2213 ob-

2215 2255 2490 2300 servantes
2538 2261 2722 2303 errare
2756 2248 2949 2304 iaciant
2996 2250 3258 2311 indoctos,
3283 2251 3540 2309 dicentes.
3584 2264 3611 2303 a
3658 2265 3793 2317 qua-

2214 2336 2513 2407 dringentis
2540 2339 2695 2392 annis
2715 2348 2795 2393 est
2820 2341 3059 2407 operatio
3080 2341 3318 2409 corporis
3345 2342 3574 2405 Domini,
3593 2352 3647 2395 et
3667 2360 3793 2408 qne-

2216 2429 2376 2481 modo
2408 2428 2461 2481 in
2488 2444 2608 2484 eum
2640 2430 2855 2500 quidam
2883 2429 3121 2485 referunt
3142 2432 3281 2500 quod
3305 2431 3504 2486 dictum
3535 2442 3617 2486 est
3642 2450 3654 2484 :
3685 2433 3792 2487 Do-

2215 2518 2383 2572 minus
2403 2519 2589 2573 creavit
2632 2536 2711 2575 me
2737 2522 3039 2590 principium
3068 2523 3261 2577 uiarum
3288 2539 3497 2576 suarum
3541 2524 3591 2575 in
3641 2540 3795 2587 opera

2214 2613 2325 2680 ejus
2352 2608 2533 2680 (Prov.
2565 2625 2679 2677 vut,
2701 2610 2816 2681 29.),
2839 2628 2959 2667 cum
2983 2613 3121 2668 dicat
3141 2613 3411 2682 Scriptura
3433 2624 3555 2669 ante
3582 2627 3793 2671 montes

2214 2708 2269 2755 et
2306 2699 2492 2767 colles,
2523 2709 2647 2755 ante
2688 2700 2862 2757 fontes
2888 2711 2943 2757 et
2969 2712 3094 2759 ante
3122 2704 3373 2759 sacculum
3401 2714 3705 2775 generatum
3740 2717 3795 2761 et

2212 2791 2484 2845 creatum!
2509 2791 2633 2847 Haec
2648 2791 2886 2848 dicentes
2907 2810 2935 2848 a
2957 2795 3275 2865 quibusdam
3295 2796 3491 2850 laudari
3519 2806 3790 2867 putantur,

2214 2896 2320 2937 non
2348 2882 2645 2938 dividentes
2656 2898 2775 2953 qua:
2799 2898 3022 2953 persona
3048 2888 3356 2955 prephetico
3377 2888 3561 2955 Spiritu
3583 2888 3649 2942 de
3671 2903 3792 2942 cor-

2213 2987 2341 3042 pore
2386 2974 2593 3029 Domini
2624 2974 2844 3042 clamat,
2872 2986 2925 3031 et
2951 2992 3069 3046 quae
3103 2976 3172 3033 de
3201 2986 3397 3032 arterna
3425 2980 3539 3045 ejus
3573 2995 3601 3032 a
3632 2979 3793 3035 Patre

2211 3067 2556 3134 generatione
2581 3066 2757 3123 docet.
2798 3086 2817 3121 ι
2853 3068 2989 3123 Sunt
3016 3069 3181 3123 multa
3212 3069 3405 3124 similia
3454 3072 3505 3124 in
3552 3072 3650 3127 hac
3677 3074 3791 3142 epi-

524 3172 687 3217 mant.
741 3180 758 3212 ι
805 3160 860 3215 ln
889 3159 1075 3214 eadem
1106 3174 1233 3227 ergo
1281 3159 1345 3213 ad
1388 3157 1749 3215 Antiochenos
1778 3152 2026 3229 epistola,
2056 3167 2107 3217 in
2140 3159 2183 3222 C
2214 3161 2348 3212 stola
2393 3173 2509 3228 qua:
2558 3159 2812 3215 adversus
2862 3161 3248 3230 Apoliuaristas
3296 3162 3435 3217 dicta
3492 3163 3790 3217 Nestoriani

523 3268 625 3318 qua
665 3253 838 3306 beatae
867 3251 1140 3305 memoriae
1181 3250 1489 3317 episcopum
1523 3251 1868 3306 Athanasium
1897 3268 2111 3310 succes-

523 3359 614 3399 sor
634 3344 751 3411 ejus
774 3344 963 3397 Petrus
990 3343 1165 3397 omnia
1184 3343 1466 3414 diligenter
1485 3345 1797 3412 exposuisse
1816 3346 2104 3412 perhibuit,

522 3435 625 3487 hoc
662 3447 875 3501 quoque
897 3431 1202 3485 continetur
1233 3449 1244 3485 :
1276 3432 1429 3486 Jesns
1457 3432 1691 3488 Christus
1720 3436 1831 3490 lteri
1858 3446 1905 3491 et
1935 3438 2107 3507 hodie,

521 3527 629 3591 ipse
657 3535 701 3578 et
728 3526 782 3579 in
807 3525 991 3578 swcuta
1020 3524 1203 3596 (Hebr.
1244 3541 1358 3591 xm,
1393 3524 1469 3579 8i.
1508 3544 1529 3577 ε
1562 3526 1687 3583 lleri
1719 3528 1932 3597 quidem
1982 3540 2107 3586 ante

519 3616 717 3670 saecula
748 3616 1227 3686 sempiternitati-m
1267 3618 1568 3687 signiﬁcat;
1602 3620 1761 3676 hodie
1789 3630 1965 3678 autem
1996 3632 2104 3677 ter-

519 3722 704 3761 renum
728 3710 1013 3774 steculum;
1040 3709 1091 3763 in
1118 3711 1310 3764 sarcula
1327 3725 1476 3773 vero,
1502 3721 1618 3779 post
1643 3713 1921 3767 transitum
1948 3713 2105 3783 hujus

519 3798 660 3853 vitzc.
689 3798 847 3854 Jesus
875 3800 1123 3855 Christus
1164 3810 1366 3869 autem,
1391 3801 1480 3871 qui
1508 3799 1656 3870 juxta
1690 3803 1959 3857 hominem
1997 3806 2104 3859 sal-

515 3891 714 3945 vatoris
742 3891 1079 3959 intellig'tur,
1108 3907 1210 3945 non
1233 3900 1316 3945 est
1343 3892 1455 3958 ipse
1480 3910 1491 3945 :
1517 3892 1604 3961 qui
1625 3894 1765 3946 enim
1793 3904 2101 3961 provectum

515 3981 689 4034 :etatis
705 3981 960 4050 suscepit,
978 3974 1262 4051 aliquando
1280 3980 1453 4034 infans
1473 3982 1729 4041 existens.
1745 3984 2099 4052 etaliquando

515 4072 598 4124 vir
628 4071 886 4140 incipiens
910 4071 1059 4140 quasi
1092 4086 1353 4124 annorum
1384 4071 1476 4133 50,
1508 4071 1643 4125 sicut
1667 4072 1740 4126 ait
1769 4071 1962 4139 Lucas,
1992 4091 2097 4131 non

516 4170 693 4229 potest
734 4162 848 4233 ipse
892 4177 1034 4217 esse.
1092 4182 1110 4215 ι
1154 4161 1429 4228 Quomodo
1461 4161 1637 4231 itaque
1662 4162 1947 4219 Theodoro
1971 4181 2101 4221 con-

513 4257 764 4311 demnato
788 4272 891 4311 non
912 4258 1073 4311 etiam
1100 4256 1204 4309 Ath
1222 4256 1422 4309 inasius
1452 4267 1752 4321 accusetur,
1776 4257 1928 4326 quasi
1959 4258 2094 4315 duos

514 4349 688 4413 Iesus,
721 4358 774 4403 et
816 4350 949 4403 duos
978 4349 1218 4403 ChriStos
1257 4348 1537 4413 docuerit;
1586 4348 1708 4417 quia
1748 4351 1976 4418 primum
2010 4351 2088 4405 lo-

513 4453 683 4505 qttcns
712 4439 777 4493 de
806 4438 927 4493 Jesu
967 4439 1198 4501 Christo,
1228 4442 1313 4505 qui
1362 4448 1444 4494 est
1483 4439 1595 4495 heri
1627 4448 1683 4495 et
1712 4440 1869 4496 hodie
1911 4442 1963 4496 in
1992 4455 2096 4497 sae-

2210 3261 2422 3317 quoque
2452 3249 2502 3303 in
2529 3248 2875 3305 assertionem
2904 3251 2984 3305 sui
3007 3251 3205 3306 erroris
3232 3261 3523 3307 assumant.
3550 3253 3653 3309 Sed
3681 3271 3789 3309 non

2210 3338 2332 3393 ideo
2352 3339 2673 3396 Athanasius
2693 3352 2785 3397 aut
2812 3342 2927 3413 ejus
2957 3344 3197 3399 doctrina
3227 3345 3526 3400 damnanda
3556 3357 3656 3402 est.
3689 3348 3788 3418 Igi-

2210 3440 2295 3485 tur
2326 3447 2424 3486 nec
2453 3433 2767 3490 Theodorus
2810 3447 2901 3490 aut
2938 3437 3055 3504 ejus
3096 3438 3336 3493 doctrina
3375 3439 3497 3493 ideo
3522 3440 3731 3496 dicatur
3758 3460 3787 3496 a

2208 3521 2413 3592 synodo
2436 3523 2685 3579 debuisse
2713 3525 2975 3580 damnari.
3015 3526 3116 3581 Sed
3154 3528 3220 3582 ad
3251 3528 3353 3582 alia
3389 3527 3505 3599 ejus
3533 3532 3793 3597 opuscula

2210 3613 2436 3667 transire
2467 3612 2783 3685 delegimus.
2808 3616 2942 3672 Dicit
2973 3617 3151 3687 itaque
3178 3618 3315 3673 idem
3337 3620 3523 3676 beatus
3553 3622 3786 3676 Athana-

2206 3707 2316 3762 sius
2358 3709 2408 3764 in
2439 3710 2773 3780 expositione
2801 3711 3028 3782 symboli
3071 3721 3094 3749 ο
3141 3730 3154 3765 :
3201 3732 3219 3765 ι
3265 3712 3364 3780 Qui
3398 3714 3449 3768 in
3483 3713 3588 3769 ﬁne
3613 3730 3785 3770 sarcu-

2204 3799 2377 3855 lorum
2422 3801 2756 3858 descendens
2797 3819 2861 3856 cx
2891 3804 3009 3857 sinu
3051 3802 3223 3858 Patris
3253 3809 3306 3868 ',
3337 3821 3402 3859 ex
3448 3807 3785 3860 immaculata

2204 3888 2420 3959 Virgine
2449 3890 2606 3945 Maria
2656 3901 2896 3947 nostrum
2945 3893 3233 3961 assumpsit
3283 3894 3551 3949 hominem
3600 3896 3782 3951 Jesum

2202 3980 2491 4047 Christum,
2513 3996 2668 4050 quem
2706 3997 2799 4049 pro
2822 3983 2973 4037 nobis
3003 3984 3230 4052 passioni
3252 3985 3499 4049 tradidit;
3528 4004 3547 4038 ι
3581 3998 3634 4041 ει
3664 3999 3781 4056 post

2202 4083 2388 4138 pauca,
2406 4088 2424 4120 ι
2450 4069 2772 4138 Principium
2797 4072 3000 4125 viarum
3024 4072 3268 4127 conditus
3291 4073 3443 4128 nobis
3456 4076 3601 4128 estin
3617 4085 3777 4141 terra,

2200 4172 2329 4226 quas
2368 4158 2411 4181 “
2450 4159 2605 4212 nobis
2643 4159 2876 4213 ostendit
2897 4159 2962 4214 de
2986 4161 3217 4216 tenebris
3241 4162 3684 4227 lumen,salutem
3712 4182 3775 4221 ex

2199 4265 2403 4317 errore,
2430 4249 2591 4305 vitam
2622 4265 2686 4306 ex
2710 4251 2956 4318 mortuis,
2981 4253 3254 4308 introitum
3286 4254 3352 4308 ad
3383 4255 3684 4323 paradisum
3712 4258 3777 4311 de

2196 4353 2303 4408 quo
2320 4338 2569 4396 exclusus
2593 4347 2677 4395 est
2702 4340 2871 4395 Adam
2897 4359 2911 4406 ;
2955 4341 3007 4396 in
3031 4357 3187 4412 quem
3220 4344 3409 4399 iterum
3435 4346 3655 4400 intravit
3685 4363 3774 4415 per

2197 4432 2479 4499 latronem,
2495 4431 2627 4487 sicut
2647 4432 2779 4486 dixit
2794 4432 3043 4488 Dominus
3062 4453 3075 4489 :
3099 4433 3267 4489 Hodie
3279 4451 3476 4488 mecum
3505 4438 3602 4489 eris
3626 4439 3675 4490 in
3694 4456 3781 4505 pa-

512 4530 652 4594 cula,
680 4541 859 4597 postea
890 4531 1018 4583 dixit
1056 4530 1174 4597 quia
1204 4529 1358 4585 Iesus
1391 4530 1656 4595 Christus,
1684 4532 1772 4599 qui
1813 4531 1961 4600 juxta
1996 4531 2093 4586 bo-

2205 4522 2371 4575 radiso
2392 4521 2538 4589 (Luc.
2559 4537 2710 4588 xxttt,
2732 4522 2822 4593 45)
2843 4541 2856 4590 ;
2880 4539 2986 4593 quo
3012 4534 3066 4580 et
3101 4525 3293 4581 Paulus
3318 4526 3554 4591 intravit,
3592 4545 3774 4583 ascen-

515 4623 713 4675 tuinem
745 4622 1024 4675 salvatorfs
1066 4621 1394 4690 intelligitur,
1429 4637 1533 4677 non
1564 4633 1643 4677 est
1673 4622 1806 4688 ipse,
1840 4632 1895 4676 et
1923 4622 2087 4677 ratio-

514 4728 636 4767 nent
665 4712 881 4782 subjicit
921 4727 1017 4767 cur
1044 4713 1156 4782 ipse
1184 4727 1302 4768 esse
1332 4729 1437 4768 non
1466 4713 1671 4783 possit?
1699 4717 2013 4783 Quanquam
2046 4714 2088 4769 si

513 4846 642 4920 duas
659 4855 871 4902 naturas
892 4846 1267 4920 perfectasﬂva
1290 4844 1358 4920 εἷς
1378 4845 1408 4906 ἧ
1427 4848 1489 4920 rei
1511 4848 2086 4920 Exérspatgréistosuara't

510 4916 701 4979 πάντα,
731 4920 854 4978 Θεὸς
894 4924 972 4972 καὶ
1017 4916 1276 4983 ἅνθρωπος
1306 4917 1501 4977 ὁαὺτός
1535 4934 1548 4970 :
1581 4916 1698 4979 qua}
1729 4918 1891 4983 ipsius
1920 4918 2089 4972 Atha-

510 4940 701 4979 παντα,
731 4939 854 4978 υεος
894 4941 972 4972 και
1017 4939 1103 4973 ανυ
1140 4940 1276 4977 ωπος
1306 4941 1330 4971 Ο
1352 4940 1501 4977 αυτος
1535 4939 1548 4970 ζ
1581 4939 1698 4979 IIIIa:
1729 4939 1891 4983 IPSIUS
1920 4939 2085 4972 Alﬂa‘

510 4988 844 5062 uasiigverha
892 4998 1013 5041 sunt
1060 4939 1521 5043 liﬁrmadversus
1571 4986 1936 5056 Apolinarium
1966 4992 2085 5062 περὶ

509 5060 817 5131 caprifice»;
843 5066 1090 5131 Χριστοῦ.

582 5124 607 5164 δ
644 5124 1134 5189 Ἐκθεσις’πίστεως
1180 5127 1486 5180 inscribitur
1530 5125 1667 5193 apud
1713 5124 2080 5183 Athanasium.

510 5196 563 5249 In
589 5198 707 5260 hac,
736 5209 788 5250 ut
813 5199 862 5250 iu
888 5199 1006 5267 aliis
1028 5214 1189 5267 saepe,
1209 5197 1400 5250 vitioso
1424 5210 1549 5267 usus
1571 5207 1653 5249 est
1680 5198 1970 5263 interprete
1992 5198 2088 5251 Fa-

505 5268 731 5341 cunilus,
759 5269 847 5333 qui
883 5266 949 5321 ὧν
998 5266 1117 5335 pro
1147 5269 1211 5323 ὧν
1266 5266 1547 5341 legeraLin
1599 5268 1703 5321 illis
1734 5268 1909 5341 verbis
1936 5271 2083 5341 ᾆςρχή

501 5336 628 5391 ὁδῶν
657 5341 870 5411 agreed;
900 5341 1036 5407 ἡμῖν,
1072 5341 1120 5392 ἐν
1147 5347 1207 5411 τῇ
1227 5347 1290 5409 γῇ
1322 5336 1406 5411 ὧν,
1439 5336 1619 5401 ἔδειξεν
1644 5341 1758 5407 ἡμῖν
1785 5337 1844 5411 ἐκΔ
1867 5336 2081 5411 exoraui;

502 5416 625 5479 φῶς.
667 5406 986 5477 Principium
1034 5406 1245 5462 viarum
1268 5406 1429 5461 nobis
1459 5412 1645 5476 factus,
1676 5406 1791 5460 eum
1828 5408 1882 5460 in
1932 5410 2082 5462 terris

571 5538 585 5570 '
629 5536 765 5593 Cod.
795 5539 1018 5609 \'eron.,
1047 5540 1276 5595 eruditus
1303 5540 1585 5609 apostolus,
1617 5550 1661 5593 et
1678 5539 1827 5610 legis.

544 5646 750 5770 ίζιῐῐῖῐξ
788 5658 1004 5705 exstant
1032 5650 1169 5721 apud
1200 5650 1550 5706 Athanasium
1588 5658 1716 5704 tom.
1754 5648 1792 5714 l,
1826 5663 1945 5720 pag.
1978 5647 2070 5715 99,

569 5734 581 5769 ι
614 5758 625 5769 .
748 5759 761 5770 .

497 5733 625 5771 C(Ill.
660 5733 761 5770 I5".

566 5789 610 5812 “
646 5788 798 5859 Apud
821 5790 1187 5859 Athanasium,
1220 5790 1503 5863 ibitl.,pag.
1530 5791 1645 5859 100,
1679 5789 1768 5845 ubi
1800 5788 2065 5845 Montfau-

2196 4629 2315 4668 sum
2343 4616 2393 4668 in
2430 4615 2647 4680 omium,
2677 4629 2780 4682 quo
2825 4630 3119 4684 prmcursor
3171 4632 3266 4686 pro
3295 4618 3449 4674 nobis
3503 4621 3773 4689 ingressus

2194 4713 2278 4760 est
2317 4704 2614 4760 dominicus
2646 4705 2806 4760 homo
2836 4703 2886 4773 δ,
2916 4707 2967 4761 in
2999 4722 3105 4778 quo
3140 4707 3472 4777 judicaturus
3501 4718 3585 4766 est
3624 4712 3771 4767 vivos

2191 4851 2494 4909 versaretur,
2512 4840 2674 4895 lucem
2712 4842 2854 4897 nobis
2881 4843 2944 4897 de
2972 4843 3184 4897 tenebris
3211 4844 3457 4898 exhibuit.

2264 4911 2290 4950 ι’
2331 4914 2575 4988 Κυριαριὸς
2609 4910 2894 4988 ἄχβρῳπος.
2948 4914 3252 4988 Ilominem_
3283 4914 3611 4988 dominicum
3664 4917 3769 4971 dici

2193 4982 2370 5049 aliqua
2400 4980 2604 5037 iatione
2631 4980 2901 5037 Christum
2927 4996 3081 5050 posse
3103 4997 3208 5037 non
3239 4985 3501 5039 inliciatur
3526 4989 3769 5053 Augusti~

2192 5069 2313 5117 nus,
2343 5053 2453 5116 ipSe
2478 5062 2653 5107 tamen
2678 5053 2959 5122 aliquando
2986 5068 3013 5105 a
3036 5068 3096 5107 se
3116 5053 3312 5108 dictum
3336 5066 3588 5109 retractat
3616 5057 3707 5110 lib.
3729 5074 3767 5123 t,

2191 5124 2338 5188 capJ
2351 5124 2404 5189 9,
2420 5137 2539 5177 cum
2555 5124 2621 5177 sit
2634 5124 2811 5192 utique
2829 5124 3103 5178 Dominus.
3117 5124 3285 5189 Quam
3298 5128 3459 5180 etiam
3475 5127 3543 5179 ob
3554 5142 3765 5181 causam

2191 5193 2599 5265 Apolinaristas,
2655 5194 2793 5261 quod
2826 5196 2895 5249 ita
2930 5194 3071 5263 loqui
3103 5196 3358 5265 solerent,
3389 5196 3608 5265 castigat
3631 5196 3766 5253 Gre-

2188 5264 2367 5329 gorius
2396 5263 2761 5319 Nazianzenus
2791 5266 2948 5331 epist.
2981 5265 3003 5318 1
3040 5265 3108 5319 ad
3138 5263 3451 5320 Clcdonium
3486 5286 3499 5318 :
3526 5263 3601 5327 us
3631 5270 3763 5322 ἀπαο

2188 5335 2441 5409 rarescant:
2473 5334 2660 5409 inquit,
2703 5335 2747 5409 oi
2775 5333 3049 5409 ἅνθρωποι,
3093 5334 3218 5409 μηδέ
3248 5339 3648 5402 ἆπατάσϐωσαν,
3682 5337 3765 5393 ἆν-

2187 5405 2385 5478 θρωπον
2409 5402 2555 5459 ἄνουν
2589 5402 2965 5476 δεχόμενσίτὸν
2989 5402 3241 5482 κυριακὸν,
3270 5410 3341 5468 ὡς
3373 5410 3513 5464 αὐτοὶ
3540 5410 3761 5482 λέγουσι·

2254 5536 2274 5565 ¹
2313 5533 2456 5589 Idem
2494 5534 2641 5602 cod.,
2671 5545 2786 5589 ante
2814 5536 3005 5591 omnia.

2177 5646 2364 5701 conius
2391 5646 2667 5713 legendum
2691 5646 2906 5715 conjicit
2926 5648 2976 5701 in
3000 5657 3150 5712 terra,
3178 5665 3228 5704 tn
3249 5666 3370 5714 om.
3396 5649 3576 5704 Graeca
3600 5660 3755 5703 sunt:

2175 5719 2317 5792 ἀρχὴ
2369 5716 2494 5773 ὁδῶν
2542 5720 2758 5783 κτισοείς
2791 5722 2945 5790 ἡμῶν,
2979 5721 3026 5774 ἐν
3052 5728 3112 5793 τῇ
3135 5731 3196 5797 τῇ
3229 5720 3312 5788 ὧν,
3340 5724 3452 5794 ἡμῖν
3482 5720 3679 5788 ἔδειξεν,
3705 5744 3752 5774 ιν.

2176 5810 2293 5841 Tlt-
