4094 6524
324 418 422 472 8M

324 541 379 585 et
423 536 685 585 mortuos.
729 548 747 582 ι
794 529 859 584 Εῑ
898 543 1019 599 post
1067 529 1336 599 aliquanta
1386 548 1398 583 :

325 624 406 677 lus
450 637 571 692 qum
604 624 759 677 nobis
789 622 1004 677 condita
1034 632 1117 676 est
1144 622 1211 677 ad
1244 623 1627 692 plantationem
1658 631 1923 687 nostram,

325 732 465 771 nova
495 725 580 771 est
606 724 661 770 et
688 730 793 770 non
827 726 998 780 vetus,
1029 715 1188 773 nobis
1217 723 1271 771 et
1296 731 1403 771 non
1429 715 1507 771 eis
1532 716 1622 786 qui
1653 725 1779 770 ante
1808 729 1925 779 nos,

324 811 481 863 Jesus
507 808 597 876 qui
651 808 669 839 ¹
718 809 875 878 juxta
921 807 1245 863 salvatorem
1295 807 1467 863 factus
1497 817 1581 863 est
1631 808 1811 873 homo,
1842 806 1930 876 qui

327 903 711 969 interpretatur
745 908 929 968 pastor
958 908 1005 967 ⁸,
1038 899 1204 967 salus,
1234 899 1502 955 interdum
1547 899 1707 955 etiam
1748 898 1929 953 salva-

328 1001 433 1046 tor.
478 1009 495 1043 )
540 990 948 1046 Calumnientur
988 990 1150 1060 igitur
1181 999 1235 1045 et
1276 990 1420 1055 huic,
1452 995 1703 1059 tanquam
1734 1002 1928 1044 secun-

328 1086 453 1138 dum
487 1083 789 1138 Nestorium
834 1082 1062 1135 alterum
1094 1081 1291 1137 dicenti
1322 1080 1517 1135 Filium
1547 1079 1663 1146 Dei,
1702 1079 1929 1133 alterum

328 1188 458 1227 vero
506 1182 748 1227 nostrum
784 1170 1057 1226 hominem
1091 1170 1274 1226 Jesum
1306 1170 1581 1226 Christum
1614 1187 1627 1223 :
1663 1169 1784 1239 quia
1818 1164 1926 1225 non

328 1265 402 1319 ait
443 1265 633 1320 Ριιευιη
671 1264 763 1319 Dei
790 1263 1138 1333 semetipsum
1170 1262 1455 1317 tradidisse
1484 1276 1580 1331 pro
1611 1260 1788 1326 nobis,
1821 1262 1929 1314 sic-

332 1365 386 1408 ut
430 1355 716 1425 Apostolus
765 1353 934 1416 dixit;
986 1352 1079 1406 sed
1111 1352 1287 1419 potius
1336 1352 1460 1419 quia
1510 1351 1674 1406 Filius
1705 1351 1926 1406 descen-

331 1448 463 1501 dens
492 1462 557 1499 ex
582 1446 701 1499 sinu
738 1444 911 1499 Patris
939 1444 1232 1511 assumpsit
1260 1453 1504 1497 nostrum
1534 1442 1804 1497 hominem
1836 1442 1927 1497 Je-

333 1554 450 1592 sum
501 1536 773 1591 Christum
810 1554 822 1588 :
857 1536 1055 1605 quem?
1106 1536 1208 1590 hoc
1253 1535 1397 1606 quod
1444 1534 1518 1591 ait
1561 1537 1581 1568 '
1624 1536 1929 1591 dominicus

333 1632 515 1695 homo,
543 1632 593 1683 in
617 1645 723 1699 quo
745 1629 1081 1698 judicaturus
1109 1638 1191 1683 est
1215 1628 1371 1682 vivos
1393 1639 1447 1682 et
1474 1637 1714 1681 mortuos
1732 1669 1745 1692 ,
1776 1629 1928 1696 quasi

331 1725 489 1779 devio
520 1738 680 1779 sensu
708 1722 938 1777 alterum
970 1720 1234 1791 putaverit
1265 1721 1552 1775 Dominum
1585 1721 1801 1787 Filium,
1835 1723 1925 1790 qui

329 1816 662 1885 judicaturus
686 1814 928 1868 estvivos
946 1823 1286 1875 etmortuos;
1318 1811 1545 1865 alterum
1578 1826 1705 1866 vero
1746 1811 1922 1865 donti-

1186 414 1320 470 PRO
1359 413 1791 471 DEFENSIONE
1835 416 2053 472 TRIUM
2094 418 2407 476 C\PiTUL.
2455 420 2583 476 LIB.
2634 422 2720 478 XI.

3514 426 3619 483 809

1448 548 1467 582 ‹
1514 532 1533 551 "
1568 530 1640 584 Ea
1672 546 1800 586 vero
1830 546 1914 586 sa-
1944 535 1992 592 Α
2024 552 2124 608 qua
2172 538 2380 591 ratione
2422 537 2525 592 sub
2563 536 2909 593 anathemate
2937 538 3299 595 condemnato
3332 540 3619 598 Theodoro

2034 628 2256 697 ejusque
2300 627 2666 697 dogmatibus,
2706 628 2987 684 Athanasii
3034 631 3203 700 possit
3232 631 3474 686 doctrina
3519 632 3627 687 de-

2036 719 2201 785 fendi,
2233 719 2278 773 si
2315 718 2609 773 secundum
2649 718 2936 773 verborum
2980 734 3166 786 sonos,
3201 730 3255 776 et
3285 737 3391 776 non
3430 738 3623 777 secun-

2034 809 2160 864 dum
2188 809 2380 863 mentis
2412 807 2763 865 intentionem
2802 809 3090 879 judicanda
3131 822 3253 866 sunt
3283 812 3421 866 dicta
3450 813 3621 883 majo-

2033 902 2188 957 rum?
2224 911 2276 956 ct
2308 900 2537 955 doceant
2568 916 2686 969 quae
2728 902 2950 956 mutatio
2992 903 3043 956 in
3075 903 3289 958 homine
3319 904 3445 957 Jesu
3483 902 3621 958 facta

2034 1004 2139 1063 est,
2166 1004 2271 1048 non
2302 994 2521 1048 mutatis
2546 994 2828 1059 essentiis;
2855 994 2936 1048 vel
2962 1008 3083 1064 quae
3106 995 3158 1049 in
3184 995 3274 1050 illo
3295 997 3467 1050 studia
3492 996 3621 1065 ipsis

2034 1087 2380 1143 manentibus
2422 1085 2673 1142 essentiis
2717 1102 2824 1141 non
2870 1098 3201 1143 manserunt.
3250 1087 3378 1143 Haec
3405 1089 3545 1143 eiiim
3576 1089 3619 1141 si

2034 1177 2350 1233 Theodorus
2395 1177 2726 1232 inveniretur
2764 1177 2991 1245 dixisse,
3020 1179 3096 1233 sic
3124 1194 3245 1234 eum
3289 1181 3621 1234 detestaretu-

2034 1276 2141 1334 tur,
2172 1267 2324 1337 quasi
2369 1267 2643 1322 Christum
2673 1282 2702 1321 a
2736 1267 2997 1336 pravitate
3025 1267 3149 1321 vita:
3175 1276 3232 1322 et
3261 1284 3289 1320 a
3320 1267 3477 1321 malis
3504 1278 3621 1321 stu-

2038 1360 2144 1416 diis
2175 1363 2240 1415 ad
2273 1361 2499 1417 meliora
2529 1359 2704 1415 studia
2735 1361 3084 1430 praedicasset
3111 1377 3232 1418 esse
3260 1377 3581 1416 conversum
3607 1380 3619 1414 :

2034 1452 2176 1522 quod
2200 1452 2526 1508 Athanasius
2556 1452 2802 1523 profecto
2828 1467 2935 1507 non
2961 1452 3150 1519 sensit,
3169 1463 3224 1509 et
3248 1453 3388 1507 absit
3413 1469 3440 1505 a
3466 1454 3621 1507 nobis

2036 1556 2093 1600 ut
2137 1547 2238 1602 hoc
2280 1548 2427 1602 illum
2476 1546 2714 1602 sensisse
2763 1547 3068 1612 credamus,
3114 1545 3255 1616 quod
3302 1562 3407 1599 non
3449 1546 3620 1600 solum

2034 1637 2303 1706 personali
2323 1636 2611 1707 divisione,
2638 1637 2778 1692 sicut
2804 1636 3103 1703 Nestorius,
3141 1636 3410 1690 hominem
3442 1635 3622 1691 Jesum

2033 1744 2061 1781 a
2106 1727 2218 1783 Deo
2259 1727 2456 1793 Verbo,
2499 1743 2683 1784 verum
2735 1728 2899 1784 etiam
2943 1728 3133 1783 studiis
3174 1743 3279 1781 non
3329 1727 3485 1782 bonis
3523 1728 3621 1781 ali-

2033 1822 2247 1890 quando
2292 1827 2508 1889 putaret
2548 1819 2716 1876 fuisse
2761 1820 3034 1874 ditisum!
3069 1820 3233 1875 Porro
3277 1829 3332 1874 et
3365 1820 3465 1873 hoc
3495 1819 3619 1873 ulti-

333 1905 401 1959 ni.
422 1921 508 1958 um
537 1904 829 1966 hominem,
858 1903 911 1955 in
934 1917 1039 1970 quo
1065 1899 1407 1971 judicaturus
1434 1912 1536 1956 est.
1569 1900 1919 1955 Calumnien-
1955 1913 2000 1973 Β
2030 1927 2198 1977 mum,
2243 1919 2298 1967 ει
2347 1912 2452 1966 alia
2482 1910 2503 1941 δ
2524 1911 2640 1980 eius
2686 1912 2967 1981 superiora
3013 1926 3135 1981 qua,
3180 1911 3621 1974 memoravimus,

333 2008 418 2051 tur
442 1995 601 2051 etiam
625 1996 766 2066 quod
799 1994 1046 2049 similiter
1073 1994 1167 2059 ait,
1198 1992 1354 2049 Jesus
1383 1994 1608 2063 est,.qui
1644 1992 1796 2061 juxta
1824 1993 1929 2047 sal-

332 2098 569 2143 vatorem
599 2088 769 2143 factus
799 2096 881 2143 est
912 2087 1093 2152 homo,
1125 2086 1370 2141 dicentes
1391 2087 1533 2155 quod
1561 2100 1623 2140 ex
1652 2101 1717 2141 eo
1744 2085 1930 2141 Jesum

334 2198 363 2235 a
406 2183 675 2238 salvatore
716 2182 981 2247 diviserit,
1005 2180 1258 2251 quoniam
1284 2194 1407 2235 eum
1426 2179 1576 2248 juxta
1600 2178 1929 2232 salvatorem

335 2277 509 2346 potius
532 2292 691 2347 quam
731 2276 1051 2330 salvatorem
1079 2273 1233 2328 dixit.
1263 2270 1493 2339 Scripsit
1530 2270 1690 2325 etiam
1732 2270 1930 2326 librum

332 2378 517 2423 contra
564 2369 882 2422 Illanichazos
922 2365 972 2431 δ,
1015 2366 1168 2434 cujus
1204 2363 1524 2434 principium
1572 2370 1653 2416 cst
1685 2377 1698 2413 :
1732 2358 1933 2414 Dissol-

334 2460 401 2511 vit
432 2474 654 2511 errorem
700 2460 904 2522 veritas,
952 2454 1005 2509 in
1051 2470 1158 2524 quo
1206 2454 1285 2510 sic
1327 2453 1445 2508 ait:
1477 2471 1496 2505 ι
1523 2451 1748 2519 Quando
1785 2452 1930 2506 enim

337 2550 611 2603 hominem
659 2548 842 2603 Jesum
876 2546 1058 2613 video,
1092 2546 1334 2615 intelligo
1363 2544 1539 2615 qualis
1574 2555 1686 2608 est;
1719 2542 1933 2613 quando

334 2652 517 2696 autvm
550 2640 772 2696 modum
804 2638 1175 2708 contemplor,
1203 2636 1443 2692 admiror
1472 2650 1645 2705 neque
1675 2650 1931 2705 agnosco,

337 2734 560 2788 mutatio
604 2732 802 2802 quippe
841 2728 1255 2785 admirationem
1286 2736 1525 2799 praestat.
1570 2726 1635 2779 Et
1676 2725 1932 2779 essentia:

335 2825 554 2896 quidem
604 2832 824 2878 mutata:
873 2838 979 2878 non
1028 2830 1178 2889 sunt,
1212 2829 1397 2875 manet
1424 2819 1566 2873 enim
1594 2831 1796 2887 corpus
1825 2831 1930 2874 non

335 2917 563 2972 alterum
587 2915 835 2971 effectum
865 2933 877 2968 :
904 2929 1077 2984 neque
1100 2913 1244 2968 enim
1262 2924 1458 2981 corpus
1478 2909 1532 2965 in
1560 2911 1932 2979 incorporeum

336 3024 554 3063 versum
580 3018 685 3075 est,
720 3022 894 3077 neque
920 3006 1100 3060 anima
1129 3005 1299 3059 altera
1332 3018 1429 3074 per
1455 3003 1744 3059 essentiam
1771 3002 1936 3057 exsti-

335 3103 417 3153 tit.
448 3100 552 3155 Sed
586 3099 925 3154 manentibus
966 3096 1220 3152 essentiis
1249 3095 1425 3150 studia
1456 3109 1562 3149 non
1595 3101 1931 3150 manserunt.

333 3190 686 3260 Nequaquam
729 3189 873 3244 enim
914 3186 1224 3243 essentialia
1267 3192 1392 3240 sunt
1423 3184 1777 3238 studiaznam
1819 3197 1931 3237 ma-

2038 2004 2428 2058 intellectorem
2469 2012 2737 2072 quaerunt.
2769 2001 2901 2056 Nam
2929 2017 3055 2056 cum
3097 2003 3190 2056 Dei
3220 2002 3488 2071 adjutorio
3532 2005 3623 2057 de-

2039 2092 2327 2147 fenduntur
2350 2091 2518 2146 multo
2544 2091 2749 2146 facilius
2770 2107 2929 2161 quam
2955 2092 3071 2159 ipse
3095 2092 3278 2146 beatus
3302 2091 3405 2146 Atii
3427 2092 3625 2145 unasius

2037 2184 2277 2255 Dionysii
2308 2184 2390 2239 sui
2419 2184 2721 2239 decessoris
2750 2183 2895 2238 dicta
2937 2181 3199 2237 defendit.
3236 2181 3305 2235 Et
3347 2196 3626 2249 possemus

2034 2278 2251 2348 quidem
2282 2278 2395 2331 hmo
2425 2277 2561 2347 ipsa,
2594 2289 2691 2346 pro
2737 2274 2985 2329 facultate
3016 2288 3173 2343 quam
3204 2272 3461 2326 Dominus
3492 2286 3621 2342 pra-—

2035 2378 2160 2437 stat,
2185 2367 2455 2439 quomodo
2484 2375 2629 2420 recte
2661 2365 3027 2435 intelligantur
3055 2363 3362 2429 ostendere,
3395 2371 3452 2416 et
3479 2362 3627 2417 beni-

2034 2477 2140 2532 gno
2190 2475 2254 2515 ac
2298 2459 2386 2528 pio
2434 2458 2579 2512 Patri
2631 2457 2768 2511 hanc
2812 2457 2863 2510 in
2902 2456 3016 2509 suis
3054 2454 3211 2510 dictis
3250 2452 3412 2508 ofﬁcii
3454 2452 3623 2508 vicem

2036 2552 2340 2618 redhibere,
2375 2550 2515 2620 quod
2551 2550 2665 2619 ipse
2692 2550 2838 2618 prius
2867 2550 2920 2601 in
2957 2547 3114 2602 dictis
3148 2545 3386 2616 Dionysii
3418 2545 3502 2598 sui
3533 2544 3621 2599 de-

2034 2644 2266 2699 cessoris
2293 2642 2565 2707 exhibuit;
2612 2641 2715 2695 nisi
2764 2641 2885 2710 quia
2934 2639 3151 2707 longum
3193 2646 3297 2704 est,
3339 2645 3396 2691 et
3438 2637 3489 2689 in
3522 2636 3621 2689 hoc

2034 2747 2200 2802 opere
2223 2746 2331 2787 non
2356 2732 2555 2801 scripta
2586 2729 2971 2785 venerabilium
3004 2727 3220 2782 Patrum
3251 2726 3619 2795 interpretari,

2033 2826 2129 2882 sed
2180 2825 2641 2896 Eutycbianorum
2684 2823 2983 2879 calumnias
3034 2836 3133 2891 pro
3177 2834 3370 2890 magna
3417 2820 3623 2889 synodo

2034 2917 2315 2973 confutare
2347 2916 2713 2986 suscepimus;
2742 2929 2969 2985 quarum
3002 2912 3295 2982 repulsioni
3321 2910 3541 2974 sufﬁcit,
3577 2912 3619 2964 si

2036 3011 2161 3066 talia
2186 3011 2268 3066 vel
2298 3010 2605 3065 difficiliora
2630 3009 2713 3062 his
2735 3022 2833 3078 pro
2852 3005 3045 3077 quibus
3066 3004 3133 3059 ab
3155 3018 3219 3059 ea
3240 3004 3427 3058 dicunt
3446 3002 3623 3058 Theo-

2034 3101 2226 3156 dorum
2256 3110 2309 3155 et
2348 3099 2466 3170 ejus
2494 3099 2840 3153 laudatricem
2872 3096 3154 3166 epistolam
3185 3093 3439 3149 debuisse
3468 3094 3621 3147 dam-

2038 3194 2176 3260 nari,
2214 3192 2563 3248 ostendantur
2601 3191 2677 3245 illi
2732 3190 2918 3244 Patres
2962 3187 3182 3251 dixisse,
3225 3200 3359 3256 quos
3405 3184 3623 3255 culpare

335 3292 529 3339 nerent
551 3298 674 3339 cum
704 3283 980 3348 essentiis,
1012 3289 1067 3336 et
1096 3294 1201 3334 non
1233 3276 1595 3335 auferrentur.
1619 3296 1638 3331 ι
1668 3277 1724 3334 Si
1751 3276 1931 3331 omnia
1960 3277 2006 3341 C
2037 3303 2144 3344 non
2178 3288 2395 3344 andem,

333 3392 457 3445 qua:
488 3389 584 3443 pro
614 3388 707 3427 sua
739 3372 1029 3427 Stoliditate
1057 3370 1224 3425 nostri
1258 3378 1673 3439 praesumptores
1703 3381 1803 3423 nec
1840 3366 1934 3422 de-

337 3464 563 3520 fendere
591 3479 689 3519 nec
720 3463 1023 3532 intelligere
1054 3462 1192 3516 bene
1222 3459 1515 3529 potuerint,
1562 3474 1661 3528 pro
1700 3458 1935 3526 ipsorum

342 3556 621 3611 voluntate
650 3553 950 3609 damnanda
983 3560 1108 3607 sunt
1136 3570 1147 3604 :
1174 3549 1443 3620 quomodo
1476 3563 1580 3603 non
1627 3548 1789 3603 etiam
1836 3548 1937 3601 ista

339 3648 646 3704 damnanda
676 3646 863 3702 sunt"!
891 3653 982 3699 aut
1009 3645 1054 3700 si
1083 3644 1198 3698 haec
1224 3642 1365 3698 bene
1392 3641 1691 3710 intelligere
1718 3647 1940 3706 possunt

337 3752 501 3811 atque
530 3740 841 3805 defendere,
880 3754 977 3793 cur
1006 3754 1113 3792 non
1154 3737 1316 3792 etiam
1363 3735 1452 3789 illa
1495 3732 1786 3798 Theodori,
1819 3747 1939 3802 qua:

339 3835 395 3889 in
444 3832 635 3905 synodi
679 3829 1138 3887 Chalcedonensis
1185 3826 1551 3897 prmjudicium
1590 3822 1937 3892 culpantur‘,

338 3925 482 3981 bene
527 3925 834 3994 intelligunt
866 3934 1028 3992 atque
1058 3918 1391 3976 defendunt?
1434 3918 1569 3972 Ecce
1612 3916 1941 3971 Athanasius

342 4020 446 4072 hoc
479 4018 641 4071 etiam
689 4014 843 4079 dicit,
877 4013 1001 4083 quia
1031 4025 1149 4065 cum
1200 4008 1418 4070 modum
1463 4005 1858 4076 contemplatur
1888 4005 1940 4059 in

343 4108 565 4169 homine
593 4108 745 4174 Jesu,
778 4104 1095 4168 admiratur,
1128 4114 1304 4169 neque
1331 4098 1592 4168 agnoscit,
1621 4111 1688 4151 eo
1719 4096 1859 4166 quod
1890 4097 1941 4151 ei

341 4200 567 4269 mutatio
614 4193 1025 4251 admirationem
1073 4200 1313 4263 praestat.
1362 4189 1551 4243 Dicant
1599 4200 1728 4255 ergo
1784 4185 1941 4240 nobis

340 4358 531 4431 μᾶλλρν
629 4357 712 4431 τρν
736 4354 913 4430 Κύμον
932 4352 1071 4431 figit?
1095 4350 1179 4430 θεαὶ
1208 4343 1378 4431 Θιόνίτ
1413 4341 1497 4426 Αἶα
1526 4341 1658 4431 ιιιὶορ
1681 4342 1943 4425 decipiam

341 4413 576 4479 ‘homines
597 4426 704 4488 isti,
727 4413 819 4476 πρὸ
844 4413 1294 4493 ipsidecipiantur,
1327 4414 1577 4469 hominem
1608 4413 1937 4493 dominicum,

339 4507 398 4550 ut
424 4498 521 4566 ipsi
536 4482 836 4559 loquuntur,
855 4482 931 4545 uel
954 4482 1121 4566 potius
1143 4482 1419 4541 Dominum
1441 4496 1669 4539 nostrum
1680 4492 1729 4537 et
1754 4482 1940 4553 Deum,

341 4564 527 4621 mentis
555 4575 808 4636 expertem
839 4564 1153 4630 proﬁtentes.

2641 3394 2867 3451 CAPUT
2907 3394 2991 3449 Ill.

2042 3513 2194 3583 Quod
2229 3510 2619 3579 Amphilochius
2650 3507 2933 3583 Ifoiiiensis
2978 3506 3166 3583 similia
3204 3504 3360 3583 etiam
3388 3503 3452 3556 iis
3501 3500 3627 3555 scri-

2238 3576 2396 3652 pserit
2425 3596 2541 3651 quia
2572 3583 2624 3634 in
2663 3579 2932 3632 Theodoro
2960 3576 3426 3645 reprehenduntur.

2114 3716 2277 3785 Igitur
2314 3721 2372 3768 et
2416 3726 2481 3766 ex
2522 3711 2678 3766 dictis
2719 3710 2864 3765 beati
2894 3706 3263 3777 Amphilocbii
3308 3704 3625 3759 lconiensisc

2040 3803 2280 3878 episcopi
2306 3804 2482 3871 aliqua
2513 3801 2867 3870 proferamus,
2896 3812 3057 3868 quem
3105 3806 3161 3852 et
3196 3795 3628 3865 sapientissimus

2041 3902 2275 3958 Joannes
2305 3895 2674 3953 Antiochenus
2702 3906 2825 3947 cum
2865 3887 3118 3944 orientali
3158 3886 3389 3941 concilio
3429 3887 3627 3955 proba-

2043 3998 2310 4054 tissimum
2365 3994 2644 4050 doctorem
2704 3985 3113 4060 pronuntiavit,
3171 3993 3227 4036 et
3280 3982 3629 4050 imperatores

2044 4088 2330 4144 Gratianus
2358 4094 2412 4142 et
2438 4083 2647 4153 major6
2671 4080 3006 4136 Theodosius
3040 4077 3196 4130 talem
3225 4073 3627 4144 judicavernnt,

2042 4194 2102 4241 ut
2151 4182 2527 4254 praeciperent,
2576 4178 2716 4233 sicut
2758 4180 2952 4246 quarto
2998 4170 3134 4227 libro
3175 4166 3628 4227 memoravimus,

2044 4355 2201 4408 quam
2234 4338 2288 4393 in
2321 4334 2536 4390 nomine
2563 4331 2693 4408 Jesu
2718 4328 2858 4398 quod
2887 4328 2972 4408 hic
3001 4337 3281 4408 perperam
3315 4317 3627 4408 verbisilljs

2045 4389 2435 4469 iiftliiaihést,
2467 4419 2564 4459 nec
2595 4389 2789 4465 legitur
2809 4398 2975 4472 apud
3004 4389 3374 4472 Serapionem,
3419 4389 3523 4472 .qui
3563 4389 3629 4472 de

2046 4459 2457 4539 iisti-{ominibus
2502 4459 2705 4527 tantum
2738 4470 2840 4540 agit
2860 4459 2976 4538 'qui
3020 4482 3046 4519 a
3070 4459 3266 4540 pravis
3296 4461 3536 4540 moril-nts
3564 4459 3628 4539 ad

2049 4530 2273 4607 meliora
2284 4530 2473 4602 studia
2502 4530 2923 4606 convertuntur;
2943 4530 3092 4607 quod
3115 4535 3196 4607 de_
3211 4532 3424 4607 Christo
3447 4530 3624 4607 Domi:

419 4647 445 4674 ⁸
486 4637 540 4691 In
574 4601 781 4699 Gi‘lasco,
799 4601 870 4692 arri
893 4601 981 4704 μέν
1008 4631 1258 4703 σωτηρία,
1285 4623 1427 4704 ari-di
1459 4628 1655 4697 σωτήρ,
1673 4621 1934 4704 interdum

2046 4601 2378 4691 iib'éégtate
2407 4617 2628 4685 impium
2656 4620 2758 4692 est.
2782 4601 2972 4677 Quare
2987 4604 3237 4663 Facundo
3262 4602 3514 4671 imposuit
3540 4601 3628 4669 qui

345 4697 801 4768 salus,interdum
828 4697 1065 4758 salvator
1089 4716 1104 4754 :
1134 4697 1300 4767 quare
1328 4697 1415 4750 hic
1437 4707 1717 4768 perperam
1743 4702 1936 4761 pastor.

417 4777 446 4817 δ
487 4765 649 4832 Tituli
675 4775 854 4845 hujus,
876 4774 960 4827 vel
984 4765 1209 4836 exordii,
1234 4769 1410 4845 nullus
1433 4767 1591 4845 hodie
1613 4765 1943 4845 liberexstat

339 4849 649 4904 Athanasii.
681 4835 941 4914 congruit
970 4853 1147 4914 autem
1176 4835 1231 4894 et
1257 4839 1463 4914 titulus,
1493 4844 1547 4890 et
1572 4836 1851 4914 exordium
1879 4835 1943 4888 li-

336 4921 447 4974 bro
459 4918 770 4986 Serapionis
780 4904 1054 4971 'IYhmucos
1067 4910 1302 4986 episcopi
1326 4908 1581 4986 adversus
1600 4904 1939 4986 Manichgeos,

336 4994 393 5043 in
429 4975 607 5058 eoque'
630 4997 756 5041 sunt
784 4989 942 5058 verba
975 4975 1320 5058 qum-recitat
1345 4976 1645 5058 Facundusﬂ,
1677 4984 1733 5030 et
1760 4975 1947 5058 tribuit.

334 5044 665 5117 Athanasio.
701 5060 808 5113 Sed
834 5044 1006 5111 levior
1037 5054 1091 5106 in
1120 5049 1354 5105 auctoris
1382 5048 1598 5103 nomine
1621 5048 1765 5100 fraus
1785 5044 1948 5099 fuerit

421 5197 439 5228 ⁸
481 5194 611 5248 Cod.
637 5193 862 5259 Veron.,
878 5188 1027 5243 Jesus
1055 5192 1149 5251 est,
1172 5182 1281 5254 qui.
1302 5180 1504 5236 Textus
1526 5178 1742 5234 Graecus
1763 5174 1945 5243 habet,

362 5280 797 5393 “3030:5333”
826 5331 1006 5385 Jesum
1035 5323 1317 5385 Christum,
1348 5335 1495 5388 quem
1514 5334 1617 5393 pro
1651 5314 1798 5393 nobis
1840 5326 1946 5393 tra-

336 5386 749 5475 dsau'ﬁésiiatiil
764 5386 1173 5458 rCalumnientur
1197 5402 1243 5449 et
1267 5386 1369 5447 hoc
1387 5386 1635 5459 quodait,
1658 5386 1944 5441 dominicus

357 5495 523 5543 tomo,
551 5487 654 5532 etc.

424 5616 447 5639 '
485 5609 842 5671 Athanasius,
875 5604 1029 5668 ihid.,
1076 5615 1197 5671 pag.
1228 5594 1433 5677 I_0l,_'t{
1461 5590 1942 5677 oé,zjrm?rtaa_nufv

334 5690 427 5749 εἷς
458 5684 816 5756 καταφὺτευμα
839 5666 1091 5756 σωτηρίαξ
1118 5666 1278 5755 nam.
1297 5671 1377 5720 καὶ
1416 5669 1475 5752 ςιὺ
1496 5666 1716 5749 autem},
1735 5666 1855 5735 ἡμῖν
1884 5678 1939 5744 re

338 5734 439 5815 xa:l
459 5760 515 5812 οε)
540 5734 640 5830 πρὸ
659 5734 819 5820 suis.
841 5734 1039 5806 ’lnaoii;
1067 5743 1229 5803 ἐστιν.
1260 5737 1285 5828 ᾇ
1305 5737 1437 5823 κριτά
1472 5734 1555 5787 τὸν
1576 5740 1790 5830 ξῒωτήραέ
1802 5734 1944 5817 ,γενό-

338 5799 571 5815 Mm-..-
736 5799 819 5810 νη.
863 5799 968 5805 -.η
1018 5799 1032 5806 -
1218 5799 1226 5803 .
1718 5799 1729 5805 ,

336 5848 505 5901 μενος
526 5799 785 5902 ἆνιόρτυξθς
808 5820 861 5880 ὃς
887 5820 1184 5893 ἓρμήνενται
1205 5814 1274 5867 πή
1289 5810 1376 5878 μέν
1401 5807 1651 5883 σωτηρίᾳ,
1673 5807 1743 5858 πή
1763 5799 1814 5855 δέ
1839 5820 1943 5853 σω-

502 5899 516 5902 -
542 5899 550 5902 _
748 5892 777 5902 ..
1179 5881 1271 5902 _L:-
1303 5880 1353 5902 :..
1389 5875 1748 5902 ..1-..η-σηιηηηι
1780 5871 1918 5902 ιηΙυο

740 5871 921 5944 ὀλῶ
946 5871 1104 5959 ’νδ-νο
1133 5871 1355 5937 nobisin
1388 5871 1751 5945 plantationem
1779 5871 1941 5936 salus,

2047 4696 2190 4750 hunc
2208 4682 2268 4746 Ei
2296 4692 2466 4743 locum
2486 4682 2784 4756 suggessit.

2127 4739 2684 4827 Sotiaa'éapenughe
2714 4750 3007 4827 Athanasio
3034 4749 3232 4827 dictum
3261 4753 3365 4827 est...
3394 4741 3535 4827 idem
3564 4739 3630 4793 de

2049 4813 2427 4902 Amphilochio
2474 4828 2527 4882 in
2576 4825 2661 4881 his
2705 4818 3149 4902 ejosusententiis
3198 4813 3626 4902 intelligendum,

2049 4893 2184 4959 duas
2212 4902 2267 4956 in
2295 4900 2514 4956 Christo
2556 4906 2775 4951 naturas
2804 4893 3129 4958 distinguere
3151 4928 3170 4959 ,Α
3196 4900 3301 4959 no_n
3350 4894 3627 4959 personas.

2052 4951 2561 5029 ﬁoc'enim—diserte
2591 4967 2861 5035 professus
2886 4951 3048 5016 estvin
3090 4955 3313 5035 epistola
3345 4953 3410 5006 ad
3439 4951 3630 5035 Sciet):

2052 5027 2215 5108 cium,
2248 5058 2405 5116 quam
2439 5040 2566 5095 citat
2592 5027 2870 5098 Leontius,
2893 5037 2983 5091 τήν
3022 5035 3110 5086 τοῦ
3142 5032 3270 5082 Θεοῦ
3295 5027 3519 5097 μορφήν,
3550 5027 3631 5075 καὶ

2123 5180 2145 5212 ³
2164 5179 2304 5241 Idem
2328 5176 2473 5243 cod.,
2503 5176 2835 5230 damnentur.

2122 5250 2145 5282 ⁸
2162 5251 2304 5305 Idem
2328 5249 2473 5314 cod.,
2498 5246 2727 5313 culpant.

2120 5322 2141 5353 ⁸
2168 5321 2311 5375 Idem
2336 5318 2481 5382 cod.,
2511 5317 2624 5370 illa.

2119 5393 2140 5424 ⁸
2159 5391 2303 5446 Idem
2329 5379 2479 5453 cod.,
2509 5395 2555 5442 et
2582 5381 2971 5440 Valentinianus
2993 5386 3037 5433 et
3062 5379 3246 5448 major.

2045 5580 2177 5618 nova
2200 5571 2245 5617 et
2274 5579 2376 5616 non
2417 5562 2647 5631 antiqua,
2674 5557 2817 5631 nobis
2845 5563 2891 5610 et
2917 5571 3016 5608 non
3043 5562 3161 5631 ante
3190 5566 3299 5613 nos,
3330 5548 3487 5602 Iesus
3505 5550 3632 5631 ξεῖ.

2044 5617 2132 5704 qui
2172 5644 2436 5704 quatenus
2463 5617 2912 5704 Salvator,_factu_s_
2949 5634 3022 5679 est
3069 5627 3219 5704 homo
3251 5637 3268 5675 :
3292 5634 3407 5704 qua:
3431 5617 3634 5704 quidem

2046 5688 2166 5771 uox,
2180 5688 2353 5769 lesus,
2368 5702 2645 5769 aliquando
2665 5688 2826 5771 salus,
2843 5695 3118 5771 aliquando
3141 5695 3364 5749 salvator
3381 5688 3632 5743 redditur.

2050 5767 2183 5832 llinc
2208 5767 2645 5830 Facundi'vcrsio
2675 5767 3039 5823 reformanda.
