4094 6536
280 364 385 421 885
1166 359 1299 416 PRO
1340 353 1770 414 DEFENSIONE
1809 349 2023 406 TRIUM
2063 347 2377 404 CAPITUL.
2413 343 2540 400 LIB.
2588 343 2674 397 XI.
3465 337 3565 390 8136

283 477 709 532 ueniesticorum
739 475 996 531 Ecclesiae
1023 472 1292 538 doctrina,
1322 471 1407 527 vel
1436 471 1480 527 si
1513 470 1565 526 in
1609 467 1875 538 aliquibus
1906 481 1920 524 ε

2022 475 2108 514 nm
2155 461 2383 526 primum
2425 455 2603 522 Jesus,
2653 463 2705 511 et
2751 463 2937 523 postea
2971 449 3234 508 Verbum?
3276 463 3402 504 nunt
3433 458 3560 504 antr-

287 571 638 629 ostendantur
687 585 922 635 errasse,
955 583 1060 624 non
1101 582 1201 639 pro
1245 567 1325 624 eis
1353 562 1762 622 condemnanda
1793 569 1880 616 est
1983 553 2140 622 quior
2169 566 2296 607 caro
2328 564 2488 619 quam
2516 546 2804 603 divinitas?
2840 561 2963 600 num
3007 552 3131 599 ante
3156 542 3340 597 mundi
3368 541 3566 639 consti-

289 628 436 722 velut
461 664 736 720 barretiea.
909 628 919 635 1
1103 628 1120 639 ’
1983 643 2241 698 tutionem
2298 640 2514 696 Gabriel
2554 638 2622 693 ad
2668 637 2888 692 Mariam
2931 633 3350 705 evangelizavit?
3385 628 3576 687 Nonne

1984 735 2078 790 ille
2108 734 2270 788 homo
2316 733 2408 803 qui
2436 733 2586 801 juxta
2614 729 2887 785 Christum
2926 736 3031 795 est,
3076 727 3176 782 sub
3215 724 3430 781 Caesare
3461 727 3574 780 Au-

1982 838 2138 899 gusto
2161 825 2478 895 principium
2497 821 2865 894 generationis
2885 820 3124 889 accepit?
3141 818 3376 874 Verbum
3399 827 3572 873 autem

1991 918 2043 972 in
2079 916 2346 988 principio
2387 924 2504 971 erat
2550 914 2692 969 Deus
2730 922 2785 968 et
2828 927 2925 968 rex
2975 919 3162 967 noster
3191 919 3317 965 ante
3357 909 3573 976 saecula,

1991 1007 2288 1064 secundum
2317 1006 2463 1077 quod
2505 1017 2563 1071 et
2587 1005 2868 1076 prophetia
2910 1004 3250 1060 testificatur.
3284 1003 3397 1056 Non
3427 1001 3579 1057 vides

1991 1102 2208 1172 qualem
2248 1101 2616 1155 confusionem
2665 1111 2879 1152 sursum
2926 1108 3086 1164 atque
3131 1095 3404 1172 deorsum,
3432 1085 3610 1164 juxta.

1991 1171 2373 1260 proverbium,
2407 1203 2717 1244 commoves
2752 1186 2926 1241 Verbo
2968 1185 3102 1240 Dei?
3133 1171 3580 1255 Quinquagesima

1990 1290 2111 1350 post
2162 1279 2466 1348 passionem
2515 1278 2631 1332 dies
2677 1277 2801 1343 fuit,
2845 1276 3058 1345 quando
3099 1276 3214 1335 haec
3257 1277 3322 1330 ad
3370 1275 3581 1349 Judaeos

1990 1369 2413 1424 concionabatur
2456 1368 2650 1424 Petrus
2692 1367 2920 1423 dicens:
2951 1367 3206 1434 Quoniam
3250 1368 3387 1421 hunc
3431 1384 3581 1434 quem

1991 1475 2077 1514 vos
2105 1459 2458 1528 cruciﬁxistis,
2483 1458 2744 1512 Christum
2769 1466 2815 1513 et
2838 1456 3116 1530 Dominum
3146 1456 3285 1512 Deus
3307 1458 3423 1526 fecit
3444 1458 3560 1528 (Act

1995 1566 2057 1616 ιι,
2082 1549 2170 1620 56)
2186 1551 2207 1604 ?
2223 1550 2338 1604 Non
2355 1549 2586 1605 attendis
2601 1548 2843 1602 ordinem
2865 1547 3170 1613 verborum,
3199 1548 3324 1616 quid
3355 1547 3582 1616 primum

895 816 1121 872 CAPUT
1182 817 1269 872 IV.

293 951 446 1018 Quod
473 953 528 1006 in
555 951 790 1022 Gregorii
829 951 972 1022 libris
1024 952 1269 1005 adversus
1324 949 1636 1022 Eunomia»;
1691 948 1883 1003 simii'ia

363 1033 558 1078 exstent
587 1025 650 1077 iis
661 1019 787 1094 'qure
815 1023 867 1076 in
893 1021 1149 1077 Theodori
1176 1022 1319 1076 fibris
1347 1019 1810 1091 reprehenduntur.

369 1159 564 1214 Verum
591 1157 719 1228 quid
747 1157 906 1210 etiam
937 1164 1156 1211 sanctus
1177 1152 1470 1224 Gregorius
1498 1153 1644 1206 dicat
1665 1151 1718 1204 in
1749 1149 1886 1204 libro

295 1253 556 1308 adversus
589 1251 906 1306 Eunomium
933 1249 1135 1304 tertioa
1166 1246 1520 1317 proferamus.
1561 1263 1579 1297 ι
1601 1243 1783 1313 Neque
1813 1241 1888 1296 vi-

301 1346 502 1412 vificat,
541 1344 734 1414 inquit,
776 1341 1039 1396 Lazarum
1083 1339 1316 1394 humana
1359 1347 1570 1405 natura,
1604 1349 1778 1404 neque
1801 1334 1888 1403 ja-

296 1449 508 1492 contem
538 1435 803 1506 lacrymat
825 1431 1174 1503 impassibilis
1193 1439 1465 1500 potestas;
1495 1427 1589 1482 sed
1615 1427 1886 1496 proprium

297 1537 382 1583 est
411 1526 641 1580 hominis
665 1525 879 1594 quid-em
907 1524 1227 1595 lacrymare,
1255 1520 1542 1576 vivifiettio
1573 1527 1750 1573 autem
1775 1518 1890 1587 ejus

299 1635 420 1689 qm"
442 1633 628 1716 fever“
650 1617 759 1673 Vim
782 1626 882 1673 es"
910 1616 1027 1716 Νθῖξ
1065 1617 1233 1716 Ρθῗθξί
1274 1614 1438 1668 mima
1467 1613 1740 1669 homim’m
1769 1625 1892 1716 ἦθ’
1993 1613 2052 1696 et
2068 1613 2202 1711 quid
2216 1641 2510 1697 secundum
2527 1643 2577 1696 in
2597 1641 2677 1696 eis
2689 1640 3065 1710 quedicuntur
3088 1613 3320 1710 positum
3341 1613 3446 1696 sit?
3467 1640 3582 1696 Non

301 1723 415 1769 Stas
444 1712 712 1778 humana;
741 1725 846 1765 non
882 1710 1052 1764 currit
1077 1709 1140 1763 ad
1186 1710 1340 1762 tieum
1373 1716 1612 1778 potestas
1638 1709 1888 1774 omnipo-

2020 1709 2138 1784 :nitn
2169 1731 2326 1799 dixit,
2351 1745 2511 1799 quem
2545 1709 2846 1785 Deusfccit
2871 1709 3190 1796 Dominum,
3222 1731 3582 1798 cruciﬁxistis;

305 1815 442 1860 “3“5'
461 1805 591 1871 Quis
618 1812 705 1906 θδξ
729 1800 979 1906 ίθίίῧδιξδ
1011 1817 1074 1856 ex
1101 1799 1328 1906 "ﬂete:
1355 1807 1408 1854 θι
1427 1797 1893 1906 ,αυίεξῖῐξθιθιξοτθ
1924 1848 1971 1906 Β
1997 1811 2092 1879 sed
2150 1797 2319 1895 quem
2346 1797 2466 1890 vos,
2495 1823 2690 1892 inquit,
2723 1823 3086 1889 crucifixistis,
3116 1815 3257 1880 hunc
3287 1824 3425 1880 Deus
3445 1797 3586 1879 Chri-

305 1912 521 1953 Omnem
545 1896 803 1950 m‘mdum
830 1895 994 1949 verbo
1017 1891 1327 1947 θθηδίῖιυίιῖ
1350 1891 1468 1962 quis
1490 1897 1574 1944 εει
1597 1890 1694 1943 is“:
1715 1885 1890 1958 5918""
1924 1885 1971 1906 υ
2004 1929 2145 1968 Stutn
2169 1885 2232 1970 et
2259 1885 2544 1969 Dominum
2569 1885 2720 1969 fecit.
2762 1932 2782 1967 ι
2835 1915 2930 1968 llic
2961 1885 3122 1970 etiam
3152 1917 3219 1972 de
3265 1916 3587 1972 incarnatio-

307 1991 406 2045 δον
445 1989 665 2060 gloriae?
695 1995 750 2042 (εί
795 1988 921 2058 quid
975 1995 1055 2041 θδί
1086 1984 1231 2055 (ιυοδ
1275 1985 1440 2040 Clam
1469 1982 1738 2068 cgnﬁwm
1779 1979 1898 2035 es”
2002 2008 2086 2061 nis
2126 2007 2326 2061 Christi
2359 2007 2618 2078 mysterio
2652 2007 2878 2075 loquens
2905 2007 3040 2061 dicit
3094 2008 3234 2076 quod
3270 2023 3396 2063 caro
3421 2008 3589 2063 susci-

311 2098 427 2153 qua:
460 2079 630 2136 forma
667 2080 721 2134 in
754 2080 1004 2148 passiOoe
1039 2079 1207 2148 alapis
1251 2078 1587 2148 percutitur?
1610 2088 1659 2130 et
1687 2091 1805 2146 quae
1833 2091 1898 2130 ex

2020 2101 2160 2155 iiens
2207 2099 2492 2154 Dominum
2523 2098 2770 2154 Christus
2801 2106 2855 2152 et
2895 2098 3154 2153 Dominus
3193 2099 3444 2155 efficitur.
3483 2099 3590 2154 Nec

312 2175 614 2230 aeternitate
641 2173 1002 2244 glorificatur?
1029 2171 1305 2226 Manifesta
1336 2171 1626 2227 enimsunt
1655 2169 1772 2233 iSIa,
1798 2166 1899 2222 etsi
2006 2166 2183 2245 iam“,
2234 2189 2605 2244 arbitrandum
2657 2197 2738 2243 es,
2787 2189 2928 2258 quod
2982 2187 3272 2258 Gregorius
3323 2189 3591 2244 numine,"

313 2266 457 2320 nulla
489 2266 916 2335 interpretentur
946 2263 1210 2318 oratione.
1247 2262 1513 2330 Quoniam
1564 2262 1731 2330 plaga:
1782 2260 1901 2329 qui-

2020 2293 2234 2351 .antum,
2258 2284 2348 2353 qui
2397 2297 2501 2337 non
2533 2283 2695 2338 etiam
2732 2283 2872 2336 Deus
2915 2292 3090 2346 esset,
3144 2283 3290 2350 prius
3321 2284 3592 2338 exstitisse

314 2357 438 2412 dem
487 2358 628 2412 servi
680 2366 825 2424 sunt,
859 2357 908 2410 in
936 2371 1042 2424 quo
1090 2355 1344 2410 Dominus
1389 2355 1616 2419 existat;
1668 2355 1901 2407 honores

2020 2375 2315 2440 :rediderit,
2349 2375 2438 2444 qui
2467 2373 2755 2427 Dominum
2782 2371 3098 2440 susciperet.
3130 2371 3265 2438 Quid
3295 2381 3473 2427 autem
3505 2387 3590 2428 rea

317 2460 494 2506 autem
534 2449 769 2513 Domini,
813 2449 955 2504 circa
995 2463 1153 2518 quem
1185 2463 1371 2504 servus
1399 2447 1730 2518 agnoscitur.
1755 2462 1772 2496 ι
1810 2448 1903 2498 At-

2020 2467 2273 2538 spondere
2331 2473 2622 2534 potuerunt
2669 2462 3170 2534 Semieutycltiani,
3218 2464 3302 2519 vel
3350 2463 3590 2518 fautores

319 2541 496 2597 tendis
541 2541 994 2613 quemadmodum
1039 2550 1258 2595 sanctus
1297 2537 1607 2610 Gregorius,
1633 2554 1738 2592 non
1765 2537 1902 2592 arbi-

2020 2537 2190 2615 eorum
2211 2603 2226 2626 ,
2261 2558 2304 2612 si
2330 2558 2409 2612 eis
2436 2556 2641 2611 dicatur
2677 2573 2692 2609 :
2723 2555 2824 2620 Qui
2849 2554 3192 2608 Theodorum
3227 2557 3424 2624 putatis
3453 2570 3483 2609 a
3509 2570 3594 2625 sy-

322 2643 470 2688 trans
497 2635 632 2687 duos
663 2631 908 2687 Cltristos
941 2641 1034 2686 aut
1067 2632 1205 2686 filios
1234 2630 1282 2695 δ,
1309 2632 1498 2685 doceat
1527 2630 1762 2684 hominis
1789 2627 1905 2700 qui-
2009 2652 2152 2707 nodo
2181 2649 2610 2706 Chalcedonam,
2651 2648 2816 2703 fuisse
2845 2648 3232 2713 damnamuu“
3266 2662 3364 2702 cur
3396 2646 3594 2718 οτεεο,

320 2722 442 2778 dem
471 2723 633 2777 fuisse
659 2723 927 2791 proprium
958 2723 1277 2794 lacrymare,
1302 2721 1571 2775 vivificare
1592 2732 1766 2774 autem
1790 2719 1907 2788 ejus
2007 2745 2149 2800 rium
2182 2759 2286 2798 ηοη
2318 2741 2624 2798 damnatis?
2667 2740 2906 2810 Namque
2945 2755 3066 2796 cum
3095 2738 3390 2804 Christum,
3431 2738 3482 2792 id
3517 2747 3593 2791 εει

322 2832 443 2886 quae
482 2831 668 2871 revera
707 2817 818 2870 vita
859 2823 941 2870 est
966 2832 979 2868 :
1007 2823 1061 2870 et
1091 2816 1427 2884 interrogans
1469 2815 1782 2868 hacrcticum
1815 2829 1906 2867 or-

2020 2844 2256 2902 uuetum,
2291 2849 2396 2890 non
2430 2834 2534 2888 nisi
2564 2833 2733 2888 Deum
2765 2832 3050 2888 credamus
3075 2831 3431 2897 incarnatum,
3463 2830 3594 2899 ipsa-

327 2907 592 3002 "_'°d°_“_'s
613 2907 773 2972 mea"
805 2907 923 2974 ίῘ¹¹ί⁵
953 2914 1036 2961 est
1061 2906 1312 3002 fatigatus
1343 2920 1411 3002 θξ
1440 2904 1684 3002 Ῑίίηθτθῗ-
1709 2911 1763 2958 et
1792 2905 1910 2974 q'ﬁs
2011 2945 2120 3002 que
2151 2931 2334 2985 unctio
2367 2929 2614 2984 humana:
2663 2928 2831 2996 magis
2863 2934 3070 2982 natura:
3109 2927 3426 2992 conveniat,
3457 2925 3598 2982 unde

327 2999 444 3054 sine
491 2997 672 3052 labore
718 3013 932 3052 omnem
984 2998 1241 3052 mundum
1295 2997 1456 3052 verbo
1509 2997 1824 3052 constituit?
1857 3003 1914 3050 et
2013 2997 2066 3078 ἐι
2090 3024 2208 3092 ipse
2235 3023 2311 3077 ait
2347 3037 2454 3091 quo
2479 3036 2606 3076 eam
2633 3020 2938 3089 suscipiens
2966 3020 3222 3074 Dominus
3252 3018 3599 3075 απίεωεαεμ

327 3097 540 3145 extera.
571 3091 645 3144 Ac
680 3089 874 3144 deinde
903 3092 953 3144 in
998 3089 1100 3142 hoc
1131 3090 1456 3164 sententiam
1490 3087 1722 3154 claudat,
1763 3086 1912 3141 affir-

2018 3115 2223 3176 ﬁeitur;
2256 3115 2369 3182 ipse
2399 3113 2593 3169 iterum
2619 3111 2748 3166 dicit
2775 3128 2789 3165 :
2817 3111 3004 3167 Nonne
3026 3111 3118 3166 ille
3149 3111 3312 3166 homo
3333 3113 3424 3182 qui
3449 3111 3602 3181 juxta

329 3196 482 3278 matis
514 3181 764 3278 quoniam
811 3179 980 3278 plagm
1014 3179 1228 3246 quidem
1260 3175 1400 3278 servi
1432 3189 1575 3278 sunt,
1603 3179 1652 3278 in
1677 3193 1784 3246 quo
1805 3178 1912 3231 Do-
1939 3215 1985 3278 ο
2020 3175 2294 3261 Christum
2326 3214 2430 3271 est,
2461 3205 2560 3260 sub
2593 3204 2809 3260 Caesare
2838 3203 3080 3274 Augusto
3109 3175 3426 3273 principium
3450 3175 3603 3275 gene-

333 3273 512 3326 minus
568 3271 798 3337 existat;
833 3271 1066 3325 honores
1095 3281 1272 3324 autem
1306 3269 1532 3334 Domini,
1580 3271 1723 3323 circa
1753 3284 1909 3337 quem

330 3377 524 3419 servus
584 3363 914 3432 agnoscitur.
970 3361 1218 3430 Nunquid
1273 3374 1402 3429 ergo
1453 3359 1571 3413 haec
1620 3360 1914 3414 secundum

329 3469 576 3511 errorem
607 3453 836 3508 Nestorii
863 3453 984 3507 talia
1015 3453 1217 3508 dixisse
1257 3451 1549 3518 credimus,
1591 3452 1741 3520 quasi
1782 3452 1920 3505 alte-

330 3547 446 3603 rius
476 3546 841 3602 subsistentiae
864 3547 933 3600 sit
954 3545 1218 3600 Dominus
1247 3543 1336 3613 qui
1367 3543 1610 3598 exstabat
1641 3543 1693 3596 in
1734 3557 1916 3609 servo,

330 3651 389 3696 et
419 3639 642 3694 alterius
669 3652 855 3693 servus
895 3638 946 3692 in
974 3651 1081 3706 quo
1107 3635 1389 3692 exstabat?
1420 3635 1510 3690 vel
1549 3633 1772 3688 alterius
1799 3650 1920 3704 per-

333 3747 488 3789 sona:
514 3732 586 3786 sit
612 3730 866 3784 Dominus
896 3730 981 3785 cui
1009 3727 1357 3784 ascribendus
1382 3736 1468 3783 est
1489 3726 1684 3795 honor,
1709 3735 1762 3780 et
1787 3727 1922 3781 alte-

331 3826 452 3880 rius
499 3837 689 3879 servus
740 3823 829 3893 qui
871 3823 1012 3876 circa
1055 3821 1342 3875 Dominum
1387 3809 1715 3891 agnoscitur,
1755 3829 1809 3875 et
1836 3819 1922 3873 cui

335 3913 508 3985 plaga:
560 3915 671 3968 sint
721 3911 1086 3981 deputandae?
1133 3911 1235 3979 Qui
1281 3926 1472 3966 rursus
1519 3909 1709 3966 eodem
1761 3924 1924 3978 opere

335 4007 478 4061 libro
526 4012 762 4075 quarto:
802 4003 991 4059 tSicut
1037 4003 1200 4069 enim,
1243 4002 1337 4068 ait,
1387 4003 1476 4073 qui
1526 4017 1631 4056 non
1677 4001 1927 4072 cognorit

338 4109 641 4170 peccaturo,
675 4105 954 4168 peccatum
994 4095 1256 4160 efﬁcitur,
1299 4105 1356 4150 ut
1394 4094 1602 4149 auferat
1644 4106 1922 4164 peccatum

335 4191 558 4257 mundi;
586 4191 665 4245 sic
693 4189 822 4244 item
853 4203 980 4244 caro
1015 4189 1309 4258 suscipiens
1338 4187 1646 4255 Dominum,
1679 4187 1927 4244 Christus

333 4291 398 4338 et
438 4282 700 4336 Dominus
729 4280 979 4336 efficitur.
1011 4280 1326 4334 lmmutatur
1354 4280 1496 4334 enim
1540 4288 1756 4349 propter
1790 4281 1927 4333 adu-

334 4376 614 4430 nationem
662 4374 716 4427 in
751 4373 853 4428 hoe
900 4371 1043 4443 quod
1094 4387 1200 4427 non
1249 4380 1365 4428 erat
1397 4387 1490 4441 per
1520 4381 1780 4426 naturam.
1805 4391 1824 4424 ›
1862 4371 1930 4426 Ει

338 4479 465 4538 post
490 4482 654 4538 pauca
687 4485 697 4520 :
729 4485 750 4520 ι
771 4466 960 4522 Notum
987 4462 1058 4520 sit
1086 4465 1230 4519 omni
1258 4464 1438 4520 domui
1468 4464 1650 4532 Israel,
1676 4463 1927 4533 quoniam

2020 3297 2246 3351 rationis
2293 3293 2536 3364 accepit?
2585 3293 2818 3350 Verbum
2862 3304 3042 3348 autem
3085 3293 3138 3347 in
3184 3292 3450 3363 principio
3494 3301 3608 3348 erat

2022 3387 2185 3442 Deus.
2215 3386 2273 3439 Si
2317 3385 2477 3456 igitur
2506 3400 2657 3450 caro,
2689 3385 2742 3440 id
2773 3392 2858 3440 est
2884 3385 3065 3453 homo,
3091 3384 3393 3452 suscipiens
3426 3384 3608 3438 Domi-

2024 3493 2149 3531 unm
2169 3475 2341 3530 factus
2377 3485 2461 3530 est
2482 3474 2749 3540 Christus,
2783 3475 2905 3544 quis
2935 3484 3020 3532 est
3043 3476 3170 3531 item
3204 3476 3291 3531 ille
3331 3475 3493 3530 homo
3519 3477 3608 3547 qui

2017 3567 2172 3637 juxta
2203 3567 2480 3620 Christum
2518 3573 2602 3621 est
2627 3566 2730 3620 sub
2757 3564 2972 3622 Cassare
3011 3566 3254 3636 Augusto
3287 3567 3608 3638 principium

2023 3661 2392 3730 generationis
2424 3659 2734 3729 accipiens?
2762 3670 2854 3714 aut
2884 3674 3049 3729 quare
3091 3661 3462 3716 confusionem
3497 3677 3611 3715 sur-

2025 3766 2141 3806 sum
2173 3760 2336 3821 atqne
2377 3751 2653 3818 deorsum,
2697 3750 2852 3820 juxta
2886 3751 3264 3820 proverbium,
3304 3751 3478 3806 Verbo
3521 3754 3612 3807 Dei

2026 3851 2219 3898 asserit
2249 3843 2581 3897 commoveri
2625 3841 2692 3897 de
2718 3855 2785 3897 co
2809 3842 2960 3911 quod
2980 3841 3180 3896 dictum
3214 3853 3319 3908 est,
3361 3845 3611 3912 quoniam

2029 3932 2171 3987 hunc
2203 3947 2360 4002 quem
2401 3949 2498 3988 vos
2525 3933 2874 3988 crucifixistis
2902 3934 3176 3989 Christum
3224 3944 3278 3988 et
3328 3935 3611 3990 Dominum

2029 4026 2170 4080 Deus
2219 4025 2385 4081 fecit?
2430 4033 2484 4080 et
2519 4025 2774 4082 admonet
2806 4034 2864 4079 nt
2915 4026 3159 4081 ordinem
3193 4025 3476 4081 verborum
3512 4027 3616 4080 Eu-

2033 4119 2247 4174 nomius
2272 4127 2458 4173 contra
2491 4133 2650 4187 quem
2683 4120 2827 4188 agit,
2867 4119 3126 4184 intendat,
3158 4129 3209 4173 et
3236 4117 3360 4188 quid
3390 4117 3614 4186 primum

2035 4209 2111 4266 sit
2164 4210 2245 4263 vel
2280 4209 2578 4264 secundum
2609 4209 2662 4262 in
2689 4210 2766 4262 eis
2803 4224 2919 4278 quae
2947 4210 3195 4261 dicuntur
3219 4207 3510 4277 intelligat;
3537 4219 3614 4262 at-

2035 4314 2139 4370 que
2169 4296 2333 4352 infert
2363 4315 2376 4352 :
2403 4297 2518 4352 Non
2563 4298 2706 4353 enim
2742 4297 2893 4360 dixit,
2928 4312 3089 4366 quem
3117 4297 3255 4353 Deus
3280 4296 3405 4352 fecit
3435 4297 3617 4352 Domi-

2035 4405 2182 4454 num,
2213 4404 2309 4445 vos
2338 4388 2704 4454 crucifixistis,
2747 4386 2840 4443 sed
2876 4401 3033 4456 quem
3067 4401 3186 4453 vos,
3231 4387 3423 4456 inquit,
3449 4387 3615 4442 cruci-

2037 4484 2250 4548 fixistis,
2301 4483 2443 4536 hunc
2493 4481 2635 4536 Deus
2677 4480 2947 4535 Christum
3002 4492 3055 4536 et
3106 4479 3381 4534 hominem
3413 4483 3432 4504 ‘
3475 4479 3619 4534 fecit.

339 4563 628 4616 hominum
661 4575 781 4615 eum
812 4567 867 4614 et
892 4559 1163 4613 Christum
1212 4557 1354 4612 Deus
1396 4555 1521 4611 fecit
1553 4557 1694 4612 hunc
1720 4555 1926 4621 desum,
1959 4594 2007 4653 Β
2035 4577 2172 4643 Quid
2218 4577 2387 4646 ergo?
2419 4590 2526 4631 non
2558 4585 2610 4629 ει
2657 4585 2780 4630 ante
2814 4576 3116 4643 passionem
3157 4573 3401 4633 Christus
3432 4584 3488 4630 et
3530 4575 3616 4630 D0

334 4665 504 4721 quem
549 4665 644 4706 vos
691 4649 1056 4705 erucifixistis.
1090 4647 1199 4703 Hac
1239 4647 1694 4702 demonstratione
1743 4653 1930 4702 osten-

333 4744 476 4799 dere
515 4757 576 4797 se
619 4750 805 4812 putant
849 4749 1147 4796 creaturam
1185 4754 1302 4795 esse
1330 4739 1587 4810 nnigeuiti
1622 4739 1713 4793 Dei
1745 4753 1928 4793 essen-

333 4836 498 4890 tiam.
528 4833 664 4901 Quid
710 4847 860 4902 ergo,
907 4833 994 4887 die
1036 4832 1186 4896 mihi,
1235 4849 1360 4885 num
1395 4841 1520 4886 ante
1550 4832 1804 4886 mundum
1839 4831 1934 4885 fuit

333 4927 516 4985 crux?
547 4943 673 4982 num
714 4936 839 4981 ante
871 4941 1082 4979 omnem
1132 4933 1432 4981 creaturam
1465 4925 1669 4980 exstitit
1699 4923 1935 4978 Pilatus?

421 5102 700 5173 °Gregorii
729 5101 950 5172 Nysseni
995 5101 1256 5173 adversus
1295 5101 1615 5156 Eunominm
1659 5099 1778 5173 libri
1808 5106 1937 5173 sunt

335 5173 439 5236 15,
469 5171 694 5228 aedium
726 5171 834 5228 uno
876 5174 1034 5225 modo
1063 5171 1211 5224 citari
1242 5187 1430 5225 omnes
1456 5173 1650 5225 solent.
1686 5171 1818 5236 Quae
1851 5171 1936 5224 hic

334 5246 490 5302 enim
546 5245 716 5310 primo
760 5245 877 5298 loco
910 5242 1251 5312 proferuntur
1295 5257 1358 5296 ex
1412 5243 1570 5296 tertio
1609 5242 1726 5310 ejus
1753 5242 1936 5310 operis

335 5317 511 5380 libro,
562 5313 748 5368 eadem
802 5316 960 5367 tertio
1015 5327 1227 5383 quoque
1277 5312 1692 5383 liliransignat
1743 5312 1938 5383 Ecloge

324 5386 650 5450 Anastasii;
695 5398 746 5436 at
797 5381 1049 5436 Leontius
1101 5381 1336 5436 sticundo
1382 5381 1518 5435 libro
1550 5381 1940 5435 attribuit:re-

331 5463 467 5526 ipsa
497 5469 674 5509 autem
698 5466 909 5509 exstant
925 5455 976 5506 in
999 5461 1187 5526 quarto
1209 5453 1460 5506 editionis
1476 5452 1933 5526 Cnseo-Latina);

323 5523 652 5593 eodemque
698 5527 858 5579 modo
892 5529 942 5577 in
985 5525 1170 5593 quinto
1216 5533 1429 5576 exstant
1478 5523 1684 5592 reliqua
1729 5524 1930 5586 omnia,

325 5613 420 5669 qu
443 5613 484 5669 ep
505 5595 786 5650 Facundus
815 5596 941 5648 citat
969 5611 1031 5648 ex
1065 5602 1256 5662 quarto
1282 5611 1293 5644 :
1322 5593 1472 5660 cujus
1499 5593 1776 5648 varietatis
1803 5607 1933 5648 cau-

328 5666 797 5742 s'as_investigare
823 5679 1280 5732 supervacaneum
1305 5673 1406 5717 est.

351 5839 374 5856 ‘
409 5826 696 5881 Demittunt
774 5841 834 5878 ex
863 5823 1020 5878 dictis
1051 5824 1294 5878 superius
1327 5823 1603 5887 legendum
1630 5825 1849 5882 videtur.

2042 4669 2216 4721 minus
2241 4667 2358 4732 fuit,
2389 4667 2479 4735 qui
2511 4675 2692 4734 postea
2724 4667 3012 4720 crucifixus
3040 4675 3143 4734 est,
3177 4667 3270 4722 sed
3299 4677 3420 4737 post
3459 4670 3620 4721 cruci-

2043 4760 2294 4812 fixionem
2320 4757 2565 4812 Christus
2593 4766 2648 4812 et
2671 4756 2928 4813 Dominus
2958 4754 3132 4813 factus
3159 4766 3241 4810 est
3271 4757 3464 4839 merito
3496 4773 3620 4825 pas-

2039 4852 2238 4905 sionis?
2288 4851 2353 4905 Et
2385 4850 2657 4919 quomodo
2687 4864 2848 4919 supra
2889 4850 3086 4903 dictum
3131 4858 3252 4912 est,
3297 4863 3425 4903 caro
3455 4849 3620 4903 susci-

2040 4943 2194 5012 piens
2221 4941 2509 4996 Dotninurn
2555 4939 2804 4995 Christus
2831 4948 2885 4994 et
2912 4937 3172 4993 Dominus
3196 4937 3464 4994 efficitur?
3491 4955 3622 4993 nun-

2113 5117 2457 5174 l’Eunomius
2499 5117 2696 5172 Basilio
2744 5115 2884 5172 inter
2923 5124 3116 5171 cmtera
3165 5114 3437 5182 obiecerat
3492 5113 3625 5170 duos

2039 5189 2108 5244 ab
2133 5206 2196 5244 eo
2221 5189 2468 5244 Christos
2498 5199 2550 5242 et
2579 5188 2824 5241 Domino-
2858 5185 3161 5256 praedicari.
3196 5185 3505 5256 Gregorius,
3539 5186 3624 5239 cui

2043 5259 2314 5329 preposita
2356 5262 2406 5313 in
2449 5259 2532 5312 his
2575 5257 2725 5312 libris
2753 5255 2868 5312 erat
2909 5255 3382 5329 Basiliidefensio.
3422 5256 3621 5329 calum-

2044 5325 2185 5385 hiant
2211 5331 2313 5403 lib.
2347 5345 2397 5384 Iv
2422 5329 2647 5403 refellit.
2669 5330 2766 5382 Δύο
2787 5331 3062 5403 Χρωτοεᾷς,
3089 5327 3280 5403 inquit,
3309 5329 3395 5379 καὶ
3416 5325 3622 5403 δύο-βψ

2043 5403 2182 5476 pinu;
2209 5401 2366 5473 λέγειν
2389 5403 2527 5482 ἡμᾶς
2541 5396 2946 5482 ﬁndo-310.3053:
2986 5401 3040 5482 ἐξ
3071 5406 3174 5482 ςῶν
3213 5401 3469 5482 ﬁgat-spati:
3498 5396 3622 5468 ἐλέγο

2046 5467 2167 5544 χεινί
2184 5467 2282 5544 tria.
2301 5467 2465 5524 αἰτὶοὶν
2495 5467 2656 5541 ἔχων,
2680 5471 2810 5544 sine
2832 5472 2955 5544 πρὸς
2979 5471 3035 5523 τὸ
3067 5467 3254 5544 δοκοῦγί
3277 5467 3384 5523 κατ’
3403 5467 3631 5544 ἐξνιυσίριν

2141 5541 2325 5625 ψεύδει.
2347 5537 2635 5625 χρώμεῖος.
2679 5537 2885 5595 Neduui
2918 5547 2974 5593 ut
3003 5543 3052 5593 in
3083 5541 3180 5593 hac
3222 5539 3336 5607 ipse
3372 5537 3635 5593 sententia

2048 5613 2212 5666 fuisse
2241 5611 2414 5667 videri
2438 5623 2617 5682 queat.
