4094 6470
524 321 623 375 807

1641 316 1931 377 FACUN‘DI
1976 314 2189 372 EPISC.
2223 312 2736 371 IIERMIANENSIS

3712 306 3819 361 8‘33

527 434 654 504 quid
699 443 819 504 post
867 433 1269 490 crttciﬁxionem
1322 435 1608 489 Dominum
1657 450 1784 489 caro
1836 431 2112 501 suscepit?
2144 430 2196 490 Α
2223 428 2357 483 dans
2382 429 2600 498 quidem
2632 425 2970 496 passionibus
3001 424 3415 491 humanitatem,
3437 427 3815 495 operationem

529 528 765 585 Proinde
794 529 836 583 si
869 529 983 582 haec
1009 568 1024 593 ,
1064 535 1123 581 ut
1159 527 1269 583 dixi
1305 569 1320 593 ,
1373 527 1724 599 Eutychianis
1766 526 2115 595 obiiciuntur,

531 614 846 690 GregOrium
883 635 1094 690 quoque
1130 619 1503 676 damnabunt?
1542 637 1608 674 an
1646 636 1708 674 ea
1740 620 1932 674 melius
1963 618 2123 673 intel-

531 715 696 783 ligere
712 723 765 768 et
783 727 1054 781 exponere
1081 713 1453 769 conabuntur?
1479 714 1610 769 Nam
1640 723 1695 769 et
1716 720 1938 768 sanctus
1957 712 2125 766 Atha-

531 806 715 859 nasius
747 805 799 859 itt
831 805 970 860 libro
1005 821 1165 874 quem
1197 805 1266 861 de
1294 806 1566 861 Trinitate
1596 803 1953 873 conscripsit,
1987 804 2125 857 sicut

533 897 698 951 tertio
742 905 927 951 nostro
960 898 1380 951 memoravimus
1408 939 1421 962 ,
1462 898 1528 952 ad
1570 905 1884 950 naturarum
1933 894 2125 948 distin-

532 990 771 1044 ctionem
802 989 1053 1044 similiter
1079 987 1243 1044 dixit:
1273 1007 1291 1041 t
1316 989 1552 1045 Verbum
1578 989 1724 1044 enim
1755 996 1808 1043 et
1839 987 2007 1042 Filius
2033 986 2125 1041 Dei

538 1095 755 1149 semper
779 1089 899 1133 erat
943 1080 1201 1134 Dominus
1232 1079 1375 1134 Deus
1401 1120 1415 1146 ,
1463 1090 1516 1134 et
1544 1095 1648 1133 non
1680 1088 1801 1149 post
1829 1075 2129 1132 cruciﬁxin-

534 1186 656 1226 nem
688 1171 861 1226 factus
890 1180 975 1225 est
1008 1171 1269 1225 Dominus
1298 1170 1577 1235 Christus;
1631 1169 1749 1234 sed,
1782 1176 1842 1223 ut
1880 1165 2127 1237 praedixi,

538 1262 923 1331 humanitatem
984 1262 1102 1331 (‘le
1165 1262 1347 1316 ell‘ecit
1407 1260 1663 1317 divinitas
1728 1259 2013 1314 Dominum
2075 1265 2128 1312 et

537 1354 732 1410 Deum.
775 1372 792 1405 ι
843 1353 951 1409 Sed
979 1356 1042 1407 ad
1076 1354 1414 1424 propositum
1459 1362 1815 1408 revertamur.
1850 1351 1987 1405 Dicit
2032 1349 2132 1403 ita-

441 1470 447 1481 -
537 1463 643 1517 que
692 1465 878 1504 rursus
919 1449 1064 1504 idem
1114 1459 1333 1505 sanctus
1379 1449 1675 1520 Gregorius
1720 1447 1910 1502 eodem
1942 1446 2130 1500 libro:

548 1554 568 1589 ε
622 1539 867 1593 Divinam
909 1540 1240 1609 Scripturam
1282 1540 1336 1594 in
1380 1540 1629 1595 manibus
1659 1538 1723 1592 ad
1756 1535 2131 1606 exponendum

544 1630 805 1687 habentes
848 1640 993 1684 vetat
1042 1646 1268 1704 magnus
1316 1631 1611 1699 Apostolus
1661 1629 1830 1683 aniles
1870 1628 2135 1684 novitates

548 1722 824 1792 suscipere
848 1740 859 1775 :
884 1739 1097 1780 erucem
1128 1723 1591 1790 animadvertetis,
1624 1738 1842 1779 crucem
1868 1720 2132 1789 intelligo,

2226 530 2407 576 autem
2438 516 2851 575 resurrectionis
2880 516 3019 571 illius
3048 518 3136 584 qui
3162 530 3350 585 passus
3374 526 3460 572 est
3483 516 3681 571 divinzc
3707 519 3825 573 vir-

2229 612 2349 678 tuti,
2390 626 2497 666 non
2535 610 2600 665 ad
2638 609 3102 680 praeiudicandum
3131 608 3561 665 Chalcedonensi
3584 611 3825 664 concilio

2226 704 2502 773 sapientes
2534 702 2633 757 viri
2663 704 2684 733 '
2728 701 3015 770 iactarent,
3058 699 3201 769 quod
3244 700 3366 755 ideo
3396 700 3527 755 dicit
3556 699 3700 755 illius
3730 701 3826 770 qui

2230 807 2420 862 passus
2452 802 2556 859 est,
2603 803 2856 863 tanquam
2887 792 3108 847 alterius
3139 806 3385 861 personae
3412 792 3483 847 sit
3515 792 3654 848 Deus
3681 794 3815 849 Ver-

2231 884 2357 939 bum
2395 884 2485 954 qui
2516 897 2707 953 passus
2742 897 2847 938 non
2880 883 3077 939 fuerit?
3106 892 3199 938 aut
3228 883 3369 953 quod
3403 883 3477 937 ibi
3506 885 3827 940 subsecutus

2232 974 2430 1043 adjecit
2456 992 2470 1028 :
2500 974 2564 1028 Et
2596 975 2674 1028 sic
2705 973 2896 1028 mortis
2930 974 3266 1042 experientia
3294 974 3361 1028 ad
3384 974 3532 1029 illum
3562 977 3651 1045 qui
3676 990 3833 1031 com-

2234 1065 2529 1118 municavit
2558 1064 2802 1133 passibili
2834 1074 3040 1119 natura:
3070 1061 3327 1131 re'fertur,
3370 1080 3475 1120 non
3506 1077 3835 1122 accusarent

2237 1157 2289 1209 in
2318 1154 2605 1209 Theodoro
2630 1195 2647 1221 ,
2692 1156 2829 1210 sicut
2856 1157 3077 1223 solent,
3124 1158 3363 1213 dicentes
3390 1160 3515 1229 quia
3545 1176 3651 1214 non
3682 1161 3837 1229 ejus-

2236 1247 2357 1302 dem
2392 1263 2638 1318 personm
2676 1249 2906 1305 credidit
2935 1250 3103 1304 Deum
3134 1266 3292 1319 quem
3328 1250 3620 1320 hominem,
3654 1264 3714 1309 ut
3746 1253 3834 1310 di-

2236 1351 2407 1407 ceret,
2452 1340 2593 1396 illius
2622 1341 2711 1410 qui
2742 1355 2931 1410 passus
2960 1351 3046 1396 est
3067 1383 3081 1407 ,
3136 1343 3189 1397 id
3239 1353 3322 1398 est
3355 1345 3585 1399 hominis
3606 1388 3621 1411 ,
3653 1346 3724 1401 ad
3771 1347 3838 1402 il-

2238 1432 2347 1487 lum
2377 1433 2609 1487 refertur
2639 1434 2683 1501 ³,
2718 1433 2770 1488 id
2799 1444 2885 1489 est
2911 1435 2978 1489 ad
3010 1435 3177 1490 Deum
3210 1435 3483 1503 Verbum;
3513 1447 3565 1493 et
3594 1438 3839 1495 hominis

2240 1525 2543 1593 passionem
2567 1540 2665 1596 per
2697 1526 3017 1582 relationem
3042 1527 3141 1597 ipsi
3170 1527 3280 1584 Deo
3299 1528 3475 1585 Verbo
3490 1531 3708 1595 ascribi,
3732 1533 3839 1588 sic-

2241 1625 2298 1669 ut
2331 1615 2396 1669 ad
2429 1614 2701 1670 hominem
2732 1616 2945 1683 altiora,
2991 1632 3108 1687 qua:
3139 1627 3265 1673 sunt
3318 1619 3412 1674 Dei
3454 1620 3637 1687 Verbi,
3671 1632 3731 1677 et
3755 1624 3840 1677 di-

2241 1708 2364 1761 viua
2396 1708 2613 1762 nomina
2642 1707 2803 1763 simili
2831 1709 2989 1763 modo
3020 1708 3375 1766 descendunt.
3410 1712 3617 1768 Rursus
3644 1714 3838 1769 eodem

540 1825 600 1871 et
647 1815 936 1872 humanum
984 1832 1181 1872 nomen
1232 1817 1454 1873 edoctus
1479 1857 1496 1884 ,
1544 1817 1823 1886 conspicio
1850 1830 1971 1871 eam
2016 1828 2136 1883 qua:
2167 1815 2213 1873 Β
2243 1802 2377 1856 libr"
2398 1801 2466 1856 de
2491 1804 2593 1855 hoc
2615 1800 2731 1870 ipso
2753 1802 2979 1871 ιοαιιεηε
3010 1819 3023 1855 ε
3059 1821 3078 1853 ι
3113 1802 3170 1858 Si
3202 1803 3345 1859 enim
3371 1805 3611 1872 deceret.
3640 1807 3836 1876 inquit.

542 1905 874 1975 signiﬁcatur
906 1923 971 1961 ex
1018 1907 1239 1961 nomine
1282 1906 1401 1977 ipso
1434 1917 1703 1961 naturam.
1752 1903 1917 1959 Istum
1954 1903 2136 1971 itaque

544 1998 745 2052 doceor
777 2014 804 2050 a
854 1997 1011 2052 Petro
1041 2000 1237 2052 factum
1263 2012 1386 2053 esse
1412 1995 1699 2051 Dominum
1745 2003 1798 2050 et
1820 1993 2094 2049 Christum
2119 2008 2133 2057 ;

545 2087 707 2141 istum
740 2089 832 2158 qui
864 2088 918 2143 in
959 2088 1131 2144 oculis
1163 2087 1364 2144 nostris
1395 2087 1568 2144 factus
1594 2096 1679 2143 est
1704 2086 1772 2142 ab
1794 2100 1861 2143 eo
1888 2085 1991 2141 dici
2024 2099 2132 2139 non

546 2166 745 2233 dubito
779 2196 793 2231 :
823 2178 1077 2248 quoniam
1122 2191 1176 2235 et
1204 2179 1500 2234 concinunt
1535 2176 1638 2234 sibi
1680 2176 1912 2233 invicem
1942 2174 2137 2245 sancti,

548 2276 605 2320 et
632 2269 683 2321 in
714 2269 835 2322 aliis
856 2269 1107 2324 omnibus
1130 2269 1313 2337 rebus,
1335 2280 1391 2325 et
1413 2271 1463 2323 in
1496 2268 1597 2323 hac
1619 2278 1791 2338 parte.
1826 2266 1975 2323 Sicut
1996 2266 2139 2321 enim

548 2359 649 2414 iste
674 2375 796 2414 eum
826 2360 917 2430 qui
947 2361 1236 2416 cruciﬁxus
1264 2370 1351 2416 est
1379 2361 1663 2416 Dominum
1691 2360 1888 2415 factum
1914 2374 2035 2414 esse
2061 2358 2137 2413 di-

547 2452 655 2515 cit,
698 2452 777 2507 sic
804 2463 860 2507 et
891 2452 1087 2507 Paulus
1126 2453 1297 2522 inquit
1344 2452 1804 2521 superexaltatum
1854 2458 1978 2520 post
2010 2464 2139 2518 pas-

552 2541 762 2597 sionem
808 2552 1011 2613 etpost
1047 2546 1523 2599 resurrectionem.
1579 2563 1597 2595 ι
1648 2543 2057 2599 Animadvertat
2090 2549 2145 2595 et

534 2632 607 2688 ,in
630 2631 732 2687 hac
751 2633 1020 2689 sententia
1044 2633 1234 2699 lector,
1269 2635 1395 2704 quia
1418 2649 1538 2689 cum
1562 2632 1692 2689 dicit
1724 2649 1739 2687 :
1775 2634 1939 2688 Istum
1965 2634 2145 2702 itaque

550 2726 751 2782 doeeor
773 2742 800 2781 a
825 2728 984 2790 Petro
1009 2727 1204 2784 factum
1230 2745 1350 2786 esse
1377 2730 1664 2785 Dominum
1687 2729 2031 2785 etChristum
2054 2745 2067 2795 ;
2092 2737 2147 2782 et

556 2818 748 2872 iterum
792 2819 989 2887 repetit
1016 2820 1251 2875 dicens:
1297 2820 1462 2875 Istum
1495 2822 1583 2890 qui
1625 2820 1678 2875 in
1722 2819 1901 2875 oculis
1944 2819 2146 2874 nostris

553 2908 725 2964 factus
754 2921 833 2965 est
863 2910 930 2965 ab
956 2924 1022 2964 eo
1045 2910 1151 2966 dici
1188 2926 1297 2965 non
1320 2910 1528 2977 dubito,
1560 2910 1893 2966 tantumdem
1926 2910 2065 2965 valet
2085 2923 2148 2964 ac

552 3000 840 3057 siodiceret
868 3019 883 3057 :
914 3002 1101 3069 Istum,
1134 3019 1251 3057 non
1273 3003 1420 3058 illum
1453 3005 1543 3074 qui
1589 3014 1713 3059 ante
1743 3004 1941 3059 saecula
1969 3003 2150 3058 Domi-

554 3109 657 3153 nus
688 3104 838 3159 erat;
867 3110 968 3151 nec
998 3105 1178 3150 tamen
1209 3095 1345 3150 duos
1374 3095 1511 3151 ﬁlios
1542 3098 1594 3149 in
1630 3097 1736 3151 isto
1762 3107 1816 3152 et
1845 3098 1898 3151 in
1935 3097 2027 3151 illo
2053 3096 2149 3151 do-

2244 1894 2294 1948 in
2346 1894 2436 1947 illa
2486 1892 2772 1948 excellenti
2822 1902 3012 1949 natura
3056 1894 3240 1950 dicere
3285 1894 3489 1965 aliquid
3539 1897 3840 1952 secundum

2243 1984 2543 2053 profectum
2574 1984 2900 2055 contigisse;
2936 1985 3086 2041 verbi
3110 1989 3302 2057 gratia,
3336 1996 3396 2041 ut
3420 2002 3486 2042 ex
3513 1989 3721 2057 privato
3746 2005 3839 2044 rex

2245 2074 2417 2141 ﬁeret,
2450 2091 2516 2131 ex
2549 2076 2737 2131 humili
2768 2077 3040 2147 excelsus,
3087 2094 3153 2135 ex
3182 2094 3342 2134 servo
3375 2080 3657 2147 Dominus,
3683 2082 3841 2139 dece-

2245 2174 2326 2224 ret
2344 2169 2573 2225 fortasse
2603 2178 2658 2224 et
2682 2169 2832 2225 Petri
2856 2186 3042 2227 vocem
3066 2171 3265 2228 divinae
3298 2174 3555 2244 unigeniti
3583 2187 3841 2246 coaptare

2248 2276 2496 2331 persona:
2533 2263 2575 2317 ⁸.
2609 2264 2872 2331 Quoniam
2906 2275 3085 2321 autem
3117 2266 3392 2333 divinitas,
3424 2268 3680 2338 quidquid
3709 2269 3840 2324 illud

2247 2365 2329 2411 est
2356 2359 2498 2426 quod
2527 2373 2556 2412 a
2590 2357 2744 2412 nobis
2774 2371 2897 2413 esse
2928 2356 3188 2423 creditur,
3219 2370 3434 2428 semper
3458 2357 3648 2414 eodem
3680 2360 3845 2415 modo

2249 2461 2308 2503 se
2343 2448 2541 2515 habet,
2572 2458 2623 2503 et
2658 2448 2802 2503 omni
2830 2447 3198 2504 additamenta
3241 2449 3490 2519 superior
3527 2459 3728 2519 exstat,
3761 2450 3844 2505 di-

2252 2541 2608 2596 m'nutionem
2636 2554 2974 2611 nequaquam
3003 2540 3339 2610 percipiens;
3372 2555 3597 2597 necesse
3624 2550 3710 2597 est
3729 2557 3845 2597 om-

2251 2632 2409 2687 nibus
2466 2632 2640 2688 modis
2689 2632 2755 2687 ad
2814 2633 3204 2688 humanitatem
3256 2634 3459 2689 referre
3508 2650 3843 2691 sermonem.

2253 2722 2396 2777 Deus
2442 2724 2589 2778 enim
2620 2724 2854 2779 Verbum
2889 2764 2905 2789 ,
2958 2722 3097 2793 quod
3154 2731 3272 2778 erat
3318 2724 3370 2779 in
3403 2725 3692 2794 principio,
3745 2726 3848 2783 hoc

2254 2817 2417 2871 etiam
2451 2833 2593 2872 nunc
2622 2826 2735 2881 est,
2784 2826 2839 2872 et
2863 2830 3078 2886 semper
3123 2826 3442 2886 permanet,
3473 2833 3692 2889 semper
3724 2834 3847 2888 rex,

2254 2922 2471 2976 semper
2500 2908 2782 2974 Dominus,
2820 2922 3035 2977 semper
3060 2908 3377 2975 altissimus,
3410 2923 3626 2979 semper
3647 2909 3795 2965 Deus
3831 2930 3845 2963 :

2256 3000 2391 3057 nihil
2424 3003 2615 3057 horum
2646 3017 2742 3072 per
2768 3002 3067 3071 profectum
3093 3002 3341 3070 sumpsit,
3368 3001 3462 3056 sed
3494 3003 3675 3057 omnia
3700 3017 3847 3073 quaa-

2256 3108 2469 3165 cunque
2490 3095 2709 3163 dieitur,
2740 3096 2937 3150 virtute
2962 3110 3072 3151 suae
3102 3106 3307 3151 natura:
3336 3097 3604 3151 consistit.
3638 3097 3733 3153 ille
3754 3113 3849 3152 au-

554 3192 643 3240 cet
665 3185 912 3257 intelligi.
937 3184 1004 3241 Et
1026 3191 1360 3257 superiorem
1384 3203 1535 3243 suam
1559 3188 1883 3244 sententiam
1908 3189 2146 3256 ﬁrmans,
2180 3197 2226 3260 C
2259 3194 2367 3243 tem
2396 3202 2460 3242 ex
2495 3188 2712 3242 homine
2745 3202 2840 3256 per
2871 3188 3294 3257 assumptionem
3326 3187 3391 3242 ad
3438 3188 3605 3243 Deum
3643 3188 3851 3244 exalta-

555 3289 742 3329 rursus
771 3291 894 3331 eum
939 3288 1061 3347 post
1096 3278 1504 3335 cruciﬁxionem
1552 3288 1829 3337 asseverat
1860 3281 2147 3337 Dominum

556 3367 775 3434 factum,
806 3384 926 3423 cum
959 3370 1033 3423 ait
1063 3388 1075 3423 :
1111 3371 1270 3438 Quia,
1303 3374 1446 3427 sicut
1475 3373 1669 3428 Petrus
1697 3387 1820 3429 eum
1851 3374 1941 3443 qui
1973 3373 2149 3430 cruci-

558 3460 696 3513 ﬁxus
725 3466 809 3513 est
836 3461 1121 3516 Dominum
1157 3461 1357 3518 factum
1386 3478 1508 3519 esse
1537 3464 1710 3529 dicit,
1756 3465 1834 3519 sic
1871 3476 1926 3521 et
1952 3465 2152 3520 Paulus

557 3548 731 3618 inquit
753 3552 1208 3620 superexaltatum
1245 3564 1365 3623 post
1400 3557 1707 3625 passionem
1734 3566 1786 3611 et
1814 3565 1937 3625 post
1966 3570 2150 3612 resur—

558 3641 874 3697 rectionem.
896 3642 1156 3710 Quocirca
1170 3634 1306 3701 sicut
1319 3660 1439 3701 eum
1457 3647 1894 3718 postpassionem
1909 3657 1963 3703 et
1976 3661 2153 3703 resur-

559 3734 853 3787 rectionem
886 3736 1082 3790 asserit
1111 3736 1407 3791 exaltatum
1442 3737 1755 3792 testimonio
1792 3737 1942 3793 Pauli
1969 3738 2155 3793 dicen-

561 3823 630 3878 tis
662 3840 675 3877 :
714 3824 1020 3880 Humiliaoit
1066 3830 1394 3899 semetipsum
1426 3831 1594 3901 factus
1621 3830 2054 3901 obediens'usque
2089 3833 2157 3886 ad

559 3928 795 3984 mortem,
818 3929 1032 3973 mortem
1060 3930 1231 3973 autem
1260 3922 1425 3975 crucis
1459 3938 1479 3975 :
1510 3932 1720 3990 propter
1760 3923 1901 3993 quod
1942 3931 1991 3977 et
2020 3924 2158 3979 Deus

556 4008 707 4063 idum
734 4010 1009 4078 exultavit,
1048 4020 1096 4065 et
1129 4011 1339 4066 donavit
1371 4011 1453 4066 illi
1495 4029 1679 4068 nomen
1728 4015 1869 4084 quod
1899 4024 1973 4069 est
2003 4031 2159 4087 super

557 4119 704 4157 omne
726 4120 910 4158 nomen
930 4103 1156 4176 (Philip.
1175 4122 1232 4174 tt,
1252 4106 1306 4174 8,
1342 4107 1436 4177 9):
1464 4110 1534 4161 ita
1559 4122 1681 4163 eum
1707 4117 1830 4178 post
1849 4110 2157 4178 passionem

560 4211 775 4266 quoque
804 4205 859 4252 et
881 4199 1339 4254 resurrectionem
1364 4200 1598 4256 afﬁrmat
1622 4202 1908 4258 Dominum
1933 4202 2154 4273 factum,

558 4287 705 4355 quod
740 4289 755 4318 ¹
804 4288 872 4343 de
908 4288 1004 4344 illo
1066 4291 1228 4344 etiam
1272 4291 1464 4347 Petrus
1501 4294 1778 4363 apostolus
1813 4294 1931 4349 ait:
1966 4292 2159 4349 Notum

562 4382 627 4434 sit
675 4382 813 4435 omni
860 4382 1037 4436 domui
1085 4382 1280 4451 Israel,
1323 4386 1570 4454 quoniam
1627 4385 1907 4440 Dominum
1944 4401 2062 4440 eum
2112 4395 2160 4440 et

560 4474 828 4530 Christum
878 4475 1016 4531 Deus
1063 4479 1218 4548 fecit,
1262 4480 1398 4533 hunc
1443 4479 1619 4535 Jesum
1664 4496 1812 4551 quem
1854 4496 1943 4535 vos
1994 4480 2160 4535 cruci-

2259 3287 2364 3349 tus,
2398 3278 2541 3334 aliud
2589 3279 2917 3346 consistens,
2956 3290 3013 3336 et
3039 3279 3182 3335 aliud
3232 3279 3454 3335 cﬂ‘ectus
3481 3320 3498 3347 ,
3544 3280 3767 3350 proprie
3796 3289 3851 3335 et

2255 3386 2382 3427 vere
2429 3370 2680 3425 Christus
2711 3379 2767 3426 et
2809 3370 3067 3425 Dominus
3113 3371 3285 3426 factus
3328 3384 3452 3427 esse
3495 3370 3716 3427 dicitur.
3767 3371 3851 3426 Ex

2256 3478 2415 3519 servo
2443 3463 2586 3518 enim
2619 3470 2674 3515 et
2703 3478 2768 3517 ex
2802 3462 3045 3531 subjecto
3076 3478 3255 3533 regem
3280 3504 3295 3526 ,
3336 3473 3392 3519 et
3421 3462 3694 3520 Christum
3727 3479 3853 3519 eum

2258 3571 2322 3612 ex
2346 3555 2635 3612 obediente
2676 3555 2828 3621 fecit,
2861 3564 2916 3611 et
2942 3556 3083 3625 quod
3118 3557 3318 3614 humile
3346 3566 3464 3613 erat
3484 3557 3852 3627 superexalta-

2260 3648 2376 3713 vit,
2428 3655 2484 3702 et
2531 3646 2825 3702 humanum
2876 3647 3092 3705 babenti
3139 3663 3335 3705 nomen
3386 3649 3606 3705 donavit
3653 3665 3853 3705 nomen

2264 3739 2409 3808 quod
2440 3749 2523 3794 est
2552 3753 2714 3810 super
2741 3752 2903 3794 omne
2932 3754 3148 3794 nomen.
3182 3759 3201 3792 ι
3242 3740 3332 3796 llis
3363 3756 3579 3811 quoque
3606 3739 3853 3796 conside-

2260 3830 2415 3900 ratis,
2452 3829 2668 3885 videant
2709 3832 2800 3900 qui
2831 3830 3174 3886 Theodorum
3207 3846 3329 3887 cum
3361 3833 3475 3887 suis
3514 3832 3855 3902 dogmatibus

2256 3920 2637 3991 iudicaverunt
2685 3935 2807 3977 esse
2845 3922 3208 3978 damnandum
3234 3963 3251 3990 ,
3302 3934 3553 3994 tanquam
3584 3925 3855 3981 dicentem

2263 4029 2357 4084 per
2384 4013 2688 4085 profectum
2719 4014 2922 4085 aliquid
2969 4016 3265 4071 accessisse
3296 4016 3520 4071 Chrism
3555 4018 3855 4072 secundum

2263 4109 2685 4174 humanitatem;
2720 4108 2972 4177 quoniam
3018 4109 3134 4163 sive
3175 4108 3278 4163 hoc
3308 4107 3625 4163 Theodorus
3649 4108 3788 4165 dixit
3811 4110 3856 4177 ',

2260 4202 2378 4256 sive
2405 4215 2512 4254 non
2557 4199 2777 4267 dixerit,
2811 4199 3106 4271 Gregorius
3138 4200 3355 4255 interim
3400 4200 3570 4269 dicit,
3612 4203 3739 4272 quia
3767 4218 3855 4260 se-

2260 4295 2496 4349 cundum
2529 4293 2831 4360 profectum
2862 4307 2927 4347 ex
2962 4292 3176 4363 privato
3217 4308 3334 4362 rex,
3362 4307 3428 4348 ex
3461 4292 3649 4348 humili
3679 4293 3857 4350 excel-

2260 4400 2372 4453 sus,
2404 4400 2471 4441 ex
2496 4399 2655 4441 servo
2683 4384 2942 4439 Dominus
2967 4384 3019 4439 in
3050 4393 3298 4454 suscepta
3324 4382 3660 4440 humanitate
3688 4384 3859 4441 factus

2261 4488 2345 4535 est
2371 4478 2642 4533 Christus.
2675 4476 2807 4532 Nam
2843 4476 2988 4532 Deus
3011 4476 3267 4542 Verbum,
3299 4476 3444 4545 quod
3469 4477 3663 4532 eratin
3709 4478 3858 4546 prin-

565 4568 753 4636 ﬁxistis
785 4567 921 4639 (Act.
956 4583 1025 4633 tt,
1057 4570 1175 4640 56).
1224 4568 1354 4625 Item
1392 4570 1522 4626 dicit
1553 4571 1743 4627 eodem
1779 4571 1916 4626 libro
1950 4587 1964 4624 :
2014 4589 2031 4623 ι
2087 4570 2156 4625 Ut
2187 4567 2233 4626 D
2262 4572 2430 4640 cipio,
2458 4570 2560 4625 hoc
2586 4570 2747 4625 etiam
2780 4583 2923 4623 nunc
2951 4577 3006 4624 et
3033 4582 3251 4638 semper
3272 4578 3377 4635 est,
3401 4582 3501 4622 nec
3531 4568 3733 4637 aliquid
3767 4568 3856 4624 bo-

562 4663 705 4717 circa
741 4672 1027 4733 utrumque
1057 4663 1199 4734 quod
1229 4664 1440 4734 pietatis
1472 4675 1553 4721 est
1576 4673 1907 4729 reservetur,
1938 4678 2000 4718 ea
2029 4679 2147 4733 qua:

564 4759 798 4809 humana
830 4765 954 4823 sunt
984 4771 1078 4825 per
1113 4755 1536 4825 a:sumptionem
1584 4755 1881 4826 gloriﬁcata
1923 4755 2151 4810 demou—

574 4857 731 4915 strat,
757 4856 812 4903 et
844 4863 905 4903 ea
948 4865 1070 4918 quae
1102 4850 1400 4904 divinitatis
1434 4864 1527 4918 per
1556 4848 1963 4902 descensionem
2003 4847 2155 4902 nullo

566 4943 727 4996 modo
767 4941 977 5009 polluit.
1013 4942 1119 4996 Sed
1162 4942 1296 4996 dans
1334 4941 1550 5011 quidem
1597 4938 1934 5008 passionibus
1967 4938 2157 4992 huma-

565 5034 810 5099 nitatem,
843 5033 1213 5103 operationem
1242 5044 1420 5089 autem
1461 5029 1869 5087 resurrectionis
1902 5030 2044 5085 illius
2067 5031 2156 5099 qui

566 5142 754 5196 passus
792 5135 874 5181 est
920 5127 1115 5181 divinae
1149 5127 1365 5191 virtuti;
1408 5133 1464 5180 et
1491 5126 1567 5178 sic
1612 5122 1799 5177 mortis
1828 5121 2161 5191 experientia

561 5217 629 5272 ad
658 5219 804 5271 illum
841 5221 927 5287 qui
959 5218 1381 5274 communicavit
1407 5215 1644 5287 passibili
1678 5226 1882 5268 natura:
1908 5214 2161 5277 refertur,

563 5322 783 5382 propter
810 5327 929 5367 eam
961 5327 1079 5381 quae
1106 5311 1171 5365 ad
1203 5325 1324 5365 eum
1354 5319 1437 5365 est
1484 5308 1719 5365 hominis
1744 5307 2157 5372 adunationem;

562 5415 614 5459 et
650 5406 833 5459 altiora
867 5406 993 5458 item
1028 5415 1077 5459 et
1111 5404 1296 5457 divina
1322 5401 1541 5456 nomina
1574 5400 1638 5455 ad
1683 5399 1956 5454 hominem
1992 5397 2159 5452 simili

563 5498 723 5551 modo
750 5496 1104 5552 descendunt.
1148 5515 1165 5549 ι
1202 5494 1448 5565 Nunquid
1478 5493 1522 5549 si
1570 5492 1891 5549 Theodorus
1920 5491 2149 5557 diceret,

636 5673 649 5703 ¹
680 5672 816 5726 Cod.
855 5673 1075 5739 Veron.,
1107 5676 1389 5728 secundant
1420 5674 1576 5743 quod.

636 5745 655 5815 ξ
683 5745 821 5815 lib-tn
853 5745 994 5803 cod.,
1026 5745 1183 5797 nostri
1199 5747 1473 5815 jm-turent.

636 5813 655 5840 ³
687 5814 844 5865 ltlettt.
882 5818 1022 5867 cui!”
1056 5813 1250 5867 referri.

2258 4679 2373 4717 rum
2419 4676 2515 4731 per
2560 4660 2864 4731 profectum
2895 4661 3145 4729 sumpsit.
3190 4658 3283 4713 Ille
3318 4668 3494 4714 autem
3529 4673 3597 4715 ex
3639 4660 3860 4716 homine

2260 4772 2355 4827 per
2384 4756 2806 4824 assumptionem
2859 4753 2925 4808 ad
2968 4754 3137 4809 Deum
3188 4754 3461 4808 exaltatus
3487 4794 3502 4820 ,
3553 4767 3679 4809 eum
3712 4753 3861 4808 aliud

2263 4866 2358 4920 per
2404 4858 2652 4904 naturam
2684 4847 3029 4912 consisteret,
3061 4844 3205 4900 aliud
3251 4845 3475 4900 effectus
3506 4855 3608 4913 est,
3642 4848 3862 4916 proprie

2265 4955 2319 4996 et
2348 4956 2479 4997 vere
2505 4940 2749 4995 Christus
2792 4948 2848 4995 et
2898 4937 3161 4993 Dominus
3192 4936 3366 4991 factus
3392 4945 3477 4992 est
3509 4953 3523 4991 :
3569 4951 3730 5007 quem
3767 4937 3862 4993 Dei

2276 5032 2433 5087 Verbi
2464 5032 2760 5101 assumptio
2786 5046 2851 5085 ex
2887 5043 3045 5085 servo
3070 5037 3127 5083 et
3148 5043 3214 5084 ex
3241 5028 3484 5097 subjecto
3507 5042 3689 5098 regem
3723 5030 3861 5084 fece«

2269 5128 2359 5190 rit,
2392 5134 2444 5178 et
2488 5123 2762 5179 Christum
2809 5137 2873 5176 ex
2922 5120 3230 5175 obediente.
3283 5119 3555 5175 Accusent
3600 5119 3764 5190 igitur
3806 5130 3859 5175 et

2269 5216 2588 5287 Gregorium
2646 5225 2897 5284 tanquam
2947 5213 3085 5268 duos
3136 5213 3479 5268 inducentem
3528 5213 3688 5279 ﬁlios,
3734 5212 3860 5283 quia

2270 5311 2449 5366 dixit:
2498 5309 2640 5365 Deus
2687 5306 2923 5362 Verbum
2964 5306 3096 5361 nihil
3127 5322 3220 5376 per
3263 5306 3559 5377 profectum
3597 5309 3859 5377 sumpsit;

2273 5403 2362 5459 ille
2411 5410 2589 5457 autem
2619 5416 2686 5456 ex
2717 5400 2932 5455 homine
2981 5412 3076 5468 per
3114 5400 3539 5468 assumptionem
3570 5400 3635 5453 ad
3690 5401 3860 5455 Deum

2262 5496 2526 5551 exaltatus
2569 5503 2673 5549 est.
2731 5493 2798 5547 Et
2843 5491 2994 5561 quasi
3038 5491 3340 5557 dicentem,
3394 5492 3538 5563 quod
3568 5492 3859 5563 aliquando

2330 5672 2351 5702 ⁵
2379 5668 2694 5733 Ιιιθιηροάη
2722 5676 2935 5722 natnrw.

2334 5743 2352 5772 ⁸
2377 5742 2518 5797 Idem
2547 5740 2692 5808 cod.,
2718 5740 2923 5793 dixerit.
