4094 6530
341 407 442 461 809

1230 405 1362 460 PRO
1404 401 1832 459 DEFESSUNE
1868 399 2083 456 TillUM
2113 400 2429 456 CAPlTUL.
2474 401 2600 456 LIB.
2637 396 2731 454 Xl.

3506 397 3605 453 ειη

341 517 592 571 Dominus
618 515 773 571 Jesns
797 519 871 570 sic
901 510 1060 583 fuerit
1093 527 1279 568 servus
1311 529 1374 568 ac
1399 513 1694 583 Subjectns,
1721 521 1779 566 ut
1811 527 1913 566 non
1943 517 1991 576 Α
2021 520 2102 563 eat
2130 510 2267 563 calix
2305 512 2428 578 iste,
2463 521 2510 564 et
2537 551 2551 573 ,
2588 511 2705 564 Non
2750 511 2880 562 sicut
2910 525 3000 577 ego
3029 509 3140 564 volo
3167 550 3180 573 ,
3224 510 3312 562 sed
3349 510 3478 562 sicut
3519 520 3594 572 tu,

339 609 499 664 etiam
533 623 627 662 rex
668 615 889 662 essetet
916 607 1196 672 Dominus,
1223 614 1316 660 aut
1341 607 1489 676 prius
1517 605 1774 661 obediens
1798 615 1915 659 tan-

340 710 447 756 tum
482 697 664 766 fuerit,
700 707 753 752 et
779 705 964 767 postea
995 697 1161 764 ipsius
1192 697 1514 752 obedient-iie
1542 698 1737 762 merito
1766 696 1920 750 Chri-

339 797 453 844 stus
483 787 740 854 eﬂ‘ectus;
779 799 869 842 aut
900 789 978 842 sic
1011 787 1170 842 fuerit
1210 804 1440 858 unquam
1473 787 1709 852 humilis,
1742 798 1798 841 ut
1826 803 1922 842 ex-

341 879 518 934 celsus
549 893 763 948 quoque
796 894 902 930 non
953 885 1128 943 esset;
1180 887 1274 932 aut
1310 878 1598 946 aliquando
1631 877 1918 930 humanum

343 986 535 1025 nomen
569 971 833 1034 habuerit,
870 977 928 1022 ut
957 985 1062 1023 non
1107 971 1327 1024 haberet
1369 971 1527 1024 etiam
1559 985 1754 1024 nomen
1779 969 1920 1038 quod

350 1072 421 1114 est
443 1076 605 1126 super
631 1075 789 1112 omne
815 1074 1005 1113 nomen
1031 1078 1043 1111 :
1069 1061 1190 1127 quia
1215 1071 1269 1115 et
1299 1061 1400 1115 hoc
1432 1059 1720 1130 Gregorius
1743 1061 1919 1118 dixit:

342 1150 494 1218 Quod
529 1150 729 1203 humile
757 1156 874 1203 erat
904 1150 1321 1216 supercxaltavil
1351 1192 1365 1216 ,
1411 1158 1463 1203 et
1498 1149 1788 1204 humanum
1823 1153 1916 1204 ha-

344 1241 488 1296 benti
543 1238 737 1293 nomen
783 1237 1001 1293 donavit
1042 1252 1238 1291 nomen
1271 1238 1411 1306 quod
1441 1248 1532 1293 est.
1553 1253 1718 1307 super
1763 1253 1924 1292 omne

344 1347 559 1384 nomen.
588 1329 855 1383 Accusent
881 1330 1042 1382 etiam
1076 1329 1216 1398 quod
1250 1330 1322 1381 ait
1353 1344 1368 1382 :
1403 1327 1496 1383 Ille
1527 1341 1704 1383 autem
1733 1344 1797 1384 ex
1825 1332 1922 1382 ho-

345 1425 489 1477 mine
539 1423 597 1476 td
646 1421 811 1475 Deum
856 1421 1144 1484 exaltatus,
1187 1421 1398 1490 proprie
1426 1431 1482 1475 et
1521 1436 1646 1476 vere
1681 1417 1926 1475 Christus

345 1521 400 1567 et
429 1512 686 1565 Dom.’aus
709 1511 884 1564 factus
907 1525 1027 1564 esse
1050 1511 1263 1576 dicitur,
1295 1511 1447 1580 quasi
1469 1510 1712 1564 Christus
1742 1521 1795 1565 et
1823 1511 1925 1564 Do.-

346 1602 522 1655 minus
551 1601 720 1655 lactus
749 1601 909 1655 homo
938 1615 1057 1655 esse
1081 1600 1324 1665 desierit,
1357 1611 1414 1654 ut
1439 1601 1708 1654 diceretur
1735 1616 1796 1655 ex
1833 1601 1926 1665 ho:

347 1692 488 1746 mine
528 1692 779 1746 Christus
810 1701 864 1746 et
899 1691 1156 1745 Dominus
1189 1690 1382 1746 factos.
1410 1690 1619 1758 Quanta
1646 1705 1771 1744 vero
1802 1690 1925 1744 talia

347 1785 400 1838 iit
449 1783 600 1837 libris
642 1783 802 1851 hujus
835 1786 1003 1837 sancti
1047 1783 1293 1852 Gregorii
1326 1782 1529 1850 possint
1573 1783 1821 1848 inveniri,
1854 1797 1922 1836 ex

2023 603 2154 657 nihil
2184 604 2327 658 aliud
2358 605 2616 671 ostendit,
2652 604 2750 659 nisi
2795 605 2916 673 quia
2960 618 3176 659 carnem
3208 619 3338 658 vere
3367 603 3590 658 circum-

2024 693 2248 748 amictus
2291 703 2376 750 est
2423 697 2696 750 timentem
2741 706 2988 749 mortem.
3033 693 3246 749 Timere
3275 694 3420 750 enim
3454 711 3600 748 mor-

2025 796 2154 848 tem,
2211 795 2264 840 et
2309 786 2591 851 subtrahi,
2630 795 2685 841 et
2706 788 2962 864 {agoniam
3010 781 3212 839 habere
3245 830 3259 852 ,
3309 786 3450 839 iliius
3492 795 3596 840 est.

2023 876 2172 932 Nunc
2208 877 2425 947 quidem
2465 892 2583 933 eam
2625 879 2894 934 desertam
2945 888 2996 933 et
3045 879 3240 934 nudam
3286 879 3499 946 reliquit
3541 879 3606 930 ab

2025 969 2340 1037 operatione
2367 969 2610 1037 propria,
2658 978 2716 1022 ut
2743 969 3035 1024 ostendens
3073 971 3188 1037 ejus
3221 969 3608 1026 inlirmitatcm,

2026 1057 2396 1112 manifestaret
2441 1057 2557 1127 ejus
2601 1067 2866 1112 naturam.
2905 1077 2923 1110 ι
2958 1058 3075 1112 lam
3107 1049 3322 1128 quidem
3354 1058 3516 1112 etiam
3548 1042 3611 1110 li-

2026 1149 2336 1213 brotertio,
2379 1149 2649 1218 quomodo
2683 1149 2823 1204 idem
2855 1149 3044 1204 beatus
3080 1148 3312 1202 Joannes
3343 1148 3611 1203 Christum

2026 1238 2324 1293 secundum
2374 1238 2760 1292 humanitatem
2811 1246 3039 1297 mortem
3074 1237 3315 1291 docuerit
3346 1237 3610 1298 timuisse,

2028 1331 2394 1400 probavimus.
2427 1330 2533 1386 Sed
2569 1331 2696 1384 illud
2733 1330 2892 1384 modo
2925 1330 3170 1383 volumus
3200 1328 3426 1392 attendi,
3468 1324 3610 1396 quod

2026 1427 2144 1479 ait:
2183 1424 2333 1478 Nunc
2363 1406 2726 1494 quidem'eam
2767 1423 3038 1477 chcrtam
3068 1431 3121 1476 et
3165 1414 3360 1475 nudam
3400 1420 3616 1486 reliquit.

2027 1515 2094 1570 ab
2123 1516 2438 1581 operatione
2463 1516 2701 1584 propria,
2735 1530 2854 1568 eum
2893 1513 2967 1568 sic
3000 1528 3118 1567 eam
3152 1512 3256 1566 sibi
3289 1514 3453 1567 Deum
3480 1503 3618 1568 Ver.-

2027 1609 2152 1664 bum
2183 1611 2232 1663 in
2259 1624 2417 1662 unam
2447 1607 2851 1662 subsistentiam
2882 1607 3152 1660 adunasse
3184 1605 3471 1660 credamus
3497 1645 3512 1669 ,
3557 1613 3616 1657 ut

2027 1699 2096 1754 ab
2146 1713 2206 1754 ea
2255 1698 2440 1753 divelli
2494 1709 2724 1766 nequeat
2772 1697 2824 1750 in
2874 1704 3184 1750 internum:
3233 1709 3391 1763 quam
3437 1702 3614 1747 tamen

2029 1799 2179 1843 recto
2207 1803 2392 1856 sensu,
2419 1803 2576 1858 quem
2608 1787 3066 1857 Eutychianorum
3099 1787 3326 1840 stultitia
3354 1799 3458 1840 non
3493 1797 3616 1854 pos-

347 1872 448 1926 hoc
492 1873 662 1926 lcezor
693 1872 968 1942 eonjiirial,
1019 1872 1144 1940 quia
1187 1887 1286 1925 nos
1313 1888 1418 1925 non
1448 1872 1619 1926 solum
1645 1887 1712 1926 ex
1736 1868 1923 1926 eodem
1958 1884 2005 1944 Β
2032 1889 2113 1933 set
2136 1879 2389 1948 indagare
2418 1894 2518 1934 nec
2560 1880 2806 1947 impietas
2841 1879 3050 1947 placide
3077 1887 3130 1933 et
3171 1882 3486 1932 reverenter
3524 1890 3613 1930 ac-

348 1965 463 2033 ejus
492 1978 674 2032 opere,
718 1951 904 2018 verum
932 1963 1094 2018 etiam
1133 1978 1199 2017 ex
1229 1965 1420 2018 eodem
1455 1964 1592 2019 libro
1634 1972 1778 2016 tanta
1809 1978 1931 2032 pro-

351 2055 589 2121 tulimus,
622 2063 819 2124 quanta
854 2055 1160 2108 necessaria
1191 2069 1366 2109 causm
1404 2054 1780 2123 judicavimus.
1825 2055 1934 2110 Nec

349 2158 526 2201 taiuen
576 2161 674 2216 pro
719 2145 918 2201 talibus
966 2145 1182 2214 dignum
1211 2155 1294 2200 est
1337 2142 1453 2215 ejus
1485 2145 1785 2201 doctrinam
1833 2144 1933 2200 sub

348 2232 692 2292 anathemate
719 2232 1085 2291 condemnari.
1124 2235 1359 2290 Primum
1393 2235 1630 2306 quidem,
1668 2237 1793 2305 quia
1825 2252 1931 2292 non

352 2329 574 2384 infantia
606 2329 750 2398 digni
782 2340 927 2393 sunt,
963 2329 1048 2394 qui
1079 2337 1398 2396 praesentem
1430 2328 1589 2381 vitam
1614 2340 1734 2382 cum
1764 2326 1932 2395 gloria

355 2421 631 2474 linieruut.
682 2420 884 2473 Deinde
932 2420 948 2449 ί
984 2417 1168 2472 Patres
1212 2432 1424 2487 quoque
1462 2418 1750 2472 orientales
1790 2417 1935 2472 dice-

351 2511 477 2564 bant
513 2527 525 2562 :
566 2528 584 2560 ι
614 2507 669 2564 Si
700 2519 876 2563 autem
911 2508 1226 2578 quidquam,
1259 2510 1548 2578 imperator
1577 2517 1797 2573 sancte,
1840 2508 1937 2562 ob-

349 2617 566 2658 scurum
609 2602 804 2672 aliquis
853 2601 1081 2655 inveniri
1113 2601 1259 2654 dicat
1290 2602 1342 2655 in
1375 2601 1642 2656 Theodori
1687 2599 1775 2655 vel
1805 2600 1938 2654 alio-

350 2710 472 2749 rum
505 2695 736 2760 litteris,
788 2696 893 2747 hoc
944 2692 1222 2748 retractari
1267 2691 1634 2747 necessarium
1686 2705 1791 2746 non
1831 2697 1933 2746 est.

353 2789 589 2852 Quorum
619 2786 763 2839 enim
795 2786 899 2838 vita
948 2785 1001 2838 in
1043 2783 1350 2839 sacerdotio
1381 2792 1434 2837 et
1467 2783 1766 2838 ministerio
1795 2782 1936 2852 opti-

352 2892 497 2932 mum
529 2871 715 2931 habuit
745 2876 905 2929 linem
932 2919 946 2942 ,
997 2875 1081 2929 his
1129 2874 1404 2942 prmlzitam
1450 2873 1675 2943 gloriam
1718 2869 1939 2929 dedica-

356 2991 496 3041 mus,
529 2983 582 3028 et
621 2989 726 3028 non
755 2987 821 3028 ex
854 2973 963 3026 illis
992 2985 1082 3026 eos
1107 2968 1420 3039 judicamus
1451 2969 1518 3023 de
1550 2967 1744 3036 quibus
1773 2965 1936 3035 aliqui

355 3068 616 3122 atroriter
658 3081 753 3121 eos
796 3072 1070 3119 accusant.
1117 3061 1456 3132 lmpossibile
1496 3063 1640 3115 enim
1672 3068 1776 3128 est,
1817 3072 1936 3114 cum

356 3156 600 3212 homines
645 3157 752 3211 sint
787 3155 957 3226 quiin
999 3153 1236 3208 Ecclesia
1264 3153 1479 3218 docent,
1511 3162 1568 3206 ut
1596 3151 1934 3206 calumnian-

2031 1969 2237 2037 cipere,
2277 1968 2514 2023 Joannes
2542 1969 2609 2021 ab
2638 1969 2732 2022 illo
2763 1968 3012 2036 perhibet
3041 1981 3162 2044 esse
3191 1966 3480 2022 desertam.
3513 1964 3615 2030 Qui

2033 2075 2220 2114 rursus
2261 2059 2314 2113 in
2344 2068 2649 2113 commento
2676 2057 2931 2126 Epistolas
2961 2057 3027 2117 ad
3058 2055 3322 2125 Ephesios
3351 2055 3486 2108 libro
3509 2064 3618 2108 ter-

2035 2155 2108 2209 tio
2147 2154 2276 2209 dicit.
2305 2170 2318 2206 :
2358 2173 2374 2205 ι
2413 2150 2708 2208 Considera
2739 2161 2997 2221 quantum
3025 2159 3109 2208 est
3139 2151 3276 2204 inter
3309 2149 3539 2204 hominis
3565 2157 3621 2204 et

2035 2245 2128 2300 Dei
2174 2255 2419 2300 naturam
2465 2244 2700 2299 medium
2727 2283 2744 2311 ,
2795 2253 2845 2299 et
2875 2243 2942 2298 ab
2996 2241 3098 2297 hac
3140 2241 3346 2296 vilitate
3386 2241 3438 2294 in
3471 2236 3620 2294 illum

2036 2349 2157 2390 eum
2187 2337 2446 2391 honorem
2492 2334 2704 2388 devexit
2740 2352 2750 2386 :
2787 2349 2894 2388 non
2927 2349 3035 2387 uno
3063 2332 3233 2404 gradu
3266 2328 3620 2395 transcendit,

2035 2435 2090 2482 et
2130 2428 2387 2492 secundo,
2439 2436 2494 2481 et
2525 2426 2683 2481 tertio
2714 2425 2853 2480 habe
2881 2432 2908 2464 α
2939 2443 2952 2478 :
2986 2441 3092 2480 non
3139 2425 3457 2494 simpliciter
3484 2425 3622 2479 dixit

2036 2533 2273 2584 sursum,
2306 2519 2400 2573 sed
2430 2532 2593 2587 super
2628 2533 2864 2584 sursum,
2903 2532 3025 2572 nam
3057 2517 3346 2572 virtutibus
3376 2518 3622 2586 supernis

2038 2608 2287 2677 superior
2318 2618 2421 2663 est.
2482 2609 2626 2677 Ergo
2669 2608 2796 2662 illuc
2842 2608 3030 2663 evexit
3074 2622 3197 2662 eum
3229 2593 3320 2677 qui
3369 2623 3436 2662 ex
3469 2609 3622 2664 nobis

2040 2707 2154 2763 est;
2199 2698 2266 2752 ab
2296 2698 2479 2752 ultima
2524 2708 2664 2752 meta
2695 2698 2759 2752 ad
2799 2711 3110 2765 supremum
3139 2699 3318 2752 evexit
3361 2697 3622 2767 principa~

2048 2793 2179 2854 tum,
2211 2797 2333 2856 post
2357 2802 2514 2856 quem
2547 2802 2653 2840 non
2686 2797 2770 2842 est
2793 2786 2927 2842 alt-er
2955 2789 3125 2842 honor
3158 2806 3170 2839 :
3198 2802 3360 2858 super
3381 2803 3619 2855 omnem,

2041 2876 2250 2946 inquit,
2294 2876 2650 2944 principatum
2685 2872 2716 2928 ε’
2743 2892 2847 2930 non
2881 2875 2980 2931 hoc
3028 2877 3274 2945 quidem,
3317 2878 3418 2934 hoc
3443 2888 3622 2934 autem

2044 2980 2173 3033 non,
2205 2967 2299 3021 sed
2331 2975 2384 3022 et
2416 2982 2576 3037 super
2605 2981 2819 3021 omnem
2851 2975 3173 3038 potestatem
3207 2977 3261 3022 et
3291 2968 3541 3024 virtutem
3570 2981 3624 3024 et

2043 3058 2486 3123 dominationem,
2534 3067 2590 3111 et
2620 3073 2782 3112 omne
2823 3073 3019 3113 nomen
3051 3061 3192 3129 quod
3236 3061 3542 3115 nominatur
3568 3062 3622 3115 in

2043 3150 2183 3205 coelo
2206 3160 2259 3204 et
2282 3150 2334 3204 in
2365 3158 2528 3217 terra,
2551 3151 2798 3219 superior
2825 3144 3000 3206 factus
3028 3161 3131 3206 est.
3168 3152 3277 3207 lloc
3300 3152 3368 3209 de
3389 3167 3454 3208 eo
3482 3155 3623 3224 quia

359 3251 489 3304 tium
519 3250 941 3318 vituperationes
989 3245 1262 3317 ellugiant.
1306 3264 1323 3297 ι
1354 3238 1562 3300 Deinde
1609 3244 1734 3314 quia
1765 3245 1934 3300 multa
1965 3255 2015 3318 ο
2046 3241 2274 3296 mortuis
2303 3241 2596 3296 suseitatds
2626 3250 2709 3297 est
2735 3241 2953 3311 dignum
2994 3242 3201 3308 mirari,
3224 3238 3289 3298 de
3321 3243 3416 3299 De'i
3445 3254 3626 3299 autem

359 3340 482 3395 hinc
506 3341 671 3396 etiam
703 3339 850 3394 Iresio
877 3347 1036 3408 atque
1065 3336 1313 3392 confusio
1343 3345 1632 3406 generatur
1660 3336 1936 3390 Ecclesiae.

359 3434 513 3490 Unde
544 3435 736 3488 iterum
763 3433 948 3486 Patres
978 3429 1261 3484 memorati
1287 3420 1540 3481 dicebant
1569 3444 1581 3479 :
1618 3445 1637 3478 ‹
1668 3424 1804 3492 Quid
1831 3441 1939 3480 non

361 3527 486 3579 hinc
507 3523 744 3578 lassionis
771 3522 853 3577 vel
885 3517 1249 3589 corruptionis
1273 3506 1334 3571 iit
1361 3515 1696 3570 confusionis
1724 3511 1938 3584 plenum

357 3629 672 3690 generetur,
712 3615 757 3670 si
783 3615 1087 3684 aperiamus
1112 3613 1331 3680 januam
1364 3609 1448 3662 his
1480 3608 1570 3676 qui
1593 3608 1780 3662 volunt
1798 3607 1940 3662 dicta

363 3707 748 3765 transeuntium
795 3707 1011 3761 Patrum
1053 3702 1337 3760 evertere?
1367 3702 1525 3771 quale
1552 3701 1804 3755 damnum
1834 3715 1940 3755 non

361 3809 603 3870 apertum
637 3801 759 3865 erit,
809 3798 948 3851 dicta
983 3811 1089 3850 non
1123 3791 1294 3850 solum
1338 3791 1596 3860 refutare,
1651 3793 1744 3847 sed
1776 3793 1938 3847 etiam

361 3886 849 3945 anathetnatizare?
879 3906 897 3938 ι
933 3885 1001 3940 Ut
1028 3886 1169 3940 enim
1200 3882 1341 3937 aliud
1361 3884 1519 3938 alicui
1548 3883 1772 3952 placeat,
1797 3883 1940 3937 aliud

337 3997 470 4056 non
502 3983 552 4035 in
581 3975 882 4049 aliquorum
925 3964 1100 4046 di‘ctis,
1135 3981 1249 4033 sive
1278 3980 1645 4050 antiquorum,
1701 3980 1813 4033 sive
1845 3993 1942 4047 po-

366 4083 629 4128 sterorum
657 4115 671 4139 ,
723 4073 836 4126 sive
866 4085 1008 4124 nunc
1036 4079 1344 4123 nostrorum
1373 4110 1388 4134 ,
1438 4069 1543 4122 alia
1572 4069 1707 4122 ratio
1733 4076 1815 4121 est
1839 4083 1853 4121 :
1888 4074 1946 4121 ut

367 4177 544 4222 autem
565 4175 622 4220 'et
653 4164 934 4218 anathema
965 4163 1043 4217 eis
1072 4163 1402 4232 imponatur,
1429 4160 1752 4214 arbitramur
1772 4159 1943 4212 audax

367 4268 422 4313 et
451 4271 696 4327 asperum
728 4269 1009 4324 apparere.
1058 4254 1159 4310 etsi
1207 4268 1450 4324 persona.-
1479 4267 1602 4307 cum
1648 4251 1806 4310 dictis
1839 4265 1943 4305 non

368 4350 907 4407 anathematizentur.

990 4503 1215 4559 CAPUT
1240 4503 1304 4559 ν.

371 4613 520 4680 Quod
549 4614 686 4686 apud
704 4610 953 4668 Joannem
975 4612 1392 4686 Cltrys_ostomun_t
1413 4615 1648 4686 qutedam
1674 4615 1839 4686 etiam
1866 4615 1941 4667 si-

439 4683 590 4738 milia'
632 4688 731 4738 sint
778 4687 842 4738 iis
873 4700 986 4755 qua:
1014 4683 1096 4738 ini
1121 4683 1376 4738 Theodori
1424 4685 1635 4754 scriptis
1671 4685 1944 4754 reprelien-

439 4756 649 4810 duntur.

437 4865 543 4920 Sed
561 4864 672 4934 jam
695 4865 763 4920 ad
775 4865 944 4920 sancti
967 4865 1187 4921 Joannis
1207 4866 1782 4934 ConstantinOpolitani
1806 4865 1945 4924 dicta

369 4967 657 5028 pergamus
678 4997 694 5023 ,
744 4967 800 5011 ut
830 4965 922 5010 aut
950 4958 1064 5025 ipse
1091 4971 1301 5028 quoque
1327 4972 1448 5011 cum
1490 4957 1771 5013 Theodoro
1801 4959 1943 5011 anti-

367 5063 476 5119 quo
505 5051 678 5103 amico
707 5058 758 5104 et
801 5064 831 5103 a
859 5047 1122 5118 principio
1165 5049 1558 5118 condiscipulo,
1601 5066 1944 5106 communem

367 5137 436 5192 ab
463 5137 806 5208 Eutychianis
835 5139 971 5192 lerat
999 5138 1274 5205 invidiam,
1319 5147 1412 5193 aut
1437 5149 1490 5193 et
1512 5141 1578 5194 ab
1609 5141 1702 5194 illo
1730 5150 1888 5210 atque
1913 5155 1944 5196 a

367 5230 574 5295 synodo
597 5227 1026 5283 Chalcedonensi
1060 5229 1302 5296 repellat.
1328 5227 1428 5292 Qui
1453 5230 1504 5281 in
1538 5243 1786 5284 sermone
1812 5244 1947 5298 quo-

367 5322 513 5388 dam,
546 5320 698 5390 cujus
742 5331 827 5374 est
859 5319 1180 5388 principium
1201 5361 1215 5386 ,
1255 5318 1450 5372 lterum
1474 5335 1714 5387 equorum
1740 5337 1942 5386 cursus,

365 5413 446 5466 sic
477 5413 550 5465 ait
579 5428 594 5465 :
637 5430 655 5462 ‹
688 5410 917 5478 Quando
944 5423 1074 5480 ergo
1094 5409 1224 5464 dicit
1256 5427 1269 5460 :
1299 5409 1360 5462 Si
1385 5408 1624 5478 possibile
1649 5418 1746 5473 est,
1776 5419 1946 5463 trans-

439 5580 464 5608 ἰ
493 5571 548 5626 In
579 5570 789 5639 Graeco,
823 5573 994 5641 Βαϐαῖ,
1026 5571 1206 5642 paper!
1224 5587 1324 5624 non
1350 5569 1669 5640 simpliciter,
1701 5579 1805 5624 etc.

440 5727 453 5756 ¹
485 5722 616 5777 Cod.
649 5721 871 5787 Veron.,
905 5719 1072 5774 Unde.

433 5795 459 5826 ⁸
488 5794 629 5847 ldem
654 5791 799 5853 cod.,
854 5793 919 5842 ad
949 5804 1260 5858 supremum.
1293 5789 1380 5845 Sic
1404 5790 1560 5859 paulo
1590 5790 1838 5860 superius
1868 5791 1942 5844 ait

365 5865 598 5920 Joannes
627 5860 1036 5930 Chrysostomus
1069 5874 1082 5911 :
1115 5861 1177 5911 ab
1200 5862 1379 5913 ultima
1411 5871 1540 5914 meta
1566 5863 1632 5915 ad
1652 5877 1942 5932 supremum

688 5954 954 6014 ΡΑτιιοι..
1007 5950 1251 6010 LXVII.

2050 3334 2228 3390 Verbo
2271 3349 2631 3404 nequaquam.
2679 3353 2697 3387 ι
2732 3333 2916 3404 Neque
2948 3335 3032 3390 hic
3061 3335 3310 3403 dicendo,
3339 3336 3480 3406 quod
3524 3351 3628 3390 na-

2044 3435 2163 3480 tura
2211 3426 2388 3480 divina
2432 3434 2767 3496 assumptum
2801 3428 2820 3458 '
2853 3427 3034 3482 evexit
3073 3440 3194 3481 eum
3228 3426 3318 3496 qui
3365 3439 3429 3481 ex
3471 3427 3626 3481 nobis

2042 3525 2150 3582 est,
2203 3516 2337 3572 duos
2364 3517 2540 3570 voluit
2590 3517 2815 3587 intelligi
2857 3518 3012 3572 ﬁlios.
3055 3517 3210 3573 Unde
3251 3532 3350 3572 nec
3389 3519 3457 3572 ita
3491 3518 3624 3573 illud

2043 3606 2301 3678 debemus
2345 3608 2588 3676 accipere
2617 3647 2631 3670 ,
2682 3607 2824 3676 quod
2871 3607 2926 3662 in
2977 3607 3081 3662 line
3127 3608 3285 3678 hujus
3341 3609 3622 3664 sententia:

2044 3699 2204 3763 dixit,
2240 3698 2352 3752 lloc
2373 3698 2441 3752 de
2471 3714 2535 3752 eo
2563 3697 2654 3766 qui
2678 3713 2704 3750 a
2737 3699 2961 3752 mortuis
2983 3699 3270 3753 suscitatus
3299 3709 3378 3753 est
3408 3699 3625 3768 dignum

2045 3787 2264 3851 mirari,
2312 3787 2379 3842 de
2418 3787 2512 3842 Dei
2542 3796 2717 3840 autem
2756 3783 2935 3842 Verbo
2979 3798 3334 3857 nequaquam.
3369 3789 3497 3843 Item
3528 3804 3625 3844 eo-

2044 3876 2164 3931 dem
2197 3877 2334 3931 libro
2367 3893 2379 3928 :
2424 3889 2442 3928 ι
2485 3877 2596 3930 Duo
2625 3877 2788 3941 enim,
2823 3877 3014 3946 inquit,
3045 3877 3278 3931 maxima
3311 3877 3434 3932 iecit
3465 3895 3478 3931 :
3510 3879 3627 3946 ipse

2046 3966 2101 4022 in
2150 3968 2495 4022 novissimam
2529 3967 2888 4022 humilitatem
2931 3969 3104 4035 venit,
3143 3968 3411 4022 hominem
3451 3970 3501 4022 in
3530 3986 3625 4023 ex-

2047 4057 2350 4112 cellentiam
2385 4073 2628 4127 magnam
2673 4059 2880 4126 evexit,
2933 4057 2986 4112 in
3014 4058 3274 4129 sanguine
3302 4059 3419 4128 ejus
3446 4060 3626 4114 salva-

2047 4149 2143 4203 vit.
2176 4148 2316 4202 Dixit
2342 4149 2471 4203 illud
2518 4151 2686 4219 prius,
2718 4151 2805 4219 qui
2833 4151 3178 4219 semetipsum
3212 4160 3412 4205 tantum
3446 4150 3626 4204 humi-

2048 4240 2230 4305 liavit;
2279 4240 2407 4295 dicit
2448 4241 2550 4296 hoc
2580 4250 2764 4310 postea
2813 4257 3059 4311 magnum
3104 4250 3158 4296 et
3185 4255 3516 4312 supremum.
3565 4244 3628 4298 Et

2049 4333 2170 4387 licet
2199 4332 2346 4387 nullo
2372 4333 2516 4402 digni
2539 4332 2893 4402 efﬁceretnur,
2921 4326 3251 4401 sufficiebat;
3278 4345 3328 4390 et
3354 4338 3397 4389 si
3434 4347 3628 4404 praeter

2048 4423 2156 4478 hoc
2184 4423 2326 4493 digni
2361 4422 2701 4479 efﬁceremur
2733 4425 2934 4494 absque
2959 4425 3246 4493 occisione,
3279 4425 3580 4482 sufﬁciebat
3608 4445 3621 4479 :

2051 4513 2265 4581 quando
2287 4523 2466 4567 autem
2498 4513 2605 4567 duo
2635 4522 2760 4567 sunt
2786 4553 2801 4580 ,
2841 4513 2997 4583 cujus
3022 4515 3285 4569 sermonis
3311 4517 3632 4586 magnitudi—

2047 4618 2172 4658 nem
2218 4619 2323 4657 non
2367 4605 2577 4658 evincat
2619 4613 2777 4672 atque
2807 4604 3186 4659 transcendat?
3221 4623 3238 4657 ι
3272 4606 3387 4660 Non
3428 4608 3632 4676 grande

2054 4705 2137 4747 est
2179 4693 2385 4762 aliquid
2414 4696 2760 4762 resurrectio,
2793 4694 3007 4764 quando
3038 4696 3136 4750 ista
3181 4698 3467 4752 considero
3511 4715 3523 4751 :
3562 4699 3630 4754 de

1970 4804 1971 4807 η
2055 4786 2318 4839 ἱειοόίοἱι
2347 4805 2360 4840 :
2397 4787 2538 4841 Deus
2567 4787 2777 4842 Domini
2810 4791 2978 4844 nostri
3004 4790 3133 4846 Jesu
3170 4791 3386 4854 Chi-isti,
3425 4806 3532 4844 non
3562 4791 3630 4844 de

2053 4874 2163 4929 Deo
2195 4875 2389 4932 Verbo.
2413 4879 2545 4945 Quis
2571 4887 2750 4934 autem
2774 4883 2856 4936 vel
2885 4880 2970 4934 hic
2993 4881 3254 4935 Joannem
3274 4881 3416 4935 dicat
3441 4881 3632 4935 Nesto-

2051 4965 2189 5018 riani
2238 4965 2508 5037 dogmatis
2556 4969 2888 5024 inventorem
2937 4971 3057 5039 quia
3088 4969 3220 5024 dixit
3251 4988 3262 5022 :
3294 4971 3408 5039 lpse
3438 4972 3490 5024 in
3539 4987 3632 5025 no-

2050 5055 2322 5108 vissimam
2357 5057 2709 5114 humilitatem
2749 5061 2936 5126 venit;
2982 5063 3104 5115 item
3147 5079 3161 5115 :
3206 5061 3280 5115 De
3305 5077 3348 5116 .s
3385 5061 3622 5118 Verbum

2029 5143 2326 5218 .hom'item
2367 5149 2417 5202 in
2467 5151 2842 5205 excellentiam
2895 5167 3138 5222 magnam
3191 5153 3396 5217 evexit;
3452 5153 3625 5208 item:

2052 5229 2146 5286 llle
2177 5231 2196 5262 ³
2227 5233 2284 5288 in
2325 5236 2477 5304 cujus
2508 5229 2771 5307 sanguine
2799 5256 2896 5295 nos
2935 5241 3199 5295 salvavit?
3230 5243 3310 5295 vel
3338 5243 3460 5311 quia
3495 5244 3626 5296 infe-

2052 5323 2164 5376 rius
2193 5323 2288 5388 ait,
2317 5325 2386 5380 de
2421 5326 2522 5379 isto
2549 5329 2681 5383 dicit
2714 5330 2853 5384 Deus
2880 5331 3086 5385 Domini
3117 5334 3281 5385 nostri
3317 5331 3443 5388 Jesu
3472 5334 3628 5386 Chri-

2051 5414 2141 5480 sti,
2169 5431 2272 5470 non
2298 5418 2362 5471 de
2389 5418 2701 5488 DeoVerho,
2726 5433 2972 5492 tanquam
2999 5425 3251 5479 Dominus
3270 5435 3451 5479 uester
3472 5423 3628 5480 Jesnl

2047 5723 2203 5778 evexit
2230 5723 2589 5792 principatum.

2171 5790 2310 5848 Idem
2341 5795 2488 5862 cod.,
2512 5795 2564 5848 id
2587 5801 2678 5859 est,
2713 5790 2822 5844 ille.

3115 5946 3197 6015 26
