4094 6510
561 360 658 418 8H

1575 337 1895 408 "race-not
1936 348 2144 404 EPISC.
2189 347 2696 404 llEi’tMlANENSlS

3686 347 3794 401 812

429 488 431 490 ·
526 475 764 530 Christus
811 485 917 526 non
954 466 1244 524 secundum
1285 466 1643 522 subsistentiae
1674 464 1932 517 unitatem
1972 461 2088 530 ipse
2121 467 2163 523 Α
2197 471 2339 516 tante
2361 460 2586 516 Nestorii
2602 461 3202 535 guazstione,h:ereticis
3223 461 3346 515 talia
3366 459 3792 529 respondebant,

526 564 594 617 sit
638 560 797 617 etiam
837 562 978 614 Deus
1008 556 1261 612 Verbum.
1304 553 1368 610 In
1399 553 1844 622 interpretatione
1891 563 2104 620 quoque

527 651 773 721 Epistolas
799 649 864 704 ad
895 647 1149 704 Hebraeos
1171 660 1426 701 sermone
1463 643 1528 698 M
1559 647 1576 665 ‘
1603 642 1671 698 de
1700 655 1766 696 eo
1795 639 1940 710 quod
1968 639 2107 695 scri-

527 753 669 814 ptum
699 752 781 798 est
809 759 822 794 :
853 742 1003 797 Sicut
1029 740 1426 796 consummatio
1455 752 1548 809 per
1591 735 1888 792 Leviticum
1916 749 2104 791 sacer-

525 832 726 889 dotium
763 842 900 896 erat,
933 831 1004 885 ita
1035 830 1243 884 locutus
1271 837 1390 883 est:
1430 845 1446 880 ε
1480 825 1620 882 Dicit
1650 827 1789 879 alter
1823 823 2102 894 pmpheta,

527 922 685 978 Dolus
711 938 812 976 non
848 932 920 975 est
947 922 1181 974 inventus
1209 921 1261 971 in
1293 934 1378 972 ore
1401 920 1512 990 ejus
1543 929 1562 970 :
1595 920 1696 969 hoc
1719 923 1802 968 est
1825 914 1967 968 nulla
1999 913 2108 969 cal-

525 1009 726 1072 liditas.
774 1013 884 1068 Iloc
913 1011 1139 1068 forsitan
1171 1011 1452 1080 quisquam
1477 1008 1546 1062 de
1576 1007 1684 1062 Deo
1712 1005 1874 1070 dicat,
1915 1013 1968 1059 et
1997 1019 2105 1060 non

526 1105 798 1161 erubescit
826 1104 1036 1172 dicens,
1087 1101 1212 1172 quia
1249 1101 1388 1155 Deus
1416 1113 1520 1153 non
1550 1107 1631 1153 est
1660 1097 1905 1164 callidus,
1935 1106 2110 1166 neque

527 1197 766 1251 dolosas.
811 1195 889 1250 De
915 1209 983 1249 eo
1013 1206 1141 1247 vero
1172 1191 1264 1260 qui
1291 1189 1585 1245 secundum
1625 1195 1841 1243 carnem
1869 1195 1974 1252 est,
2015 1186 2110 1239 ha-

527 1287 675 1343 bebit
711 1285 937 1342 forsitan
989 1286 1270 1339 rationem.
1313 1300 1330 1333 ι
1388 1281 1482 1335 llic
1522 1281 1682 1338 etiam
1706 1320 1722 1346 ,
1755 1280 1997 1348 quamvis
2027 1277 2109 1331 di-

526 1389 614 1434 cat
641 1392 748 1432 non
777 1375 844 1433 de
881 1377 992 1432 Deo
1024 1376 1201 1430 Verbo
1231 1375 1486 1443 scriptum
1530 1373 1670 1443 quod
1710 1373 1784 1425 ait
1824 1369 2106 1439 propheta,

528 1468 690 1524 Dolus
720 1483 825 1523 non
855 1474 939 1522 est
990 1467 1238 1520 inventus
1287 1465 1340 1518 in
1370 1479 1463 1517 ore
1495 1465 1614 1531 ejus
1641 1502 1656 1528 ,
1711 1461 1805 1515 sed
1837 1459 1904 1515 de
1927 1475 1993 1514 eo
2022 1458 2108 1528 qui

530 1559 824 1614 secundum
869 1568 1087 1612 carnem
1139 1566 1220 1610 est
1248 1600 1261 1623 ,
1317 1570 1420 1608 non
1456 1563 1630 1608 tamen
1663 1553 1798 1605 duos
1829 1550 1996 1605 voluit
2023 1564 2112 1603 ac-

531 1653 632 1722 cipi
663 1649 904 1705 Christos
939 1657 1030 1702 aut
1071 1649 1228 1702 illius.
1282 1646 1338 1700 ln
1377 1658 1627 1700 sermone
1671 1656 1884 1714 quoque
1935 1643 2002 1697 de
2027 1654 2112 1694 as-

531 1742 790 1796 censione
839 1738 1049 1794 Domini
1079 1746 1104 1774 ι
1147 1737 1300 1806 cujus
1349 1733 1666 1791 estinitium
1697 1777 1712 1803 ,
1757 1731 2108 1786 Festivitatem

2208 562 2378 607 totum
2402 565 2598 622 corpus
2623 552 2880 605 doctrinae
2915 551 3126 606 illorum
3158 551 3391 606 lucidum
3425 549 3564 606 iecit.
3590 553 3645 609 Si
3672 553 3797 622 quis

2207 652 2384 699 autem
2417 657 2559 698 nunc
2603 643 2759 697 oculo
2798 657 3052 710 nequam,
3089 641 3139 696 id
3171 652 3252 696 est
3295 641 3590 697 intentione
3612 641 3630 673 ⁸
3656 657 3793 696 cun-

2205 740 2288 788 tra
2319 734 2633 801 Ecclesiam,
2669 727 2753 788 his
2800 731 3016 788 Patrum
3047 733 3224 786 verbis
3248 775 3264 800 ,
3297 733 3384 787 vel
3433 734 3591 787 etiam
3624 733 3797 802 ipsius

2208 825 2402 881 divinae
2431 824 2738 894 Scriptum,
2764 825 3014 878 abutatur
3036 824 3088 877 in
3117 824 3466 878 assertionem
3491 823 3797 876 Nestor'ani

2209 916 2504 987 dogmatis;
2539 925 2710 971 totum
2740 930 2937 984 corpus
2962 916 3078 983 ejus
3134 915 3478 970 tenebrosum
3505 914 3625 968 erit.
3674 913 3796 967 Non

2210 1017 2294 1064 est
2319 1017 2495 1063 autem
2541 1008 2699 1062 nobis
2740 1008 2791 1061 iu
2819 1005 2920 1060 hac
2961 1009 3068 1060 vita
3096 1020 3436 1072 concessum,
3471 1015 3527 1060 ut
3555 1009 3800 1074 proposi-

2213 1106 2322 1153 tum
2353 1108 2550 1154 nostra:
2581 1099 2780 1155 mentis
2811 1114 2945 1168 opus
2965 1098 3280 1168 aequiparet,
3314 1107 3369 1153 et
3400 1097 3519 1151 talis
3545 1106 3800 1166 tantaque

2211 1193 2282 1245 sit
2303 1192 2443 1245 actio
2469 1191 2643 1260 qualis
2659 1199 2712 1244 et
2734 1200 2928 1260 quanta
2955 1199 3038 1243 est
3067 1189 3220 1244 nobis
3250 1189 3507 1255 intentio;
3535 1190 3625 1243 sed
3653 1189 3803 1259 quod

2211 1284 2451 1354 perfecte
2483 1285 2624 1338 lucet
2649 1283 2702 1338 in
2732 1284 2870 1338 bona
2903 1283 3224 1346 intentione,
3255 1281 3581 1350 aliquantum
3610 1297 3803 1352 vespe-

2212 1377 2377 1430 rascit
2423 1379 2473 1430 in
2518 1390 2767 1431 sermone
2815 1375 2897 1430 vel
2947 1390 3131 1444 opere.
3165 1374 3315 1440 Quod
3347 1373 3392 1427 si
3423 1374 3533 1442 ipsa
3573 1374 3805 1428 intentio

2213 1468 2576 1534 tenebrescat,
2606 1467 2771 1520 multo
2801 1465 2970 1534 magis
2998 1465 3138 1519 dicta
3169 1464 3252 1518 vel
3284 1464 3438 1528 facta,
3473 1477 3588 1532 qua:
3614 1462 3682 1517 ab
3711 1464 3801 1518 illa

2212 1560 2600 1630 processerint,
2635 1557 2916 1613 tenebrosa
2967 1565 3145 1612 erunt.
3196 1555 3332 1610 llinc
3372 1561 3500 1623 ergo
3545 1556 3804 1609 Dominus

2214 1656 2374 1706 etiam
2407 1650 2505 1703 hoc
2534 1647 2730 1719 adjecit
2756 1665 2767 1700 :
2801 1647 2862 1701 Si
2883 1662 3001 1716 ergo
3026 1646 3196 1699 lumen
3217 1646 3353 1714 quod
3395 1645 3446 1697 in
3477 1655 3525 1698 te
3556 1655 3626 1699 est
3659 1655 3803 1699 tene-

2215 1724 2317 1795 lme
2346 1753 2483 1807 sunt,
2519 1743 2644 1811 ipsa:
2673 1738 2889 1794 tenebrae
2913 1747 3116 1807 quantae
3140 1739 3328 1791 erunt?
3360 1736 3586 1792 Proinde
3617 1737 3693 1791 sic
3721 1739 3805 1790 ho-

481 1861 490 1868 c
532 1833 683 1887 hodie
709 1831 1018 1884 celebramus
1049 1829 1332 1881 mirabilem
1363 1841 1383 1881 .°
1412 1846 1428 1879 ι
1463 1825 1657 1895 Utique
1690 1825 1993 1894 oportebat,
2027 1825 2110 1876 in-
2145 1842 2188 1901 Β
2217 1850 2354 1897 rum,
2387 1834 2475 1886 vel
2503 1846 2944 1902 quorrlmcunquc
2979 1831 3163 1884 talium
3213 1829 3430 1883 Patrum
3487 1829 3684 1897 scripta
3726 1831 3805 1882 ιη-

532 1925 685 1994 quit,
721 1921 1075 1976 differentiam
1108 1921 1187 1972 sic
1215 1919 1416 1972 dicere.
1468 1918 1548 1971 Ad
1575 1920 1797 1986 angelos
1843 1930 1968 1969 suos
1998 1916 2114 1984 qui-

535 2014 655 2067 dem
688 2011 860 2066 dicit:
900 2010 999 2076 Qui
1027 2010 1148 2080 facit
1178 2009 1384 2079 angelos
1428 2024 1543 2061 suos
1586 2009 1797 2079 spiritus
1844 2005 2032 2078 (Hebr.
2075 2021 2112 2068 ι,

536 2105 626 2172 7);
655 2104 722 2159 ad
752 2102 946 2159 Filium
978 2111 1183 2167 autem,
1219 2101 1468 2156 Dominus
1497 2102 1688 2156 creavit
1719 2117 1797 2154 me
1821 2117 1840 2154 :
1870 2107 1963 2154 aut
1989 2099 2113 2170 quia

537 2195 977 2257 Dominumeum
1009 2203 1063 2248 et
1108 2191 1378 2248 Christum
1429 2193 1569 2248 Deus
1620 2193 1761 2247 fecit.
1810 2193 1912 2248 Sed
1942 2207 2117 2263 neque

537 2286 664 2339 illud
691 2283 759 2340 de
787 2283 928 2339 Filio
954 2284 1156 2339 dictum
1200 2292 1313 2348 est,
1357 2297 1532 2353 neque
1562 2283 1664 2337 hoc
1688 2284 1754 2337 de
1784 2282 1894 2338 Deo
1919 2283 2115 2350 Verbo,

534 2377 626 2430 sed
656 2375 725 2432 de
759 2389 824 2430 eo
853 2374 943 2445 qui
973 2373 1266 2430 secundum
1301 2388 1519 2428 carnem
1562 2383 1664 2427 est.
1719 2391 1738 2424 ι
1795 2373 1959 2428 Vides
1988 2389 2118 2443 quo-

535 2469 694 2523 modo
723 2468 959 2523 Joannes
1010 2465 1062 2521 in
1094 2467 1193 2520 ista
1243 2481 1458 2536 quoque
1497 2466 1766 2520 sententia
1808 2465 1952 2519 dicat
1992 2467 2114 2535 quia

535 2575 638 2614 non
668 2560 736 2614 de
764 2557 902 2613 Filio
943 2557 1146 2613 dietum
1176 2567 1292 2620 est,
1331 2557 1545 2612 Creavit
1575 2571 1682 2624 me,
1712 2557 1807 2612 sed
1843 2557 1910 2613 de
1935 2571 2002 2613 eo
2029 2557 2116 2626 qui

535 2651 830 2706 secundum
876 2664 1096 2705 carnem
1139 2657 1256 2714 est;
1311 2663 1410 2704 nec
1459 2658 1639 2703 tamen
1684 2665 1712 2702 a
1744 2650 1886 2704 veris
1913 2657 1971 2703 et
2014 2647 2118 2718 piis

537 2742 780 2798 fidelibus
810 2756 932 2798 eum
959 2741 1052 2811 qui
1090 2740 1384 2795 secundum
1423 2753 1640 2797 carnem
1671 2748 1753 2795 est
1792 2740 1985 2794 Filium
2013 2753 2111 2793 ne-

536 2847 694 2907 gasse
718 2833 989 2888 credatur.

1139 3014 1364 3072 CAPUT
1415 3014 1502 3068 Vl.

539 3134 688 3201 Quod
732 3135 784 3188 in
824 3133 1011 3188 sanctis
1046 3131 1308 3193 Patribus,
1341 3130 1540 3197 siquid
1567 3139 1762 3196 errant,
1812 3130 2112 3187 excusanda

819 3206 882 3257 sit
907 3205 1142 3270 intentio,
1175 3218 1239 3255 ne
1265 3201 1489 3256 lueretici
1515 3201 1812 3256 credantur.

608 3305 716 3372 cur
739 3323 918 3371 autem
943 3317 1078 3381 lucc,
1107 3316 1192 3370 vel
1225 3315 1391 3386 ipsius
1419 3315 1589 3369 sancti
1623 3314 1867 3383 Joannis,
1910 3317 1993 3372 vel
2015 3331 2121 3373 cte-

536 3417 803 3471 terorum,
821 3407 866 3460 si
891 3421 992 3475 qua
1018 3407 1430 3462 memoravimus
1447 3404 1683 3472 Patrum,
1708 3404 1915 3475 aliaque
1935 3406 2119 3470 multa,

541 3513 662 3566 qua:
693 3497 1013 3566 prolixitatis
1044 3496 1276 3550 vitanda:
1317 3497 1484 3566 gratia
1517 3510 1820 3551 memorare
1852 3499 2124 3562 nolumus,—

543 3602 649 3639 non
671 3587 970 3641 creduntur
997 3585 1270 3652 haeretica,
1301 3586 1401 3640 nisi
1433 3586 1555 3651 quia
1584 3585 1847 3641 dictorum
1871 3587 2122 3643 oll'ensio-

542 3691 666 3730 nem
699 3676 992 3731 dicentium
1018 3685 1242 3731 excusat
1271 3677 1516 3742 intentio,
1550 3678 1842 3732 secundum
1868 3693 2024 3748 quam
2053 3682 2120 3734 de

539 3767 714 3822 verbis
761 3767 952 3822 melius
989 3753 1292 3837 judicatur?
1342 3768 1456 3837 Ipsa
1498 3779 1579 3824 est
1628 3769 1856 3824 intentio
1899 3773 2116 3837 mentis,

539 3875 655 3928 quae
679 3861 829 3914 velut
853 3858 1064 3929 quidam
1087 3860 1294 3926 oculus,
1313 3859 1547 3929 corpori,
1575 3862 1646 3915 ita
1677 3875 1780 3914 non
1811 3861 1981 3916 solum
2009 3862 2121 3918 dic-

537 3952 606 4004 tis
633 3950 866 4015 nostris,
901 3948 995 4002 sed
1048 3950 1299 4018 operibus
1342 3963 1553 4018 quoque
1597 3951 1849 4018 prazsidet
1877 3969 1889 4002 :
1918 3952 1985 4005 de
2015 3967 2120 4021 qua

543 4040 796 4093 Dominus
823 4038 897 4092 ait
927 4056 940 4089 :
978 4037 1207 4092 Lucerna
1249 4041 1475 4108 corporis
1498 4040 1570 4093 tui
1590 4050 1663 4094 est
1693 4042 1869 4094 oculus
1893 4051 2028 4097 tuus.
2057 4042 2119 4098 Si

540 4131 691 4200 fuerit
721 4130 899 4184 oculus
921 4139 1036 4182 tuus
1063 4130 1299 4199 simplex,
1325 4139 1485 4183 totum
1515 4147 1697 4202 corpus
1720 4141 1862 4187 tuum
1889 4135 2118 4188 lucidum

541 4224 668 4288 (rit;
701 4223 746 4276 si
774 4233 944 4276 autem
967 4223 1146 4276 oculus
1171 4233 1282 4275 tuus
1311 4240 1528 4292 nequam
1557 4225 1731 4294 fuerit,
1753 4235 1911 4279 totum
1933 4243 2118 4297 corpus

542 4323 682 4365 tuum
712 4313 1027 4366 tenebrosum
1054 4313 1168 4366 erit.
1206 4312 1267 4368 Si
1322 4329 1440 4383 ergo
1491 4315 1661 4368 lumen
1699 4317 1835 4386 quod
1877 4316 1932 4368 in
1975 4325 2019 4370 te
2048 4327 2120 4371 est

538 4403 754 4477 tenebrat
802 4413 944 4464 sunt,
975 4403 1102 4471 ipsa:
1151 4403 1363 4457 tenebrce
1405 4414 1606 4472 quanta:
1631 4415 1778 4459 erunt
1802 4405 2013 4476 (Matth.
2041 4423 2117 4477 vr,

539 4475 634 4553 '22,
663 4489 796 4561 23)?
823 4491 1003 4559 Itaque
1031 4491 1255 4561 simplex
1280 4493 1467 4547 horum
1494 4495 1710 4551 Patrum
1736 4475 1944 4564 oculus,
1971 4497 2020 4551 id
2043 4475 2126 4552 cst

2215 1927 2388 1998 genda
2415 1936 2557 1990 sunt,
2587 1937 2642 1982 ut
2680 1927 2848 1982 sicubi
2899 1940 2996 1980 nos
3051 1923 3251 1995 aliquid
3283 1925 3336 1978 in
3385 1927 3464 1978 eis
3496 1924 3804 1985 oii‘enderit,

2217 2027 2308 2071 aut
2333 2018 2523 2073 melius
2571 2017 2674 2072 hoc
2716 2018 3164 2085 interpretemur,
3199 2025 3291 2069 aut
3340 2015 3805 2084 interpretandum

2218 2107 2541 2162 melioribus
2564 2109 2949 2175 relinquamus.
2979 2105 3037 2161 Si
3071 2121 3198 2160 vero
3230 2115 3336 2160 tam
3383 2116 3560 2160 certus
3608 2118 3684 2158 est
3721 2121 3804 2159 er-

2220 2214 2309 2252 ror
2356 2208 2410 2251 ut
2459 2197 2705 2252 excusari
2758 2207 3032 2266 nequeat,
3083 2197 3366 2251 credamus
3430 2197 3568 2265 quod
3621 2208 3804 2264 postea

2218 2288 2506 2342 emendare
2535 2287 2837 2356 potuerint,
2871 2290 2953 2342 vel
2996 2287 3043 2342 si
3070 2302 3176 2340 non
3207 2287 3414 2356 legatur
3436 2287 3521 2340 ubi
3553 2287 3804 2340 emenda-

2220 2382 2428 2446 verint;
2459 2396 2527 2435 ne
2550 2395 2654 2434 non
2679 2389 2787 2435 tam
2819 2381 2962 2450 ipsos
2990 2380 3057 2435 de
3087 2381 3412 2450 subrepeute
3441 2377 3610 2450 lapsu,
3642 2395 3803 2448 quam

2219 2469 2418 2524 Christi
2451 2469 2747 2525 Ecclesiam
2779 2471 2848 2524 de
2895 2469 3079 2525 sedula
3129 2469 3246 2539 ejus
3275 2471 3659 2540 approbatione
3690 2471 3805 2524 cul-

2219 2575 2428 2630 pemus.
2476 2560 2628 2628 Quod
2677 2563 2723 2616 si
2767 2570 2824 2616 et
2871 2561 3073 2632 aliqui,
3108 2577 3204 2630 pro
3252 2564 3599 2632 ambiguitate
3649 2578 3805 2618 nova:

2219 2653 2552 2722 qumstionis,
2585 2652 2654 2707 de
2679 2668 2778 2722 qua
2813 2653 3035 2708 necdum
3083 2669 3184 2708 una
3227 2655 3553 2723 generaliter
3580 2665 3805 2710 senten-

2223 2743 2291 2797 tia
2325 2745 2629 2810 tenebatur,
2677 2747 2812 2798 sicut
2839 2744 3128 2813 aliquando
3161 2744 3260 2801 fui't
3301 2761 3420 2800 cum
3461 2745 3648 2801 beatus
3695 2747 3804 2815 Cy-

2222 2840 2440 2911 prianus
2460 2840 2480 2871 ²
2503 2853 2689 2894 omnes
2733 2839 3018 2894 haereticos
3046 2839 3287 2894 crederet
3313 2839 3677 2908 baptizandos,
3713 2848 3804 2893 aut

2221 2946 2318 2999 pro
2347 2931 2631 2985 securitate
2655 2930 2795 2985 illius
2823 2930 3103 2999 temporis,
3137 2931 3261 3000 quia
3290 2929 3516 2985 necdum
3546 2931 3685 2985 sicut
3707 2946 3804 2984 nos

2219 3039 2283 3079 es
2316 3025 2481 3079 altera
2507 3033 2659 3096 parte
2683 3026 2970 3080 contrariis
2997 3023 3380 3095 quaestionibus
3422 3025 3798 3094 pulsabantur,

2221 3125 2310 3173 aut
2336 3119 2458 3188 quia
2491 3117 2790 3174 Ecclesiam
2836 3117 2973 3171 forte
3020 3116 3194 3182 latuit,
3225 3123 3286 3171 ut
3313 3107 3418 3170 non
3448 3115 3805 3171 admoneren-

2143 3201 2190 3264 C
2223 3218 2332 3275 tur,
2360 3209 2414 3264 in
2445 3210 2563 3279 ipso
2611 3209 2858 3265 dicantur
2887 3223 3073 3264 errore
3114 3209 3395 3274 mansisse,
3438 3208 3804 3263 infirmitatem

2225 3301 2522 3358 labentium
2548 3301 2798 3372 religiosa
2828 3309 3049 3358 excuset
3093 3300 3354 3367 intentio;
3387 3309 3443 3356 et
3468 3301 3721 3371 quoniam
3753 3301 3805 3354 in

2227 3395 2485 3450 Ecclesire
2530 3397 2792 3450 charitate
2835 3403 3169 3461 manserunt,
3205 3394 3488 3450 credamus
3529 3393 3673 3464 quod
3713 3408 3805 3448 co-

2224 3504 2341 3543 rum
2371 3488 2554 3559 culpas
2577 3489 2692 3559 ipsa
2718 3489 2952 3544 charitas
2981 3487 3195 3552 texerit,
3229 3487 3364 3542 sicut
3394 3489 3648 3556 scriptum
3681 3496 3762 3541 est
3786 3505 3803 3540 :

2225 3581 2458 3636 Charitas
2495 3580 2718 3651 coeperit
2755 3581 3132 3635 multitudinem
3178 3586 3499 3651 peccatorum
3551 3577 3622 3647 (f
3654 3577 3802 3631 Petr.

2223 3687 2300 3738 tv,
2331 3672 2412 3742 8).
2441 3669 2573 3727 Nam
2603 3671 2722 3742 quis
2752 3672 2804 3724 in
2854 3669 3090 3725 Ecclesia
3123 3669 3316 3723 Christi
3363 3669 3441 3723 sic
3485 3668 3808 3724 inhumanus

2222 3774 2383 3834 atque
2429 3762 2650 3818 immitis
2680 3773 2794 3824 est,
2826 3769 2885 3815 ut
2912 3763 3083 3815 virum
3114 3760 3206 3815 Dei
3253 3760 3630 3828 Augustinum,
3658 3767 3804 3813 tanta

2223 3857 2421 3925 pietate
2448 3855 2750 3924 praeditum,
2786 3855 2994 3908 etiamsi
3042 3853 3094 3906 in
3127 3852 3209 3906 his
3236 3867 3459 3923 quorum
3484 3852 3587 3906 fide
3611 3852 3808 3906 immo-

2221 3962 2402 4002 ramur
2429 3960 2659 4010 errasse,
2685 3953 2740 4000 et
2761 3959 2866 3999 non
2891 3943 3218 3999 admonitum
3245 3944 3298 3998 iu
3339 3957 3522 3998 errore
3550 3959 3806 4013 perman-

2221 4038 2356 4094 sis-se
2409 4046 2776 4107 cognosceret,
2809 4037 3120 4092 hzcreticum
3170 4037 3372 4092 diceret
3416 4044 3508 4092 aut
3559 4037 3806 4107 putaret?

2221 4130 2310 4201 qui
2341 4130 2394 4184 in
2425 4126 2646 4183 exordio
2677 4143 2896 4184 suorum
2941 4127 3006 4184 de
3037 4125 3297 4183 Trinitate
3327 4127 3606 4193 librorum,
3645 4147 3667 4179 ι
3697 4127 3806 4182 Nec

2223 4221 2422 4291 pigebit
2468 4228 2646 4275 autem
2676 4235 2779 4287 me,
2814 4222 3022 4289 inquit,
3055 4219 3223 4274 sicubi
3272 4219 3484 4283 haesito,
3517 4235 3760 4289 quarrere
3789 4237 3804 4280 ;

2228 4328 2326 4367 nec
2368 4312 2606 4382 pudebit,
2639 4312 2807 4366 sicubi
2850 4326 2993 4377 erro,
3025 4313 3250 4367 discere.
3305 4313 3532 4366 Proinde
3560 4313 3804 4382 quisquis

2224 4405 2340 4459 haec
2370 4405 2516 4477 legit,
2534 4405 2623 4458 ubi
2645 4407 2844 4476 pariter
2865 4415 3044 4460 certus
3072 4415 3174 4470 OSI,
3201 4414 3383 4474 pergat
3407 4419 3613 4459 mecum
3633 4423 3648 4470 ;
3666 4405 3690 4442 δ
3717 4405 3805 4460 ubi

2224 4511 2461 4552 errorem
2491 4511 2644 4550 suum
2686 4497 2978 4566 COgnoscit,
3009 4497 3186 4551 redeat
3219 4495 3284 4550 ad
3319 4511 3433 4561 me;
3477 4495 3564 4549 ubi
3600 4510 3804 4557 meum,

544 4581 802 4646 intentio,
828 4595 929 4649 qua
963 4597 1059 4650 pro
1097 4582 1288 4636 Christi
1338 4584 1572 4640 Ecclesia
1595 4627 1610 4653 ,
1643 4587 1869 4642 necdum
1918 4588 2122 4644 sollici-
2150 4581 2204 4640 Ι)
2229 4600 2448 4645 revocet
2489 4605 2592 4645 me.
2627 4587 2702 4645 Ita
2751 4591 3109 4662 ingrediamur
3133 4592 3294 4647 simul
3341 4589 3614 4646 charitatis
3637 4592 3801 4656 viam,

613 4741 639 4771 α
660 4733 1028 4811 Chrysostomi
1053 4738 1122 4798 εἰς
1152 4738 1388 4811 ἀηάληψιν
1421 4739 1659 4811 diversas
1687 4742 1978 4796 sententias
2005 4757 2120 4811 pro-

548 4809 726 4884 ferunt
774 4805 1146 4861 Theodoretus
1185 4805 1324 4884 dial;
1357 4825 1421 4873 ιι,
1463 4821 1515 4862 et
1547 4810 1797 4884 Leontius
1831 4805 2116 4884 Byzantius

541 4880 630 4957 ιιι).
685 4893 726 4957 _I,
750 4887 982 4957 uterque
1012 4893 1075 4957 ex
1117 4879 1359 4957 oratio-ne
1391 4919 1404 4942 ,
1445 4883 1532 4933 sui
1551 4880 1648 4957 3'1:
1679 4879 1906 4957 στανροῦ
1948 4886 2115 4957 μνείᾳν

541 4948 896 5019 ἐπιτελοῦμεν(
925 4947 1134 5001 Profert
1177 4959 1232 5002 et
1277 4948 1506 5019 Joannes
1545 4947 1906 5019 Cyparissi'ota
1937 4947 2001 5006 ex
2039 4954 2116 5006 al-

544 5029 671 5084 trm,
708 5017 856 5086 cujus
889 5018 1094 5071 initium
1121 5026 1206 5072 est
1245 5017 1434 5093 Φαιδρά
1461 5023 1551 5090 μὲν
1594 5017 1742 5074 ἒτᾶσα
1787 5023 1954 5097 ἑορτή.
1987 5024 2115 5088 Qua:

611 5174 629 5206 ¹
658 5174 792 5229 Cod.
812 5174 1032 5239 Veron.,
1057 5189 1214 5244 prava
1245 5175 1546 5228 intentione.

610 5338 641 5368 ³*
670 5325 1092 5404 Montium-anius
1117 5332 1168 5384 in
1196 5330 1402 5400 pruriat.
1431 5332 1496 5404 ad
1521 5341 1650 5387 tom.
1677 5332 1770 5387 Xll
1789 5347 1912 5402 opp.
1945 5331 2118 5404 Chry-

543 5416 696 5471 smt.,
733 5401 820 5473 g8
855 5418 869 5455 :
908 5422 926 5453 ι
967 5403 1309 5466 Exoloratum
1357 5403 1586 5467 videtur,
1622 5401 1946 5472 inquit,'alia
1994 5401 2115 5472 post

538 5475 908 5544 tlltrysostomi
932 5474 1135 5544 obitum
1165 5474 1359 5544 emissa
1385 5474 1706 5541 exemplaria
1743 5474 1903 5526 fuisse
1924 5474 2115 5544 illumi-

546 5545 733 5597 liarnm
764 5544 812 5596 in
846 5543 1012 5610 Epist.
1045 5543 1109 5594 ad
1141 5543 1394 5597 Hebraeos
1416 5585 1431 5603 ._
1456 5559 1576 5610 qua:
1609 5545 1658 5596 in
1692 5544 1875 5597 multis
1903 5543 2111 5598 diversa

545 5623 694 5666 erant
724 5627 750 5663 a
778 5611 1106 5666 Constantini
1142 5613 1431 5683 presbyteri
1461 5615 1779 5679 exemplari.
1816 5614 1982 5681 llujus
2033 5615 2111 5667 rt-i

546 5692 734 5735 testem
760 5683 995 5748 proferre
1027 5697 1305 5749 possumus
1328 5683 1630 5737 Facundum
1654 5683 2112 5749 llermiancnsem,

545 5752 632 5820 qui
666 5753 757 5804 lib.
789 5767 862 5813 XI,
892 5767 1007 5818 cap.
1037 5753 1091 5824 ὅ,
1115 5753 1290 5806 locum
1323 5753 1474 5806 nn‘crt
1499 5769 1564 5806 ex
1595 5754 1810 5806 homilia
1844 5754 1929 5820 l3,
1956 5771 2113 5824 quam

547 5824 659 5879 ipse
708 5837 984 5874 sermonem
1017 5823 1082 5874 Η
1131 5831 1314 5888 vocat;
1357 5825 1478 5890 quia
1522 5839 1712 5889 nempe
1739 5825 1793 5877 in
1822 5823 2113 5890 exemplari

2223 4752 2448 4815 utraque
2476 4760 2670 4818 excusa
2693 4756 2777 4801 eSt
2804 4757 2946 4818 tomo
2968 4747 3010 4800 V
3040 4747 3290 4812 editionis
3321 4749 3645 4818 Anglicanas.
3678 4748 3804 4802 tlte

2222 4822 2424 4939 astam,
2456 4816 2609 4886 cujus
2653 4817 2959 4871 testimonio
3014 4820 3180 4872 utitur
3210 4816 3510 4883 Facundus,
3547 4819 3806 4873 hactenus

2221 4899 2252 4940 e
2295 4903 2305 4936 t
2397 4898 2629 4941 nonest.

2293 4955 2319 4993 δ
2347 4958 2503 5013 Deest
2528 4959 2613 5012 hic
2644 4959 2729 5011 ubi
2758 4959 2948 5023 pariter
2969 4961 3188 5027 hmitot,
3219 4969 3414 5030 quierat
3442 4974 3652 5014 mecum.

2292 5177 2313 5208 ¹
2341 5177 2484 5232 Idem
2511 5179 2654 5244 cod.,
2685 5191 2878 5248 martyr
2902 5179 3211 5250 Cyprianus.

2223 5351 2319 5409 suo
2342 5336 2494 5405 longa
2517 5338 2605 5392 illa
2637 5337 2948 5406 hypothesis
2969 5353 3062 5394 seu
3091 5349 3461 5409 argumentum
3483 5346 3602 5394 ante
3628 5338 3807 5396 homi-

2223 5406 2323 5460 lias
2357 5409 2582 5473 positum
2632 5423 2727 5474 pro
2751 5424 3001 5463 sermone
3030 5406 3200 5476 primo
3231 5414 3607 5465 numerabatur
3637 5421 3690 5464 et
3713 5412 3806 5465 in-

2221 5477 2590 5531 scribebatur:
2611 5479 2658 5530 id
2684 5480 2822 5545 quod
2856 5495 2957 5530 non
2985 5479 3150 5532 semel
3177 5479 3230 5532 in
3259 5481 3377 5533 aliis
3400 5484 3806 5536 commentariis

2221 5548 2468 5601 vidimus.
2515 5547 2610 5602 Hie
2653 5565 2812 5614 porro
2845 5549 3126 5602 Facundos
3173 5565 3292 5603 cum
3322 5550 3554 5604 Mutiano
3581 5548 3808 5604 Schola-

2223 5622 2358 5671 stico
2388 5619 2678 5678 interprete
2711 5635 2814 5672 nou
2845 5621 3062 5673 omnino
3086 5621 3373 5674 consentit.
3406 5619 3672 5673 s—Loeus
3700 5636 3808 5673 auo

2225 5697 2330 5809 ten;
2345 5686 2442 5810 ligo
2465 5705 2492 5743 a
2522 5689 2773 5743 Facundo
2799 5691 2991 5744 citatus
3016 5701 3191 5745 exstat
3220 5694 3271 5746 iu
3302 5690 3491 5746 eodem
3517 5699 3660 5747 tomo
3685 5690 3804 5760 XII,

2225 5776 2274 5810 n.
2310 5781 2314 5786 '
2345 5780 2374 5810 ι)
2419 5798 2431 5810 .

2224 5776 2274 5829 p.
2310 5776 2431 5812 tot.
