4094 6552
331 518 432 573 815

333 632 614 688 tendentes
641 631 708 687 ad
738 644 860 687 eum
892 630 962 686 de
1009 644 1116 700 quo
1165 627 1364 684 dictum
1409 636 1489 684 est
1523 645 1535 682 :
1572 628 1794 694 Quwrite
1823 631 1905 697 fa-
1938 640 1982 696 Α

330 725 453 778 ciem
479 726 590 794 ejus
611 741 808 796 semper
831 722 1005 796 (Psal.
1037 737 1142 790 civ,
1171 721 1251 792 4).
1279 723 1342 777 Et
1364 723 1465 776 hoc
1487 721 1738 790 placitum
1766 719 1909 788 pium

330 823 488 884 atque
518 825 688 871 tutum
719 829 900 871 coram
932 815 1159 870 Domino
1212 815 1320 868 Deo
1363 821 1545 869 nostro
1573 827 1693 867 cum
1733 811 1908 865 omni-

329 903 426 961 bus
456 905 694 973 inierim,
725 907 815 976 qui
839 921 905 961 ea
937 921 1055 974 qua:
1080 905 1259 961 scribo
1287 905 1488 976 legunt,
1514 913 1568 958 et
1590 904 1643 958 in
1665 901 1910 957 omnibus

330 997 540 1067 scriptis
567 997 726 1064 meis,
750 998 1089 1066 maximeque
1116 999 1171 1051 in
1203 997 1283 1051 his
1318 997 1409 1052 ubi
1438 995 1696 1064 quaeritur
1734 994 1911 1048 unitas

333 1089 629 1154 Trinitatis,
656 1090 830 1146 Patris
861 1101 916 1146 et
944 1090 1062 1144 Filii
1089 1098 1144 1146 et
1173 1089 1405 1160 Spiritus
1436 1089 1637 1155 sancti;
1668 1087 1789 1156 quia
1813 1101 1912 1142 nec

331 1181 679 1251 periculosius
705 1181 900 1237 alicubi
942 1191 1156 1238 erratur
1181 1222 1196 1246 ,
1224 1196 1325 1235 nec
1352 1179 1666 1236 laboriosius
1712 1176 1910 1248 aliquid

333 1272 619 1341 queritur,
643 1286 744 1327 nec
775 1273 1096 1327 fructuosius
1143 1271 1342 1340 aliquid
1398 1270 1689 1325 invenitur.
1727 1288 1745 1322 ι
1777 1269 1911 1334 Quis

330 1363 510 1434 itaque
532 1366 886 1434 Augustinum
936 1366 1012 1419 sic
1042 1365 1426 1434 ingredientem
1457 1364 1596 1416 viam
1637 1361 1912 1416 charitatis

325 1463 382 1510 et
429 1454 497 1510 ad
527 1455 694 1510 Deum
741 1457 1048 1511 tendentem
1072 1497 1086 1523 ,
1112 1464 1172 1510 ut
1202 1456 1544 1524 profiteretur
1572 1451 1710 1523 quod
1742 1452 1911 1507 sicubi

332 1555 557 1614 erraret,
588 1559 709 1602 eum
740 1548 946 1603 discere
987 1562 1096 1602 non
1146 1547 1392 1616 puderet,
1425 1553 1480 1601 et
1526 1544 1825 1599 hortantem
1857 1550 1913 1598 ut

334 1636 399 1689 ab
423 1636 538 1705 ipso
560 1648 908 1690 revocaretur
931 1651 1138 1704 errore,
1176 1635 1484 1690 haereticum
1515 1634 1736 1699 diceret,
1761 1631 1844 1686 Vel
1865 1632 1911 1686 si

335 1726 383 1779 in
435 1727 537 1792 his,
571 1727 711 1781 sicut
733 1726 844 1796 jam
891 1726 1144 1790 diximus,
1188 1726 1440 1795 probaret
1460 1739 1696 1790 errasse,
1724 1729 1780 1778 et
1812 1737 1908 1777 ne-

332 1816 476 1871 mine
503 1805 823 1871 admonente
851 1819 1011 1872 etiam
1045 1817 1098 1870 in
1127 1831 1314 1870 errore
1335 1816 1615 1881 mansisse,
1645 1829 1766 1869 cum
1798 1817 1910 1886 ipsa

329 1907 652 1976 praeparatio
692 1910 886 1962 mentis
933 1909 1002 1962 ad
1048 1907 1459 1978 corrigendum,
1503 1916 1557 1962 et
1601 1907 1911 1962 exhortatio

1202 516 1335 572 PRO
1371 513 1801 573 DEFENSIONE
1840 513 2055 570 TRIUM
2094 510 2408 568 CAPITUL.
2450 511 2578 566 LIB.
2616 510 2711 566 Kl.

3482 506 3589 562 8H.

2017 627 2250 682 lectores
2263 625 2525 682 exhortati
2545 626 2743 682 fuerint
2763 633 2819 679 ut
2837 638 2930 680 eos
2951 624 3016 680 de
3032 638 3215 680 errore
3235 623 3528 693 corripiant
3545 625 3588 693 ³,

2013 718 2233 788 impium
2253 718 2494 789 judicent
2520 719 2740 774 credere
2764 717 2905 789 quod
2933 732 3088 772 neruo
3111 725 3434 772 castorei-um
3470 716 3593 771 lue-

2014 810 2084 864 rit
2112 811 2178 865 ad
2205 812 2578 882 corrigendum
2612 821 2846 881 paratus,
2875 812 2921 866 si
2949 811 3076 882 quid
3099 810 3293 866 merito
3319 809 3588 878 legentem

2013 907 2066 961 in
2093 905 2208 976 ejus
2235 906 2393 960 dictis
2419 903 2730 959 oll'enderet.
2761 904 2816 960 Si
2841 917 2969 974 ergo
2997 903 3217 972 impium
3258 911 3340 958 est
3367 903 3590 958 credere

2014 996 2158 1066 quod
2189 995 2364 1050 nullus
2393 994 2533 1050 alius
2563 995 2721 1050 fuerit
2749 994 2989 1064 ejusdem
3020 995 3299 1064 propositi,
3327 996 3469 1052 unde
3491 995 3594 1050 scit

2004 1096 2082 1142 ne
2111 1086 2201 1142 ille
2221 1085 2383 1140 fuerit
2405 1085 2529 1140 talis
2551 1099 2708 1154 quem
2737 1085 2969 1140 restituat
2996 1083 3018 1116 ⁸
3041 1085 3441 1141 damnandum?
3465 1084 3594 1141 Om-

2014 1178 2205 1232 nifarie
2230 1191 2358 1246 ergo
2405 1172 2692 1245 colligitur,
2724 1175 2864 1246 quod
2902 1190 3063 1231 nemo
3089 1190 3188 1244 pro
3216 1176 3312 1231 tali
3341 1177 3594 1245 ignoran-

2015 1269 2192 1334 tia,.in
2244 1267 2499 1323 Ecclesia:
2545 1267 2806 1323 duntaxat
2851 1281 2984 1336 pace
3031 1267 3346 1335 defunctus,
3375 1270 3478 1324 nisi
3530 1283 3598 1327 ex

2017 1377 2207 1431 magna
2260 1361 2537 1429 impietate
2588 1374 2652 1414 ac
2701 1361 2999 1415 temeritate
3035 1359 3334 1416 damnetur.
3364 1360 3522 1418 Unde
3550 1361 3599 1416 si

2015 1452 2207 1523 aliquis
2249 1453 2395 1522 apud
2471 1461 2710 1506 sanctam
2777 1451 3042 1523 synodum
3103 1450 3600 1508 (Zhalcedonensem

2015 1543 2358 1599 Theodorum
2405 1552 2703 1611 accusaret,
2737 1552 2790 1598 et
2837 1543 3044 1612 aliquos
3083 1544 3371 1599 ostendere
3418 1556 3600 1612 posset

2014 1639 2174 1703 atque
2200 1632 2508 1688 ostenderet
2537 1634 2652 1700 ejus
2675 1646 2908 1698 errores,
2935 1632 3179 1688 modeste
3200 1647 3263 1688 ac
3291 1634 3376 1702 pie
3411 1636 3597 1702 procul

2015 1723 2175 1777 dubio
2199 1721 2450 1791 praedicta
2481 1723 2720 1794 synodus
2764 1721 2987 1790 faceret,
3019 1722 3066 1779 si
3105 1723 3268 1780 etiam
3293 1725 3363 1779 de
3391 1726 3598 1779 incerto

2015 1814 2131 1884 ejus
2155 1814 2334 1868 animo
2365 1812 2502 1869 bene
2524 1814 2766 1869 sentiret.
2793 1813 2943 1869 Nunc
2971 1823 3150 1870 autem
3192 1825 3474 1871 accusatus
3514 1827 3600 1870 est

2014 1906 2156 1974 apud
2183 1905 2329 1960 illam
2357 1904 2416 1972 ³,
2441 1919 2540 1960 nec
2568 1906 2780 1959 animus
2826 1909 2941 1975 ejus
2986 1916 3102 1962 erat
3144 1906 3412 1974 incertus,
3437 1922 3597 1982 quem

332 1997 447 2067 ejus
476 2008 530 2052 ut
556 2014 584 2052 a
609 2015 709 2054 suo
737 2002 1313 2064 revocaretur'errure,
1347 1999 1467 2067 plus
1495 2013 1656 2068 quam
1700 2013 1913 2054 cerrec-
1946 2018 1992 2077 Β
2022 1997 2157 2053 libro
2197 1999 2472 2066 superiore
2523 1997 2804 2052 docuimus
2831 1998 3207 2068 negligentiam
3235 2012 3386 2054 suam
3435 2002 3596 2054 etiam

333 2090 405 2144 tio
441 2089 632 2144 debeat
661 2090 950 2145 aestimari?
977 2089 1110 2144 Nam
1163 2105 1307 2158 saepe
1360 2089 1680 2146 verecundia
1709 2092 1912 2159 pressi,

324 2193 420 2238 aut
444 2187 606 2240 etiam
637 2186 962 2239 necessitate
991 2185 1288 2249 constricti,
1316 2184 1652 2254 corriguntur
1678 2188 1704 2220 ι
1731 2184 1744 2213 ¹
1773 2200 1784 2235 :
1817 2184 1917 2239 iste

331 2286 507 2330 autem
538 2275 655 2331 sine
704 2276 812 2331 ulla
858 2276 1177 2332 verecundia
1227 2284 1287 2330 ut
1336 2283 1682 2332 revocaretur
1728 2289 1914 2330 omnes

335 2367 424 2436 qui
475 2382 573 2420 sua
617 2367 856 2443 legerent
902 2368 1082 2422 divina
1129 2367 1500 2422 testificatione
1543 2367 1912 2438 constringit:

336 2475 354 2508 ε
389 2458 458 2511 Ει
484 2459 607 2522 hoc,
635 2458 828 2527 inquit,
864 2458 1141 2528 placitum,
1175 2458 1319 2528 pium
1349 2466 1511 2526 atque
1536 2465 1704 2511 tutum
1735 2470 1914 2512 coram

331 2547 557 2603 Domino
587 2549 698 2604 Deo
723 2561 905 2605 nostro
927 2565 1047 2604 cum
1081 2550 1326 2604 erunibus
1351 2549 1562 2604 inierim
1591 2550 1681 2619 qui
1707 2564 1771 2603 ea
1798 2563 1916 2619 qua:

326 2643 505 2697 scribo
536 2643 737 2712 legunt.
778 2661 798 2694 ι
835 2644 1047 2713 Ergone
1103 2643 1226 2698 huic
1260 2651 1448 2708 tutum,
1477 2643 1616 2698 sicut
1661 2641 1913 2707 credidit,

328 2750 432 2789 non
479 2744 624 2790 esset
677 2735 778 2790 hoc
823 2735 1078 2805 placitum
1125 2735 1271 2804 pium
1319 2748 1499 2789 coram
1547 2733 1775 2788 Domino
1805 2733 1918 2788 Deo

322 2835 515 2878 nostro
539 2840 665 2880 cum
699 2827 942 2881 omnibus
967 2827 1054 2896 qui
1081 2841 1175 2880 sua
1204 2826 1446 2895 legerent
1476 2826 1688 2892 initum,
1721 2825 1918 2880 etiarn-

327 2915 374 2970 si
405 2931 512 2969 non
563 2917 873 2972 admonitus
922 2917 974 2971 in
1018 2917 1197 2986 aliquo
1250 2916 1639 2986 permansisset
1693 2917 1918 2970 errore?

327 3005 450 3076 quis
479 3007 576 3060 nisi
607 3007 843 3067 crudelis
871 3017 962 3061 aut
991 3007 1136 3061 dicat
1187 3016 1277 3062 aut
1315 3007 1538 3062 credat?
1569 3006 1731 3061 Tales
1761 3006 1920 3075 igitur

320 3097 660 3151 mstimemus
681 3107 738 3153 et
757 3099 894 3153 alios
921 3098 1168 3154 doctores
1197 3098 1475 3168 Ecclesiae,
1509 3097 1723 3167 qualem
1754 3111 1812 3150 se
1835 3111 1921 3152 no-

323 3188 408 3242 bis
437 3190 764 3259 Augustinus
809 3189 1084 3244 ostendit?
1113 3197 1168 3244 et
1199 3188 1398 3242 nullum
1421 3187 1666 3244 dicemus
1691 3187 1917 3242 haereti-

327 3296 449 3336 curn
483 3282 534 3334 in
567 3281 824 3336 Ecclesiae
854 3295 985 3352 pace
1007 3290 1167 3350 atque
1196 3281 1398 3338 honore
1417 3281 1748 3338 defunctum.
1775 3281 1913 3348 Quid

329 3371 475 3427 cnim
509 3387 594 3427 me
622 3372 788 3441 laedit,
817 3374 862 3428 si
896 3373 964 3428 de
984 3374 1242 3428 omnibus
1276 3373 1453 3428 taliter
1475 3373 1725 3442 sentiam,
1755 3374 1841 3429 vel
1869 3376 1916 3431 si

330 3477 438 3517 non
465 3478 652 3519 omnes
683 3464 878 3519 fuerint
921 3465 1098 3521 tales?
1130 3465 1226 3519 llic
1258 3465 1478 3520 forsitan
1511 3467 1702 3535 aliquis
1730 3467 1874 3521 dicat
1902 3487 1916 3522 :

323 3553 436 3610 :Sed
477 3555 546 3610 de
575 3559 874 3627 Augustino
917 3569 1065 3612 recte
1112 3559 1189 3612 sic
1235 3556 1392 3612 audis
1422 3560 1442 3589 ³
1465 3599 1480 3624 ,
1504 3559 1654 3626 cujus
1682 3557 1920 3612 animum

331 3646 597 3714 professio
625 3664 720 3704 sua
745 3647 977 3703 declarat
1007 3665 1020 3701 :
1055 3648 1121 3704 de
1141 3647 1260 3704 aliis
1283 3658 1460 3704 autem
1487 3663 1589 3718 qua
1615 3647 1820 3704 ratione
1844 3650 1924 3703 sic

329 3735 557 3793 credas?
585 3739 747 3804 Quasi
776 3738 858 3791 vel
886 3737 1001 3807 ipse
1031 3739 1119 3807 qui
1149 3738 1466 3793 contradicit
1500 3751 1706 3792 certum
1731 3737 1924 3792 haheat

330 3831 474 3899 quod
505 3829 606 3885 hoc
649 3829 741 3883 alii
783 3843 996 3899 quoque
1016 3844 1134 3884 non
1165 3827 1432 3895 dixerint;
1465 3838 1712 3899 tanquam
1743 3830 1923 3884 omnia

330 3922 570 3979 omnium
623 3922 810 3992 legerit
838 3924 1186 3990 omniumque
1215 3921 1548 3978 meminerit:
1577 3929 1668 3976 aut
1695 3920 1780 3975 vel
1811 3920 1925 3988 ipse

333 4017 549 4072 animus
577 4015 860 4086 Augustini
887 4014 1006 4069 ideo
1039 4014 1160 4068 talis
1190 4013 1308 4080 fuit,
1339 4013 1593 4084 quoniam
1625 4013 1805 4068 taliter
1843 4019 1927 4066 cst

325 4107 568 4172 locutus,
600 4115 652 4161 et
681 4121 785 4160 non
813 4105 991 4175 potius
1022 4105 1273 4175 quoniam
1303 4107 1423 4159 talis
1451 4105 1569 4171 fuit,
1594 4105 1718 4161 ideo
1747 4104 1928 4159 taliter

333 4207 420 4254 est
449 4198 658 4254 locutus
688 4213 703 4254 :
738 4213 800 4252 ac
842 4213 936 4268 per
965 4197 1087 4263 hoc,
1136 4198 1347 4253 etiamsi
1378 4200 1508 4253 nihil
1548 4199 1652 4254 tale
1680 4198 1925 4265 dixisset,

337 4289 479 4344 idem
528 4298 704 4344 tamen
753 4298 895 4344 esset
948 4288 1160 4344 habitus
1213 4289 1377 4343 animi
1433 4289 1500 4343 ad
1554 4289 1928 4358 corrigendum

336 4380 479 4450 quod
506 4379 650 4449 justo
694 4379 993 4435 offenderet
1022 4380 1328 4450 praeparati.
1357 4379 1435 4436 De
1464 4395 1569 4451 quo
1597 4381 1641 4434 si
1666 4380 1826 4435 etiam
1853 4379 1932 4434 sic

337 4471 480 4527 bene
513 4471 856 4536 sentiremus,
881 4479 936 4525 et
981 4472 1127 4540 pium
1171 4473 1354 4541 procul
1392 4470 1557 4527 dubio
1585 4481 1807 4527 essetet
1834 4487 1932 4526 ve-

341 4577 488 4627 rum,
521 4576 828 4632 quanquam
863 4561 1133 4617 videretur
1161 4564 1445 4617 incertum.
1472 4563 1584 4618 Hoc
1613 4565 1770 4635 igitur
1795 4564 1933 4618 etde

339 4655 570 4709 aliorum
595 4654 787 4707 animis
811 4654 1128 4720 sentiamus,
1152 4655 1275 4722 quia
1303 4655 1511 4709 interim
1539 4658 1683 4724 pium
1711 4663 1816 4723 est,
1848 4656 1932 4710 vel

2018 2089 2072 2144 in
2120 2104 2284 2160 opere
2331 2089 2384 2144 in
2431 2104 2540 2160 quo
2583 2089 2652 2145 ab
2695 2091 2870 2147 amico
2910 2091 3427 2148 Cerdonelaudatus
3465 2101 3598 2159 est,

2017 2188 2210 2251 sponte
2237 2181 2566 2252 provideque
2587 2182 2912 2251 confessum,
2943 2197 3012 2237 ne
3033 2183 3154 2252 quis
3172 2183 3489 2238 auctoritate
3511 2199 3602 2238 no-

2019 2271 2176 2325 minis
2198 2271 2218 2301 “
2235 2271 2486 2328 inductus
2506 2280 2828 2342 sequeretur
2849 2280 3142 2341 errantem,
3172 2283 3226 2330 et
3250 2276 3599 2331 oﬂ‘ensioucm

2017 2361 2318 2417 auditorum
2365 2378 2476 2418 non
2527 2363 2952 2434 contempsisse,
2981 2379 3104 2420 cum
3155 2366 3359 2421 diceret
3403 2364 3601 2436 aliquid

2018 2457 2159 2526 quod
2183 2467 2326 2514 recte
2355 2457 2556 2513 dictum
2589 2473 2694 2514 non
2727 2469 3037 2529 putaretur;
3069 2462 3164 2517 sed
3190 2463 3476 2532 perniciosi
3506 2478 3604 2532 pu-

2019 2547 2166 2602 doris
2195 2550 2454 2604 victorem
2475 2549 2720 2604 eamdem
2749 2551 3100 2608 olfensionem
3139 2567 3298 2622 quam
3331 2567 3426 2622 per
3453 2554 3604 2608 incu-

2022 2637 2153 2692 riam
2188 2638 2340 2694 verbi
2384 2649 2725 2696 contraxerat
2751 2641 3059 2698 abstulisse.
3092 2644 3222 2712 Quze
3243 2645 3516 2700 correctio
3541 2646 3605 2700 il-

2022 2728 2131 2784 lttm
2159 2744 2264 2785 non
2292 2730 2359 2786 ab
2387 2730 2471 2785 his
2501 2741 2704 2787 tantum
2735 2734 2786 2788 in
2816 2733 3010 2803 quibus
3037 2735 3313 2790 evidenter
3337 2735 3601 2805 apparuit,

2020 2821 2114 2875 sed
2145 2835 2177 2875 a
2219 2821 2485 2878 similibus
2529 2824 2826 2894 quibusque
2877 2826 3140 2895 purgavit.
3186 2826 3293 2881 Cur
3339 2827 3412 2881 ita
3443 2827 3463 2859 ⁷
3495 2843 3605 2882 non

2022 2909 2268 2966 laudetur
2319 2914 2370 2965 in
2432 2914 2641 2967 ca-teris
2686 2913 2804 2984 ejus
2848 2929 2978 2969 sana
3015 2915 3288 2985 doctrina,
3317 2931 3438 2973 cum
3467 2925 3524 2972 et
3542 2919 3604 2972 in

2024 3001 2139 3071 ipso
2170 3017 2358 3057 errore
2385 3003 2650 3058 laudanda
2681 3006 2770 3075 sit,
2814 3021 2908 3076 per
2932 3022 3091 3076 quam
3118 3022 3214 3062 nos
3239 3009 3484 3077 exemplo
3511 3025 3607 3080 po-

2023 3095 2127 3149 tius
2157 3110 2316 3165 quam
2361 3096 2538 3150 verbis
2587 3097 2770 3152 docuit
2798 3109 2850 3153 ct
2887 3108 3070 3154 errata
3101 3109 3293 3169 sponte
3333 3101 3520 3167 fateri,
3552 3114 3609 3158 et

2024 3185 2407 3255 reprehensam
2429 3186 2780 3244 oll‘ensionem
2805 3189 2923 3245 sine
2950 3191 3157 3260 pudore
3183 3193 3495 3264 corrigere?
3517 3193 3610 3249 Νίν-

2025 3279 2100 3334 hil
2131 3281 2292 3351 igitur
2315 3291 2396 3337 est
2427 3282 2567 3352 quod
2595 3283 2664 3338 de
2684 3299 2842 3339 causa
2870 3285 3137 3342 Theodori
3161 3289 3396 3358 synodus
3424 3299 3610 3346 sancta

1942 3402 1989 3465 Ο
2024 3372 2288 3442 culpetur.
2325 3374 2508 3444 Neque
2536 3376 2678 3431 enim
2721 3377 2972 3448 cuiquam
2999 3381 3318 3436 auctoritate
3343 3382 3613 3438 dietorum

2025 3468 2150 3538 ejus.
2174 3471 2463 3541 imposuit,
2491 3484 2549 3526 ut
2579 3473 2694 3527 sine
2744 3473 2854 3530 ullo
2896 3476 3146 3530 examine
3190 3475 3527 3546 legerentur,
3557 3486 3613 3533 et

2025 3563 2281 3633 quidquid
2302 3565 2522 3634 scripsit
2545 3567 2920 3623 inconcussum
2947 3579 3108 3638 atque
3137 3569 3436 3626 discussum
3465 3581 3614 3628 teuc-

2026 3659 2176 3704 retur
2218 3651 2286 3705 ab
2315 3653 2584 3708 omnibus.
2613 3654 2671 3708 lu
2702 3654 2786 3709 his
2833 3657 2992 3726 igitur
3021 3658 3284 3714 habeatur
3327 3661 3395 3716 de
3422 3663 3616 3731 quibus

2027 3740 2316 3808 Apostolus
2347 3743 2420 3797 ait
2451 3759 2462 3794 :
2507 3742 2695 3805 Omnia
2746 3747 2994 3815 probate;
3025 3749 3161 3817 quod
3214 3749 3401 3804 bonum
3441 3761 3514 3805 est
3541 3761 3618 3806 te-

2026 3840 2158 3887 nete.
2198 3831 2368 3888 Aliter
2413 3835 2591 3904 itaque
2636 3835 2938 3905 Scripturas
2966 3837 3174 3893 divinas
3223 3841 3448 3909 legimus
3495 3859 3618 3912 qua:

2027 3924 2301 3979 canonica:
2336 3933 2614 3994 vocantur,
2639 3926 2799 3982 aliter
2840 3937 3018 3982 autem
3060 3946 3247 3984 eorum
3278 3933 3368 4002 qui
3401 3933 3617 4003 legendi

2029 4027 2189 4087 atque
2233 4019 2504 4074 scribendi
2551 4020 2730 4076 studio
2775 4022 3138 4089 proﬁcientes,
3174 4039 3269 4094 per
3297 4027 3615 4096 acquisitarn

2029 4109 2343 4172 quotidiano
2370 4110 2555 4166 labore
2583 4113 2913 4182 facultatem,
2943 4112 3082 4169 sicut
3107 4125 3416 4184 potuerunt,
3443 4121 3511 4175 de
3535 4121 3617 4174 his

2032 4197 2193 4253 locuti
2225 4209 2352 4254 sunt
2381 4217 2394 4253 :
2425 4217 2491 4255 ex
2519 4202 2712 4272 quibus
2741 4215 2859 4258 erat
2879 4213 2933 4258 et
2961 4205 3054 4260 ille
3083 4207 3165 4260 vir
3191 4207 3620 4277 sapientissimus

2032 4305 2094 4344 ac
2124 4291 2556 4350 modestissimus
2601 4297 2954 4366 Augustinus,
2985 4301 3076 4369 qui
3119 4303 3280 4357 tertio
3310 4318 3524 4374 quoque
3551 4304 3621 4361 de

2035 4383 2294 4440 'l‘rinitate
2323 4385 2461 4440 libro
2484 4387 2565 4442 sic
2592 4390 2666 4442 ait
2695 4406 2707 4441 :
2747 4409 2766 4442 ‹
2802 4391 2945 4446 Sane
2973 4407 3094 4446 eum
3126 4395 3181 4448 in
3203 4395 3452 4451 omnibus
3472 4397 3623 4454 litte-

2034 4473 2108 4528 ris
2140 4475 2295 4545 meis,
2329 4492 2436 4531 non
2465 4478 2639 4533 solum
2678 4481 2821 4549 pium
2854 4483 3133 4551 lectorem,
3164 4487 3260 4542 sed
3288 4488 3448 4544 etiam
3489 4490 3626 4546 lihe-

2034 4581 2153 4620 rum
2176 4577 2536 4624 correctorem
2560 4570 2885 4638 desiderem,
2913 4575 3082 4630 multo
3104 4579 3337 4635 maxime
3355 4579 3410 4633 in
3434 4579 3516 4636 his
3533 4581 3625 4637 ubi

2037 4655 2149 4724 ipsa
2182 4658 2492 4728 magnitudo
2515 4662 2830 4729 qurestionis
2857 4665 3060 4722 utinam
3083 4676 3190 4723 tam
3223 4673 3419 4727 multos
3441 4673 3627 4730 inven-

339 4747 386 4800 si
415 4745 658 4800 videatur
686 4745 948 4800 incertum
979 4761 994 4799 :
1029 4745 1170 4814 quod
1193 4747 1237 4799 si
1267 4756 1321 4799 et
1351 4746 1488 4800 male
1516 4746 1582 4800 de
1609 4745 1713 4800 illis
1735 4745 1934 4800 scotia-
1957 4773 2010 4833 Ι)
2039 4755 2182 4802 tores
2212 4747 2411 4804 habere
2441 4761 2624 4820 posset
2650 4769 2807 4824 quam
2840 4759 3037 4814 multos
3065 4761 3488 4819 contradictores
3533 4764 3628 4820 ha-

338 4856 484 4906 mus,
521 4840 623 4895 hoc
649 4854 864 4911 quoque
899 4849 1106 4894 certum
1139 4855 1244 4894 non
1273 4840 1400 4905 erit,
1429 4839 1523 4894 sed
1553 4848 1700 4894 certa
1743 4838 1932 4908 impie-

343 4945 427 4988 tas
449 4933 553 4988 erit
584 4949 597 4986 :
632 4933 822 4987 melius
845 4945 975 5001 ergo
995 4939 1077 4986 est
1106 4939 1161 4985 ut
1189 4931 1255 4985 de
1283 4931 1489 4987 duobus
1518 4932 1646 4986 illud
1677 4932 1935 5000 eligamus

342 5024 637 5091 incertum,
670 5024 722 5077 in
768 5038 878 5092 quo
907 5033 1051 5078 certa
1085 5027 1252 5092 pictas
1276 5025 1620 5094 approbetur,
1651 5041 1808 5093 quam
1833 5025 1937 5080 hoc

343 5117 636 5179 incertum,
662 5115 718 5168 in
750 5129 856 5186 quo
899 5113 1147 5184 impietas
1174 5127 1317 5169 certa
1348 5115 1658 5171 damnetur.
1692 5119 1938 5173 Arbitror

346 5213 534 5258 autem
564 5207 814 5273 quoniam
839 5214 895 5259 et
927 5207 1026 5272 ipsi
1053 5204 1142 5273 qui
1167 5205 1352 5259 nolunt
1381 5206 1448 5261 de
1474 5209 1685 5262 caeteris
1708 5209 1940 5264 doctori-

347 5301 360 5353 l
384 5315 448 5355 us
477 5298 729 5354 Ecclesia:
758 5298 1006 5354 similiter
1046 5307 1105 5352 ut
1147 5296 1214 5353 dc
1243 5299 1538 5369 Augustino
1567 5301 1785 5368 sentire,
1815 5305 1935 5373 quia

345 5406 454 5445 non
485 5389 765 5445 inveniunt
794 5389 884 5444 ubi
933 5389 1180 5443 similiter
1220 5397 1274 5444 et
1318 5391 1391 5444 illi
1422 5390 1684 5447 dictorum
1709 5407 1934 5449 suorum

420 5573 446 5634 fl
480 5563 536 5617 In
565 5577 662 5616 ms.
698 5564 1020 5634 corrigimur.

2041 4840 2151 4895 bet:
2192 4841 2573 4899 Verumtamen
2617 4847 2756 4902 sicut
2804 4849 3060 4905 lectorem
3108 4869 3285 4908 meum
3334 4857 3460 4910 nolo
3507 4872 3629 4913 esse

2042 4930 2171 4985 mihi
2201 4931 2463 5000 deditum,
2491 4937 2560 4990 ita
2584 4951 2945 4996 correctorem
2977 4943 3102 4998 nolo
3128 4942 3252 5000 sibi.
3281 4945 3374 5000 llle
3402 4961 3489 5002 me
3519 4964 3628 5004 non

2041 5030 2186 5078 amet
2235 5025 2466 5093 amplius
2495 5043 2652 5096 quam
2705 5032 3022 5086 catholicam
3078 5036 3360 5090 veritatem
3389 5034 3418 5086 ι»
3443 5052 3460 5103 ;
3489 5038 3626 5092 sicut

2041 5115 2117 5177 illi
2141 5115 2284 5185 dico,
2311 5115 2428 5172 Noli
2459 5121 2593 5174 meis
2623 5120 2836 5187 litteris,
2870 5125 3022 5194 quasi
3069 5127 3360 5197 Scripturis
3408 5131 3633 5185 canoni-

2043 5209 2122 5264 cis
2148 5210 2427 5275 iuservire,
2460 5213 2554 5266 sed
2585 5215 2636 5268 in
2670 5215 2774 5270 illis
2804 5226 2857 5270 et
2903 5220 3044 5287 quod
3074 5235 3181 5275 non
3219 5221 3477 5279 credebas
3505 5240 3630 5281 cum

2046 5303 2340 5369 inveneris,
2379 5305 2746 5363 incunctanter
2779 5311 2970 5377 crede;
3004 5313 3058 5367 in
3107 5314 3224 5369 iStis
3271 5323 3450 5372 autem
3485 5320 3630 5389 quod

2043 5405 2252 5454 certum
2282 5415 2389 5454 non
2447 5399 2708 5470 habebas,
2738 5403 2841 5460 nisi
2887 5417 3093 5462 certum
3136 5407 3488 5481 intellexeris,
3521 5415 3634 5469 noli

421 5632 448 5670 δ
477 5634 632 5702 Apud
673 5632 920 5704 August,
957 5634 1146 5704 ﬁdem,
1182 5637 1277 5690 iste
1304 5652 1359 5691 se
1387 5653 1488 5690 non
1535 5647 1668 5693 amet
1713 5639 1938 5708 antplius
1969 5659 2124 5715 quam
2153 5643 2456 5699 catholicum
2493 5649 2773 5708 veritatem.

421 5792 440 5824 ‘
470 5789 602 5863 Cod.
630 5787 852 5863 Verum,
879 5792 1205 5863 corrigimur.

421 5865 441 5893 ⁸
478 5861 620 5914 Idem
643 5862 785 5926 cod.,
818 5864 1002 5916 credis.

419 5926 440 6003 ἒ
476 5932 640 6003 hient.
667 5932 766 6003 cod
795 5972 809 5995 ,
841 5935 1170 6003 corriperent.

423 6002 446 6034 ’⁸
475 5999 628 6057 idem
653 6001 798 6064 cod.,
827 5999 1083 6058 existuuat
1107 6018 1211 6058 esse
1233 6007 1602 6064 damnandum.

2045 5800 2142 5925 ne:
2171 5801 2316 5856 Idem
2358 5801 2503 5870 cod.,
2535 5821 2624 5859 nec
2652 5818 2921 5865 accusatus
2955 5814 3098 5884 apud
3127 5816 3274 5871 illaut
3307 5790 3624 5887 Theodorus,

2120 5943 2140 6020 ξ
2167 5943 2308 6020 Idem
2343 5943 2487 6020 cod.,
2517 5949 2734 6020 nominis
2760 5951 2892 6020 ejus.

2121 6015 2138 6046 ⁷
2175 6015 2316 6070 Idem
2349 6017 2497 6078 cod.,
2530 6019 2722 6090 itaque.
