4094 6460
514 321 620 378 815

1627 313 1920 370 FACUNDI
1961 309 2178 369 EPISC.
2222 306 2732 367 HERMIANENSIS

3712 303 3818 360 Slﬁ

511 436 738 491 ﬁrmiter
758 432 994 490 retinere
1025 450 1036 484 :
1072 428 1144 484 ita
1185 427 1256 483 illi
1284 428 1427 495 dico,
1460 426 1579 482 Noli
1607 428 1658 480 in
1694 427 1827 480 meis
1860 425 2055 479 litteris
2079 431 2102 458 η
2137 425 2185 483 Λ
2215 435 2273 476 se
2317 421 2457 476 ultro
2501 434 2565 474 ac
2596 427 2803 473 temere
2851 415 3040 474 alienis
3071 415 3293 484 ingessit
3323 416 3589 486 pericu‘is.
3635 417 3843 472 [loeto-

511 547 576 586 ει
611 541 696 586 tua
727 529 978 598 opinione
1009 527 1087 580 vel
1119 524 1482 586 contentione,
1514 521 1606 576 sed
1655 537 1720 574 ex
1765 519 1944 572 divina
1999 518 2103 571 lec-

513 624 679 688 tione,
711 619 795 675 vel
844 621 1156 674 inconcussa
1188 618 1397 671 ratione
1423 615 1714 684 corrigere.
1767 612 1821 667 Si
1870 611 1997 682 quid
2049 611 2101 664 in

511 714 590 768 eis
620 712 730 766 veri
758 709 1234 778 comprehenderis
1283 707 1590 769 cxisteudo,
1625 721 1728 758 non
1778 714 1860 758 est
1897 717 2101 768 meum,

511 815 566 858 at
595 802 942 870 intelligendo
973 809 1028 856 et
1059 799 1288 854 amando
1333 811 1386 851 et
1435 807 1583 851 tuum
1627 797 1698 850 sit
1724 805 1778 850 et
1808 811 1984 849 meum
2013 810 2025 856 ;
2061 798 2103 846 si

511 895 637 964 quid
670 902 847 949 autem
876 890 995 947 falsi
1027 891 1331 946 conviceris
1357 931 1371 954 ,
1414 890 1647 944 errando
1695 888 1856 942 fuerit
1901 900 2100 950 meum,

515 987 608 1040 sed
630 986 738 1055 jam
769 983 1030 1049 cavendo,
1065 998 1162 1037 nec
1213 993 1359 1035 tuum
1407 983 1474 1034 sit
1507 996 1603 1055 nec
1635 995 1832 1034 meum.
1868 998 1886 1031 ι
1940 979 2107 1033 Aliter

516 1053 716 1148 itaque,
747 1077 888 1131 sicut
910 1075 1010 1130 iste
1034 1074 1114 1128 vir
1142 1053 1587 1142 prudentissimus
1617 1073 1797 1138 docet,
1820 1071 2108 1125 canonieas

518 1173 729 1225 litteras
759 1167 1011 1237 legimus,
1046 1170 1096 1219 in
1145 1166 1338 1234 quibus
1388 1179 1612 1219 necesse
1643 1173 1725 1218 est
1755 1162 1919 1217 etiam
1965 1161 2107 1232 quod

518 1277 623 1316 non
645 1260 936 1324 credimus,
967 1273 1088 1313 cum
1137 1258 1502 1312 invenerimus
1522 1298 1536 1321 ,
1568 1257 1947 1311 incunctanter
1990 1268 2112 1307 cre-

513 1356 681 1417 dere;
715 1350 870 1404 aliter
911 1359 1113 1414 autent,
1144 1348 1225 1402 vel
1255 1348 1422 1416 ipsius
1471 1346 1781 1415 Augustini,
1812 1345 1896 1399 vel
1927 1344 2107 1398 talium

518 1455 872 1506 cancrorum;
910 1443 963 1497 in
993 1443 1188 1512 quibus
1216 1441 1356 1511 quod
1391 1441 1652 1494 habemus
1681 1439 1968 1503 incertum,
2006 1438 2107 1491 nisi

521 1547 728 1590 certum
761 1534 1216 1596 intellexerimus,
1251 1547 1354 1586 non
1388 1532 1539 1586 lirme
1569 1537 1806 1584 reanere
1827 1530 2108 1584 debemus.

520 1630 620 1695 Qui
667 1628 828 1682 etiam
882 1625 1213 1696 llierOuymo
1267 1623 1511 1678 scribens
1563 1622 1694 1676 dicit
1747 1619 1942 1690 (Epist.
1975 1619 2108 1690 l9):

529 1741 547 1772 ι
587 1721 699 1792 Ego
725 1719 868 1774 enim
907 1717 1076 1772 fateor
1104 1715 1354 1770 charitati
1387 1728 1509 1779 ltiti-3,
1541 1713 1673 1767 solis
1701 1715 1779 1767 eis
1807 1711 2115 1781 Scriptura-

521 1829 639 1868 rum
664 1811 815 1868 libris
841 1826 960 1881 qua:
985 1809 1094 1879 jam
1122 1807 1396 1863 canonica:
1420 1806 1761 1876 appellantur
1787 1803 1948 1859 didici
1976 1805 2116 1857 hunc
2150 1806 2195 1863 B

523 1907 773 1961 timorem
807 1904 1173 1973 honoremque
1204 1901 1440 1967 deferre,
1464 1909 1521 1956 ut
1552 1901 1758 1966 nullum
1787 1916 1970 1955 eorum
1993 1915 2117 1954 auc-

525 2013 700 2054 torem
723 1995 1012 2053 scribendo
1047 2008 1259 2050 errasse
1289 1993 1491 2062 aliquid
1526 1993 1832 2048 ﬁrmissime
1860 1991 2074 2047 credam
2101 2008 2114 2056 ;

524 2107 593 2147 ac
622 2092 670 2146 si
697 2089 896 2160 aliquid
925 2088 978 2143 in
1008 2089 1087 2143 eis
1116 2087 1395 2143 oli‘endero
1438 2085 1634 2140 litteris
1683 2085 1822 2154 quod
1876 2083 2120 2138 videatur

519 2182 857 2237 contrarium
887 2180 1123 2245 veritati,
1148 2178 1280 2233 nihil
1323 2177 1468 2232 aliud
1500 2192 1657 2246 quam
1691 2177 1774 2232 vel
1803 2175 2117 2230 mendosum

527 2292 650 2332 esse
680 2276 919 2332 codicem
945 2316 960 2342 ,
992 2274 1079 2328 vel
1125 2274 1471 2342 interpretem
1519 2285 1623 2325 non
1667 2279 1971 2324 assecutum
2001 2282 2120 2323 esse

523 2374 668 2444 quod
700 2373 904 2428 dictum
937 2380 1051 2437 est,
1095 2370 1180 2424 vel
1234 2383 1318 2422 me
1367 2367 1586 2422 minime
1634 2366 1963 2420 intellexisse
2015 2378 2118 2416 non

527 2465 817 2534 ambigam.
849 2463 998 2518 Alios
1029 2469 1208 2515 autem
1241 2460 1311 2514 ita
1345 2460 1464 2528 lego
1487 2501 1501 2525 ,
1529 2469 1585 2512 ut
1615 2455 1952 2527 quantalibet
1998 2470 2125 2510 san-

527 2559 712 2612 ctitate
734 2556 1084 2624 doctrinaque
1112 2553 1487 2623 praepolleant,
1516 2566 1621 2606 non
1659 2551 1779 2605 ideo
1810 2565 1994 2604 verum
2031 2565 2125 2618 pu-

524 2659 661 2714 tem,
684 2648 808 2717 quia
835 2647 934 2716 ipsi
968 2647 1038 2699 ita
1070 2652 1377 2708 senserunt,
1411 2643 1506 2697 sed
1555 2643 1678 2712 quia
1720 2642 1849 2695 mihi
1900 2641 1978 2696 vel
2033 2655 2127 2708 per

525 2741 649 2796 illos
678 2749 925 2794 auctores
947 2739 1262 2804 canonicos,
1289 2737 1371 2791 vel
1401 2736 1901 2806 prohabili.ratione
1929 2733 2069 2804 quod
2096 2748 2123 2786 a

529 2849 660 2890 vero
688 2849 794 2888 non
827 2833 1136 2898 abhorreat,
1172 2831 1498 2901 persuadere
1548 2838 1860 2899 potuerunt.
1892 2828 2001 2883 Nec
2053 2839 2126 2893 te,

520 2928 603 2981 mi
637 2926 823 2993 frater,
857 2927 1060 2980 sentire
1089 2923 1231 2977 aliud
1278 2923 1526 2977 existimo
1553 2939 1567 2977 :
1598 2935 1841 2991 prorsus,
1886 2920 2124 2989 inquam,

528 3037 642 3076 non
685 3028 741 3074 te
769 3018 1002 3073 arbitror
1033 3017 1111 3072 sic
1143 3016 1248 3086 legi
1303 3024 1421 3070 tuos
1473 3015 1638 3070 libros
1683 3015 1844 3081 velle,
1879 3024 2128 3084 tanquam

525 3111 913 3182 prophetarum
952 3109 1039 3164 vel
1089 3107 1475 3178 apostolorum,
1507 3106 1574 3161 de
1623 3121 1854 3176 quorum
1911 3106 2130 3174 scriptis

535 3204 678 3272 quod
730 3202 876 3258 omni
909 3215 1093 3256 errore
1147 3208 1365 3254 careant
1404 3198 1650 3253 dubitare
1695 3198 1956 3253 nefarium
2018 3205 2120 3252 est.
2157 3189 2204 3252 C

537 3297 689 3353 Absit
717 3295 895 3349 ltoc-a
946 3293 1030 3362 pia
1071 3291 1373 3347 humilitate
1415 3301 1469 3346 et
1514 3292 1694 3345 veraci
1725 3290 1794 3346 de
1848 3292 2128 3361 temetipso

536 3387 858 3458 cogitatione
885 3401 1035 3456 aqua
1065 3385 1164 3439 nisi
1195 3398 1343 3438 esses
1375 3384 1628 3453 praeditus
1649 3425 1662 3452 ,
1697 3398 1802 3438 non
1832 3383 2016 3454 utique
2043 3385 2127 3438 di-

539 3495 713 3547 ceres,
738 3480 940 3533 utinam
971 3492 1302 3532 mereremur
1348 3476 1664 3545 complexus
1715 3487 1853 3542 tuos,
1878 3486 1930 3531 et
1959 3478 2130 3531 col'a-

540 3575 688 3626 tione
716 3581 898 3625 mutua
927 3570 1007 3624 vel
1040 3568 1358 3623 doceremus
1386 3568 1582 3637 aliqua,
1613 3569 1696 3622 vel
1729 3569 2076 3624 disceremus.
2106 3588 2123 3621 ι

540 3663 806 3716 'l‘enentes
829 3676 957 3730 ergo
989 3659 1146 3729 hujus
1175 3659 1555 3727 sapientissimi
1586 3660 1686 3713 viri
1715 3661 2056 3726 sententiam,
2078 3674 2130 3717 et

527 3754 772 3809 alivinam
800 3754 1173 3808 auctoritatem
1205 3752 1496 3806 libris-non
1527 3753 1799 3807 canonicis
1829 3769 1933 3808 non
1963 3757 2130 3809 ascri-

528 3853 756 3912 tt;amus,
805 3861 904 3901 nec
947 3845 1232 3900 humanam
1271 3845 1720 3913 compussionem,
1747 3845 1916 3899 sicubi
1963 3847 2131 3914 scrip-

515 3933 687 3994 "tores
725 3954 910 3994 eorum
955 3937 1103 4007 quasi
1151 3936 1565 4006 homines‘lapsi
1608 3946 1752 4006 sunt,
1784 3937 2130 4008 denegamus.

539 4031 675 4099 Quid
704 4031 847 4086 enim
889 4029 1067 4095 faciat,
1101 4031 1252 4098 cujus
1283 4029 1511 4082 animam
1545 4043 1664 4083 cum
1713 4044 1838 4083 caro
1866 4033 2128 4101 corrupti-

532 4128 664 4182 'bilis
679 4133 953 4196 aggravet,
976 4132 1031 4179 et
1056 4124 1316 4192 deprimat
1346 4131 1559 4177 terrena
1589 4123 1900 4178 inhabitatio
1915 4139 2130 4180 sensum

543 4222 708 4276 multa
756 4220 1098 4288 cogitantem,
1133 4216 1368 4285 suscepti
1409 4215 1569 4271 cilicii
1595 4219 1912 4274 necessitate
1941 4219 2135 4275 docere

531 4311 921 4380 compellitur;
955 4311 1056 4364 nisi
1090 4319 1145 4364 ut
1174 4326 1293 4380 qure
1323 4309 1509 4364 scribit
1532 4318 1624 4364 aut
1652 4309 1801 4374 dicit,
1836 4312 2000 4379 ipsius
2034 4313 2130 4366 Ec-

545 4403 640 4456 sia:
667 4415 764 4470 pro
789 4416 890 4471 qua
921 4410 973 4454 et
999 4417 1025 4452 a
1049 4415 1150 4469 qua
1181 4400 1417 4468 suscepit
1447 4400 1668 4454 docendi
1692 4401 2135 4468 periculum,dis-

546 4493 782 4548 cussioni
811 4493 1090 4548 sententiae
1113 4507 1197 4558 tue
1224 4491 1529 4560 permittat?
1552 4491 1656 4546 Sed
1686 4491 1730 4545 si
1759 4492 1938 4548 cilicio
1961 4495 2137 4550 alieno

547 4586 812 4654 incubuit,
835 4584 882 4638 si
905 4584 1044 4654 quod
1076 4586 1124 4639 ei
1159 4599 1264 4637 non
1294 4593 1371 4636 est
1405 4583 1664 4638 etetlitum
1698 4586 1992 4652 usurpavit,
2029 4604 2140 4642 me-

549 4679 650 4732 rito
669 4675 831 4731 venia
853 4682 1026 4744 caret,
1049 4689 1148 4728 nec
1172 4685 1352 4742 posset
1381 4675 1712 4743 aliquatenus
1745 4677 2024 4758 excusari,
2047 4682 2134 4749 qui

624 4819 648 4847 ³
684 4806 1083 4873 ιέιὶί.ι..ῐῖθηθά.,
1116 4823 1253 4861 meas
1285 4805 1500 4859 litteras.

605 4881 650 4919 ἰι
683 4881 988 4943 Ιάτεςιὶυς,
1023 4894 1181 4948 quam
1225 4877 1481 4948 singulari
1509 4893 1731 4931 numero
1753 4879 2053 4947 Scholium,
2090 4896 2146 4940 ut

540 4954 607 5006 in
632 4953 861 5022 vu'gatis
883 4949 1280 5019 exemplaribus
1310 4948 1495 5022 Uyrilli
1525 4949 1897 5022 Theodoretus
1922 4953 2048 5008 dial.
2084 4957 2140 5022 2,

533 5021 791 5090 ,κυρίλλὸυ
832 5024 932 5076 ἀπὸ
958 5029 1059 5076 τῶν
1112 5023 1362 5090 σκολίων.
1412 5021 1731 5073 Anastasius
1780 5024 2056 5090 presbyter
2091 5021 2141 5082 in

563 5077 758 5166 lictoge
787 5102 887 5149 τῶν
920 5077 1315 5166 χρήσξωτῖὀςιρ.
1349 5093 1404 5154 5,
1462 5091 1546 5166 ubi
1601 5077 1956 5146 Scholi'urum'
1985 5077 2144 5151 librili

556 5163 726 5230 dium,
779 5165 920 5233 qunti
966 5163 1160 5220 Latine
1206 5171 1406 5214 tantum
1458 5163 1658 5233 editum
1705 5172 1806 5226 est,
1841 5167 2033 5220 recitat
2064 5170 2146 5223 his

555 5239 737 5322 verbis
765 5230 1053 5322 inopinor:
1073 5235 1133 5321 ’ἐν
1342 5237 1430 5284 τοῦ
1475 5230 1518 5320 οξ
1559 5234 1804 5303 σχολὲθψ
1835 5238 1900 5288 Τὸ
1926 5243 2148 5307 Χριστὸς

558 5305 713 5381 ὅνομα
731 5304 846 5362 οὔτε
877 5301 1000 5382 ὅρου
1025 5301 1408 5382 δύνᾳμὼτὲχει.
1457 5301 1694 5382 ofﬁcium
1717 5309 1811 5382 τήν.
1827 5301 2153 5382 ’ςιινοςόὐσίαφ

567 5379 594 5434 ὅ
613 5373 671 5454 ﬁt
836 5373 946 5434 ἐσέι
961 5373 1212 5454 σημαὶνξι·
1231 5375 1641 5454 καθάτςεᾍβὰμέλει
1661 5380 1741 5429 καὶ
1764 5377 1819 5430 τὸ
1840 5373 2153 5454 Ἄνθρωπος,

559 5449 590 5508 ἦ
613 5447 818 5513 Ἵππος,
848 5451 877 5507 ἧ
903 5443 1044 5524 Βιίῦςλ
1069 5443 1389 5524 ﬁmi/uorsa:
1410 5443 1462 5501 δέ
1485 5443 1670 5516 μᾶλλον
1689 5443 2023 5524 irrepo/odyssos
2039 5443 2156 5524 rapi

563 5542 675 5575 τινα
696 5528 922 5576 ποιεῖται
946 5516 1425 5585 δόλωσὶνζδὶηευιὲὶ
1454 5531 1583 5586 ergo
1605 5516 1774 5586 Capita
1803 5516 1957 5574 Suum
1981 5516 2154 5591 quoti-

641 5652 653 5680 ¹
685 5650 815 5703 Cod.
844 5649 1060 5711 Veron,
1092 5650 1166 5702 rei
1198 5649 1339 5702 nullo
1372 5650 1522 5702 modo
1555 5651 1809 5721 particeps
1842 5652 1977 5718 fama
2024 5671 2147 5707 cou-

568 5722 910 5788 cuptscentiw,
938 5721 1097 5776 exitu.

633 5860 651 5880 '
678 5860 732 5909 lu
753 5872 841 5908 ms.
865 5871 1025 5920 regio,
1044 5870 1254 5917 πράνμιτος
1279 5874 1542 5925 unum“,

2211 529 2324 568 rem
2357 527 2486 568 vero
2519 511 2774 565 Ecclesia:
2813 517 3033 564 excusat
3082 509 3183 562 loci
3219 511 3536 577 necessitas,
3569 509 3612 562 si
3662 525 3725 564 ea
3765 510 3819 563 iu

2211 605 2402 674 quibus
2426 601 2712 657 offenderit
2741 602 3014 668 corrigere
3043 600 3112 654 sit
3135 611 3374 668 paratus.

2781 690 3010 746 CAPUT
3047 690 3156 746 Vll.

2214 785 2369 851 Quod
2397 784 2581 854 Cyrilli
2622 798 2822 851 quoque
2850 783 3073 849 plurima
3101 782 3199 835 sint
3243 781 3503 837 Theodori
3528 783 3677 836 dictis
3705 796 3823 847 qua:

2282 857 2724 979 reprehlenduntur
2767 854 2959 907 similia
3017 869 3034 906 :
3089 868 3308 922 quorum
3383 855 3556 907 denm
3623 856 3828 923 profvit

2283 943 2460 997 exemp
2484 941 2538 978 a.

2283 1018 2386 1074 Sed
2398 1018 2510 1089 jam
2529 1033 2594 1074 ex
2615 1017 2772 1074 dictis
2790 1016 3150 1089 quoqueheati
3171 1016 3359 1088 Cyl-illi
3378 1019 3553 1088 aliqua
3577 1017 3816 1087 profera-

2216 1127 2357 1178 mus,
2389 1123 2447 1166 ut
2478 1121 2532 1167 et
2563 1111 2688 1166 hinc
2729 1111 2902 1166 lector
2943 1111 3208 1181 intelligat
3239 1120 3414 1166 utrum
3443 1108 3816 1180 recipiendum

2214 1205 2286 1258 sit
2314 1204 2457 1274 quod
2490 1205 2541 1258 in
2572 1203 2942 1273 praeiudicium
2973 1204 3166 1275 synodi
3196 1203 3659 1259 Chalcedonensis
3690 1219 3820 1258 eum

2217 1295 2501 1365 perhibent
2529 1294 2776 1366 quaadam
2805 1294 3072 1350 Theodori
3106 1295 3329 1363 scripta,
3380 1303 3501 1364 post
3531 1295 3650 1364 ejus
3671 1311 3824 1349 mor-

2219 1397 2348 1456 tem,
2400 1387 2554 1456 quasi
2585 1385 2901 1441 Nestoriana
2947 1385 3212 1456 culpasse.
3247 1387 3424 1456 Atque
3452 1395 3511 1440 ut
3557 1396 3820 1456 appareat

2218 1479 2342 1549 quia
2397 1477 2644 1547 superius
2701 1487 3120 1532 memoratorum
3157 1478 3372 1532 Patrum
3424 1478 3730 1534 testimOnia
3753 1494 3823 1533 ex

2220 1571 2399 1626 multis
2430 1585 2594 1641 pauca
2625 1570 2967 1640 protulimus,
3001 1571 3158 1640 hujus
3199 1572 3288 1647 qui
3333 1581 3386 1626 et
3425 1571 3657 1627 Nestorii
3681 1588 3822 1627 con-

2219 1662 2507 1718 demnator
2547 1662 2663 1729 luit,
2720 1671 2775 1716 et
2825 1676 2984 1732 quem
3051 1662 3293 1718 fecerunt
3342 1663 3558 1718 Diodori
3617 1664 3824 1731 scripta

2221 1754 2604 1824 Theodorique
2648 1755 2917 1824 culpasse,
2957 1755 3138 1825 dupla,
3167 1755 3219 1811 id
3250 1764 3340 1810 est
3367 1757 3552 1810 decem
3583 1756 3823 1824 profere-

2225 1863 2367 1912 mus,
2423 1857 2478 1901 et
2518 1848 2629 1916 ipsa
2663 1860 2829 1916 pauca
2865 1847 2930 1900 de
2955 1846 3214 1915 pluribus.
3251 1847 3379 1900 Nam
3412 1847 3464 1900 in
3495 1847 3632 1902 libro
3661 1863 3822 1915 quem

2221 1940 2441 1997 Scholia
2464 1942 2792 2011 nuncupavit
2816 1940 2868 2004 ι),
2900 1941 3053 1996 titulo
3073 1942 3325 2010 septimo,
3357 1943 3526 2006 Quam
3551 1957 3658 1995 csse
3689 1943 3825 1994 dici-

2222 2051 2335 2088 mus
2382 2033 2745 2088 adunationem
2775 2050 2793 2089 :
2833 2053 2851 2085 ι
2890 2032 3088 2100 anima,
3120 2035 3308 2104 inquit,
3333 2036 3510 2089 omnia
3540 2050 3658 2104 qute
3702 2046 3827 2090 sunt

2221 2124 2467 2194 corporis
2515 2139 2637 2180 esse
2683 2133 2898 2193 reputat
2949 2139 3066 2189 sua,
3124 2124 3250 2180 licet
3302 2141 3396 2194 per
3426 2135 3668 2180 naturam
3699 2141 3822 2194 pro-

2224 2218 2397 2286 priam
2424 2231 2617 2288 expers
2645 2216 2713 2271 sit
2744 2216 3052 2285 passionum
3085 2217 3352 2287 corporis,
3387 2227 3438 2271 et
3471 2221 3821 2279 naturalium.

2225 2317 2280 2362 et
2327 2324 2446 2377 quae
2493 2308 2834 2363 extrinsecus
2879 2308 3152 2363 accidunt.
3187 2310 3432 2364 Movetur
3458 2310 3603 2364 enim
3629 2325 3829 2379 corpus

2228 2401 2281 2454 in
2330 2399 2797 2468 concupiscentias
2828 2399 3122 2466 naturales,
3155 2411 3209 2454 et
3253 2400 3522 2454 consentit
3571 2411 3591 2436 ε
3623 2402 3827 2464 anima,

2229 2491 2382 2546 nullo
2420 2490 2633 2562 quidem
2682 2491 2843 2546 modo
2875 2493 3139 2562 particeps
3171 2494 3305 2547 facta
3354 2493 3829 2562 concupiscemus,

2231 2592 2410 2638 tamen
2453 2580 2600 2637 exitu
2651 2582 3067 2637 delectationem
3117 2583 3389 2654 propriam
3421 2583 3447 2620 ἀ
3479 2586 3644 2638 ducit.
3685 2583 3754 2638 Et
3787 2586 3833 2637 si

2232 2672 2369 2728 forte
2413 2688 2442 2726 a
2493 2687 2592 2728 suo
2636 2687 2864 2742 corpore
2911 2673 3246 2743 deprimatur
3279 2683 3304 2712 θ
3333 2684 3425 2730 aut
3492 2684 3832 2745 torqueatur,

2231 2765 2485 2819 condolet
2513 2764 2726 2834 quidem
2752 2763 2892 2832 (ιιιοά
2918 2780 3069 2818 suum
3087 2780 3281 2834 corpus
3312 2767 3531 2835 patitur,
3561 2768 3674 2835 ipsa
3706 2781 3834 2820 vero

2235 2855 2287 2908 in
2339 2868 2436 2908 sua
2478 2863 2667 2908 natura
2717 2855 2920 2910 nullum
2974 2857 3171 2924 patitur
3203 2859 3435 2916 omnino,
3461 2866 3829 2922 tormentum,

2238 2957 2417 3003 tamen
2444 2962 2605 3017 super
2635 2947 2750 3002 haec
2780 2964 2995 3019 quoque
3026 2949 3253 3004 dicimus
3284 2965 3403 3006 esse
3425 2951 3835 3018 adunationem,

2220 3054 2357 3110 quae
2387 3037 2548 3096 estin
2581 3039 2900 3096 Emmanuel
2923 3041 3081 3096 facta.
3113 3043 3400 3099 Eratenim
3442 3059 3663 3100 necesse
3715 3062 3837 3100 cum

2238 3149 2335 3188 suo
2367 3146 2598 3206 corpore
2621 3133 2910 3189 adunatam
2939 3137 2988 3189 ei
3013 3135 3248 3190 animam
3275 3136 3481 3200 dolere,
3515 3149 3572 3190 ut
3597 3139 3800 3193 timend
3826 3157 3840 3188 ι

2239 3223 2519 3295 passiOnes
2556 3225 2825 3281 subditam
2848 3229 3113 3283 cervicem
3140 3231 3249 3284 Deo
3271 3231 3630 3286 submitteret.
3664 3252 3686 3285 ι
3715 3233 3842 3288 llree

2233 3317 2278 3370 si
2309 3314 2651 3371 Theodorum
2697 3315 3008 3372 invenirent
3037 3319 3351 3390 Eutychiani
3385 3320 3606 3388 dixisse,
3642 3337 3843 3389 quem-

2233 3407 2521 3463 admodum
2583 3415 2829 3475 putamus
2905 3409 3209 3478 singillatim
3265 3411 3444 3465 omnia
3494 3412 3842 3475 ventilarent,

2235 3499 2479 3556 dicentes
2510 3502 2796 3572 imprimis,
2831 3507 3101 3576 quomodo
3142 3510 3320 3563 anima
3364 3525 3557 3580 expers
3605 3520 3690 3564 est
3722 3526 3844 3580 pas-

2235 3591 2447 3646 sionum
2497 3597 2762 3663 corporis,
2791 3597 2837 3650 si
2886 3601 3159 3653 consontit
3205 3614 3324 3653 cum
3375 3611 3621 3654 movetur
3646 3615 3846 3669 corpus

2238 3682 2294 3736 in
2345 3685 2810 3753 concupiscentias
2861 3690 3161 3744 naturales?
3208 3701 3299 3744 aut
3339 3690 3611 3760 quomodo
3657 3707 3846 3745 rursus

2236 3777 2580 3831 consentiens
2611 3779 3061 3847 concupiscentiis
3111 3782 3460 3846 naturalibus,
3494 3781 3643 3836 nullo
3675 3784 3841 3837 modo

2239 3864 2298 3919 lit
2343 3867 2610 3936 particeps
2641 3874 3091 3940 concupiscentia:
3128 3874 3168 3938 ¹,
3203 3875 3352 3928 exitu
3397 3884 3574 3929 tamen
3605 3874 3846 3930 delectt-

2240 3955 2438 4010 tionem
2469 3961 2739 4027 pr0priam
2771 3963 2953 4016 ducit?
2983 3975 3074 4018 aut
3104 3965 3370 4034 quomodo
3413 3969 3628 4034 corpori
3662 3970 3843 4034 potius

2240 4048 2670 4118 concupiscentia
2705 4053 2979 4120 tribuitur,
3011 4070 3132 4109 cum
3175 4056 3352 4110 anima
3385 4057 3543 4110 etiam
3577 4059 3697 4112 sine
3727 4074 3848 4112 cor-

2241 4157 2373 4210 pore
2416 4147 2800 4214 concupiscere
2835 4149 3022 4216 possit,
3077 4165 3272 4218 corpus
3319 4165 3446 4204 vero
3479 4165 3585 4203 non
3636 4151 3846 4219 possit?

2241 4231 2483 4303 Namque
2527 4250 2646 4289 cum
2675 4237 2890 4304 dicitur,
2920 4239 3050 4294 Caro
3073 4241 3386 4312 concupiscit
3409 4241 3649 4295 adversus
3682 4243 3845 4312 spiri-

2245 4335 2378 4390 tum,
2431 4329 2644 4394 spiritus
2693 4341 2864 4384 atttem
2916 4333 3161 4387 adversus
3217 4351 3418 4388 carnem
3451 4333 3592 4403 (Gul.
3628 4352 3678 4397 v,
3719 4337 3849 4404 l7),

2245 4430 2350 4469 non
2401 4417 2550 4471 aliud
2605 4421 2938 4492 intelligitur,
3000 4425 3101 4478 nisi
3151 4426 3293 4494 quia_
3327 4426 3555 4479 carnalis
3585 4435 3794 4480 terrena
3828 4429 3849 4461 ³

2244 4505 2458 4562 aliectio
2512 4511 2706 4566 animae
2776 4517 3035 4570 adversus
3093 4517 3284 4571 bonam
3345 4517 3463 4586 ejus
3506 4517 3850 4572 allectionem

2248 4612 2408 4664 quam
2465 4599 2628 4656 habet
2675 4603 2742 4658 de
2797 4606 2978 4660 divino
3015 4607 3241 4676 Spiritu,
3291 4611 3669 4677 concupiscat;
3710 4621 3850 4664 seut

2261 4689 2349 4743 illa
2375 4691 2535 4746 etiam
2564 4711 2683 4763 qum
2711 4695 2853 4750 dono
2887 4698 3118 4767 Spiritus
3141 4699 3318 4763 datur,
3353 4700 3564 4754 allectiv
3595 4703 3852 4769 concupi-

2177 4824 2230 4883 D
2257 4842 2363 4894 que
2383 4825 2658 4880 Scholium
2675 4832 3022 4886 continebant
3041 4853 3051 4887 :
3072 4835 3194 4890 inde
3225 4835 3359 4890 libro
3391 4851 3584 4891 nomen
3609 4836 3851 4890 Scltoiia.

2331 4909 2352 4972 ξ
2387 4899 2440 4950 ltl
2465 4898 2652 4972 Graeco
2679 4907 3090 4972 συναισθὰνξται,
3120 4907 3274 4961 simul
3303 4909 3472 4962 sentit.

2325 4966 2348 5004 (⁸
2380 4972 2447 5048 ξζό
2477 4978 2567 5028 τῆς
2598 4971 2805 5048 ᾇρέξεως
2837 4966 3187 5048 ᾀττοτέλεσίμα.

2324 5050 2346 5076 υ
2377 5037 2561 5094 ϐινιυεη
2613 5037 2766 5111 longe
2818 5047 2960 5099 aliud
2988 5037 3181 5101 sonant
3215 5066 3228 5100 :
3277 5044 3385 5102 Κᾶν
3429 5051 3473 5103 εἰ
3500 5049 3854 5112 κκταξαίνοιπ

2251 5112 2500 5193 {exorto
2524 5120 2699 5184 σῶμα,
2732 5119 2816 5170 καὶ
2847 5116 3039 5193 σιδήρῳ
3068 5121 3436 5193 καταξςαίνοιτο,
3472 5121 3719 5190 συναλγεῖ
3740 5124 3849 5188 μέν.

2255 5179 2504 5261 ὡςίῖίδὶου
2551 5179 2847 5261 πᾶσίχοντος
2889 5179 3149 5259 σὼἶαᾶτος.
3208 5179 3271 5242 Et
3303 5191 3346 5261 si
3376 5179 3508 5258 forte
3531 5179 3718 5261 corpus
3738 5179 3855 5258 per-

2257 5255 2484 5304 cutiatur
2527 5271 2588 5307 ac
2626 5257 2777 5323 .[erro
2817 5255 3091 5326 laceretur,
3145 5255 3385 5314 condolet
3411 5255 3632 5328 quidem;
3667 5255 3858 5328 quippe

2259 5340 2554 5400 cumsuam
2576 5343 2768 5400 corpus
2799 5331 3043 5398 petimur.
3085 5331 3281 5385 Vitiosa
3340 5332 3715 5400 interpretatio
3751 5331 3857 5383 Fat-

2261 5394 2493 5446 cundqu
2537 5397 2653 5464 ejus
2705 5394 2939 5468 vestigiis
2989 5402 3280 5457 hazrcutem
3337 5394 3698 5458 transversum
3729 5418 3854 5455 mox

2263 5475 2404 5532 aget.

2335 5664 2352 5693 ³
2384 5663 2523 5721 idem
2554 5669 2701 5737 cod.,
2729 5671 2782 5723 id
2810 5679 2883 5724 est
2913 5679 3133 5727 terrena.
