4094 6474
1806 258 1957 276 """..1.-

327 381 430 433 817

1199 385 1332 441 PRO
1367 385 1788 445 DEFENSIONE
1827 387 2039 444 TRIUM
2076 388 2391 444 CAPITITL.
2429 387 2553 442 LIB.
2600 387 2712 442 Xl-

3465 381 3568 434 823‘

320 495 426 547 seit‘
445 493 698 550 adversus
726 498 1012 552 carnalem.
1049 498 1249 553 Deinde
1277 515 1380 568 qua
1421 501 1625 555 ratione
1655 500 1850 554 dicitur
1873 501 1888 530 '
1919 503 1966 561 Α
1996 501 2260 568 crederet,
2307 501 2448 570 quod
2485 498 2770 568 aliquando
2820 511 2916 551 nec
2939 495 3035 565 ipsi
3067 494 3290 564 apostoli
3321 491 3565 547 credide-

321 585 438 652 quia
465 599 584 639 cum
624 600 653 638 a
702 601 926 656 corpore
966 603 1062 643 suo
1109 589 1425 659 deprimitur
1468 599 1557 644 aut
1598 597 1889 659 torquetur,

279 675 568 732 -condolet
620 677 833 746 quidem
881 680 1019 747 quod
1065 695 1219 735 suum
1268 695 1462 750 corpus
1513 680 1728 747 patitur,
1782 679 1894 746 ipsa

321 783 448 821 vero
470 767 522 820 in
557 781 652 822 sua
691 775 879 822 natura
929 768 1132 823 nullum
1163 770 1358 838 patitur
1397 769 1613 822 omnino
1661 776 1894 820 tormen-

323 857 477 909 tum?
507 856 563 910 Si
611 855 752 910 enim
789 858 988 912 nullutn
1025 861 1219 925 patitur
1274 859 1493 911 omnino
1550 863 1891 920 tormentum,

321 947 587 1016 quomodo
607 963 636 1000 a
658 962 880 1018 corpore
903 965 996 1001 suo
1030 949 1451 1016 torqueturlaut
1483 947 1750 1013 quomodo
1773 946 1890 1001 sine

322 1054 417 1092 suo
451 1049 715 1093 tormento
759 1040 1025 1104 condolet,
1059 1056 1178 1094 cum
1231 1055 1392 1094 neruo
1441 1040 1743 1101 condoleat,
1785 1039 1895 1092 nisi

323 1131 409 1198 qui
460 1130 672 1185 doleat?
704 1146 770 1184 an
804 1141 1080 1200 torquetur
1119 1131 1332 1199 quidem
1379 1141 1431 1186 et
1461 1132 1629 1195 dolet,
1658 1131 1749 1185 sed
1789 1146 1894 1184 non

322 1237 414 1274 sua
447 1220 668 1275 natura?
716 1221 780 1275 Et
825 1222 946 1290 quid
981 1221 1244 1275 imenitur
1285 1222 1335 1274 in
1368 1221 1546 1286 rebus,
1577 1221 1716 1288 quod
1747 1230 1897 1274 extra

323 1326 473 1364 Suam
505 1322 744 1364 naturam
777 1319 1105 1380 torqueatur,
1138 1320 1193 1365 ut
1218 1312 1434 1366 doleat?
1456 1312 1512 1366 ln
1539 1320 1740 1365 tantum
1769 1326 1898 1366 vero

323 1407 516 1454 anima:
545 1409 735 1455 natura
765 1416 868 1454 non
893 1411 976 1456 est
1014 1403 1348 1469 passiouibus
1377 1407 1393 1426 ‘
1424 1403 1617 1468 aliena,
1651 1413 1704 1455 ut
1733 1402 1898 1457 multa

326 1493 483 1546 etiam
540 1507 683 1560 smpe
730 1501 1014 1557 tormenta,
1065 1493 1147 1547 vel
1201 1497 1243 1547 si
1279 1508 1372 1560 pro
1402 1507 1498 1546 suo
1523 1506 1766 1559 corpore,
1791 1508 1896 1546 non

326 1592 502 1638 tamen
550 1599 578 1636 a
627 1597 730 1638 suo
758 1598 980 1651 corpore
1017 1583 1264 1652 patiatur,
1317 1582 1366 1636 id
1397 1591 1478 1638 est
1507 1581 1894 1645 sollicitudinis,

327 1685 516 1741 metus,
553 1677 800 1741 tristitiae,
833 1677 996 1742 taedii,
1021 1677 1120 1731 zeli
1149 1686 1202 1731 et
1229 1685 1564 1731 caeterorum.
1593 1675 1764 1744 Super
1785 1675 1898 1730 hinc

324 1778 500 1821 autem
554 1776 609 1822 ct
655 1767 741 1822 ille
783 1769 929 1822 dives
980 1768 1066 1837 qui
1100 1783 1202 1821 non
1235 1775 1317 1821 est
1345 1767 1591 1821 misertus
1618 1767 1893 1833 Eleazaro,

1997 605 2136 660 runt,
2155 611 2308 664 quam
2334 595 2540 648 util’um
2558 608 2708 667 quem
2724 592 3104 659 sempiternum
3127 587 3353 643 credidit
3376 586 3561 646 Deum,

1999 686 2186 739 timore
2218 687 2519 753 passionum
2549 683 2792 737 crederet
2821 682 2886 735 ab
2913 680 3146 735 elatione
3170 690 3558 745 compressum.

1998 772 2198 828 Rursus
2221 783 2392 827 autem
2422 773 2606 843 eodem
2631 773 2786 837 libro,
2817 770 2965 826 titulo
2984 769 3222 832 "dcc-imo,
3253 764 3382 834 quid
3408 763 3564 819 dixe-

1999 865 2096 929 rit,
2133 866 2216 919 vel
2273 864 2400 934 quid
2454 863 2621 932 prima
2652 865 2824 917 fronte
2865 862 3010 915 solus
3051 861 3164 924 ipse
3215 857 3396 911 titulus
3429 871 3561 924 prae;

2001 956 2156 1022 ferat,
2215 955 2574 1010 advertamus.
2616 955 2746 1008 Nam
2791 954 2894 1007 hoc
2934 953 2986 1005 in
3015 951 3104 1005 illo
3142 965 3199 1004 se
3227 959 3565 1003 ostensurum

2000 1062 2119 1102 esse
2163 1047 2406 1116 promisit
2452 1047 2638 1100 dicens
2669 1064 2682 1098 :
2711 1044 2859 1110 Quod
2903 1053 2956 1098 et
3001 1044 3231 1097 adunato
3262 1039 3367 1093 Deo
3395 1038 3569 1092 Verbo

1999 1154 2141 1193 verte
2166 1139 2498 1204 humanitati,
2531 1134 2823 1190 inconfusus
2851 1143 3026 1188 tamen
3058 1130 3413 1186 subsistentim
3437 1143 3560 1197 per-

2002 1239 2341 1293 manseruut;
2369 1239 2526 1295 utque
2549 1227 2651 1281 hoc
2672 1225 2917 1295 probaret
2943 1222 3170 1292 subjecit
3198 1221 3297 1275 ista
3322 1237 3334 1272 :
3365 1239 3382 1270 ι
3407 1220 3568 1272 Erec-

2003 1330 2110 1374 tum
2139 1331 2220 1375 est
2248 1318 2538 1374 secundum
2588 1317 2681 1371 Dei
2705 1317 3028 1370 voluntatem
3056 1321 3295 1368 sanctum
3326 1309 3570 1364 taberna-

2001 1413 2177 1466 culum
2226 1427 2320 1480 per
2345 1411 2639 1475 desertum,
2685 1420 2738 1465 et
2777 1411 2827 1463 in
2856 1423 2922 1463 eo
2948 1407 3126 1462 multis
3173 1402 3348 1458 modis
3377 1401 3569 1455 forma-

2001 1505 2156 1559 batur
2179 1501 2511 1558 Emmanuel.
2548 1523 2566 1554 ›
2605 1502 2670 1556 Ει
2699 1509 2818 1570 post
2847 1501 2991 1554 a'ia:
3029 1517 3046 1549 ι
3085 1494 3236 1564 Quod
3263 1502 3438 1547 autem
3480 1506 3572 1542 na-

2002 1604 2132 1663 turae
2163 1595 2275 1649 sive
2310 1593 2665 1649 subsistentia
2698 1600 2724 1628 ιι
2751 1590 3039 1645 inconfusus
3083 1585 3394 1649 manserint,
3450 1581 3572 1634 hinc.

2001 1684 2218 1738 scimus.
2262 1683 2465 1738 Aurum
2516 1682 2656 1737 enim
2701 1679 3091 1748 superpositum
3123 1677 3262 1744 ligno
3300 1671 3494 1726 mansit
3521 1669 3572 1724 id

2002 1777 2144 1844 quod
2174 1786 2320 1840 erat;
2349 1784 2403 1830 et
2429 1774 2721 1829 ornabatur
2748 1773 2958 1842 quidem
2987 1772 3182 1840 lignum
3212 1769 3328 1822 auri
3357 1767 3567 1829 decore,

328 1860 376 1910 in
408 1858 614 1912 interno
645 1859 758 1912 sine
781 1872 1003 1926 corpore
1032 1873 1129 1913 suo
1157 1867 1452 1927 torquetur.
1485 1843 1590 1912 Sed
1619 1857 1699 1911 his
1731 1859 1890 1912 omis-
1928 1861 1975 1921 B
2004 1843 2180 1920 tamen
2238 1868 2435 1934 lignum
2489 1881 2609 1921 esse
2630 1880 2734 1920 non
2781 1865 2959 1919 desiit.
3008 1861 3160 1927 Quod
3188 1873 3316 1915 vero
3366 1871 3486 1911 arca
3519 1857 3570 1909 in

325 1948 418 2013 sis,
455 1947 580 2002 illud
621 1949 788 2017 magis
818 1949 1157 2005 considerare
1185 1950 1325 2012 volo,
1354 1960 1605 2017 quantam
1637 1949 1889 2004 invidiam

330 2040 534 2109 synodo
581 2039 998 2095 Chalcedonensi
1052 2041 1306 2108 Acephali
1363 2049 1804 2106 commoverunt,
1852 2043 1898 2096 si

325 2130 634 2184 Theodorus
655 2130 762 2185 disi
793 2142 869 2185 set
899 2131 1106 2199 :Super
1128 2131 1241 2184 haec
1255 2145 1465 2201 quoque
1503 2131 1726 2185 dicimus
1769 2132 1897 2186 adu-

326 2223 612 2288 nationem,
641 2224 665 2254 ²
686 2237 802 2292 qua:
827 2231 907 2277 est
939 2223 990 2276 in
1022 2222 1331 2277 Emmanuel
1372 2223 1504 2277 facta
1541 2239 1554 2274 :
1597 2229 1716 2276 erat
1759 2224 1898 2276 enim

326 2326 543 2368 necesse
565 2328 683 2366 cum
709 2329 804 2366 suo
825 2328 956 2383 corp
975 2328 1050 2372 ire
1069 2312 1350 2367 adunatam
1367 2313 1416 2368 ei
1439 2314 1675 2368 animam
1687 2313 1892 2379 dolere,

326 2416 382 2459 ut
433 2404 667 2459 timendo
722 2407 992 2473 pars'ones
1046 2405 1307 2461 subditam
1339 2408 1600 2460 cervicem
1634 2405 1743 2459 Deo
1768 2408 1894 2460 sub-

326 2498 593 2551 mitteret?
625 2497 746 2552 llaee
774 2512 898 2565 ergo
937 2497 977 2549 si
1010 2496 1321 2551 Theodorus
1349 2497 1588 2562 dixisset,
1620 2497 1896 2564 quomodo

284 2594 286 2597 ’
326 2592 683 2644 exclamarent
732 2604 851 2642 cum
885 2588 1111 2641 ruaxima
1135 2587 1330 2642 invidia
1359 2597 1411 2643 et
1430 2589 1787 2643 detestatione
1811 2587 1891 2641 di-

326 2688 504 2734 centes
536 2698 546 2731 :
576 2679 652 2732 En
703 2679 853 2746 cujus
883 2677 1063 2732 laudes
1101 2679 1463 2732 continentem
1493 2679 1770 2747 epistolam
1807 2695 1899 2750 sy-

330 2770 500 2825 nodus
551 2769 998 2825 Chalcedonensis
1029 2771 1387 2838 pronuntiavit
1412 2771 1786 2838 orthodoxam,
1813 2776 1901 2842 qui

330 2864 380 2914 in
416 2868 615 2913 tantum
647 2877 750 2915 non
782 2861 942 2916 Demn
973 2872 1027 2916 et
1053 2863 1144 2916 Dei
1170 2861 1359 2916 Filium
1381 2863 1610 2918 credidit
1631 2863 1901 2919 Christum

330 2960 386 3005 ut
415 2949 743 3006 existimaret
781 2967 883 3006 non
928 2968 1021 3021 pro
1050 2970 1096 3006 ιιι
1119 2954 1244 3008 stris
1288 2954 1561 3009 doloribus
1594 2956 1902 3012 auferendis

329 3045 481 3113 cujus
535 3046 750 3101 vu‘nere
804 3048 971 3100 san..ti
1016 3062 1221 3117 sumus,
1252 3047 1343 3102 sed
1374 3049 1471 3117 ipsi
1511 3049 1686 3118 porius
1715 3065 1903 3105 neces-

330 3137 527 3190 sarium
559 3137 722 3191 fuisse
763 3138 900 3204 quod
932 3137 1121 3203 doluit,
1155 3149 1211 3191 ut
1244 3139 1315 3192 tiu
1341 3155 1434 3194 ore
1466 3141 1766 3208 passionum
1798 3156 1905 3195 non

1999 1957 2194 2012 Christi
2225 1957 2516 2024 accipiatur
2557 1958 2804 2025 imagine,
2851 1954 3085 2022 pluribus
3115 1951 3280 2019 possit
3310 1947 3573 2018 probatio-

2001 2048 2158 2100 nibus
2205 2046 2485 2102 declarari.
2524 2065 2542 2098 ι
2577 2045 2889 2100 Consideret
2929 2057 3055 2111 ergo
3098 2043 3262 2096 lector
3309 2036 3591 2108 quomodo

1999 2145 2270 2190 asseratur
2293 2128 2431 2204 quod
2461 2137 2511 2190 in
2534 2133 2751 2190 Christo
2773 2133 2974 2188 naturis
3004 2130 3280 2184 iuconl‘use
3310 2134 3571 2180 manenti-

2001 2226 2097 2280 bus
2128 2225 2480 2280 subsistentia:
2509 2239 2720 2294 quoque
2776 2229 3214 2292 permanserunt,
3270 2233 3387 2286 quae
3441 2230 3575 2268 nun-

2001 2331 2156 2384 quam
2207 2317 2419 2371 fuerunt
2446 2332 2458 2368 :
2484 2315 2732 2383 quoniam
2757 2327 2966 2379 semper
2999 2310 3064 2364 ad
3098 2310 3188 2364 Dei
3218 2307 3372 2361 Verbi
3403 2307 3575 2359 subsi-

2001 2409 2249 2462 stentiam
2280 2406 2576 2460 humanitas
2631 2404 2717 2458 illa
2771 2400 3042 2477 pertinuit,
3077 2410 3449 2465 nunquamque
3476 2393 3573 2446 sibi

2004 2499 2144 2554 velut
2173 2499 2222 2551 in
2266 2501 2476 2567 propria
2511 2510 2733 2564 persona
2775 2492 3016 2548 subsistit
3051 2489 3073 2522 ⁸
3096 2489 3413 2543 assumentis
3442 2487 3572 2539 sub-

2003 2591 2299 2645 sistentiam
2331 2599 2502 2652 nacta,
2534 2597 2588 2642 et
2636 2587 2686 2640 in
2719 2585 2859 2640 illam
2892 2581 3156 2637 nascendo
3178 2579 3461 2642 transiens,
3493 2577 3573 2629 νει

2007 2682 2325 2736 transeundo
2367 2695 2611 2744 nascens,
2669 2677 2753 2733 cui
2814 2691 2974 2732 causa
3022 2673 3248 2735 orieudi,
3298 2679 3574 2737 totumque

2005 2772 2144 2839 quod
2159 2783 2268 2824 orta
2285 2780 2387 2837 est,
2408 2771 2516 2840 ipsa
2539 2769 2636 2823 fuit
2655 2768 2961 2835 asSumptio.
2984 2765 3218 2830 Itemque
3237 2761 3300 2814 ad
3325 2759 3572 2813 Acacium

2007 2862 2391 2916 Mclitinensem
2417 2859 2445 2897 δ
2476 2877 2488 2926 ;
2520 2877 2537 2910 ι
2575 2857 2692 2924 Quo
2717 2865 2890 2910 autem
2923 2853 3099 2918 modo,
3125 2852 3311 2920 inquit,
3337 2850 3576 2902 incarna-

2010 2962 2095 3008 tus
2136 2962 2188 3006 et
2223 2956 2381 3004 homo
2427 2949 2595 3004 factus
2619 2961 2701 3002 e5t
2724 2948 2767 3001 si
2790 2947 2907 3016 quis
2938 2949 3317 3013 perscrutetur,
3349 2948 3574 2992 contem-

2012 3044 2236 3113 plabitur
2257 3060 2320 3098 ex
2350 3043 2459 3097 Deo
2483 3041 2650 3095 Deum
2674 3039 2922 3102 Verbum,
2948 3046 3003 3092 et
3023 3035 3159 3090 servi
3189 3034 3409 3089 fortnam
3434 3046 3576 3085 suin-

2012 3138 2206 3207 psisse,
2250 3144 2301 3189 et
2325 3135 2378 3188 in
2407 3130 2806 3186 similitudinem
2840 3129 3110 3181 hominum
3144 3125 3358 3187 factum,
3387 3136 3578 3176 sceno-

332 3229 671 3297 snperbiret,
727 3229 820 3283 sed
883 3229 1143 3283 subditam
1199 3232 1462 3286 cervicem
1523 3235 1631 3287 Deo
1684 3234 1980 3303 submit-c
2013 3232 2135 3284 dum
2182 3226 2321 3296 quod
2369 3224 2626 3292 scriptum
2669 3231 2781 3286 est;
2827 3229 2880 3274 et
2923 3217 3214 3272 secundum
3270 3215 3369 3269 hoc
3407 3213 3578 3266 solum

334 3331 497 3375 teret.
547 3321 656 3375 lloc
709 3337 915 3391 quoque
971 3323 1245 3386 dicerent,
1319 3325 1440 3393 quia
1509 3341 1605 3381 nec
1660 3327 1911 3396 perfectas

333 3413 522 3464 saltem
576 3412 784 3466 virtutis
829 3413 1097 3467 hOmincm
1142 3415 1368 3469 credidit
1405 3416 1696 3487 Christum,
1751 3434 1909 3488 quem

337 3499 540 3567 putavit
567 3499 632 3553 ab
675 3499 902 3556 elatione
948 3503 1316 3569 temporalium
1361 3504 1666 3573 passionum
1717 3508 1910 3565 timore

334 3591 625 3658 compesci,
665 3591 856 3660 quibus
891 3591 1058 3647 virtus
1094 3597 1330 3649 exerceri
1361 3596 1515 3650 solet.
1551 3598 1681 3651 Nam
1722 3599 1768 3652 si
1799 3600 1899 3654 im-

335 3682 554 3750 perfecti
602 3693 723 3736 sunt
771 3683 860 3754 qui
888 3693 1032 3740 metu
1060 3695 1373 3741 coercentur
1421 3691 1604 3744 aeterni
1638 3693 1907 3761 supplicii,

335 3773 578 3843 apostolo
631 3774 834 3829 Jonne
883 3775 950 3830 de
989 3776 1177 3830 talibue
1228 3793 1437 3847 quoque
1467 3780 1702 3848 dicente,
1737 3782 1913 3838 Timor

334 3881 434 3917 non
457 3873 528 3916 est
559 3864 610 3917 in
633 3863 895 3932 charitate,
923 3868 1010 3920 sed
1035 3867 1254 3923 Charitas
1280 3870 1300 3900 ³
1324 3871 1462 3938 [om
1491 3873 1638 3926 mittit
1660 3874 1907 3944 timorem,

334 3958 572 4023 quoniam
614 3959 765 4011 timor
803 3976 997 4029 poenam
1019 3960 1204 4026 habet;
1242 3964 1328 4031 qui
1358 3975 1524 4020 autem
1552 3968 1688 4020 timet
1715 3984 1813 4022 non
1841 3981 1914 4024 est

333 4049 585 4118 perfectus
605 4053 654 4101 in
678 4051 926 4105 charitule
958 4051 1009 4122 (l
1033 4053 1188 4108 lauri.
1221 4072 1293 4120 tv,
1323 4058 1631 4127 18):nedum
1659 4061 1756 4126 illi,
1781 4078 1914 4131 quos

335 4150 539 4204 praesen
566 4137 672 4192 ium
727 4139 1085 4194 molestiarum
1140 4144 1300 4197 timor
1329 4147 1565 4200 retrahet
1591 4164 1618 4201 a
1647 4153 1906 4216 peccatis.

339 4229 494 4294 Quod
526 4231 567 4282 si
641 4231 918 4300 quisquam
972 4233 1227 4288 adversus
1282 4237 1416 4290 tales
1455 4237 1912 4307 Eutychianorum

340 4322 610 4389 querelas,
630 4320 734 4373 alia
756 4320 995 4390 ejusdem
1018 4322 1145 4377 Ther
1168 4324 1282 4378 dori
1301 4325 1367 4379 de
1383 4326 1572 4395 quibus
1598 4331 1912 4397 paucissima

337 4413 582 4478 superius
612 4415 1046 4480 memoravimus,
1087 4416 1282 4484 scripta
1332 4415 1599 4486 proferret
1637 4419 1688 4473 in
1720 4427 1912 4490 qubus

335 4507 604 4560 Christum
639 4505 916 4561 confessus
945 4515 1028 4560 est
1071 4515 1194 4562 ante
1222 4510 1413 4564 saecula
1449 4513 1762 4567 naturaliter
1789 4529 1911 4568 esse

2014 3319 2435 3377 eousiderabitur
2456 3325 2763 3371 naturarum
2799 3327 2892 3368 seu
2941 3309 3401 3365 subsistentiaruut
3431 3303 3578 3359 dit‘le.

2015 3415 2203 3468 rentia.
2265 3411 2361 3465 llic
2402 3422 2633 3478 quoque,
2673 3405 2808 3460 sicut
2858 3404 3080 3458 duarum
3134 3409 3461 3460 naturarum,
3507 3397 3580 3448 sic

2015 3506 2172 3559 etiam
2229 3499 2691 3556 subsistentiarum
2719 3493 3159 3550 considerandam
3188 3505 3306 3544 esse
3333 3486 3581 3543 (haeren-

2018 3598 2140 3650 tiam
2173 3595 2348 3647 docet.
2383 3610 2402 3644 ι
2437 3589 2642 3643 Rursus
2672 3588 3025 3652 interpretans
3058 3581 3345 3650 Epistulam
3379 3578 3446 3632 ad
3479 3579 3581 3630 llr-

2018 3690 2186 3740 braeos
2212 3683 2340 3738 dicit
2369 3682 2461 3736 lib.
2486 3695 2522 3734 tl
2553 3679 2575 3711 ⁸
2605 3697 2618 3732 z
2657 3696 2674 3729 ι
2713 3677 2843 3730 Cum
2874 3673 3166 3728 dixerimus
3186 3671 3323 3738 quia
3357 3669 3583 3721 Verbum

2017 3792 2141 3831 caro
2165 3776 2361 3829 factum
2387 3781 2488 3837 est,
2507 3769 2653 3825 carni
2671 3765 3082 3822 communicavit
3099 3761 3388 3816 secundum
3413 3757 3582 3812 subsi-

2017 3874 2263 3926 stentiam
2288 3866 2640 3930 inell'ubiliter,
2665 3871 2719 3918 et
2737 3860 3004 3932 quomodo
3027 3873 3124 3912 nec
3146 3855 3365 3923 intelligi
3391 3861 3580 3922 potest.

2019 3963 2170 4018 Tunc
2192 3960 2408 4026 etenim,
2433 3969 2558 4014 tunc
2578 3968 2631 4012 et
2653 3950 3061 4024 uniuscujusque
3083 3949 3583 4013 subsistentitetper-

2020 4070 2148 4108 sona
2204 4052 2472 4106 intellectu
2516 4054 2761 4115 suscepta
2801 4046 2958 4100 simul
2999 4041 3266 4098 concurrit
3295 4039 3494 4093 naturis
3521 4037 3584 4091 ad

2020 4145 2294 4199 unitatem.
2327 4162 2345 4196 ι
2403 4143 2532 4207 Quis
2563 4141 2736 4195 sciens
2771 4137 3023 4208 Cyrillum
3073 4133 3392 4204 prmdicasse
3445 4129 3585 4198 quod

2021 4239 2090 4289 ita
2123 4236 2258 4289 Deus
2295 4235 2521 4288 Verbum
2562 4232 2706 4287 carni
2735 4226 3157 4292 communicavit,
3187 4233 3252 4278 ut-
3289 4223 3341 4277 in
3379 4235 3445 4276 eo
3469 4235 3584 4288 my-

2019 4328 2182 4381 sterio
2212 4339 2316 4380 non
2345 4325 2514 4377 solum
2558 4324 2674 4376 dum
2703 4329 2904 4373 naturte
2936 4318 3000 4372 ad
3023 4316 3274 4372 unitatem
3303 4325 3584 4367 concurre-

2021 4429 2155 4483 rent,
2185 4417 2276 4471 sed
2299 4420 2454 4472 etiam
2484 4416 2604 4471 duae
2633 4411 2985 4479 subsistentia:
3015 4420 3168 4478 atque
3196 4421 3454 4476 persona',
3485 4418 3587 4457 non

2021 4511 2237 4563 miretur
2264 4524 2382 4561 eum
2431 4507 2573 4561 audit
2602 4503 2740 4572 quod
2769 4502 2986 4558 Diodori
3014 4516 3075 4555 ac
3101 4499 3368 4554 Theodori
3393 4497 3586 4564 scripta

341 4596 531 4659 Deum,
577 4605 631 4649 et
659 4597 892 4665 gignenti
923 4597 1064 4651 Patri
1093 4613 1303 4666 semper
1325 4599 1610 4667 aequalem;
1645 4602 1719 4656 illi
1747 4605 1913 4671 proti-
1944 4626 1996 4685 ι)
2021 4603 2170 4672 quasi
2204 4601 2515 4655 Nestoriana
2564 4597 2881 4665 culpaverit,
2930 4604 2983 4650 et
3013 4608 3114 4648 non
3158 4594 3329 4661 potius
3358 4592 3586 4647 imitator

337 4700 438 4737 nus
458 4693 640 4738 contra
660 4684 918 4739 referrent
935 4686 1247 4741 acdicerent
1267 4705 1282 4742 :
1299 4687 1653 4744 Tolerabilius
1670 4691 1836 4745 fuerat
1857 4706 1912 4746 ut

337 4776 610 4829 Christqu
635 4783 819 4829 natura
855 4777 1016 4830 Deum
1043 4789 1096 4832 et
1125 4779 1264 4832 Patri
1297 4793 1506 4846 semper
1527 4782 1784 4850 aequalem
1808 4799 1913 4838 non

409 4927 432 4953 τι
461 4917 643 4970 ϐι’;ϊο;ι
677 4927 802 4970 sunt
831 4918 1274 4993 :uptnlLenntium
1305 4921 1394 4974 lib.
1429 4937 1442 4974 ι
1479 4939 1492 4973 :
1519 4919 1634 4993 Ὅτι
1656 4920 1708 4976 δέ
1747 4925 1909 4993 ἀσύγ-

333 5005 484 5061 χυ-ςοι
511 4993 846 5061 μεμενήκασιν
870 4989 920 5041 αἱ
936 4991 1133 5058 φύσεις,
1154 4990 1306 5061 ἤγουν
1321 4991 1664 5061 ὑποστάσεις,
1691 4989 1908 5046 ἐνταῦθὶν

332 5059 590 5131 εἴσόμεθω
615 5060 669 5131 re
701 5063 803 5131 γάρ
826 5079 905 5111 τοι
949 5059 1609 5131 χρυσίοινὲπαληλιμμὲνον
1656 5069 1727 5130 τῷ
1779 5063 1909 5129 ξύλῳ

332 5129 596 5203 μεμένηκεν
627 5127 851 5203 ὃπέρ-ίῆν·
878 5127 960 5203 rei
977 5127 1313 5203 ίκαῖεπλορτει
1336 5127 1498 5203 μένντζὸ
1530 5131 1674 5203 ξύλον
1693 5127 1798 5203 ἕως
1819 5127 1906 5185 τοῦ

335 5196 559 5269 χρυσίου
581 5204 670 5257 τὴν
693 5196 1009 5269 δῦξανῆπλήη
1029 5199 1113 5250 οὐκ
1138 5198 1337 5256 ἀπέστη
1361 5201 1417 5253 τὸ
1439 5196 1559 5253 εἶναι
1586 5201 1749 5263 ξύλον.
1775 5200 1912 5253 Duas

352 5266 646 5336 ij-‘postases
670 5270 719 5320 in
746 5268 958 5320 Christo
980 5266 1110 5320 duas
1137 5269 1506 5321 subsistentias
1535 5269 1719 5322 dicere
1748 5271 1790 5322 si
1820 5283 1912 5321 νυ-

329 5337 430 5392 luit
454 5337 707 5406 Cyrillus,
733 5339 921 5390 merito
949 5338 1372 5402 reprehenditur.
1404 5340 1507 5392 Sed
1535 5339 1657 5406 quid
1682 5339 1909 5392 alienius

329 5423 358 5460 a
393 5407 640 5473 dogmate
685 5408 908 5478 Cyrilli?
938 5407 1260 5478 llypostases
1291 5423 1419 5478 ergo
1453 5408 1626 5472 posuit
1656 5410 1755 5460 hoe
1786 5410 1903 5461 loco

331 5494 427 5546 pro
454 5476 787 5542 substantiis,
826 5476 1100 5530 Athanasii
1149 5477 1396 5546 exemplo
1419 5487 1473 5533 et
1503 5478 1898 5534 Alexandrino-

404 5612 417 5642 ¹
446 5609 582 5664 Cod.
619 5611 838 5671 Veron.,
865 5611 1032 5662 anima
1060 5611 1264 5664 dicitur.

399 5683 418 5711 ²
451 5681 592 5734 Idem
623 5681 763 5739 cod..
801 5695 908 5733 esse
934 5681 1314 5733 adunatiouem.

399 5751 418 5780 ³
441 5750 585 5804 Ideni
615 5751 758 5813 cod.,
779 5751 1003 5817 perfecta
1032 5751 1272 5807 (Iun-itus.
1302 5751 1373 5804 ltzt
1402 5753 1556 5806 etiam
1586 5752 1638 5806 in
1673 5753 1899 5823 vulgata;

399 5863 422 5893 "
455 5860 634 5924 Furti;
667 5877 697 5912 τι
721 5859 1057 5932 ριιδείθηὶὁιιδ.

2019 4695 2098 4748 sui
2129 4693 2426 4747 decessoris
2455 4689 2746 4752 Athanasii,
2769 4689 2963 4754 scripta
2988 4685 3224 4737 omnium
3254 4684 3306 4736 in
3331 4696 3456 4746 pace
3490 4681 3588 4734 lic—

2017 4785 2193 4838 clesiu:
2222 4783 2607 4851 quiescentium
2659 4778 2920 4833 studuerit
2950 4773 3246 4829 excusare?
3277 4771 3375 4837 Qui
3406 4779 3586 4839 postea

2015 4940 2126 4974 rum
2155 4936 2301 4974 more
2331 4921 2522 4989 dequo
2551 4918 2746 4971 dictum
2775 4926 2852 4969 est
2879 4912 3264 4990 lib._v.t.rQuare
3285 4909 3595 4990 substruitur

2015 4993 2239 5046 reddere
2268 4978 2448 5045 debuil
2475 4991 2756 5053 interpres,
2781 4999 2883 5038 non
2902 4979 3272 5057 stt-bsisleutt'tts.
3293 4978 3438 5057 Digiti
3463 4993 3588 5057 vero

2013 5073 2063 5112 et
2095 5065 2207 5114 auri
2239 5059 2564 5129 comparatio
2583 5046 2684 5128 qua
2707 5046 2889 5118 utitur,
2914 5053 3095 5120 disiiar
3116 5064 3176 5103 ac
3192 5046 3468 5101 dissimilis
3490 5046 3586 5099 hac

2015 5149 2066 5184 tu
2098 5143 2266 5184 parte.

2090 5147 2297 5253 Bargiliia
2329 5210 2407 5251 est
2435 5199 2620 5252 Graece
2663 5212 2724 5250 ac
2758 5195 2940 5249 Latine
2990 5188 3176 5259 Cyrilli
3221 5185 3586 5266 ad__Aeacittnt

2017 5270 2237 5331 epistola
2273 5277 2390 5330 post
2419 5269 2679 5336 synodum
2713 5255 3050 5338 Epltesirmtn_'
3078 5275 3219 5338 Itlllll:
3257 5259 3346 5321 55,
3377 5255 3466 5310 ubi
3491 5265 3587 5338 toil!

2013 5327 2241 5410 φῦσεων,
2264 5327 2418 5410 ’ἷῖγουν
2449 5327 2797 5410 ’ὑποστάσενίγ
2827 5334 3044 5406 διαφορά
3085 5328 3304 5394 rectius,
3335 5327 3587 5410 quemad-

2013 5397 2586 5468 ἰιιυάιιιιίαιῖῑοειιειηιιιε,
2609 5407 2889 5472 exponitur
2916 5397 3213 5454 finitimi-um
3243 5413 3329 5452 seu
3355 5397 3590 5451 subﬂauo

2015 5482 2220 5542 tiaram,
2251 5493 2407 5547 quam
2439 5487 2492 5531 ut
2523 5478 2621 5530 hoc
2646 5476 2760 5530 loco
2784 5474 3257 5527 subsistenliurum.

2086 5609 2105 5639 ⁸
2139 5610 2276 5664 idem
2306 5613 2449 5679 C0d.,
2483 5607 2780 5661 aestimanti:
2809 5606 3144 5660 subsistenlire
3173 5611 3315 5657 nam.

2087 5683 2104 5711 ⁸
2134 5681 2271 5733 l-lem
2304 5679 2446 5746 cod.,
2486 5681 2612 5733 libro
2640 5681 2804 5732 tertio.
