4094 6464
464 332 575 389 αις

1572 323 1873 381 FACUNDI
1908 317 2122 377 EPISC.
2169 317 2674 375 llEﬂMiANENSlS

3656 319 3764 377 8‘20

464 449 525 500 in
557 445 744 500 eodem
791 459 952 514 opere
998 443 1131 498 libro
1161 448 1384 513 q'tarto;
1424 460 1442 493 ι
1481 441 1646 512 Ergo,
1678 443 1868 510 inquit,
1899 438 2057 494 reflo-
2085 438 2136 497 A
2167 437 2540 496 Assuefaciens
2607 439 2672 492 ad
2747 439 2907 492 vitam
2962 436 3252 506 spiritalem
3311 437 3584 506 proprium
3647 439 3762 506 jam

462 537 572 591 ruit
620 543 674 590 et
701 533 842 590 velut
889 541 1104 588 renatn;
1158 540 1262 594 est,
1297 533 1448 602 quai
1482 547 1544 588 ex
1583 532 1764 587 radice
1794 530 2055 596 secunda,

459 627 698 681 omnium
747 635 987 678 nostrum
1021 624 1306 678 salvatoris
1332 621 1536 679 Christi
1570 623 1752 689 homo,
1787 621 1852 677 ad
1887 622 2060 677 incor-

465 717 770 787 ruptionem
800 725 853 770 et
877 716 1214 786 antiquarum
1238 731 1367 771 caus
1386 732 1520 770 trum
1549 717 1804 771 virtutem
1839 730 1933 784 per
1959 729 2062 768 sre-

464 809 582 863 cula
623 822 680 862 se
712 805 858 862 vicit.
898 825 918 858 ι
948 806 1005 860 Si
1027 807 1342 861 calumniari
1376 807 1525 872 libet,
1548 806 1834 874 obiiciatur
1856 813 1910 859 et
1932 805 2054 859 isti:

465 909 714 965 tanquam
734 896 896 950 alium
912 896 1233 950 salvatorem
1255 896 1548 963 Christum,
1575 905 1626 952 et
1643 897 1800 950 alium
1821 894 2064 950 credide-

469 988 537 1041 rit
560 986 830 1042 hominem
858 986 1030 1057 ipsius
1046 985 1338 1042 Salvatoris
1360 984 1591 1050 Christi;
1623 989 1744 1056 quia
1771 1002 1874 1040 non
1897 985 1991 1050 ait,
2011 997 2064 1040 et

467 1079 611 1134 velut
645 1090 864 1134 renatus
894 1088 996 1144 est,
1047 1079 1198 1149 quasi
1222 1094 1285 1133 ex
1330 1078 1510 1134 radice
1537 1077 1796 1145 secunda,
1823 1077 2062 1131 omnium

467 1181 711 1242 nostrum
737 1170 981 1226 Salvator
1011 1171 1050 1235 ¹,
1102 1169 1222 1234 sed,
1250 1169 1491 1222 omnium
1514 1181 1756 1224 nostrum
1785 1167 2065 1222 snivatoris

470 1257 672 1313 Christi
720 1260 915 1324 homo;
944 1267 1000 1313 ct
1034 1257 1233 1313 addant
1265 1258 1484 1327 insuper
1507 1256 1750 1312 dicentes
1779 1274 1794 1310 :
1822 1257 1876 1312 Si
1907 1257 2062 1311 Chri-

472 1360 612 1416 stus,
661 1349 711 1405 id
743 1359 826 1405 est
872 1359 1088 1416 unctus,
1134 1359 1216 1404 est
1275 1355 1457 1416 homo,
1506 1351 1758 1420 quoniam
1809 1362 1915 1403 non
1962 1349 2065 1402 nisi

475 1452 668 1496 natura
718 1443 948 1496 humana
1001 1443 1052 1496 in
1097 1442 1189 1496 illo
1220 1450 1374 1496 uncta
1406 1451 1507 1506 est,
1547 1441 1634 1510 qui
1659 1455 1844 1494 rursus
1874 1448 1958 1494 est
1979 1439 2066 1493 ille

469 1535 634 1588 homo
677 1537 766 1604 qui
810 1535 1006 1590 dicitur
1032 1533 1266 1590 Christi?
1299 1549 1471 1605 neque
1502 1536 1645 1590 enim
1677 1534 1769 1588 Dei
1802 1534 1956 1590 Verbi
1985 1535 2068 1588 d3-

465 1640 608 1683 ctuar
639 1639 722 1684 est
747 1630 923 1695 homo,
954 1631 1047 1684 sed
1079 1627 1300 1695 Christi,
1331 1629 1419 1699 qui
1453 1628 1528 1682 sic
1560 1628 1696 1681 Deus
1719 1627 1974 1692 creditur,
2009 1638 2065 1680 ut

465 1731 520 1774 et
570 1721 728 1777 homo
749 1735 868 1775 esse
902 1721 1170 1775 (redatur.
1207 1718 1263 1773 In
1297 1718 1640 1790 expositione
1671 1734 1882 1788 quoque
1915 1717 2064 1771 Isaiae

2166 529 2456 601 templum,
2532 529 2586 594 in
2662 536 2770 600 quo
2850 528 2987 582 Deus
3062 525 3340 592 Verbum,
3416 526 3569 596 quasi
3611 528 3769 598 prius

2163 623 2335 676 eidem
2362 621 2560 692 templo
2582 663 2594 687 ,
2626 619 2960 676 consuetudo
2986 618 3145 674 fuerit
3170 621 3291 673 vita:
3324 620 3575 686 carnalis,
3617 621 3765 690 quod

2164 714 2231 769 de
2284 713 2488 783 Spiritu
2533 721 2722 766 sancto
2763 720 3080 780 conceptum
3128 708 3270 764 aliud
3316 725 3476 779 quam
3505 710 3627 766 vitae
3649 712 3765 782 spi-

2165 804 2338 859 ritalis
2377 819 2498 858 esse
2546 818 2652 856 non
2699 804 2892 871 potuit.
2943 801 3224 870 Quomodo
3268 802 3432 870 igitur
3479 802 3768 857 assueiieri

2165 899 2362 951 dicitur
2389 897 2453 950 ad
2487 895 2780 964 spiritalem
2805 895 2994 958 vitam,
3020 909 3141 948 cum
3171 892 3236 946 ad
3268 907 3388 948 eam
3423 907 3530 948 non
3561 893 3764 959 studio,

2167 989 2258 1043 sed
2289 996 2474 1044 natura
2504 985 2666 1040 fuerit
2697 983 3041 1040 ordinatum?
3073 985 3160 1038 cui
3188 981 3320 1038 nihil
3341 997 3572 1051 unquam
3597 983 3769 1039 defuit

2167 1080 2232 1132 ad
2263 1065 2643 1150 perfectionem
2675 1075 3084 1145 largitatemque
3115 1073 3328 1128 virtutis
3362 1090 3372 1125 :
3407 1075 3661 1143 quoniam
3695 1073 3769 1127 de

2168 1189 2232 1227 eo
2278 1173 2534 1242 scriptum
2579 1179 2662 1227 est
2695 1187 2708 1225 :
2746 1170 2870 1224 Non
2909 1169 3046 1224 enim
3075 1171 3143 1224 ad
3187 1185 3475 1228 mensuram
3505 1169 3591 1224 dot
3627 1168 3772 1222 Deus

2169 1266 2404 1335 spiritum
2439 1261 2616 1334 (Joan.
2646 1277 2734 1330 lii,
2769 1261 2883 1331 54).
2919 1261 2985 1316 Et
3014 1262 3141 1316 item
3170 1279 3181 1313 :
3213 1260 3286 1315 De
3309 1260 3625 1333 plenitudine
3650 1263 3769 1331 ejus

2171 1375 2262 1412 nos
2291 1373 2465 1412 omnes
2493 1357 2802 1424 accepimus,
2853 1364 2900 1408 et
2926 1357 3146 1425 gratiam
3194 1371 3288 1421 pro
3310 1355 3477 1426 gratia
3510 1353 3688 1425 (Iona.
3728 1374 3764 1414 r,

2173 1446 2285 1518 16).
2315 1447 2601 1518 Exponens
2617 1447 2775 1501 etiam
2800 1447 3144 1516 Evangelium
3162 1445 3455 1500 secundum
3475 1445 3765 1513 Joannem,

2172 1540 2310 1595 libro
2335 1541 2506 1610 primo
2536 1541 2614 1594 sic
2641 1541 2714 1593 ait
2739 1558 2751 1593 :
2781 1557 2799 1589 ι
2831 1539 2910 1592 Dii
2939 1547 2991 1593 et
3019 1538 3108 1593 Dei
3142 1536 3232 1591 filii
3267 1553 3363 1610 per
3392 1537 3548 1592 fidem
3570 1546 3761 1594 osten-

2171 1633 2369 1688 dimur.
2428 1630 2752 1688 lnhabitavit
2795 1629 2939 1686 enim
2993 1630 3050 1684 in
3100 1629 3276 1694 nobis,
3332 1630 3422 1699 qui
3467 1629 3767 1684 secundum

2172 1736 2421 1782 naturam
2450 1723 2618 1778 Filius
2659 1732 2741 1777 est
2780 1730 2834 1777 et
2861 1722 3019 1775 Deus.
3066 1718 3358 1788 Propterea
3384 1727 3436 1773 et
3477 1719 3530 1776 in
3570 1719 3770 1788 spiritu

465 1812 740 1882 prephetre
771 1813 908 1867 libro
948 1821 1138 1882 quarto
1167 1811 1244 1866 sic
1281 1813 1352 1865 ait
1386 1828 1398 1862 :
1439 1831 1458 1862 ε
1510 1811 1648 1884 Ergo
1695 1821 1949 1879 quantrrm
1993 1812 2057 1864 ad
2095 1807 2142 1866 B
2169 1816 2284 1885 ejus
2311 1815 2641 1870 clamamus:
2675 1813 2847 1882 Abba,
2895 1811 3072 1867 Pater.
3120 1808 3384 1866 lulrabitat
3413 1819 3593 1868 autem
3628 1810 3763 1864 Ver-

471 1905 876 1962 incredulorum
929 1905 1298 1968 acerbitatem,
1331 1913 1386 1957 et
1414 1904 1593 1970 inepte
1621 1903 1723 1956 illis
1755 1903 2063 1957 meditatam

468 1996 970 2060 con'radictionem,
1020 1995 1251 2048 inaniter
1306 1993 1567 2047 laboravit
1610 1991 1876 2058 Salvator,
1926 1993 2063 2046 etin

468 2101 664 2140 vanum
717 2095 771 2141 et
825 2086 876 2140 in
951 2085 1176 2140 nihilum
1241 2084 1390 2138 dedit
1455 2083 1816 2140 fortitudinem
1889 2078 2060 2137 suam.

468 2177 578 2233 Nec
611 2179 753 2234 enim
798 2178 1075 2244 sustinuit,
1130 2177 1265 2231 sicut
1312 2176 1424 2230 dixi
1477 2191 1665 2241 nuper,
1719 2188 1900 2230 sacras
1947 2176 2064 2244 ejus

467 2267 878 2336 prredicatioues
925 2267 1151 2324 stolidus
1181 2267 1366 2332 lsrael,
1400 2281 1504 2337 non
1538 2266 1818 2320 honoravit
1846 2266 1961 2335 ejus
1993 2268 2066 2319 la-

467 2362 674 2419 borem.
719 2363 894 2420 Labor
943 2363 1088 2418 enim
1116 2369 1231 2417 erat
1279 2360 1474 2427 Verbo,
1512 2359 1745 2418 utiieret
1772 2359 2064 2416 secundum

470 2471 590 2522 nos,
650 2464 705 2510 et
754 2457 1041 2512 humanam
1096 2454 1390 2508 sustineret
1417 2453 1757 2522 parvitatem.
1791 2452 1899 2507 Sed
1922 2452 2061 2519 judi-

468 2547 613 2602 cium
647 2561 846 2613 meum,
897 2546 1091 2618 inquit,
1140 2544 1278 2615 apud
1316 2545 1622 2608 Dominum,
1651 2551 1706 2598 ct
1734 2543 1886 2598 labor
1917 2559 2066 2598 ureus

469 2653 652 2694 coram
701 2637 814 2694 Deo
843 2653 983 2694 meo.
1032 2638 1264 2708 Agnovit
1292 2636 1459 2700 enim,
1495 2635 1690 2704 inquit,
1747 2633 1902 2688 Pater
1933 2649 2066 2704 quos

468 2733 775 2802 consumpsi
818 2732 1028 2787 labores
1087 2746 1182 2801 pro
1232 2743 1420 2786 eorum
1454 2728 1628 2784 salute
1662 2744 1674 2781 :
1706 2738 1922 2797 propter
1967 2730 2068 2784 hoc

468 2834 522 2878 et
561 2824 820 2894 judicium
871 2825 938 2878 ab
977 2838 1043 2878 eo
1072 2822 1335 2893 prolatum
1365 2832 1464 2875 esr.
1508 2841 1526 2873 ι
1562 2821 1700 2884 Ecce
1731 2820 1895 2875 Deum
1933 2819 2065 2876 Ver-

475 2919 625 2984 bum,
676 2918 744 2973 de
775 2932 880 2988 quo
934 2917 1250 2987 Gregorius,
1283 2916 1422 2970 sicut
1446 2929 1604 2982 supra
1629 2915 2064 2978 memoravimus,

471 3011 594 3065 dicit
653 3013 776 3081 quia
823 3012 938 3066 sine
977 3008 1161 3068 labore
1207 3023 1418 3064 omnem
1454 3006 1708 3062 mundum
1759 3007 2064 3071 constituit;

472 3100 710 3172 Cyrillus
756 3101 886 3156 dicit
933 3101 1185 3172 quoniam
1218 3099 1477 3153 laboravit
1513 3106 1566 3151 ut
1596 3098 1746 3152 fieret
1767 3098 2063 3153 secundum

2169 1909 2293 1963 bum
2327 1909 2466 1962 sicut
2495 1909 2547 1962 in
2579 1907 2850 1974 omnibus,
2901 1914 2958 1960 et
2985 1905 3038 1960 in
3070 1919 3196 1971 uno,
3247 1903 3387 1973 quod
3419 1913 3636 1976 propter
3662 1918 3770 1959 nos

2168 2008 2222 2052 el
2246 2015 2309 2053 ex
2334 1999 2489 2054 nobis
2513 2006 2820 2068 susceptum
2845 2005 2928 2051 est
2949 1995 3231 2065 templum,
3262 2003 3323 2049 ut
3349 2008 3537 2050 omnes
3560 1995 3766 2050 habens

2169 2093 2221 2145 in
2253 2091 2567 2160 semetipso,
2616 2090 2931 2146 reconciliet
2975 2097 3030 2144 et
3067 2101 3256 2143 omnes
3299 2087 3352 2142 in
3385 2102 3494 2142 uno
3537 2101 3768 2157 corpore

2169 2184 2305 2253 apud
2349 2185 2582 2239 Patrem.
2639 2201 2658 2234 ›
2697 2182 2751 2238 Si
2784 2198 2847 2237 ex
2881 2182 3166 2238 verborum
3214 2180 3392 2246 sonis,
3446 2189 3503 2235 et
3541 2197 3644 2235 non
3692 2197 3762 2236 ex

2170 2277 2486 2345 intentione,
2510 2277 2762 2334 doctores
2783 2275 3039 2330 Ecclesiae
3055 2275 3380 2344 iudicentur.
3412 2273 3539 2342 quid
3566 2274 3634 2331 de
3657 2275 3768 2328 isto

2167 2369 2476 2440 putabimus
2506 2369 2594 2438 qui
2637 2367 2774 2424 dixit
2806 2385 2817 2419 :
2853 2367 3118 2422 lnbabitat
3160 2378 3338 2426 autem
3388 2366 3618 2422 Verbum
3671 2367 3766 2419 ι)κί

2169 2460 2308 2516 sicut
2337 2461 2388 2514 in
2419 2459 2686 2524 omnibus,
2722 2469 2777 2514 et
2807 2460 2861 2513 itr
2895 2475 3021 2528 uno,
3069 2459 3209 2528 quod
3242 2466 3460 2526 propter
3489 2471 3588 2512 nos
3616 2468 3665 2511 et
3698 2473 3768 2512 ex

2173 2552 2330 2606 nobis
2375 2561 2681 2619 susceptum
2712 2559 2798 2605 est
2829 2549 3133 2618 templum?
3179 2546 3315 2614 Quid
3347 2562 3476 2617 ergo
3505 2546 3766 2617 Cyrillum

2171 2642 2402 2698 Nestorii
2453 2641 2826 2695 damnatorem
2870 2642 2970 2694 hoc
3012 2639 3248 2693 sensisse
3287 2638 3592 2707 credimus,
3640 2639 3770 2707 quia

2173 2736 2314 2790 Deus
2362 2734 2598 2790 Verbum
2650 2734 2728 2788 sic
2777 2731 3040 2786 inhabitat
3093 2732 3144 2786 in
3195 2745 3303 2784 uno
3351 2729 3572 2800 templo,
3621 2731 3769 2800 quod

2171 2837 2389 2898 propter
2419 2842 2518 2884 nos
2546 2836 2600 2882 et
2624 2842 2692 2882 ex
2725 2826 2879 2881 nobis
2909 2835 3216 2895 susceptum
3251 2833 3361 2890 est,
3414 2823 3767 2893 quemadmo-

2171 2920 2297 2974 dum
2337 2918 2699 2976 communiter
2728 2919 2780 2973 in
2809 2917 3062 2976 omnibus
3107 2916 3329 2979 habitat,
3364 2926 3418 2970 et
3458 2931 3564 2974 non
3591 2919 3769 2985 potius

2170 3021 2228 3064 ut
2265 3027 2368 3066 una
2413 3019 2556 3066 esset
2598 3010 2764 3079 ipsius
2811 3008 3099 3062 habitantis
3139 3007 3232 3062 Dei
3280 3008 3438 3062 Verbi
3471 3008 3770 3076 templique

2171 3100 2434 3169 persona?
2483 3114 2606 3154 cum
2654 3098 2989 3165 Theodorus,
3045 3097 3133 3168 qui
3179 3097 3569 3152 condemnatur
3612 3099 3768 3167 quasi

475 3210 592 3260 rios,
621 3203 676 3247 et
699 3194 986 3250 humanam
1017 3194 1306 3250 sustineret
1336 3193 1653 3262 parvitatem
1687 3208 1700 3244 :
1732 3193 1881 3261 quasi
1905 3208 2069 3264 angu-
2097 3177 2145 3242 C
2177 3192 2480 3248 Nestoriani
2503 3201 2690 3246 auctor
2721 3192 2943 3256 erroris,
2973 3191 3113 3246 sicut
3140 3191 3189 3244 in
3219 3190 3376 3245 tertio
3403 3190 3540 3244 libro
3560 3205 3769 3249 memo-

475 3288 630 3341 sriam
669 3287 723 3340 in
755 3287 990 3341 humano
1027 3283 1255 3356 carpere
1278 3296 1552 3356 pateretur
1581 3285 1924 3354 impassihilis
1955 3286 2070 3354 ejus

477 3375 750 3442 divinitas,
780 3391 939 3445 quam
964 3390 1064 3430 nec
1086 3375 1264 3430 anima
1291 3383 1469 3431 DOSU‘J
1506 3376 1703 3446 patitur
1732 3391 1795 3431 ex
1828 3378 2070 3446 corporis

476 3465 771 3534 parvitate;
805 3466 901 3521 sed
932 3467 1105 3535 potius
1135 3482 1201 3520 ex
1232 3465 1346 3536 lege
1390 3466 1613 3535 peccati,
1648 3481 1768 3537 quae
1791 3467 1842 3520 in
1876 3468 2071 3522 nostris

477 3559 732 3613 membris
753 3567 838 3614 est
866 3559 1061 3614 ruentis
1091 3558 1194 3628 legi
1227 3573 1530 3628 repugnans
1561 3577 1572 3608 :
1607 3574 1728 3612 nam
1757 3557 1936 3631 futura
1967 3559 2070 3612 vita

479 3649 676 3705 nullam
709 3651 760 3705 in
793 3651 1188 3720 irrcorruptibiii
1219 3666 1445 3720 corpore
1484 3652 1717 3722 patietur
1745 3652 2071 3721 angustiam.

478 3745 586 3799 Nec
611 3760 716 3799 non
741 3746 792 3799 in
815 3755 1116 3799 commento
1138 3745 1408 3816 Evangelii
1426 3744 1722 3802 secundum
1741 3747 2071 3813 Matthaeum,

477 3837 614 3893 libro
675 3839 912 3895 secundo
965 3857 978 3893 :
1035 3858 1052 3891 ι
1092 3839 1346 3906 Quando,
1380 3843 1574 3912 ioqu‘t,
1633 3840 1930 3910 brptizatus
1994 3851 2078 3897 est

478 3930 744 3994 Christus,
803 3943 928 3988 tunc
959 3946 986 3984 a
1019 3933 1208 4000 spiritu
1242 3931 1360 3988 duci
1393 3931 1606 3995 dicitur,
1634 3930 1735 3986 hoc
1760 3940 1841 3985 est
1864 3931 2078 3985 habitae

485 4037 545 4077 re
591 4022 980 4092 spiritualiter,
1031 4023 1112 4075 vel
1145 4023 1304 4078 vitam
1347 4036 1506 4092 agere
1537 4022 1892 4089 Spiritualem.
1928 4041 1948 4075 ι
2011 4023 2078 4077 Et

480 4123 599 4182 post
660 4129 863 4184 pauca:
915 4132 933 4165 ι
991 4112 1371 4170 Αεειιυΐ’θρίθιιε
1423 4111 1489 4166 ad
1549 4113 1709 4165 vitam
1782 4111 2074 4182 spiritalem

485 4204 756 4274 proprium
791 4205 1072 4275 templum,
1107 4204 1159 4258 in
1192 4219 1297 4273 quo
1331 4203 1442 4273 jam
1475 4203 1616 4260 Deus
1651 4203 1903 4270 Verbum,
1937 4214 1990 4259 et
2021 4205 2074 4258 in

483 4295 768 4364 quemdam
797 4297 1171 4354 inconsuetum
1195 4307 1247 4352 et
1274 4297 1683 4366 incompositum
1708 4297 1832 4350 vitae
1858 4297 2071 4352 modum

488 4385 871 4440 transformans
900 4402 972 4442 ea
994 4404 1113 4457 qua:
1135 4398 1316 4443 nostra
1348 4397 1494 4449 sunt,
1527 4401 1577 4443 et
1609 4388 1662 4442 in
1687 4389 1924 4444 novitate
1956 4389 2079 4444 vita:

481 4494 600 4545 qua:
625 4480 858 4533 nondum
881 4479 1052 4538 fuerat
1079 4481 1225 4549 prius
1245 4482 1441 4550 agnita,
1475 4482 1791 4549 reformans,
1816 4483 2078 4553 jejunium

2176 3284 2432 3349 ravirnus,
2467 3282 2609 3338 dicat
2636 3301 2700 3345 τι
2741 3281 3043 3336 Ιιιὶιτώίωιί)
3069 3281 3284 3351 quidem
3307 3296 3335 3335 a
3361 3281 3472 3336 Deo
3497 3281 3672 3336 Verbo
3703 3285 3770 3334 ab

2177 3375 2290 3443 ipsa
2337 3375 2387 3428 in
2437 3384 2586 3428 utero
2632 3375 2820 3427 matris
2861 3373 3245 3443 plasmatione;
3299 3372 3595 3428 irrhabitato
3639 3389 3776 3429 vero

2179 3484 2284 3524 non
2331 3468 2624 3524 secundum
2667 3483 3006 3522 communem
3061 3468 3542 3532 inhabitationem,
3594 3483 3772 3536 neque

2173 3562 2321 3632 juxta
2364 3577 2484 3618 eam
2526 3577 2643 3632 quae
2687 3562 2739 3614 iu
2783 3560 2964 3616 multis
3011 3559 3327 3629 intelligitur
3367 3560 3624 3629 gratiam.
3675 3559 3770 3615 sed

2174 3655 2321 3722 juxta
2354 3651 2636 3722 quamdam
2671 3653 3026 3711 excellentem
3047 3692 3062 3714 ,
3095 3652 3390 3707 secundum
3421 3666 3580 3720 quam
3610 3652 3772 3705 etiam

2177 3748 2398 3802 adunari
2447 3745 2676 3800 dir-imus
2728 3755 2983 3813 utrasque
3029 3755 3266 3811 naturas,
3317 3754 3370 3802 et
3417 3759 3575 3800 unam
3619 3743 3772 3814 juxta

2179 3835 2557 3892 atlunationem
2589 3834 2831 3890 effectam
2856 3848 2976 3888 esse
3001 3849 3308 3901 personam.
3345 3853 3364 3886 ι
3402 3834 3620 3888 Discant
3641 3851 3774 3904 ergo

2184 3926 2500 3998 Eutychiani
2531 3940 2823 3995 eorumque
2850 3925 3110 3991 fautores,
3146 3927 3485 3994 antiquorum
3518 3927 3772 3981 Ecclesiae

2181 4022 2594 4091 prmdicatorum
2641 4021 2839 4086 scripta
2871 4028 2963 4073 aut
3011 4019 3205 4074 melius
3255 4018 3630 4088 interpretari,
3683 4030 3770 4072 aut

2182 4112 2495 4167 melioribus
2525 4110 2920 4180 interpretanda
2967 4111 3292 4178 relinquere,
3354 4124 3419 4164 ne
3465 4108 3773 4176 Theodoro,

2180 4207 2269 4277 qui
2318 4207 2384 4262 ab
2431 4206 2508 4261 eis
2555 4204 2750 4260 dicitur
2796 4205 2967 4259 multo
3006 4203 3244 4259 deterior
3286 4202 3454 4259 fuisse
3503 4203 3771 4267 Nestor-io,

2183 4296 2504 4352 deteriorem
2553 4295 2763 4350 beatam
2807 4294 3064 4365 Cyrillum
3108 4294 3289 4349 dicere
3327 4295 3768 4364 eompeilantur:

2182 4391 2271 4460 qui
2315 4406 2421 4445 non
2453 4397 2734 4459 propterea
2781 4390 2984 4446 dixisse
3009 4389 3312 4445 credendus
3342 4401 3420 4444 est
3447 4431 3462 4454 ,
3507 4391 3769 4445 inhabitat

2185 4495 2363 4540 autem
2401 4485 2629 4539 \‘erbum
2671 4486 2807 4540 sicut
2844 4485 2893 4538 in
2938 4487 3210 4553 erunibus,
3265 4494 3318 4540 et
3359 4485 3412 4538 in
3459 4500 3585 4549 uno,
3631 4488 3772 4553 quod

481 4568 590 4635 agit
640 4569 710 4622 ita
756 4568 994 4637 lOngum.
1025 4588 1046 4621 ι
1080 4571 1325 4642 Nunquid
1365 4583 1650 4642 antequam
1711 4551 2073 4644 baptizaretur
2110 4551 2153 4609 ί)
2185 4586 2402 4646 prepter
2449 4591 2546 4630 nos
2596 4585 2650 4630 et
2693 4591 2762 4632 ex
2817 4577 2973 4632 nobis
3012 4551 3320 4646 susceptum
3363 4586 3446 4630 est
3491 4551 3768 4645 templ-um,

481 4661 747 4724 Christus,
801 4676 906 4716 non
947 4661 1241 4731 spiritalem
1294 4662 1456 4716 vitam
1505 4665 1631 4734 egit,
1689 4677 1778 4719 aut
1805 4665 2073 4734 baptismo

483 4754 700 4805 Joannis
724 4752 970 4822 indiguit,
996 4761 1052 4806 ut
1101 4753 1193 4808 illo
1223 4765 1464 4809 sacratus
1499 4756 1867 4810 institueretur
1908 4760 2083 4812 etiam.

484 4844 792 4911 spiritaliter
828 4847 1045 4910 vivere;
1095 4862 1216 4900 cum
1265 4845 1438 4917 neqire
1487 4849 1564 4902 illi
1599 4850 1687 4916 qui
1721 4849 1788 4903 ab
1818 4852 2074 4918 apostolis

481 4929 889 5001 baptizabantur
928 4935 979 4989 in
1030 4937 1242 4991 nomine
1295 4940 1461 5008 ipsius
1493 4940 1703 4994 Domini
1755 4941 2072 4996 nostriJesu

481 5025 519 5077 L‘
545 5029 955 5096 .r-isti,eguerint
983 5029 1204 5085 Joannis
1231 5031 1496 5100 baptismo
1523 5031 1762 5085 sacrari?
1792 5031 2072 5097 Quomodo

481 5131 608 5186 ergo
637 5117 854 5183 dicitur,
890 5120 1011 5186 quia
1033 5133 1153 5172 cum
1175 5120 1470 5189 baptizatus
1493 5130 1637 5174 esset
1669 5122 1936 5189 Christus,
1961 5124 2069 5193 spi-

479 5209 707 5263 ritaliter
750 5211 908 5276 vixit,
939 5223 992 5265 et
1015 5215 1155 5280 quod
1185 5213 1441 5282 scriptum
1469 5222 1550 5266 est
1580 5230 1594 5270 ;
1628 5211 1942 5270 Ttrnchsu:
1967 5217 2066 5268 du-

479 5316 590 5359 ctus
613 5316 683 5360 est
704 5323 736 5359 η
758 5306 940 5373 spiritu
965 5314 1018 5360 ut
1049 5315 1328 5360 tentaretur
1353 5324 1383 5359 a
1409 5306 1614 5361 diabolo
1642 5306 1853 5380 (Matth.
1887 5325 1960 5375 tv,
1996 5310 2066 5378 ι),

485 5403 585 5450 ioc
638 5401 994 5468 s'gniticatum
1049 5415 1173 5455 esse
1219 5400 1456 5456 creditur
1487 5411 1542 5456 ut
1571 5402 1836 5458 habitaret
1863 5405 2072 5473 spirita-

481 5492 602 5546 iit-1'
649 5506 702 5547 ct
741 5496 906 5549 vitam
947 5505 1128 5565 ageret
1175 5495 1517 5565 spiritalem?
1569 5497 1803 5567 Itemque
1833 5499 2023 5553 dicitur
2056 5519 2066 5552 ;

560 5766 583 5794 "
606 5762 736 5816 Cod.
769 5765 988 5824 Veram,
1017 5765 1255 5818 Srrlva'or
1280 5763 1530 5830 Christus,
1565 5764 1686 5815 δρα..

563 5838 587 5864 ³·
618 5835 772 5888 hient
790 5836 940 5900 Cud.,
965 5835 1074 5898 ejus
1105 5834 1274 5885 etiam.

2180 4667 2332 4736 quasi
2363 4681 2464 4720 uua
2507 4681 2732 4736 persona
2780 4667 2876 4723 Dei
2908 4666 3077 4720 Verbi
3111 4667 3270 4735 templ
3296 4681 3400 4735 que
3443 4681 3548 4719 non
3579 4665 3764 4728 fuerit;

2179 4756 2274 4811 srd
2321 4757 2496 4824 potius
2545 4757 2667 4826 quia
2711 4755 2962 4809 divinitas
3007 4756 3125 4824 eius
3156 4758 3177 4790 ³
3209 4758 3261 4810 in
3308 4757 3528 4825 proprio
3575 4760 3772 4824 templo

2181 4849 2605 4904 inconvertibilis
2635 4849 2850 4902 mansit.
2899 4847 3140 4917 Namque
3172 4850 3222 4902 in
3253 4851 3357 4904 isto
3386 4849 3774 4903 incarnatioais

2183 4939 2437 5010 mysterio
2457 4939 2562 4993 duo
2587 4925 2825 5008 quredaru
2849 4940 3192 5010 intelligenda
3216 4950 3268 4994 et
3286 4939 3584 4994 Confitenda
3609 4953 3774 4997 sunt:

2181 5032 2387 5086 scilicet
2413 5040 2465 5085 et
2509 5047 2667 5086 unam
2698 5046 2818 5088 esse
2861 5046 3144 5100 personam
3192 5032 3286 5086 Dei
3315 5033 3674 5101 hominisque,
3721 5045 3776 5089 et

2181 5123 2312 5177 duas
2343 5121 2648 5178 inconfusus
2675 5127 2940 5180 mansisse
2971 5135 3210 5180 naturas.
3251 5125 3519 5192 Quantum
3557 5127 3618 5178 a-l
3647 5128 3765 5179 nni-

2182 5226 2342 5271 tatem
2382 5232 2626 5286 personat
2665 5219 2875 5283 attinet,
2924 5219 3062 5272 Deus
3113 5219 3344 5273 Verbum
3393 5237 3423 5272 n
3450 5237 3498 5272 ‘n
3531 5221 3667 5274 sicut
3719 5221 3772 5269 in

2180 5312 2446 5379 omnibus,
2497 5312 2570 5366 ita
2615 5311 2665 5365 in
2698 5327 2826 5375 uno,
2881 5311 3020 5380 quod
3056 5320 3272 5379 propter
3316 5325 3413 5364 nos
3443 5322 3496 5366 et
3523 5326 3587 5364 ex
3623 5314 3778 5365 uultis

2180 5414 2489 5475 susceptum
2533 5413 2616 5460 est
2666 5405 2921 5471 temphrm
2955 5403 2976 5433 ³
3013 5420 3025 5454 :
3059 5413 3258 5471 quanto
3302 5418 3426 5455 vero
3454 5402 3518 5454 ad
3553 5403 3600 5454 id
3632 5407 3774 5470 quod

2177 5498 2296 5552 dure
2326 5507 2531 5552 natura:
2559 5498 2677 5552 sine
2707 5495 3024 5550 confusione
3064 5505 3371 5548 manserunt
3398 5539 3411 5562 ,
3464 5493 3600 5549 Deus
3640 5495 3762 5547 Ver-

2260 5766 2278 5795 ⁸
2323 5763 2461 5819 idem
2499 5763 2640 5829 cod.,
2693 5764 2935 5832 templum
2967 5764 3234 5818 iri/trrbitrrt.
