4094 6534
318 515 414 572 821

1177 517 1313 572 PRO
1353 511 1775 571 llEFENSlONE
1815 509 2027 565 TRIUM
2070 509 2378 564 CAPITUL.
2423 507 2549 562 LIB.
2591 509 2677 563 XI.

3493 514 3606 569 82!

318 633 443 690 bunt
457 633 596 686 sicut
618 632 671 686 in
693 631 957 696 omnibus,
976 635 1096 687 etin
1112 648 1236 698 uno,
1255 635 1394 703 quod
1411 640 1626 702 prepter
1644 639 1810 685 noset
1835 642 1904 682 ex
1935 627 1980 682 A
2003 627 2309 698 judicemini
2327 643 2345 691 ;
2388 629 2440 681 in
2469 644 2568 699 quo
2600 637 2768 683 autem
2789 624 3170 701 judicaveritir,
3197 630 3595 698 judicabimini;

320 727 474 782 nobis
496 736 803 794 susceptum
827 735 910 782 est
944 727 1200 795 tetnplum
1225 727 1514 791 inhabitat;
1546 726 1667 796 quia
1688 725 1824 778 sicut
1849 723 1902 778 in

318 817 569 874 omnibus
585 818 832 873 habitans
851 818 1276 874 inconvertibilis
1296 819 1412 888 ejus
1435 818 1686 872 divinitas
1701 825 1903 882 manet,

317 912 392 967 ita
410 911 529 967 etin
557 925 684 977 uno,
709 908 850 980 quod
892 922 1109 978 propter
1123 919 1289 966 noset
1316 927 1380 964 ex
1411 910 1566 964 nobis
1596 916 1903 977 susceptum

320 1012 401 1058 est
431 1003 721 1072 templum,
764 1003 1185 1058 inconvertibilis
1229 1003 1346 1072 ejus
1386 1001 1638 1058 divinitas
1684 1000 1903 1056 mansit.

322 1095 434 1149 llac
467 1095 625 1163 igitur
663 1094 959 1149 intentione
993 1094 1193 1149 dictum
1228 1095 1527 1158 credamus,
1574 1102 1633 1147 ut
1669 1107 1767 1147 nec
1810 1095 1908 1163 im-

323 1185 608 1256 probemus
624 1184 913 1250 dicentem,
940 1200 1039 1241 nec
1055 1188 1412 1255 approbemus
1431 1199 1692 1240 errorem.
1718 1184 1908 1238 Posse-

321 1295 442 1335 mus
469 1289 520 1334 et
549 1281 773 1336 aliorum
807 1296 872 1336 ex
907 1279 987 1335 nis
1015 1295 1136 1350 quae
1163 1287 1452 1335 memorata
1487 1286 1615 1333 sunt
1647 1277 1906 1332 dictorum

323 1370 441 1442 ejus
483 1387 589 1427 non
619 1372 1065 1430 contemnendam
1098 1373 1327 1426 reddere
1357 1371 1615 1425 rationem
1639 1411 1653 1434 ,
1699 1378 1752 1423 et
1795 1369 1910 1422 sine

322 1465 485 1520 dubio
509 1465 777 1521 doctiores
813 1466 1042 1533 plurium
1076 1473 1315 1533 possent.
1366 1463 1447 1518 0b
1478 1463 1578 1516 hoc
1616 1461 1775 1531 igitur
1804 1476 1910 1514 non

324 1566 406 1610 est
443 1564 646 1610 temere
685 1555 752 1611 de
789 1556 1012 1610 mortuis
1043 1554 1414 1625 iudicandum.
1467 1552 1608 1606 Dicit
1642 1559 1820 1604 autem
1858 1557 1912 1604 et

326 1647 428 1700 hoc
469 1663 533 1700 ex
577 1645 804 1713 persona
851 1646 1060 1702 Domini
1093 1646 1286 1702 eodem
1315 1660 1485 1712 .opere
1529 1644 1666 1698 libro
1695 1651 1910 1710 quarto,

325 1735 502 1802 Pater,
532 1739 576 1790 si
601 1739 838 1804 possibile
866 1747 940 1792 est
961 1755 980 1793 :
1012 1757 1032 1791 ι
1064 1738 1176 1792 Non
1210 1752 1425 1806 possmn
1457 1745 1630 1790 morte
1661 1734 1911 1788 obtinere

323 1829 486 1882 vitam
511 1827 594 1882 his
619 1829 708 1898 qui
737 1829 786 1882 in
815 1844 933 1883 eam
963 1827 1292 1892 ceciderant,
1323 1827 1369 1881 si
1400 1827 1624 1881 moritur
1649 1838 1794 1878 mors
1825 1837 1911 1876 me

324 1921 609 1974 moriente.
654 1920 869 1975 Certum
897 1929 981 1976 est
1009 1928 1184 1974 autem
1216 1919 1339 1989 quia
1372 1917 1666 1974 secundum
1693 1929 1909 1970 carnem

2010 719 2064 772 in
2093 736 2192 788 qua
2221 736 2456 774 mensura
2495 722 2658 774 mensi
2689 723 2908 792 fueritis,
2949 717 3182 781 metiatur
3209 722 3344 775 vobis
3381 724 3592 796 (Matth.

2010 828 2117 876 vn,
2155 813 2172 863 ·Ι
2199 853 2214 878 ,
2247 810 2319 875 9.).
2357 814 2412 868 Si
2444 829 2572 880 ergo
2605 815 2683 869 vel
2714 816 2813 884 ipsi
2844 816 3002 872 beato
3031 816 3231 889 Cyrillo
3261 826 3510 890 prtrcttnt,
3549 821 3596 875 si

2008 917 2130 954 cunt
2164 903 2348 956 volunt
2380 905 2431 956 in
2466 905 2657 958 talibus
2687 906 2964 973 excusari,
3017 924 3122 963 non
3155 911 3380 972 ulterius
3408 923 3596 968 contra

2010 995 2455 1050 Chalcetlonense
2484 995 2769 1051 concilium
2802 998 3009 1065 dicant,
3059 1003 3199 1071 quod
3234 1019 3337 1068 non
3373 1021 3599 1076 parcens

2014 1090 2236 1141 mortuis
2267 1090 2602 1143 accusaret-it
2633 1091 2854 1163 insignis
2887 1094 3176 1155 testimonii
3217 1096 3362 1160 viros
3403 1110 3458 1154 et
3486 1099 3599 1170 ple~

2014 1197 2110 1234 nos
2136 1182 2342 1236 dierum
2379 1181 2432 1235 in
2459 1184 2693 1236 maxima
2725 1183 2982 1240 Ecclesia:
3012 1185 3272 1258 dignitate
3292 1186 3597 1252 defunctos.

2014 1274 2305 1330 Attendere
2353 1289 2483 1330 sane
2532 1276 2731 1332 debent
2771 1278 2826 1340 in
2873 1279 2973 1333 hac
3010 1283 3301 1350 sententia,
3346 1283 3440 1354 qui
3477 1299 3600 1343 cum

2014 1363 2144 1417 dicit
2173 1364 2461 1419 humanam
2496 1375 2736 1420 naturam
2768 1382 2862 1435 per
2888 1369 3094 1426 unitum
3125 1369 3190 1424 ad
3212 1386 3330 1426 eam
3359 1372 3606 1433 Verbum.

2015 1455 2318 1521 sublevari,
2371 1467 2431 1511 ut
2477 1473 2583 1512 non
2615 1459 2850 1527 propriis
2876 1459 3239 1516 voluntatibus
3282 1463 3422 1533 quod
3455 1464 3604 1519 vide-

2017 1548 2170 1603 batur
2194 1546 2418 1616 faceret,
2453 1549 2548 1604 sed
2576 1551 2928 1604 intentionem
2952 1551 3186 1616 divinam
3215 1554 3390 1621 potius
3413 1569 3608 1624 seque-

2015 1650 2180 1708 retur,
2211 1641 2346 1696 duas
2365 1641 2892 1709 doceatvoluntates,
2920 1645 2965 1699 si
2994 1653 3170 1701 tamen
3207 1646 3342 1702 duas
3373 1655 3603 1714 tantum,

2015 1749 2134 1788 cum
2165 1735 2333 1789 solius
2363 1734 2609 1791 humanae
2639 1744 2841 1791 natura;
2899 1752 3003 1800 non
3029 1739 3320 1808 propriam.
3353 1740 3445 1795 sed
3479 1757 3604 1809 pro-

2017 1828 2160 1895 prias
2201 1841 2323 1883 esse
2364 1825 2558 1881 dixerit
2601 1829 2920 1891 voluntates,
2954 1845 3109 1900 quas,
3155 1839 3213 1886 ut
3254 1831 3367 1900 ipse
3398 1830 3605 1891 loeutus

2016 1927 2124 1984 est,
2157 1917 2450 1972 docebatur
2478 1917 2724 1975 Christus
2753 1933 2858 1974 non
2887 1917 3088 1986 facere,
3137 1930 3192 1977 et
3219 1923 3378 1978 aliam
3408 1923 3606 1979 divinae

325 2013 448 2066 dicit
470 2055 482 2074 ,
515 2011 774 2067 Transeat
805 2012 965 2068 calix.
1004 2012 1383 2066 Verumtamen
1415 2009 1535 2079 quia
1573 2024 1676 2064 non
1709 2015 1905 2077 potest,
1940 2000 1986 2060 B
2016 2008 2346 2072 intentionis,
2384 2023 2542 2076 quam
2574 2010 2721 2077 sequi
2752 2009 3065 2066 docebatur.
3109 2012 3246 2078 Quid
3276 2023 3450 2082 autem
3492 2030 3610 2078 rur-

323 2102 529 2172 inquit,
564 2101 720 2158 aliter
749 2103 860 2157 ﬁeri
882 2144 895 2168 ,
928 2118 1032 2157 non
1063 2104 1203 2158 sicut
1227 2117 1328 2171 ego
1353 2103 1497 2168 volo,
1530 2102 1626 2157 sed
1660 2101 1799 2156 sicut
1825 2108 1905 2154 tu.

327 2194 552 2264 Respire
593 2196 861 2265 quomodo
902 2196 1156 2252 deflciens
1197 2196 1411 2264 quidem
1449 2210 1634 2251 rursus
1677 2195 1915 2250 hominis

325 2300 536 2352 natura,
584 2300 840 2359 quantum
871 2290 936 2345 ad
968 2305 1084 2344 eam
1117 2290 1340 2353 attinet,
1393 2290 1703 2345 sublevatur
1731 2297 1910 2342 autem

324 2398 419 2452 per
448 2383 655 2436 unitum
687 2383 751 2438 ad
779 2398 897 2437 eam
929 2382 1162 2439 Verbum
1191 2383 1256 2438 ad
1285 2382 1517 2437 divinam
1546 2381 1823 2435 audaciam
1855 2387 1910 2434 et

326 2471 390 2526 ad
431 2474 745 2542 sapientiam
793 2474 1083 2544 juvenilem
1116 2473 1394 2536 edocetur,
1445 2482 1504 2527 ut
1535 2487 1640 2526 non
1673 2471 1912 2547 propriis

327 2562 692 2619 voluntatibus
717 2565 856 2634 quod
879 2564 1155 2619 videbatur
1184 2563 1404 2628 faceret,
1437 2563 1532 2618 sed
1563 2562 1912 2616 intentionem

328 2658 560 2711 divinam
592 2659 769 2728 potius
799 2666 1135 2728 sequeretur.
1192 2677 1210 2710 ι
1246 2657 1538 2723 Propterea
1569 2654 1913 2711 Theodorum

329 2750 480 2818 pejus
509 2750 840 2806 dzrmonibus
871 2748 1274 2818 blaspltemasse
1303 2748 1581 2814 dixerunt,
1628 2746 1753 2816 quia
1783 2745 1917 2800 dixit

328 2840 470 2908 quod
512 2840 768 2895 Dominus
813 2841 1054 2894 timuerit
1082 2839 1410 2909 passionem.
1459 2835 1612 2905 Quod
1642 2835 1690 2891 si
1719 2835 1914 2905 recipi-

329 2945 472 2993 mus,
502 2931 762 3002 Cyrillum
793 2946 1008 3000 quoque
1039 2945 1292 3000 cogemur
1321 2929 1501 2985 dicere
1533 2927 1683 2998 pejus
1711 2927 1916 2981 dmmo-

329 3025 487 3079 nibus
511 3023 938 3094 blaspltcmasse,
967 3025 1056 3092 qui
1086 3036 1182 3078 nos
1213 3021 1460 3077 admonet
1483 3028 1543 3076 ut
1569 3019 1918 3088 respiciamus

331 3115 600 3189 quomodo
659 3117 916 3172 deﬁciens
974 3115 1209 3169 hominis
1264 3121 1478 3181 natura,
1537 3119 1797 3181 quantum
1849 3109 1922 3168 ad

330 3227 451 3268 eam
483 3212 711 3277 attinet,
760 3210 1070 3265 sublevatur
1123 3223 1218 3277 per
1265 3208 1471 3262 unitum
1521 3206 1585 3260 ad
1618 3219 1736 3260 eam
1783 3204 1918 3258 Ver-

333 3304 457 3356 bum
496 3301 562 3355 ad
591 3300 827 3355 divinam
880 3299 1182 3354 audaciam.
1240 3297 1353 3353 l-loc
1399 3307 1583 3353 autem
1635 3297 1778 3365 quod
1817 3295 1916 3350 ad-

331 3397 491 3467 jecit,
531 3406 583 3452 et
615 3397 678 3451 ad
707 3397 1023 3466 sapientiam
1066 3394 1355 3464 juvenilem
1401 3392 1674 3458 edocetur,
1719 3399 1777 3446 ut
1812 3406 1917 3446 non
1945 3376 1991 3438 C

336 3491 564 3560 propriis
594 3490 956 3546 voluntatibus
996 3487 1140 3559 quod
1182 3486 1463 3541 videbatur
1501 3487 1738 3552 faceret,
1764 3475 1919 3539 hdoc-

334 3584 498 3639 tiores
527 3598 648 3638 cum
685 3581 1002 3652 quibusdam
1033 3597 1148 3650 quae
1190 3581 1439 3650 superius
1469 3589 1766 3634 memorata
1797 3587 1921 3633 sunt

335 3677 778 3745 interpretentur,
811 3676 852 3731 si
888 3683 1063 3730 tamen
1097 3674 1416 3746 Eutychianl
1448 3688 1745 3739 eorumque
1777 3686 1925 3727 com-

335 3766 500 3837 plices
549 3767 714 3822 velint
763 3766 1067 3821 admittere.
1119 3765 1250 3821 Nam
1281 3780 1400 3821 cum
1443 3766 1788 3833 Athanasius,
1835 3765 1924 3835 qui

337 3858 640 3914 decessoris
670 3859 749 3912 sui
787 3859 1026 3930 Dionysii
1066 3859 1266 3926 scripta
1302 3858 1564 3934 purgavit,
1610 3859 1812 3929 aliquid
1845 3859 1926 3914 iu-

341 3950 558 4004 v'euitur
585 3949 688 4003 tale
716 3948 917 4005 dixisse
938 3949 1080 4018 quod
1107 3949 1372 4018 legentem
1403 3960 1586 4020 posset
1614 3951 1923 4016 offendere;

340 4043 421 4096 vel
467 4057 588 4095 cum
640 4042 886 4106 Basilius,
935 4041 1023 4111 qui
1075 4042 1248 4111 magni
1300 4042 1548 4113 Gregorii
1589 4043 1762 4109 dicta;
1813 4043 1927 4100 sive

342 4131 593 4196 llilarius,
644 4133 734 4202 qui
780 4132 995 4187 concilii
1041 4143 1226 4186 contra
1258 4133 1480 4187 Paulum
1511 4133 1926 4189 Samosatenutn

344 4227 682 4293 congregati,
717 4235 877 4296 atque
905 4225 1217 4280 Sirmiensis
1239 4228 1524 4280 ceustituta
1551 4225 1820 4292 defendit;
1855 4227 1932 4282 fas

344 4333 450 4373 non
482 4327 563 4373 est
593 4319 816 4372 ornuino
863 4319 930 4373 de
956 4328 1114 4373 tanta:
1149 4319 1360 4388 pietatis
1390 4319 1516 4376 viris
1541 4320 1683 4374 male
1710 4321 1930 4387 sentire,

346 4411 436 4479 qui
459 4426 520 4466 ex
556 4411 859 4478 semetipsis
891 4411 1026 4466 alios
1049 4413 1400 4477 aestimantes,
1431 4425 1690 4467 excusare
1718 4412 1936 4468 studue-

348 4513 472 4557 runt
520 4503 662 4558 dicta
713 4503 974 4573 majorum
997 4546 1011 4568 ,
1062 4515 1115 4559 et
1143 4505 1371 4574 qualiter
1403 4519 1432 4558 a
1464 4520 1524 4560 se
1554 4504 1658 4560 dici
1693 4516 1930 4574 possent,

350 4595 420 4650 tal
447 4604 528 4649 ter
569 4595 637 4648 ab
668 4595 773 4650 illis
803 4595 1008 4663 prolata
1040 4604 1095 4649 et
1121 4596 1187 4648 ab
1218 4596 1455 4651 Ecclesia
1487 4607 1734 4665 suscepta
1763 4599 1938 4652 credi.

351 4685 575 4754 derunt,
611 4695 668 4740 nt
693 4687 743 4740 in
776 4701 836 4740 ca
871 4695 1251 4754 permanerent
1280 4687 1542 4755 episcopi.
1593 4687 1698 4743 Sed
1731 4698 1786 4742 et
1816 4691 1937 4756 qui-

2017 2116 2110 2158 sus
2140 2104 2192 2156 in
2232 2101 2422 2156 eodem
2453 2115 2617 2170 opere
2645 2111 2806 2172 atque
2850 2103 2902 2159 in
2934 2103 3123 2157 eodem
3175 2105 3309 2160 libro
3353 2105 3496 2160 dicat
3539 2107 3612 2162 de

2016 2193 2220 2250 duabus
2249 2193 2447 2246 Christi
2475 2192 2862 2258 voluntatibus,
2896 2191 2964 2246 de
2992 2193 3184 2262 quibus
3205 2195 3366 2249 etiam
3396 2195 3606 2252 beatum

2018 2288 2372 2343 Athanasium
2419 2295 2651 2340 tractare
2698 2286 2855 2339 tertio
2899 2296 3081 2348 nostro
3127 2286 3265 2342 libro
3310 2288 3610 2352 docuimus.

2019 2380 2186 2434 lector
2216 2380 2478 2433 advertat.
2520 2397 2537 2428 ι
2573 2376 2710 2444 Quid
2741 2388 2888 2443 erat,
2925 2377 3128 2446 inquit,
3164 2379 3520 2442 voluntarium
3561 2391 3614 2438 et

2021 2487 2124 2526 non
2184 2470 2540 2524 voluntarium
2597 2469 2856 2523 Christo?
2905 2484 2933 2523 a
2982 2469 3184 2526 Judais
3237 2471 3612 2547 exhono'atio,

2019 2566 2398 2629 detractiones,
2453 2562 2683 2634 injurite,
2729 2563 2896 2634 plagse
2943 2566 2986 2628 ',
3037 2579 3198 2632 super
3241 2565 3355 2620 haec
3401 2582 3614 2637 quoque

2019 2657 2324 2721 calumniae,
2373 2665 2427 2710 et
2469 2655 2610 2724 quod
2641 2664 2724 2708 8.".
2765 2655 2817 2708 in
2849 2656 3098 2712 ontuibus
3128 2656 3416 2723 ultimum,
3471 2672 3612 2714 mors

2019 2750 2282 2819 corporis.
2312 2748 2419 2804 Sed
2449 2750 2492 2802 si
2525 2747 2708 2804 fuisset
2739 2748 2992 2816 possibile
3025 2757 3078 2803 ut
3112 2763 3219 2805 non
3253 2765 3441 2818 passus
3468 2752 3608 2806 obti—

2021 2852 2172 2898 neret
2215 2843 2266 2896 in
2308 2841 2462 2900 nobis
2507 2838 2647 2911 quod
2695 2847 2778 2896 stu
2805 2842 2983 2904 'ebat,
3035 2855 3141 2895 non
3182 2840 3439 2898 voluisset
3480 2844 3608 2913 pati.

2021 2933 2284 3003 Quoniam
2305 2942 2482 2986 autem
2502 2931 2722 2988 omnino
2743 2941 2791 2986 et
2815 2932 3249 2988 inexcusabiliter
3273 2933 3432 2988 futuri
3459 2947 3614 2990 erant

2021 3025 2191 3086 Judaei
2224 3039 2552 3096 praesumere
2578 3039 2695 3093 quae
2728 3022 2780 3078 in
2816 3038 2880 3078 eo
2912 3023 3048 3083 facta
3089 3033 3242 3091 sunt,
3295 3025 3529 3094 suscepit
3557 3037 3615 3081 ut

2023 3125 2317 3188 pateretur,
2341 3125 2394 3170 et
2419 3114 2542 3169 fecit
2564 3115 2919 3168 voluntariam
2938 3157 2953 3182 ,
2985 3115 3125 3184 quod
3151 3129 3255 3170 non
3281 3123 3396 3170 erat
3425 3117 3614 3171 volun-

2024 3209 2217 3263 tarium
2241 3249 2257 3274 ,
2298 3216 2518 3279 prepter
2547 3198 2829 3261 utilitatem
2856 3220 2924 3261 ex
2956 3207 3227 3276 passione.
3265 3225 3286 3261 ι
3318 3208 3616 3264 Attendant

2024 3313 2151 3369 ergo
2177 3295 2626 3368 quemadmodum
2653 3296 2841 3352 beatus
2868 3295 3122 3367 Cyrillus,
3155 3296 3256 3354 etsi
3287 3312 3396 3352 non
3419 3297 3608 3353 iisdem

2025 3393 2204 3450 verbis
2227 3391 2422 3461 quibus
2443 3399 2660 3446 sanctus
2681 3388 3025 3456 Athanasius,
3057 3389 3190 3446 duas
3214 3401 3389 3447 tamen
3420 3394 3612 3449 νυΙιιιι-

2027 3494 2161 3541 tates
2191 3483 2384 3539 doceat
2413 3483 2468 3537 in
2496 3480 2712 3538 Christo
2737 3479 2925 3547 fuisse,
2968 3498 3091 3538 cum
3121 3483 3250 3539 dicit
3280 3493 3335 3540 et
3364 3487 3611 3544 volunta-

2027 3579 2164 3634 rium
2209 3587 2262 3631 et
2306 3592 2412 3632 non
2453 3576 2808 3631 voluntarium
2860 3577 3024 3631 fuisse
3061 3576 3080 3607 ³
3107 3579 3249 3647 quod
3279 3593 3466 3649 passus
3503 3589 3610 3647 εει,

2028 3667 2210 3735 οιιιιιὶιι
2227 3679 2343 3734 quae
2360 3675 2581 3736 propter
2598 3678 2696 3718 nos
2717 3666 2902 3720 volens
2920 3680 3107 3733 passus
3130 3674 3212 3721 est
3234 3681 3339 3722 non
3362 3669 3619 3726 voluisset

2032 3759 2170 3831 pati,
2195 3767 2249 3814 et
2277 3758 2399 3827 quia
2431 3755 2560 3811 fecit
2582 3755 2938 3811 voluntarium
2971 3755 3114 3824 quod
3147 3771 3252 3812 non
3285 3769 3404 3812 erat
3432 3758 3620 3814 volun-

2032 3856 2220 3910 tariutn
2251 3872 2263 3908 :
2289 3867 2388 3910 nec
2414 3852 2435 3883 ⁸
2462 3867 2555 3922 per
2579 3853 2679 3906 hoc
2708 3852 2845 3907 duos
2870 3850 3114 3907 Christus
3141 3864 3232 3907 aut
3259 3853 3396 3909 ﬁlios
3425 3855 3621 3924 praedi-

2032 3964 2186 4004 casse
2223 3946 2494 4004 credatur.
2543 3946 2696 4011 Quod
2738 3946 2785 4000 si
2822 3946 3016 4002 dicitur
3059 3947 3197 4006 istud
3239 3949 3619 4014 volntttarium,

2037 4040 2152 4096 haec
2191 4039 2402 4108 quidem
2447 4049 2662 4117 propter
2693 4052 2790 4094 nos
2818 4037 3006 4095 volens
3036 4055 3221 4108 passus
3249 4049 3331 4094 est
3357 4041 3624 4109 Christus,

2036 4139 2220 4186 etnon
2253 4131 2610 4186 voluntarium
2642 4131 2878 4198 Christo,
2928 4131 3012 4187 vel
3046 4135 3187 4202 quod
3219 4135 3406 4189 volens
3437 4151 3626 4202 passus

2037 4235 2114 4278 est
2149 4223 2290 4291 quod
2321 4238 2426 4278 non
2455 4224 2708 4278 voluisset
2740 4225 2880 4292 pati,
2923 4238 3028 4278 non
3054 4224 3186 4280 duas
3208 4227 3406 4280 divinae
3438 4226 3626 4280 Imma-

2040 4332 2230 4387 nteque
2278 4325 2484 4371 natura:
2529 4316 2829 4371 voluntates
2879 4318 3188 4384 ostendere,
3242 4318 3336 4374 sed
3383 4317 3628 4374 humanm

2042 4423 2278 4477 tantum,
2322 4421 2543 4481 propter
2583 4411 2728 4466 aliud
2772 4419 2827 4466 et
2861 4410 3027 4478 aliud,
3076 4412 3236 4467 aliam
3275 4420 3434 4482 atque
3473 4414 3630 4468 aliam

2044 4505 2399 4568 voluntatem;
2453 4501 2593 4571 quod
2639 4501 2692 4554 in
2732 4510 2918 4556 natura
2949 4501 3128 4557 divina
3161 4500 3186 4537 ⁵
3216 4518 3324 4558 non
3364 4507 3633 4572 congruit,

2043 4605 2102 4649 ut
2146 4595 2390 4649 eamdem
2444 4607 2556 4646 rem
2605 4593 2733 4647 velit
2782 4593 2941 4647 simul
2982 4602 3039 4648 et
3081 4594 3216 4650 nolit
3245 4613 3256 4648 :
3285 4604 3534 4664 superest
3583 4608 3633 4651 nt

2044 4690 2280 4758 exceptis
2309 4687 2394 4742 his
2422 4687 2806 4751 voluntatibus,
2857 4687 2958 4741 alia
2991 4685 3152 4742 fuerit
3182 4687 3236 4742 in
3288 4687 3506 4744 Christo
3548 4706 3634 4743 ea-

352 4794 561 4847 cunque
584 4778 671 4832 alii
697 4777 1035 4834 venerabiles
1058 4778 1268 4844 Patres,
1298 4794 1432 4847 quos
1461 4779 1599 4836 dicta
1633 4781 1940 4846 pratcedcn-
1974 4761 2018 4817 θ
2046 4782 2275 4849 demque
2325 4781 2377 4835 in
2430 4777 2590 4835 Patre
2619 4789 2671 4833 et
2699 4779 2901 4846 Spiritu
2946 4786 3156 4844 sancto,
3207 4789 3412 4834 naturae
3444 4779 3635 4836 divinat

352 4873 484 4924 tum
525 4885 633 4924 non
666 4869 892 4940 legimus
924 4885 1231 4934 excusasse,
1286 4871 1482 4940 aliquid
1517 4871 1632 4924 tale
1661 4871 1937 4939 dixerunt,

354 4961 641 5016 denotandi
685 4960 870 5030 procul
915 4960 1077 5014 dubio
1120 4977 1224 5014 nun
1269 4970 1426 5023 sunt,
1479 4944 1690 5030 qua-nde
1737 4972 1790 5016 et
1841 4963 1942 5031 ipsi

355 5052 595 5120 ejusdem
628 5053 841 5120 pietatis
865 5052 1027 5107 fuisse
1050 5053 1360 5106 credantur.
1393 5051 1524 5107 Cum
1549 5070 1676 5109 vero
1697 5054 1762 5110 de
1789 5057 1944 5111 beato

357 5146 561 5216 Cyrillo
588 5146 638 5198 in
663 5145 1080 5199 destructionem
1099 5144 1286 5216 synodi
1311 5143 1759 5201 Chalcedonensis
1778 5147 1943 5218 Euty-

355 5238 534 5291 chiani
575 5251 696 5291 cum
740 5237 854 5291 suis
904 5234 1226 5290 satellitibus
1267 5235 1478 5302 dicunt,
1525 5236 1616 5304 qui
1660 5251 1762 5292 non
1810 5237 1945 5294 forte

355 5329 746 5384 interveniente
772 5328 954 5396 aliqua
978 5327 1279 5391 occasione,
1313 5325 1406 5380 sed
1439 5326 1628 5380 sedulo
1657 5335 1713 5380 et
1742 5329 1805 5380 ad
1840 5329 1944 5384 hoc

356 5422 603 5475 instituto
629 5434 814 5487 opere,
844 5418 1115 5474 Theodori
1145 5433 1176 5472 a
1203 5417 1362 5472 tantis
1390 5417 1638 5472 Pati-ibus
1666 5419 1941 5488 prtedicati

356 5515 499 5569 dicta
531 5515 797 5568 notaverit
831 5530 843 5566 :
877 5515 1000 5583 quid
1033 5513 1175 5568 aliud
1210 5514 1224 5543 ¹
1259 5513 1360 5570 nisi
1389 5519 1446 5566 ut
1480 5513 1596 5580 ipse
1628 5513 1681 5566 in
1712 5512 1794 5566 his
1825 5530 1944 5583 qua:

362 5609 782 5662 memoravimus
809 5609 1128 5676 ueterisque
1159 5605 1423 5660 similibus
1455 5607 1832 5662 inexcusabilis
1856 5607 1946 5678 ju-

360 5699 612 5755 dicetur?
642 5701 852 5756 Veritas
878 5703 1020 5755 enim
1057 5699 1188 5755 dicit
1230 5718 1244 5754 :
1277 5697 1452 5752 Nolite
1472 5698 1730 5770 judicare,
1765 5711 1818 5753 ut
1850 5720 1947 5756 non

438 5854 452 5883 ²
495 5851 608 5907 Cod
642 5851 864 5916 Verum,
896 5852 1020 5919 quid
1050 5851 1194 5904 aliud
1226 5850 1444 5917 faciunt,
1471 5849 1587 5904 nisi.

427 5924 447 5992 ἲ
493 5925 634 5977 Idem
665 5921 809 5986 cod.,
839 5924 1023 5991 plagis,
1059 5923 1267 5992 ﬂagella
1296 5933 1343 5976 et
1369 5932 1560 5990 aptum,

429 5989 449 6022 ⁸
491 5993 636 6050 Idem
660 5995 804 6061 cod.,
834 5989 876 6047 ei
898 5989 1082 6062 fuisse.

2055 4874 2320 4939 voluntas,
2371 4873 2454 4928 cui
2495 4872 2638 4926 aliud
2682 4883 2736 4926 et
2777 4871 2920 4927 aliud
2960 4871 3251 4924 convenire
3294 4887 3398 4929 non
3448 4871 3635 4939 possit.

2050 4965 2280 5019 Proinde
2313 4965 2413 5017 hoc
2436 4964 2502 5015 ah
2531 4963 2986 5034 Eutychianorum
3018 4963 3098 5016 vel
3129 4960 3633 5033 Setnicutyehiano-

2051 5072 2166 5110 tum
2201 5055 2494 5109 fautoribus
2532 5065 2940 5121 exSpectunus,
2991 5068 3056 5105 ne
3101 5052 3151 5105 in
3190 5050 3638 5108 comlemnationc

2052 5149 2310 5204 doctrina:
2341 5146 2613 5202 Theodori
2659 5144 2958 5199 doctrinam
3005 5159 3217 5213 quoque
3267 5144 3411 5198 beati
3452 5145 3637 5213 Cyrilli

2054 5260 2149 5312 pro
2178 5241 2264 5296 his
2288 5251 2446 5310 atque
2477 5238 2846 5309 hujuscemodi
2871 5239 3082 5292 caeteris
3109 5239 3382 5294 damnent.
3416 5240 3567 5308 Quod
3597 5244 3638 5298 si

2056 5337 2267 5389 beatum
2299 5333 2555 5403 Cyrillum
2589 5331 2951 5386 condemnare
2982 5330 3134 5383 nefas
3165 5331 3502 5398 existimant,
3539 5349 3638 5389 nec

2054 5429 2394 5484 Theodorum
2439 5428 2490 5480 in
2535 5425 2900 5495 prmjudicium
2943 5425 3112 5478 sancti
3150 5425 3359 5480 concilii
3401 5425 3641 5494 culpent,

2055 5521 2207 5590 quasi
2249 5519 2555 5573 Nestoriani
2599 5518 2799 5573 erroris
2839 5524 3132 5572 auctorem.
3180 5515 3296 5570 Jatn
3337 5532 3465 5572 vero
3500 5519 3544 5571 si
3583 5527 3644 5574 et

2058 5621 2178 5678 post
2230 5621 2473 5664 exortam
2525 5625 2589 5663 ac
2636 5608 2964 5664 diffamatum
3017 5609 3244 5664 Nestorii
3292 5610 3640 5679 quatstionetn

2062 5704 2247 5757 beatus
2285 5703 2518 5773 Cyrillus
2568 5703 2692 5756 talia
2744 5703 2825 5756 vel
2875 5702 3051 5757 taliter
3103 5710 3185 5757 est
3233 5702 3461 5768 locutus,
3514 5703 3638 5771 quid

2125 5855 2143 5882 ⁸
2188 5854 2326 5907 Idem
2354 5853 2496 5918 cod.,
2528 5869 2617 5907 nec
2647 5862 2838 5910 tanien.

2128 5927 2145 5955 ⁸
2185 5925 2328 5980 ldctn
2362 5925 2506 5990 cod.,
2550 5929 2684 5994 quod
2719 5938 2917 5982 naturae
2947 5929 3129 5983 diuinae
3158 5946 3260 5985 non
3291 5933 3542 6001 congruit.
