4094 6500
527 406 632 463 8‘25
822 449 881 496 ,δ’

1589 401 1886 456 FACUNEH
1929 395 2138 453 El’lSC.
2185 396 2690 455 lililillllANENSIS

3687 399 3791 455 825

529 497 1139 584 mirumsi’l'lteodorus,
1165 518 1389 572 necdum
1415 517 1817 574 contradicente
1835 517 2105 581 Nestorio,
2139 515 2179 569 Α
2213 516 2371 583 igitur
2425 517 2742 585 Eutycbiani
2791 531 3082 586 eorumque
3128 514 3440 583 complices,
3500 515 3691 570 ductos
3739 524 3792 569 et

527 609 846 663 calumniam
878 609 990 663 sive
1017 609 1383 677 suspicionem.
1411 609 1665 678 inopinati
1696 611 1895 665 erroris
1926 611 2104 663 incur-

529 697 636 752 rit?
683 698 972 768 Cognoscis
1023 709 1198 758 autem
1257 714 1320 753 ex
1373 699 1454 754 his
1497 715 1615 768 quae
1667 702 2098 766 memoravimus,

528 791 943 845 clementissime
970 791 1278 860 imperator,
1309 791 1451 861 quod
1481 793 1744 846 veraciter
1774 793 2105 859 sapientissi—

528 897 645 934 mus
694 881 928 938 Joannes
986 882 1353 938 Antiocheuus
1403 899 1522 938 cum
1579 885 1826 939 orientali
1876 885 2104 940 concilio

528 975 768 1029 scribens
796 976 953 1030 beato
977 965 1198 1047 Cvrillo,
1223 991 1291 1031 ne
1315 976 1556 1043 quoidam
1581 987 1831 1047 excerpta
1858 993 1919 1032 ex
1945 978 2104 1032 dictis

528 1063 796 1119 Theodori
829 1065 927 1120 sub
953 1065 1290 1122 anathemate
1316 1066 1716 1135 damnarentur,
1754 1068 1899 1122 addit
1947 1077 2105 1138 atque

529 1157 636 1209 ait:
668 1172 688 1206 ί
727 1154 1012 1225 Excerptis
1040 1158 1186 1211 enim
1219 1157 1332 1212 istis
1377 1158 1570 1215 similia
1617 1159 1865 1229 quredam
1896 1159 2104 1214 inveni-

531 1262 648 1301 mus
675 1247 813 1316 apud
845 1249 1057 1312 beatum
1079 1247 1100 1282 ί
1123 1258 1178 1304 et
1198 1249 1431 1306 nobilem
1463 1249 1834 1318 Athanasium,
1861 1252 2102 1322 quaedam

529 1336 688 1391 etiam
721 1338 860 1406 apud
893 1338 1107 1392 beatum
1140 1339 1426 1407 Basilium,
1462 1341 1704 1409 quazdam
1735 1342 1872 1409 apud
1903 1343 2102 1412 Grego-

533 1430 666 1482 rium
696 1437 1000 1500 utrumque,
1055 1432 1222 1486 multa
1255 1447 1383 1488 vero
1414 1442 1469 1487 et
1497 1434 1632 1499 apud
1676 1434 2106 1502 Amphilochium

531 1519 728 1587 saepius
767 1519 942 1587 dicta;
980 1535 1084 1575 non
1125 1537 1284 1590 parva
1317 1538 1443 1578 vero
1491 1533 1546 1578 et
1591 1523 1728 1593 apud
1770 1539 2107 1581 communem

531 1607 743 1663 Patrem
791 1608 1008 1664 beatum
1051 1611 1425 1682 'l'heOphilum.
1472 1615 1607 1670 Sunt
1643 1615 1784 1669 enim
1823 1631 1940 1685 quae
1969 1619 1988 1648 ’
2023 1628 2109 1671 tua

532 1700 793 1754 sanctitas
827 1701 897 1754 ita
939 1701 1246 1768 conﬁtetur,
1297 1712 1353 1756 ut
1382 1705 1627 1762 eumdem
1672 1707 1738 1760 de
1772 1707 1874 1765 illis
1915 1709 2110 1764 habeas

534 1787 884 1843 intellectum.
915 1791 1009 1846 liis
1039 1807 1169 1858 ergo
1202 1795 1510 1852 commoniti
1533 1836 1547 1857 .
1601 1811 1706 1850 non
1737 1811 1801 1850 ex
1834 1796 2114 1852 hmretico-

2206 612 2495 665 catholicos
2524 625 2606 677 se,
2633 624 2738 664 non
2760 609 2828 666 de
2859 610 3014 663 unius
3038 607 3330 673 Theodori,
3367 607 3460 662 sed
3492 607 3559 662 de
3583 623 3795 680 magna:

2207 703 2392 773 synodi
2424 700 2877 758 Chalcedonensis
2913 701 3646 777 reprehensionejactarent,
3669 699 3796 756 iilo-

2209 811 2322 847 rum
2355 794 2570 848 Patrum
2611 793 2878 848 similibus
2903 791 3060 846 dictis
3087 805 3181 846 eos
3211 790 3338 844 duxi
3384 792 3794 846 conveniendus

2209 884 2562 950 coercendos,
2604 898 2741 954 quos
2772 898 2877 936 non
2917 881 3119 935 audent
3163 881 3381 948 culpare
3408 881 3549 934 velut
3578 881 3796 936 bar-eti-

2207 990 2300 1030 cos
2331 995 2342 1027 :
2369 992 2472 1030 non
2506 975 2648 1041 quod
2673 973 2886 1028 eosdem
2910 973 3098 1027 Patres
3127 971 3297 1025 videri
3324 971 3582 1027 notabiles
3605 973 3793 1038 velim,

2209 1071 2347 1123 sicut
2388 1068 2464 1122 illi
2514 1066 2854 1122 Theodorum
2905 1063 2970 1118 ad
3013 1062 3372 1119 evacuandam
3418 1063 3793 1118 auctoritatem

2211 1176 2415 1231 magna:
2458 1158 2648 1230 synodi
2691 1159 2878 1217 volunt
2919 1156 3084 1211 videri
3137 1155 3454 1220 notabilem;
3503 1155 3595 1209 sed
3629 1164 3686 1208 ut
3716 1158 3794 1238 eis

2209 1254 2549 1307 ostenderem
2575 1251 2716 1320 quod
2749 1250 2865 1305 sine
2891 1248 2975 1303 his
3009 1248 3252 1302 Patribus
3279 1261 3416 1318 quos
3444 1248 3664 1316 culpare
3687 1264 3795 1302 non

2211 1343 2442 1408 audent,
2493 1340 2835 1395 Theodorum
2869 1352 2964 1407 pro
2993 1336 3276 1400 similibus,
3329 1336 3412 1390 vel
3441 1336 3684 1392 eamdem
3709 1351 3796 1407 sy-

2214 1434 2441 1498 nodum,
2491 1431 2632 1501 quod
2678 1445 2798 1484 eum
2843 1444 2950 1482 non
2997 1426 3361 1491 damnaverit,
3415 1427 3629 1496 culpare
3684 1443 3794 1482 non

2216 1525 2436 1591 possint.
2463 1520 2551 1575 Sic
2573 1521 2852 1582 Dominus,
2877 1532 2996 1572 cum
3020 1516 3245 1570 sabbato
3269 1531 3361 1585 per
3383 1525 3495 1570 sata
3519 1518 3794 1584 transiret,

2215 1623 2269 1669 et
2295 1613 2539 1680 discipuli
2569 1611 2684 1680 ejus
2717 1609 3018 1664 esurientes
3065 1608 3352 1676 cwpissent
3379 1609 3579 1664 vellere
3618 1610 3796 1678 spicas

2216 1717 2270 1760 et
2299 1706 2639 1769 manducare,
2682 1701 3022 1771 culpantibus
3051 1715 3144 1754 eos
3175 1701 3480 1767 Pharisatis,
3526 1714 3578 1757 et
3605 1702 3792 1759 dicen-

2219 1798 2358 1851 tibus
2388 1817 2400 1849 :
2428 1796 2561 1850 Ecce
2602 1794 2842 1863 discipuli
2881 1795 2954 1846 tui
3001 1791 3202 1860 faciunt
3234 1794 3375 1862 quod
3410 1811 3510 1847 non
3556 1796 3670 1848 licet
3723 1797 3794 1849 eis

532 1893 649 1930 rum
694 1878 795 1933 vel‘
825 1895 1159 1950 quorumque
1207 1882 1383 1936 minus
1429 1883 1833 1954 intell'gentium
1865 1886 2109 1952 arbitrio,
2150 1881 2188 1936 Β
2220 1895 2388 1959 facere
2416 1888 2656 1953 sabbatis,
2705 1883 3025 1954 respondit:
3063 1882 3182 1937 Non
3224 1885 3414 1955 legistis
3454 1888 3579 1953 quid
3620 1888 3795 1955 fecerit

533 1968 672 2022 dicta
702 1971 939 2024 omnium
972 1971 1021 2024 in
1055 1987 1184 2040 pace
1210 1973 1466 2028 Ecclesiae
1494 1976 1888 2044 quiescentium
1909 1977 2113 2045 judice-

536 2073 684 2126 mus;
735 2063 842 2114 sed
870 2061 1045 2132 potius
1074 2076 1136 2117 ex
1171 2063 1466 2128 intentione
1494 2065 1783 2121 dicentium
1816 2084 1830 2120 :
1863 2070 2111 2136 quoniam

542 2150 656 2203 hzec
685 2164 805 2220 qua:
832 2167 1149 2223 quocunque
1179 2156 1338 2213 modo
1379 2158 1623 2212 videntur
1653 2158 1905 2213 lectorem
1942 2159 2114 2215 olleu-

535 2241 683 2308 dere,
709 2257 811 2296 non
827 2254 1173 2314 segregantes
1189 2249 1506 2318 semetipsos
1522 2249 1779 2303 adversus
1799 2249 2031 2306 Ecclesia
2040 2266 2108 2318 m,

534 2332 641 2385 sed
680 2347 778 2401 pro
827 2333 1069 2388 Ecclesia
1119 2337 1450 2404 scripserunt
1499 2340 1755 2393 adversus
1810 2340 2109 2395 haereticos.

533 2419 788 2491 Nunquid
811 2425 955 2478 enim
985 2427 1210 2495 probare
1243 2429 1524 2499 quisquam
1557 2439 1731 2501 potest
1760 2433 1898 2503 quod
1929 2443 2112 2489 contra

533 2525 626 2566 eos
655 2509 778 2566 talia
803 2513 1052 2570 dixerunt
1074 2519 1164 2587 qui
1193 2530 1528 2583 sacramento
1555 2521 1839 2576 dominicre
1871 2523 2116 2578 incarna-

535 2602 696 2658 tionis
725 2618 881 2658 unam
928 2605 1021 2660 Dei
1054 2607 1211 2664 Verbi
1243 2619 1400 2680 atque
1433 2611 1662 2667 hominis
1693 2612 1887 2668 factam
1925 2615 2114 2672 crede-

533 2693 662 2747 bant
713 2709 831 2750 esse
877 2712 1194 2770 personam,
1247 2711 1300 2756 et
1345 2717 1450 2758 non
1482 2705 1658 2773 potius
1707 2705 1967 2762 adversus
1996 2707 2116 2762 illos

533 2786 622 2851 qui
655 2786 786 2844 duas
813 2789 864 2842 in
897 2805 1000 2845 una
1030 2791 1225 2848 Christi
1255 2811 1478 2864 persona
1503 2796 1832 2869 denegabant
1855 2804 2116 2860 mansisse

535 2883 797 2936 naturas?
854 2903 871 2934 ι
917 2884 971 2938 Si
1016 2887 1134 2954 quis
1167 2886 1326 2956 igitur
1370 2889 1516 2943 dicat
1557 2889 1645 2944 illo
1686 2898 1949 2960 tempore,
1995 2909 2115 2948 cum

535 2988 638 3025 non
682 2973 888 3028 hisdem
931 2978 1122 3046 quibus
1167 2992 1263 3033 nos
1312 2982 1688 3036 hmreticorum
1736 2985 2118 3052 quaestionibus

536 3064 774 3121 Ecclesia
803 3067 1123 3136 pulsaretur,
1155 3081 1211 3125 et
1234 3074 1530 3128 necessaria
1557 3072 1672 3129 haec
1701 3075 1956 3130 adversus
1980 3077 2116 3133 alios

538 3158 838 3224 haereticos,
870 3171 922 3215 et
952 3161 1231 3217 catholicis
1262 3165 1472 3219 innoxia
1502 3163 1664 3220 fuisse
1698 3186 1707 3217 :
1742 3181 1884 3222 nunc
1906 3177 2112 3236 autem,

2220 1980 2385 2032 David
2412 1980 2618 2049 quando
2645 1977 2843 2044 esuriit,
2884 1985 2930 2031 et
2962 1981 3048 2045 qui
3087 1991 3204 2028 cum
3243 1993 3300 2030 eo
3328 1988 3474 2031 erant
3499 1995 3515 2031 :
3541 1981 3795 2046 quomodo

2216 2073 2417 2126 intravit
2447 2073 2500 2124 in
2531 2071 2738 2124 domum
2767 2069 2883 2138 Dei,
2913 2082 2961 2126 et
2989 2090 3144 2144 panes
3175 2073 3533 2143 propositionis
3552 2074 3792 2138 comedit,

2215 2183 2342 2236 quos
2371 2180 2472 2218 non
2496 2164 2674 2218 licebat
2703 2165 2749 2217 ei
2779 2165 2924 2218 edere
2960 2183 3119 2235 neque
3148 2167 3226 2218 Iu's
3253 2166 3340 2234 qui
3371 2181 3484 2217 cum
3509 2165 3600 2217 illo
3625 2174 3794 2229 erant,

2217 2258 2314 2309 nisi
2357 2255 2479 2308 solis
2518 2254 2909 2309 sacerdotibus?
2936 2257 3036 2309 Aut
3079 2273 3179 2309 non
3211 2256 3398 2327 legistis
3443 2255 3496 2307 in
3537 2257 3643 2324 lege
3678 2257 3797 2324 quia

2216 2346 2439 2400 sabbatis
2469 2345 2753 2400 sacerdotes
2785 2346 2838 2398 in
2871 2348 3056 2416 templo
3078 2346 3342 2400 sabbatum
3375 2347 3585 2410 uiolant,
3611 2357 3658 2398 et
3689 2348 3734 2398 si
3771 2363 3799 2400 ε

2217 2437 2425 2490 crimine
2467 2447 2584 2489 sunt
2617 2434 2826 2505 (Matth.
2862 2452 2956 2502 xu,
2984 2436 3170 2506 2-5)?
3210 2437 3360 2492 Sicut
3385 2452 3510 2503 ergo
3531 2436 3798 2491 Dominus

2219 2526 2500 2580 Pharisatis
2527 2526 2798 2593 apostolos
2815 2527 3153 2595 culpantibus
3170 2527 3284 2582 hate
3310 2526 3657 2596 respondens,
3689 2543 3797 2583 non

2221 2616 2532 2686 prophetam
2559 2616 2723 2670 David
2753 2625 2805 2670 et
2834 2617 2923 2686 qui
2949 2632 3070 2672 cum
3100 2618 3190 2672 illo
3211 2626 3393 2686 erant,
3425 2633 3599 2686 neque
3619 2633 3802 2674 sacer-

2217 2707 2369 2761 dotes
2401 2708 2566 2762 voluit
2597 2707 2763 2762 videri
2791 2709 3069 2772 notabiles,
3103 2708 3195 2764 sed
3223 2709 3398 2776 potius
3431 2718 3490 2763 ut
3520 2709 3621 2776 ipsi
3653 2709 3804 2764 Pha-

2219 2801 2360 2855 risavi
2402 2812 2706 2854 sanctarum
2735 2809 2785 2854 et
2832 2799 3142 2856 indubitata:
3185 2800 3518 2855 auctoritatis
3546 2815 3808 2867 persona-

2220 2910 2336 2948 rum
2392 2892 2638 2962 exemplo
2684 2893 2934 2959 coerciti,
2991 2893 3306 2948 innocentes
3355 2892 3644 2961 discipulos
3696 2908 3807 2947 non

2220 2985 2494 3054 culparent
2525 3001 2539 3039 :
2581 2984 2650 3037 ita
2678 2998 2774 3038 nos
2805 2998 2911 3038 non
2941 2983 3275 3038 venerabiles
3309 2983 3493 3038 Patres
3518 2983 3802 3038 oﬁ'endere

2221 3074 2536 3138 delectavit,
2574 3073 2668 3128 sed
2699 3073 3155 3143 Eutychianorum
3182 3071 3580 3142 satellitumque
3606 3086 3802 3127 eorum

2223 3165 2694 3237 praesumptionem
2721 3165 2907 3219 talium
2934 3164 3297 3232 exemplorum
3327 3163 3630 3232 obiectione
3656 3178 3807 3218 coin-

537 3250 868 3306 Nestorianis
910 3255 1247 3310 occasionem
1291 3257 1582 3325 simplicem
1626 3258 1924 3327 decipiendi
1974 3276 2117 3330 ψη-
2146 3243 2192 3304 C
2225 3271 2442 3325 poscere
2473 3274 2485 3311 :
2515 3255 2705 3324 quibus
2747 3255 2846 3308 hoc
2883 3253 3134 3320 dicimus,
3177 3263 3232 3306 ut
3273 3254 3317 3307 si
3357 3252 3473 3308 lure
3516 3252 3806 3316 Eustathii,

537 3341 797 3407 rentibus,
842 3344 1190 3402 abstinendus
1220 3363 1340 3402 esse
1370 3350 1575 3414 ﬁdeles,
1629 3353 1964 3421 maximeque
1993 3368 2116 3421 par-

539 3433 711 3496 vulos,
756 3433 822 3487 ab
868 3435 1186 3504 scriptorum
1221 3439 1400 3493 talium
1449 3440 1718 3496 lectione:
1752 3443 1836 3496 cui
1881 3459 2015 3497 sano
2057 3459 2119 3498 ac

540 3521 787 3590 prudenti
814 3523 1208 3595 displiceathoc
1222 3543 1408 3584 sanum
1437 3531 1776 3601 prudensque
1803 3533 2119 3588 consilium?

539 3621 596 3666 ut
636 3615 883 3682 quoniam
928 3617 1110 3673 hostes
1151 3634 1283 3686 quos
1325 3622 1481 3676 modo
1529 3638 1626 3677 nos
1669 3624 1917 3693 patimur,
1962 3626 2120 3679 aliter

537 3713 816 3758 armantur
857 3704 1116 3762 adversus
1150 3709 1470 3777 Ecclesium,
1523 3713 1638 3782 ejus
1674 3729 1885 3783 quoque
1937 3714 2120 3769 ﬁdeles

537 3805 600 3844 ac
619 3805 1042 3863 propugnatores
1066 3799 1116 3852 in
1141 3799 1257 3853 aliis
1281 3814 1398 3855 sese
1423 3804 1586 3856 armis
1615 3813 1930 3867 exerceant;
1963 3812 2120 3873 atque

537 3883 610 3937 ita
643 3885 760 3940 sine
789 3888 1129 3958 antiquorum
1157 3890 1411 3947 Ecclesize
1440 3893 1847 3962 prmdicatorum
1883 3895 2118 3959 infamia,

537 3975 605 4030 ab
637 3976 1008 4035 haereticorum
1040 3983 1244 4037 insidiis
1273 3985 1627 4038 calumnietur
1661 3986 1700 4039 ³.
1727 3985 1835 4040 Nec
1858 3987 2118 4042 videbitur

537 4069 800 4125 insultare
824 4070 1109 4139 defunctis,
1143 4085 1233 4127 aut
1265 4075 1628 4144 religiosiores
1659 4091 1756 4129 nos
1788 4087 1877 4130 aut
1907 4079 2120 4147 sapien-

537 4159 704 4214 tiores
730 4160 780 4213 in
808 4161 1035 4217 aliorum
1064 4164 1574 4233 reprehensionibus
1601 4175 1892 4231 ostentare,
1927 4179 1976 4222 et
2006 4169 2117 4237 glo-

541 4251 674 4305 riam
705 4253 771 4308 de
817 4255 1102 4325 ignominia
1144 4257 1513 4312 defunctorum
1561 4269 1812 4328 appetere
1841 4261 2016 4329 :quod
2049 4261 2119 4315 ita

539 4344 730 4400 beatos
751 4348 1037 4416 Gregorius
1059 4351 1107 4402 in
1129 4351 1480 4420 Apologetieo
1503 4367 1598 4405 suo
1623 4361 1772 4406 notat
1796 4367 1809 4405 :
1846 4371 1863 4401 ι
1895 4350 2114 4420 Omnes,

542 4435 739 4503 inquit,
787 4452 854 4490 ex
907 4438 1009 4493 hoc
1052 4441 1190 4494 docti
1241 4452 1294 4496 et
1332 4443 1580 4497 catholici
1631 4445 1878 4497 volumus
1925 4443 2116 4508 videri,

540 4531 584 4578 si
619 4526 750 4581 alios
774 4529 1249 4600 reprehendamus,
1283 4545 1334 4588 et
1363 4513 1551 4603 impios
1576 4534 1896 4604 judicemus.
1937 4553 1955 4586 ι
1983 4533 2115 4588 Cum

617 4682 633 4709 ³
676 4679 810 4734 Cod.
841 4681 1060 4747 Vet‘on.,
1090 4695 1164 4736 trr
1195 4688 1414 4741 beatum.

615 4752 634 4779 ³
675 4748 814 4804 Idem
841 4755 985 4820 co:l.,
1018 4771 1130 4825 qum
1159 4775 1183 4808 c
1207 4759 1306 4810 iam
1335 4767 1444 4813 tuo.

550 4916 810 4929 ...συ-...-

830 4920 1638 4930 *ΠΨ-...ψ

1060 5215 1287 5273 CAPUT
1327 5217 1611 5281 PRIMUM.

550 5331 700 5397 Quod
747 5324 1039 5385 lirrreticum
1072 5333 1227 5400 faciat
1264 5346 1362 5384 non
1384 5330 1698 5402 ignei-autin,
1753 5329 1841 5382 sed
1871 5329 2125 5402 obstinata

619 5403 844 5470 defensio
875 5403 1150 5472 falsitatis;
1183 5412 1230 5453 et
1256 5401 1417 5470 quod
1442 5402 1664 5454 hterelici
1697 5417 1810 5459 non,
1836 5401 2004 5454 statim
2031 5401 2115 5470 ju-

619 5474 825 5524 dicundi
851 5477 950 5524 sint
977 5473 1064 5540 qui
1093 5473 1142 5524 in
1175 5472 1425 5541 aliquibus
1459 5476 1760 5524 errarerint.

623 5583 868 5636 Defensio
917 5599 1122 5652 magum
1176 5584 1363 5654 synodi
1426 5582 1899 5646 Chalcedonensis,
1964 5598 2120 5648 quam

550 5673 900 5728 criminantur
927 5674 1180 5742 Acephali
1205 5674 1343 5744 quod
1359 5674 1638 5743 episto‘am
1673 5674 1992 5728 venerabilis
2017 5674 2122 5728 Iba:

550 5764 844 5817 doctrinam
859 5763 1124 5819 Theodori
1149 5764 1446 5819 laudantem
1468 5764 1720 5831 judicavit
1740 5764 2118 5828 orthodoxam,

553 5853 805 5924 compulit.
834 5867 930 5912 nos
955 5894 982 5915 ._
1001 5853 1349 5910 Orientalium
1385 5855 1619 5913 maxime
1643 5853 1964 5909 admonente
1995 5869 2120 5909 cou-

1537 5019 1879 5102 LIBER
1955 5017 2791 5137 DUODECIMUS.

2221 3347 2531 3412 Athanasii,
2567 3345 2955 3414 Amphilochii,
3003 3344 3278 3413 Gregorii,
3327 3342 3554 3397 Joannis
3615 3353 3671 3398 et
3697 3341 3806 3412 Cy-

2223 3440 2356 3501 rlli,
2402 3438 2541 3493 dicta
2583 3452 2700 3508 quae
2743 3438 3177 3503 memoravimus,
3228 3437 3416 3491 melius
3461 3437 3812 3506 interpretari

2223 3539 2473 3598 possunt,
2507 3531 2664 3584 etiam
2688 3528 2956 3583 Theodori
2987 3529 3175 3583 melius
3205 3529 3551 3597 interpretari
3582 3530 3776 3600 dignun

2225 3628 2306 3672 tur
2340 3637 2349 3669 :
2386 3619 2427 3672 si
2477 3633 2576 3671 non
2599 3659 2612 3684 ,
2645 3627 2697 3672 et
2737 3617 2756 3648 ‘
2783 3617 3116 3672 doctioribus
3151 3631 3212 3672 ea
3251 3617 3591 3686 relinquunt,
3642 3618 3809 3672 etiam

2223 3707 2491 3761 Theoduri
2518 3708 2593 3761 sic
2624 3709 2946 3777 relinquant.
2971 3706 3122 3774 Quod
3145 3707 3190 3760 si
3217 3716 3460 3774 putantes
3484 3719 3809 3764 memorato-

2223 3814 2340 3851 rum
2396 3798 2606 3851 Patrum
2647 3797 2786 3850 dicta
2837 3797 3029 3850 melius
3081 3797 3422 3865 interpretari
3472 3811 3578 3851 non
3626 3813 3805 3867 posse,

2224 3905 2327 3942 non
2360 3899 2535 3946 tamen
2569 3903 2634 3947 es
2667 3888 2748 3940 his
2780 3903 2899 3957 qum
2947 3886 3172 3940 necdum
3204 3887 3532 3941 sollicitante
3576 3888 3808 3946 Nestorti

2222 3982 2517 4051 quaestione
2544 3979 2723 4032 minus
2743 3979 3050 4032 examinate
3077 3979 3277 4046 prolata
3303 3987 3455 4044 sunt,
3491 3978 3807 4034 laudabilem

2224 4093 2405 4130 eorum
2438 4074 2733 4129 doctrinam
2766 4073 3076 4128 existimant
3097 4071 3440 4142 iudicandam
3477 4091 3488 4126 :
3517 4072 3620 4128 hoc
3644 4075 3804 4129 etiam

2223 4170 2290 4223 de
2333 4166 2602 4222 Theodori
2654 4165 2892 4219 doctrina
2941 4174 3178 4219 sanctam
3221 4163 3484 4234 synodum
3527 4165 3802 4232 judicasse

2226 4278 2330 4314 non
2355 4269 2596 4330 arguant.
2627 4259 2758 4314 Nam
2778 4241 2903 4328 quia
2928 4274 3030 4312 non
3051 4257 3365 4326 ignorantia,
3391 4258 3484 4311 sed
3509 4258 3804 4314 obstinatio

2224 4351 2345 4405 facit
2374 4349 2707 4413 haeretieum,
2754 4358 2806 4402 et
2837 4349 2886 4401 in
2918 4349 3283 4418 superioribus
3317 4349 3482 4403 malta
3507 4347 3618 4418 jam
3652 4349 3804 4405 dixi-

2225 4459 2362 4511 mus,
2396 4455 2446 4498 et
2478 4444 2716 4513 sequenti
2745 4443 2881 4498 libro
2909 4443 3174 4512 aliquanta
3207 4443 3470 4497 dicemus.

2300 4686 2320 4716 ³
2361 4685 2505 4738 Idem
2534 4686 2686 4746 cod.,'
2725 4682 2955 4735 Ecclesia
2988 4683 3258 4734 muniatur.
3304 4682 3431 4747 Nec,
3464 4691 3568 4738 etc.

2302 4755 2339 4816 ’⁸,
2364 4756 2502 4813 idem
2531 4757 2677 4819 cod,
2711 4756 2751 4805 si
2783 4770 2893 4804 vero
2924 4752 3255 4804 doctioribus.

2977 4921 3810 4944 *η’-Ἥ

2231 5215 2381 5282 cilio,
2441 5218 2682 5285 quaedam
2739 5233 2803 5270 ex
2847 5217 3002 5270 dictis
3053 5216 3387 5285 antiquorum
3423 5217 3632 5269 Patrum
3687 5232 3816 5284 pl‘O-

2231 5309 2370 5362 terre
2396 5324 2512 5377 qua:
2539 5309 2775 5376 legentes
2805 5323 2911 5361 non
2945 5308 3120 5360 minus
3160 5322 3316 5375 quam
3347 5307 3438 5359 illa
3461 5322 3578 5376 qua:
3609 5306 3661 5360 in
3694 5308 3817 5374 ipso

2233 5397 2514 5452 Theodoro
2554 5400 2792 5467 culpant,
2820 5398 3091 5452 oﬂendere
3123 5398 3422 5452 videantur.
3461 5399 3524 5451 lit
3551 5399 3818 5467 quoniam

2233 5487 2623 5542 contenmenda
2654 5502 2758 5540 non
2804 5496 2889 5541 est
2918 5487 3037 5539 talis
3066 5485 3291 5540 oll'ensio
3311 5525 3326 5550 ,
3361 5501 3460 5540 nec
3487 5486 3660 5540 omnia
3690 5502 3818 5552 quae

2234 5597 2295 5635 ex
2325 5581 2480 5634 dictis
2507 5594 2694 5635 eorum
2737 5561 3058 5648 protulimus
3088 5593 3370 5646 possumus
3409 5593 3683 5637 excusare.
3717 5595 3818 5633 ne-

2233 5686 2337 5739 quo
2357 5671 2400 5724 si
2427 5684 2704 5738 possemus
2725 5678 2934 5737 tempus
2951 5668 3222 5723 sufﬁceret
3242 5669 3306 5722 ad
3327 5671 3624 5723 excusanda
3647 5670 3816 5722 etiam

2235 5773 2424 5816 cetera
2453 5778 2568 5831 quae
2601 5764 2650 5816 in
2682 5762 2916 5830 ipsorum
2949 5771 3110 5828 atque
3153 5762 3380 5815 aliorum
3432 5763 3644 5815 Patrum
3680 5765 3816 5815 scri-

2236 5852 2339 5922 ptis
2382 5863 2600 5920 possunt
2625 5851 2895 5908 odendere
2935 5869 2944 5902 :
2989 5853 3085 5906 hac
3118 5854 3493 5924 cetupendiosa
3527 5864 3577 5906 et
3620 5869 3826 5914 secura.
