4094 6544
355 458 457 514 83ἔί

1175 455 1309 511 PRO
1351 452 1783 510 DEFENSIONE
1824 449 2035 508 τιιιωι
2072 447 2390 509 CAPITUL.
2433 452 2560 509 Llll.
2600 451 2710 509 XII.

3539 449 3644 506 826

357 587 546 628 omnes
591 572 643 626 in
696 571 953 627 Ecclesiae
986 589 1114 643 pace
1152 575 1434 630 defunctos
1480 577 1686 629 ratione
1713 573 1955 630 delendi-
1990 573 2030 629 Α
2060 585 2135 626 sto
2165 577 2247 629 lac
2288 577 2424 630 vobis
2471 591 2647 646 potum
2675 575 2824 641 dedi,
2853 591 2954 630 non
3001 590 3187 639 escam,
3237 575 3464 629 nondum
3513 573 3646 626 enim

358 681 501 732 mus,
546 674 602 720 ut
633 665 920 721 doceamus
958 667 1100 738 quod
1146 669 1349 723 nullum
1398 685 1586 725 eorum
1629 669 1944 724 luereticuin

361 757 526 829 digne
553 757 797 828 judicare
839 759 1127 827 possimus,
1161 760 1244 815 vel
1279 761 1332 828 _si
1366 761 1582 829 quidam
1616 759 1956 814 inveniuntur

370 850 570 919 aliquid
626 849 695 905 de
738 849 1046 920 hujusmodi
1079 853 1464 922 quazstionibus
1510 854 1807 925 ignorasse.
1842 851 1956 907 Non

365 952 542 1000 autem
598 956 685 997 me
728 943 1012 1012 quisquam
1063 945 1190 998 illud
1233 946 1288 999 in
1338 945 1590 1016 prmsenti
1634 946 1770 999 libro
1813 953 1960 1014 putet

364 1048 700 1104 aggressum,
735 1042 792 1087 ut
821 1033 1072 1089 deﬁniam
1105 1037 1231 1106 quid
1262 1037 1332 1091 sit
1362 1038 1503 1107 quod
1535 1038 1848 1092 htereticum
1880 1038 1959 1091 fa-

363 1124 468 1179 ciat
503 1139 518 1176 ι
550 1125 674 1191 quia
726 1124 826 1179 hoc
879 1135 1080 1180 tantum
1133 1137 1434 1184 monstrare
1483 1129 1766 1198 proposui,
1818 1129 1960 1198 quod

366 1215 578 1285 quidem
597 1217 704 1285 jam
730 1218 780 1271 in
804 1218 1170 1286 Superioribus
1193 1222 1537 1291 acceptabili,
1567 1224 1706 1278 sicut
1728 1225 1959 1289 aestimo,

368 1307 575 1361 ratione
604 1310 919 1378 monstravi,
955 1310 1222 1366 neminem
1253 1329 1350 1381 pro
1384 1315 1568 1368 talium
1600 1318 1961 1384 qutestionum

366 1397 688 1468 ignorantia,
740 1399 792 1454 in
845 1401 1079 1458 Ecclesia
1125 1403 1419 1471 viventem,
1449 1407 1565 1462 sive
1615 1407 1958 1475 defunctum,

369 1489 457 1556 qui
485 1504 544 1544 se
571 1489 800 1544 docilem
827 1491 1147 1548 Christiana:
1170 1495 1431 1550 doctrina:
1459 1496 1664 1566 praebet
1694 1506 1786 1552 aut
1829 1515 1964 1567 prae-

369 1580 506 1646 buit,
540 1582 849 1637 hmreticnm
874 1584 1074 1640 debere
1093 1586 1341 1655 judicari.
1369 1587 1498 1641 Nam
1533 1591 1575 1644 si
1607 1606 1748 1645 nunc
1777 1590 1964 1644 Eccle-

370 1671 450 1725 sia
500 1671 743 1740 quardam
793 1674 993 1729 Christi
1042 1677 1226 1742 schola
1276 1688 1381 1743 est,
1432 1694 1728 1750 omnesque
1781 1682 1962 1737 ﬁdeles

368 1760 484 1831 ejus
517 1760 715 1816 Christi
762 1763 1010 1820 d’cuntur
1040 1782 1160 1822 esse
1207 1769 1477 1838 discipuli,
1525 1786 1625 1826 nec
1679 1773 1960 1842 quisquam

370 1861 547 1920 potest
590 1854 852 1908 veraciter
881 1855 986 1909 dici
1033 1856 1348 1926 discipulus,
1382 1861 1470 1929 qui
1505 1875 1610 1914 non
1654 1862 1852 1930 aliquid
1885 1862 1962 1915 di-

2061 668 2344 734 poteratis;
2381 669 2470 722 sed
2505 685 2596 721 nec
2628 684 2764 722 nunc
2802 668 3002 736 quidem
3035 667 3241 736 potestis
3269 682 3286 719 :
3316 667 3486 720 adhuc
3515 668 3648 720 enim

2060 763 2176 812 estis
2203 759 2434 812 carnales
2462 759 2510 829 (Ι
2537 757 2656 813 Cor.
2677 774 2752 824 ιιι,
2776 757 2846 828 1).
2870 757 2923 814 Si
2953 758 3108 828 igitur
3130 754 3416 819 Corinthii,
3440 755 3526 824 qui
3556 754 3646 808 ad—

2062 851 2164 906 huc
2192 853 2482 917 perlectam
2511 853 2788 905 scientiam
2821 851 2872 904 in
2901 850 3200 904 ministerio
3229 847 3250 878 ⁸
3271 847 3647 902 absconditam

2063 943 2394 1003 nesciebant,
2423 944 2661 998 haeretici
2696 959 2802 996 non
2846 952 3024 1004 erant,
3057 940 3366 1009 quia,'sicut
3399 940 3474 992 ait
3502 941 3645 1007 Apo-

2062 1035 2253 1100 stolus,
2282 1036 2334 1087 in
2356 1034 2574 1089 Christo
2605 1033 2810 1102 parvuli
2835 1041 2988 1087 erant
3009 1049 3022 1085 :
3047 1031 3314 1100 quomodo
3345 1030 3648 1099 quisquam,

2061 1126 2176 1180 sive
2201 1126 2375 1180 adhuc
2403 1127 2606 1193 virens,
2637 1127 2755 1181 sive
2783 1124 3068 1179 defunctus
3095 1125 3145 1177 in
3181 1121 3417 1178 Ecclesia
3449 1121 3648 1177 Christi

2062 1226 2282 1286 propter
2304 1217 2478 1270 solum
2512 1231 2574 1268 ex
2613 1225 2762 1284 parte
2796 1215 3150 1282 ignorantiam
3174 1213 3440 1283 judicetiu-
3478 1226 3653 1266 narre-

2065 1309 2224 1374 ticus,
2252 1307 2319 1362 de
2364 1322 2465 1376 qua
2501 1323 2660 1360 nemo
2690 1306 2954 1375 redarguit
2985 1315 3043 1360 ut
3084 1305 3475 1359 correctionem
3516 1303 3654 1358 reci-

2064 1414 2196 1468 pere
2213 1399 2448 1454 nolnisse
2469 1400 2709 1454 dicatur?
2733 1400 3166 1470 Philippensibus
3191 1401 3352 1453 etiam
3377 1399 3650 1454 scribens:

2067 1488 2178 1560 Ego
2219 1505 2296 1542 me
2323 1491 2511 1560 ipsum,
2542 1490 2732 1560 inquit,
2765 1506 2864 1544 non
2905 1490 3129 1544 arbitror
3176 1489 3656 1556 comprehendisse;

2065 1597 2224 1634 unum
2245 1591 2437 1645 autem,
2461 1598 2576 1650 qua?
2617 1584 2821 1651 quidem
2844 1592 2978 1638 retro
3008 1589 3124 1637 sunt
3157 1582 3474 1648 obliviscens,
3499 1583 3568 1635 ad
3597 1598 3658 1636 ea

2066 1690 2182 1726 vero
2206 1689 2318 1741 qua:
2345 1684 2462 1726 ante
2501 1683 2618 1728 sunt
2659 1676 2931 1728 extendens
2960 1691 3058 1740 me,
3113 1677 3179 1726 ad
3227 1673 3538 1728 destinatum
3579 1689 3658 1727 se-

2067 1781 2216 1835 quor,
2260 1766 2328 1818 ad
2380 1766 2602 1828 palmam
2652 1783 2886 1833 superna:
2914 1768 3190 1822 vocationis
3222 1767 3318 1821 Dei
3359 1768 3413 1820 in
3454 1766 3659 1821 Christo

2068 1855 2218 1910 Jesu.
2249 1857 2544 1926 Quicunque
2568 1874 2688 1930 ergo
2709 1861 2918 1930 perfecti
2942 1860 3035 1913 lioc
3057 1860 3369 1913 sentiamus:
3389 1867 3435 1911 et
3463 1859 3507 1912 si
3532 1858 3656 1928 quid

370 1945 494 2008 scit,
515 1961 686 2014 neque
708 1946 931 2002 discitur
953 1948 1055 2003 nisi
1086 1949 1230 2018 quod
1252 1951 1555 2020 ignoratur;
1585 1954 1774 2022 procul
1796 1953 1958 2009 dubio
1989 1948 2038 2008 B
2065 1951 2209 2004 aliter
2236 1951 2453 2014 sentitis,
2489 1961 2534 2004 et
2565 1950 2661 2004 hoc
2690 1952 2830 2006 vobis
2858 1951 2991 2006 Deus
3017 1953 3257 2009 reuelauit
3288 1955 3336 2008 δ.
3379 1953 3656 2008 Verumta-

310 2054 321 2062 ·
372 2044 464 2088 aut
487 2034 676 2089 docilis
701 2036 998 2104 ignorantia
1032 2055 1136 2093 non
1165 2040 1292 2096 facit
1315 2041 1652 2109 hzereticum,
1675 2053 1765 2098 aut
1790 2047 1964 2099 omnis

373 2124 573 2180 Christi
605 2125 897 2196 discipulus
939 2131 1040 2184 erit
1071 2130 1376 2187 haereticus.
1403 2133 1466 2187 Et
1493 2134 1615 2204 quis
1637 2136 1750 2203 jam
1780 2135 1967 2190 catho-

373 2215 508 2271 lirus
552 2233 672 2273 esse
701 2221 932 2289 dicetur,
969 2223 1010 2277 si
1060 2224 1239 2279 omnis
1267 2225 1358 2294 qui
1405 2225 1474 2281 de
1501 2225 1813 2281 Christiana
1843 2228 1970 2282 rcli-

377 2311 536 2380 gione
560 2311 761 2382 aliquid
786 2314 961 2377 discit,
990 2315 1277 2372 haereticus
1303 2328 1384 2373 est
1410 2321 1710 2376 dicendus?
1737 2322 1888 2390 Quod
1918 2323 1960 2377 si

372 2402 540 2457 etiam
587 2405 874 2460 credantur
917 2407 1080 2478 aliqui
1112 2409 1189 2463 sic
1221 2410 1403 2465 omnia
1432 2411 1710 2482 didicisse,
1748 2423 1804 2468 ut
1835 2414 1967 2468 nihil

373 2492 482 2565 jam
515 2497 718 2563 possint
746 2497 944 2552 habere
967 2500 1108 2568 quod
1140 2500 1351 2556 discant
1374 2520 1389 2569 ;
1409 2503 1532 2571 quia
1560 2515 1735 2558 tamen
1766 2503 1969 2575 aliquid

377 2590 697 2657 ignorabant
740 2600 1026 2661 antequam
1068 2593 1366 2660 discerent,
1415 2611 1480 2650 ex
1515 2596 1786 2651 havretitis
1818 2598 1967 2652 vide-

375 2682 576 2736 buntur
608 2682 731 2737 lacti
761 2684 1018 2739 catholici
1047 2703 1061 2738 :
1091 2695 1248 2752 atque
1276 2687 1346 2740 ita
1379 2687 1672 2758 Colligitur,
1709 2697 1764 2742 ut
1796 2689 1972 2742 nullus

343 2841 348 2845 _
377 2773 685 2832 inveniatur
720 2775 771 2828 in
804 2775 1042 2830 Ecclesia
1072 2774 1295 2842 Christi,
1323 2777 1412 2847 qui
1465 2793 1572 2832 non
1603 2788 1693 2832 aut
1719 2794 1840 2833 esse
1883 2787 1974 2834 aut

379 2865 545 2923 fuisse
576 2866 920 2934 perhibeatur
951 2867 1268 2922 hmreiicus:
1300 2878 1353 2922 at
1388 2869 1490 2924 hoc
1519 2869 1702 2924 dicere
1757 2870 1840 2925 vel
1875 2886 1973 2940 pu-

382 2967 498 3010 tare
522 2972 644 3010 cum
690 2957 1092 3027 impiissimum,
1123 2967 1232 3012 tum
1273 2959 1436 3013 etiam
1476 2961 1636 3014 nimis
1679 2961 1972 3015 absurdum

347 3038 349 3040 ’
381 3057 484 3105 est.
515 3049 667 3106 Scire
688 3051 848 3120 igitur
874 3051 1134 3106 debemus
1164 3052 1305 3123 quod
1335 3053 1648 3110 harreticum
1683 3071 1788 3111 non
1819 3055 1978 3111 faciat

380 3141 685 3210 ignorantia
714 3157 833 3211 quae
860 3141 1120 3197 doctrime
1149 3146 1392 3200 veritatis
1421 3155 1708 3201 contumax
1740 3163 1843 3204 non
1870 3158 1973 3217 est,

382 3234 478 3288 sed
511 3233 687 3303 potius
719 3223 994 3290 obstinata
1031 3235 1274 3292 defensio
1309 3238 1578 3294 falsitatis.
1612 3241 1692 3294 Ad
1719 3240 1853 3296 hanc
1881 3242 1980 3296 ob-

382 3324 725 3380 Stiuationem
762 3327 1030 3395 pertinere
1059 3327 1306 3393 dicimus,
1331 3329 1440 3384 imo
1461 3330 1814 3402 principatum
1834 3333 1886 3387 in
1910 3347 1976 3388 ea
2006 3317 2050 3378 (ἶ

383 3427 568 3472 tenere
599 3419 889 3484 lirmamus,
914 3419 1032 3474 illas
1071 3422 1230 3476 etiam
1275 3422 1550 3478 doctrinas
1581 3440 1714 3495 quas
1753 3427 1970 3494 quidam

390 3523 498 3563 non
528 3511 679 3579 quasi
714 3510 892 3566 minus
926 3511 1274 3582 intelligendo
1305 3513 1608 3583 Scripturas
1629 3516 1853 3585 divinas,
1883 3517 1976 3572 sed

384 3600 464 3655 eis
505 3608 689 3668 aperte
745 3603 1078 3666 resistendo,
1127 3606 1239 3657 sola
1284 3607 1708 3675 praesumptione
1759 3609 1979 3678 spiritus

384 3692 772 3761 condiderunt,
799 3696 937 3752 sicut
987 3695 1308 3752 MilniCllil‘llS
1349 3707 1509 3768 atque
1549 3699 1807 3768 Origenes
1842 3711 1896 3768 ιι,
1924 3713 1979 3757 et

389 3787 596 3855 ca-tcri,
620 3787 709 3857 qui
740 3802 842 3842 non
874 3798 930 3842 ut
959 3789 1049 3845 alii
1077 3801 1364 3860 sequentes
1388 3807 1571 3847 earum
1597 3795 1971 3865 intentionem,

386 3878 440 3932 in
469 3878 728 3933 abstrusis
755 3881 1142 3948 quaestionibus
1171 3893 1511 3951 erraverunt,
1542 3885 1636 3938 sed
1664 3900 1827 3954 super
1857 3886 1976 3940 illas

388 3969 516 4024 elati
539 3970 728 4025 melius
741 3986 798 4026 se
811 3971 1158 4027 crediderunt
1174 3973 1251 4027 vel
1269 3988 1482 4046 sapere,
1498 3975 1579 4030 vel
1596 3975 1778 4030 dicere
1795 3977 1834 4029 ¹.
1848 3974 1978 4030 Nam

387 4061 430 4113 si
459 4061 760 4116 obstinatus
785 4062 874 4116 ille
903 4061 1164 4118 dicendus
1191 4072 1273 4118 est
1295 4065 1383 4133 qui
1416 4079 1522 4119 non
1551 4065 1695 4120 cedit
1724 4065 1981 4121 Ecclesim

388 4153 696 4206 constitutis
742 4153 1053 4208 earumdem
1097 4153 1498 4224 Scripturarum
1531 4158 1853 4212 auctoritate
1892 4156 1981 4211 lir-

391 4244 571 4310 tnatis,
605 4253 803 4312 quanto
848 4243 1134 4298 dcterlo:is
1181 4245 1560 4301 obstinationis
1603 4247 1863 4302 dicendus
1901 4258 1982 4303 est

392 4335 480 4401 qui
513 4336 642 4404 ipsis
691 4334 883 4390 divinis
913 4336 1209 4404 Scripturis
1255 4336 1551 4406 dedignaris
1594 4340 1937 4409 acquiescere
1964 4382 1978 4406 ,

392 4427 679 4481 inviolabili
712 4441 895 4482 carum
926 4427 1243 4497 plenitudini
1284 4437 1376 4483 aut
1403 4429 1625 4498 abrogat
1664 4433 1977 4498 veritatem,

391 4530 479 4572 aut
512 4519 710 4588 aliquid
741 4521 929 4582 deesse
979 4530 1127 4590 putat
1167 4522 1305 4591 quod
1357 4523 1568 4592 propria
1599 4523 1794 4580 debeat
1827 4526 1980 4580 adin-

392 4610 648 4665 ventione
693 4611 985 4680 supplere?
1017 4612 1220 4679 Quibus
1251 4621 1430 4666 autem
1462 4614 1511 4666 in
1541 4615 1700 4668 rebus
1747 4615 1862 4670 lucc
1887 4617 1983 4670 0b-

2071 2055 2187 2093 men
2240 2040 2309 2093 ad
2353 2041 2488 2108 quod
2529 2043 2874 2111 pervenimus,
2901 2044 2956 2096 in
2995 2044 3090 2097 hoc
3134 2045 3452 2100 antbulemus
3499 2044 3656 2116 (Plii-

2073 2137 2166 2200 lip.
2201 2151 2278 2198 Ill,
2313 2135 2523 2205 13-16).
2557 2136 2685 2200 Quae
2715 2151 2836 2190 cum
2884 2137 2954 2190 ita
3008 2139 3139 2204 sint,
3181 2139 3304 2205 quid
3353 2139 3420 2193 de
3451 2139 3656 2194 hisdem

2072 2227 2507 2296 Philippensibus
2535 2227 2826 2294 credimus,
2869 2228 3063 2299 quibus
3091 2230 3305 2284 diccbat
3333 2223 3656 2294 'Apostolus,

2068 2318 2210 2388 "quod
2245 2319 2400 2372 aliter
2443 2319 2728 2384 sen'irent,
2759 2329 2813 2374 et
2841 2335 2974 2388 quos
3008 2321 3280 2388 monebat,
3311 2331 3368 2376 ut
3396 2323 3447 2375 in
3486 2337 3552 2376 eo
3578 2321 3660 2374 in-

2074 2412 2227 2466 tcrim
2261 2411 2326 2463 ad
2360 2411 2498 2480 qzzod
2534 2421 2888 2478 pervenerant
2910 2412 3266 2482 ambularent,
3301 2415 3350 2467 id
3387 2423 3468 2468 est
3496 2413 3660 2481 proli-

2072 2511 2254 2557 cercnt
2281 2502 2302 2553 ’ἓ
2330 2500 2619 2555 llacrcticos
2650 2517 2778 2570 ergo
2803 2503 2936 2557 tales
2968 2504 3450 2572 pronuntiabimus,
3483 2519 3550 2558 an
3583 2504 3661 2558 iit-

2074 2593 2258 2647 doctos
2304 2592 2442 2646 catht
2465 2593 2642 2648 licos?
2681 2592 2790 2647 Sed
2821 2593 3102 2647 haereticos
3145 2594 3324 2648 dicere
3355 2609 3460 2647 non
3498 2593 3662 2647 aude-

2075 2682 2290 2748 bimus,
2347 2684 2539 2750 quibus
2586 2698 2706 2738 cum
2767 2691 2873 2738 tota
2931 2683 3169 2739 Ecclesia
3225 2680 3699 2740 communicabat'

2075 2773 2385 2841 Apostolus.
2404 2775 2582 2828 Resmt
2609 2775 2770 2842 igitur
2795 2784 2852 2828 ut
2872 2789 2985 2840 eos,
3013 2775 3137 2829 licet
3154 2775 3418 2839 indoctos,
3437 2784 3490 2829 ct
3508 2775 3663 2829 aliter

2076 2884 2234 2938 quam
2253 2869 2411 2923 docet
2432 2869 2628 2924 veritas
2651 2869 2966 2934 sentientes,
2992 2868 3288 2922 catholicos
3310 2877 3485 2921 tamen
3503 2868 3664 2923 fuisse

2077 2963 2338 3018 dicamus.
2370 2963 2478 3017 Nec
2527 2977 2632 3016 non
2663 2971 2719 3017 et
2747 2961 3160 3018 Colossensibus
3193 2962 3262 3016 ita
3292 2961 3477 3015 scribit
3507 2979 3521 3015 :
3554 2960 3665 3013 Etsi

2079 3076 2293 3129 corpore.
2309 3059 2486 3113 absens
2510 3075 2640 3125 sum,
2668 3060 2758 3113 sed
2779 3059 2966 3124 spiritu
2990 3057 3246 3111 vobiscum
3272 3073 3419 3110 sum:
3442 3057 3666 3126 gaudens

2078 3162 2125 3206 et
2153 3153 2329 3206 videns
2356 3151 2590 3205 ordinem
2636 3159 2879 3216 vestrum,
2913 3158 2956 3202 et
2988 3148 3042 3202 id
3077 3150 3214 3218 quod
3247 3150 3383 3202 deest
3431 3147 3670 3199 utilitatis

2087 3246 2208 3312 ﬁdei
2235 3256 2411 3299 vestra:
2444 3242 2666 3316 (Coloss.
2694 3259 2753 3307 ll,
2792 3242 2874 3312 5).
2916 3240 3161 3310 Nunquid
3208 3256 3336 3310 ergo
3388 3238 3669 3294 debuimus

2084 3337 2216 3392 istos
2266 3337 2547 3392 limreticos
2595 3335 2815 3398 dicere,
2853 3336 3106 3404 quoniam
3139 3333 3355 3388 videbat
3386 3332 3672 3400 Apostolus

2084 3428 2223 3496 quod
2251 3429 2352 3482 illis
2378 3427 2442 3482 ad
2469 3428 2750 3481 utilitatem
2783 3426 2905 3481 lidei
2939 3425 3168 3480 deerat?
3199 3425 3356 3478 absit.
3383 3424 3512 3477 Nam
3545 3437 3673 3490 quo-

2084 3517 2244 3572 modo
2271 3519 2463 3587 Spiritu
2509 3533 2629 3572 cum
2676 3517 2871 3572 talibus
2912 3517 3052 3571 idem
3096 3526 3238 3572 esset
3273 3516 3591 3584 Apostolus,
3622 3523 3674 3569 et

2082 3623 2267 3662 eorum
2312 3609 2486 3662 ordini
2526 3607 2930 3678 congauderel?
2962 3609 3038 3663 De
3070 3607 3156 3662 illa
3189 3623 3399 3677 quoque
3433 3609 3674 3672 muliere,

2084 3715 2203 3768 quae
2234 3709 2351 3754 erat
2375 3699 2428 3754 in
2460 3700 2602 3753 ﬂuxu
2629 3699 2904 3767 sanguinis
2921 3699 2988 3752 ab
3012 3699 3165 3752 annis
3192 3698 3257 3750 12
3287 3707 3339 3752 et
3367 3698 3417 3750 in
3443 3697 3674 3752 medicos

2085 3797 2406 3859 ci-ogaverat
2451 3805 2666 3843 omnem
2710 3790 3068 3844 substant'am
3117 3803 3292 3850 sit-im,
3335 3803 3433 3842 nec
3460 3788 3528 3840 ab
3570 3787 3677 3841 ullo

2077 3863 2255 3948 potuit
2286 3882 2482 3944 curari,
2519 3879 2642 3947 quid
2673 3878 3012 3934 sentiendum
3043 3878 3167 3933 est?
3197 3877 3311 3931 Non
3333 3878 3475 3932 enim
3511 3877 3676 3930 Deum

2083 3971 2390 4026 crediderat
2421 3971 2718 4036 Christum,
2751 3985 2872 4024 cum
2920 3969 3180 4024 fimbriam
3221 3967 3530 4022 vestimenti
3559 3965 3676 4035 ejus

2084 4064 2390 4129 attingeret.
2426 4062 2556 4118 Nam
2588 4061 2802 4116 dicuntc
2832 4061 3089 4125 Domino,
3122 4059 3248 4124 Quis
3277 4067 3352 4113 est
3381 4059 3469 4127 qui
3497 4074 3577 4110 me
3608 4068 3676 4112 tc-

2085 4162 2200 4224 tfglt
2226 4158 2249 4211 .7
2279 4164 2336 4212 et
2365 4155 2729 4220 respondente
2773 4153 2932 4208 Petro
2962 4163 3016 4207 et
3046 4153 3132 4221 qui
3185 4167 3306 4206 cum
3357 4151 3448 4205 illo
3475 4161 3630 4204 erant
3661 4169 3675 4206 :

2085 4248 2400 4318 Pia'ccptor,
2429 4244 2592 4300 turbt:
2633 4253 2680 4297 te
2725 4244 3069 4312 comprimunt
3111 4251 3156 4296 et
3196 4243 3443 4312 afﬂigunt,
3477 4251 3523 4294 et
3550 4241 3682 4294 dic-is

2084 4342 2198 4410 quis
2220 4354 2300 4392 me
2322 4337 2479 4406 tetigit
2505 4335 2658 4406 (Luc.
2684 4349 2800 4400 vni,
2829 4333 2960 4403 ιδῃ
2993 4348 3315 4406 rursumque
3338 4333 3567 4387 Domino
3597 4332 3679 4386 di-

2084 4438 2240 4486 cente
2270 4446 2283 4482 :
2320 4427 2510 4497 Tetigit
2551 4442 2632 4480 me
2661 4427 2845 4497 aliquis
2875 4442 2892 4479 :
2932 4441 3052 4479 nam
3083 4441 3175 4496 ego
3204 4425 3322 4478 novi
3359 4426 3590 4478 virtutem
3619 4423 3684 4478 de

2083 4539 2164 4577 me
2188 4522 2352 4577 exisse
2377 4518 2564 4592 (Ibid.,
2594 4515 2712 4586 46‘,
2745 4533 2841 4572 nec
2876 4517 3135 4586 prudente
3175 4516 3300 4584 quid
3332 4515 3531 4570 laetum
3567 4515 3683 4572 lues

2087 4616 2156 4671 rit
2194 4624 2253 4668 ut
2281 4613 2370 4667 illa
2401 4611 2576 4682 potius
2619 4625 2740 4680 qua:
2764 4616 2949 4664 sanata
2981 4618 3118 4674 erat,
3169 4609 3323 4662 testis
3354 4606 3554 4662 divina:
3578 4607 3685 4660 vir-

395 4703 612 4757 stinatio
643 4701 866 4757 haeresis
896 4702 1138 4758 habenda
1170 4705 1262 4769 sit,
1297 4704 1514 4773 majoris
1541 4714 1626 4758 est
1646 4707 1976 4775 quaestionis,
2010 4686 2061 4746 D
2089 4709 2216 4764 tutis
2261 4705 2547 4770 existeret,
2576 4704 2714 4758 sicut
2761 4702 2829 4757 ibi
2876 4710 3096 4756 secutus
3137 4700 3462 4770 evangelista
3511 4698 3677 4753 dicit:

391 4803 442 4846 et
473 4792 766 4847 intentione
794 4793 816 4824 ²
841 4793 999 4863 hujus
1030 4796 1210 4862 operis
1239 4794 1464 4849 alienae:
1497 4812 1638 4851 nunc
1680 4798 1821 4866 quod
1855 4815 1980 4868 pro-

391 4883 671 4955 posuimus
701 4899 1077 4954 cssequamur.
1105 4886 1337 4940 Dicimus
1369 4902 1518 4956 ergo,
1546 4889 1686 4956 quod
1718 4892 1924 4945 alienus
1951 4907 1980 4945 a

392 4974 610 5030 Christo
641 4977 708 5032 sit
735 4977 911 5032 omnis
961 4978 1263 5035 litereticus.
1312 4981 1602 5036 Corinthiis
1647 4993 1824 5037 autem
1855 4985 1982 5040 dicit

393 5070 724 5135 Apostolus:
759 5069 882 5124 Non
917 5071 1060 5137 potui
1095 5072 1232 5140 loqui
1263 5073 1398 5126 vobis
1420 5082 1658 5143 tanquam
1688 5075 1709 5105 ³
1738 5077 1986 5146 spiritua-

394 5161 545 5223 libirs,
575 5163 665 5216 sed
702 5163 848 5233 quasi
879 5163 1208 5215 carnalibus:
1239 5170 1484 5229 tanquam
1513 5166 1742 5232 parvulis
1768 5167 1817 5220 in
1843 5166 2008 5221 Cleri»

467 5328 493 5356 η
518 5317 807 5385 Utriusque
830 5319 1040 5387 cognati
1071 5319 1248 5373 multis
1278 5320 1328 5373 in
1375 5319 1531 5374 rebus
1560 5333 1771 5374 errores
1798 5335 1859 5374 ac
1880 5321 1976 5375 de-

393 5389 513 5444 liria
560 5388 795 5452 luerunt,
833 5403 926 5456 par
976 5389 1198 5457 proinde
1236 5390 1494 5445 adversus
1538 5405 1720 5445 sacras
1773 5394 1978 5446 litteras

395 5459 642 5515 audacia.
674 5458 824 5524 Quod
854 5474 982 5530 ergo
1011 5460 1077 5514 de
1109 5460 1414 5515 Maniclia'is
1453 5462 1515 5513 ad
1549 5462 1816 5516 solitarius
1839 5465 1977 5516 scri-

395 5539 575 5597 [)SIfI'ill
624 5531 965 5596 Athanasius,
1018 5531 1154 5585 lietis
1186 5531 1308 5586 illos
1357 5533 1824 5587 dissertationibus
1869 5533 1981 5587 suis

394 5600 601 5653 divinas
621 5600 924 5667 Seripturas
951 5602 1334 5662 adulterantes,
1365 5599 1572 5656 fabulas
1605 5618 1839 5657 narrare.
1875 5615 1979 5659 Mx-

397 5680 584 5747 azzaiot
611 5674 731 5747 γᾴρ,
758 5670 949 5747 inquit,
971 5674 1337 5747 stari-nitsuows;
1368 5675 1457 5733 τὰς
1486 5677 1621 5734 θείατ
1647 5680 1843 5747 γραφὰς
1872 5683 1981 5747 τοῖς

396 5741 590 5798 iet-ardia
622 5741 963 5803 inanimis-rat;
993 5743 1150 5813 λόγοις
1199 5768 1235 5814 μ
1272 5747 1576 5818 Odia/aiam.
1627 5741 1734 5800 iiut:
1758 5741 1831 5800 Ide
1860 5745 1981 5800 Oti-

467 5901 484 5931 ‘
515 5899 647 5954 Cutl.
673 5899 891 5966 Verum,
927 5901 1122 5955 docere.

467 5971 488 6004 ³
512 5969 658 6028 idem
688 5971 832 6043 cod,
857 5973 919 6026 ab
946 5973 1241 6028 intentione.

2102 4800 2289 4855 Videns
2335 4806 2502 4851 autem
2548 4795 2732 4849 mulier
2773 4796 2892 4863 quia
2937 4811 3038 4848 non
3094 4795 3274 4859 latuit,
3305 4801 3521 4845 tremens
3553 4791 3685 4845 venit

2091 4891 2284 4966 (lbid.,
2308 4891 2422 4959 47),
2453 4899 2498 4942 et
2538 4889 2758 4960 procidit
2799 4897 2918 4940 ante
2945 4888 3096 4958 pedes
3130 4886 3312 4940 ill.ns:
3343 4893 3396 4937 et
3426 4884 3494 4936 ob
3522 4897 3684 4950 quam

2093 4998 2308 5038 causam
2336 4983 2483 5035 illum
2511 4980 2785 5049 tetigerat,
2815 4978 3068 5032 indicavit
3089 4992 3269 5031 coram
3297 4975 3442 5030 omni
3467 4976 3686 5044 populo,

2094 5084 2151 5130 et
2180 5073 2632 5144 quemadmodum
2659 5069 2940 5124 confestim
2962 5080 3146 5122 sanata
3170 5068 3257 5122 sit.
3291 5067 3451 5136 Igitur
3471 5083 3534 5120 ex
3566 5081 3686 5120 ver-

2095 5168 2176 5222 bis
2210 5168 2364 5220 Luca:
2420 5165 2685 5219 dicentis:
2725 5163 2912 5217 Videtis
2956 5173 3125 5216 utilem
3179 5160 3360 5213 mulier
3409 5163 3530 5230 quia
3582 5175 3685 5212 non

2089 5340 2224 5394 geuc
2252 5323 2314 5374 ad
2347 5322 2551 5374 Menam
2583 5319 2824 5394 scribens
2854 5318 3019 5371 innuit
3045 5317 3393 5394 Justinianus,
3425 5315 3572 5394 illum
3598 5328 3686 5394 sa-

2088 5386 2206 5450 tim
2232 5396 2439 5446 litteras
2464 5396 2515 5446 in
2543 5392 2777 5454 sin-ciem
2807 5389 3234 5454 interpretaudas
3259 5386 3561 5452 suscepisse
3583 5387 3693 5448 ,ἵνα

2089 5476 2187 5522 τῶν
2219 5465 2452 5521 Ἑλλήνων
2478 5463 2796 5534 μυθολῡςιίας,
2823 5465 2909 5515 καὶ
2929 5466 3016 5537 an?
3045 5461 3536 5537 blotvtxuiznvabro?
3559 5457 3689 5537 πλάο

2090 5560 2175 5595 νην
2224 5528 2516 5607 εἰσαγάγῃίε
2569 5543 2622 5584 ut
2669 5528 2931 5607 :qcutiliuut
2983 5528 3213 5600 fabulas,
3249 5542 3292 5583 et
3339 5528 3690 5581 Munichaicas

2093 5607 2272 5677 quibus
2297 5604 2563 5677 laborabit:
2587 5619 2783 5677 errores
2807 5605 3092 5677 induceret.

2166 5680 2190 5716 ι’
2225 5675 2564 5742 ἀκακαλύᾴει,
2599 5673 2853 5727 reuelabit.

2175 5892 2194 5924 ⁸
2223 5891 2360 5945 ΙιΙοιιιι
2408 5889 2553 5955 cntl.,
2585 5892 2750 5958 quasi.

2178 5962 2198 5993 ⁸
2224 5965 2366 6019 idem
2398 5963 2542 6030 cod.,
2573 5961 2829 6034 mysterio.
