4094 6486
513 341 608 396 827
1609 353 1906 412 FACUNDl
1930 359 2138 415 EPlSC.
2175 360 2673 419 llERMIANENSIS

3707 336 3821 416 sae

515 458 686 528 latuit,
713 460 1058 531 intelligimus
1083 464 1202 532 quia
1224 466 1301 519 sic
1329 467 1575 537 tetigerat
1597 479 1656 525 ιιι
1677 471 1906 527 lateret:
1935 475 2101 531 latere
2135 481 2179 538 Α
2209 480 2435 546 ciperet,
2463 478 2614 547 quasi
2645 477 2929 544 nescienti,
2957 477 3094 531 sicut
3123 486 3175 532 et
3200 478 3289 532 illa
3323 478 3513 533 mulier
3537 495 3655 549 quae
3686 494 3819 534 san—

515 563 694 610 autem
727 570 1010 623 possenon
1037 556 1276 612 crederet
1311 560 1498 615 Deum.
1534 563 1806 620 Christum
1839 582 1966 637 ergo
1996 586 2101 624 non

521 650 684 703 Demn
709 649 1034 715 crediderat,
1067 667 1224 720 quem
1249 652 1417 709 latere
1445 671 1601 724 posse
1622 661 1942 728 crediderat,
1970 665 2106 719 adeo

515 748 570 794 ut
599 739 740 808 quod
772 740 825 794 iu
853 754 911 795 se
958 741 1152 796 factmn
1183 744 1366 811 sciret,
1401 745 1743 804 indicandum
1778 755 1826 806 ei
1869 765 2102 822 putaret.

513 833 602 886 Sic
634 831 776 886 enim
821 843 874 887 et
900 834 1035 888 alius
1073 836 1237 889 refert
1281 842 1648 908 evangelista:
1688 842 1881 898 Mulier
1933 861 2106 903 autem

514 926 696 978 timens
723 934 769 978 et
792 935 1030 990 tremens,
1063 927 1226 981 sciens
1255 931 1389 992 quod
1416 935 1609 998 factum
1638 943 1768 988 esset
1793 937 1845 988 in
1873 953 1945 1003 se,
1972 941 2106 994 venit

514 1025 558 1070 rt
580 1017 799 1086 procidit
825 1031 946 1071 ante
965 1035 1099 1083 eum,
1127 1031 1174 1074 et
1200 1022 1392 1076 dixitet’
1415 1039 1614 1078 onmem
1634 1028 1890 1082 veritatem
1909 1029 2102 1101 (Marc.

514 1125 562 1173 v,
593 1107 724 1171 55):
759 1120 817 1163 ut
853 1111 993 1178 quod
1042 1113 1184 1180 prius
1235 1127 1451 1183 aegrota:
1505 1117 1678 1185 pudor
1707 1120 2101 1188 absconderat,

511 1217 654 1255 same
685 1203 903 1257 devotio
927 1205 1202 1260 fateretur.
1243 1207 1306 1261 Et
1335 1207 1580 1266 fortassis
1611 1212 1734 1267 ideo
1757 1227 1902 1269 retro
1931 1215 2109 1286 tetigit

512 1293 809 1361 Christum,
845 1303 905 1349 ut
951 1297 1070 1364 ipso
1098 1313 1311 1366 quoque
1339 1309 1456 1354 actu
1506 1301 1775 1372 signaret,
1805 1308 1946 1375 quod
1997 1324 2104 1363 nou

512 1387 630 1456 ejus
657 1388 920 1454 anterius,
951 1404 1059 1458 quo
1090 1391 1346 1459 praecedit
1397 1395 1600 1461 omnia,
1637 1399 1929 1453 secundum
1961 1403 2105 1469 quod

511 1481 712 1537 dictum
739 1492 863 1537 est:
898 1481 963 1536 In
989 1485 1244 1556 principio
1284 1497 1396 1541 erat
1436 1488 1680 1556 Verbum,
1727 1492 1822 1547 sed
1861 1490 2106 1549 humani-

513 1583 696 1640 tatem,
729 1591 830 1644 qua
866 1585 1048 1644 postea
1089 1576 1310 1632 Verbum
1361 1596 1479 1633 caro
1509 1585 1703 1652 factum
1744 1595 1819 1639 est
1856 1583 2037 1653 (Joan.
2067 1600 2103 1650 ι,

512 1664 566 1729 1,
601 1663 714 1735 id),
749 1666 852 1720 fide
883 1655 1185 1738 contigerit.
1234 1669 1385 1724 Sicut
1432 1673 1574 1726 enim
1625 1675 1780 1729 nobis
1830 1677 1894 1730 ad
1923 1694 2104 1734 rerum

511 1757 954 1824 significationem
1015 1762 1180 1816 verba
1239 1774 1364 1817 sunt
1417 1765 1574 1832 data,
1629 1768 1707 1821 sic
1763 1772 2106 1840 omnipotens

2209 569 2386 636 guinis
2417 569 2562 623 fluxu
2592 578 2776 624 curata
2808 577 2913 633 est,
2947 568 3289 623 indicandum
3343 571 3542 638 putavit
3570 569 3759 624 dicens
3797 588 3816 624 :

2210 657 2453 724 Domine,
2477 661 2592 729 jam
2625 661 2772 730 fetet,
2805 661 3186 730 quatriduanus
3211 660 3348 713 enim
3369 669 3439 713 est
3473 658 3659 732 (Ιὺίιι.,
3694 659 3814 730 39).

2209 748 2319 802 Cur
2341 764 2470 817 ergo
2499 767 2605 804 non
2630 760 2682 803 et
2708 751 2835 804 istas
2860 750 3150 805 familiares
3173 750 3388 805 Christo
3415 765 3672 820 personas
3697 753 3811 806 bte-

2211 842 2408 896 rctieas
2443 843 2610 897 fuisse
2637 841 2902 909 dicamus,
2926 844 2970 898 si
3017 852 3069 898 et
3104 845 3403 913 ignorantia
3434 845 3661 911 simplex
3689 844 3813 898 lue-

2210 933 2439 987 reticum
2484 934 2657 988 facit?
2687 935 2794 986 imo
2832 950 2927 988 cur
2959 951 3063 990 non
3113 951 3303 990 omnes
3351 937 3440 990 Dei
3473 937 3708 991 cultores
3737 937 3812 990 ab

2210 1022 2361 1077 initio
2394 1024 2602 1092 mundi,
2637 1025 2726 1094 qui
2757 1025 2839 1079 vel
2870 1026 3009 1079 sicut
3054 1026 3316 1080 Corinthii
3348 1035 3403 1080 et
3430 1026 3810 1096 Philippenses
3841 1016 3848 1020 ’

2210 1123 2374 1182 atque
2399 1115 2770 1182 Colossenses,
2797 1117 2880 1170 vel
2913 1117 3049 1170 sicut
3071 1117 3186 1170 ida:
3219 1118 3490 1181 mulieres,
3513 1120 3688 1170 minus
3710 1119 3813 1171 ali-

2209 1209 2338 1276 quid
2370 1209 2650 1262 credentcs
2680 1207 2748 1262 de
2784 1208 2865 1263 his
2894 1226 3122 1274 quorum
3159 1210 3266 1265 fide
3305 1210 3645 1274 inundamur,
3682 1226 3810 1264 san-

2209 1310 2349 1352 ctam
2387 1309 2443 1353 et
2477 1299 2776 1368 simplicem
2817 1300 2982 1353 vitam
3016 1302 3069 1354 in
3103 1311 3491 1370 praeceptorum
3541 1300 3634 1354 Dei
3677 1300 3812 1354 obe-

2211 1391 2412 1448 dientia
2437 1393 2720 1448 finierunt?
2741 1393 2850 1447 Hoc
2873 1403 2956 1447 est
2983 1402 3157 1447 autem
3185 1394 3400 1458 mirum,
3419 1393 3556 1461 quod
3579 1403 3631 1446 et
3657 1393 3808 1446 illius

2216 1482 2454 1536 mulieris
2485 1497 2603 1551 qua:
2635 1482 2736 1536 fuit
2783 1484 2834 1537 in
2873 1482 3019 1537 fluxu
3058 1483 3332 1552 sanguinis
3385 1481 3696 1551 imperfecta
3754 1492 3813 1537 et

2211 1574 2428 1642 parvula
2457 1573 2611 1634 ﬁdes,
2643 1573 2930 1643 perfectam
2957 1583 3011 1630 et
3043 1590 3288 1644 magnam
3311 1575 3477 1644 exigit
3513 1573 3577 1627 de
3606 1572 3812 1626 Christi

2213 1664 2424 1733 jnstitia
2466 1667 2776 1731 sanitatem,
2821 1666 3011 1721 harum
3038 1682 3165 1722 vero
3194 1682 3464 1732 sororum,
3493 1667 3814 1734 stupendam

2216 1761 2508 1830 promeruit
2538 1762 2880 1831 quatriduani
2909 1761 3092 1816 fratris
3122 1761 3592 1816 resurrectionem.
3621 1762 3694 1814 At
3717 1775 3815 1812 no-

513 1851 679 1918 Deus,
712 1853 866 1920 cujus
899 1859 1146 1922 porestati
1194 1857 1434 1926 subjecta
1476 1871 1600 1934 sunt
1626 1863 1827 1929 omnia,
1863 1875 1915 1918 et
1956 1865 2108 1936 cujus
2142 1866 2186 1926 Β
2213 1862 2346 1920 stra,
2392 1871 2509 1925 qua:
2539 1855 2692 1908 nobis
2721 1865 2925 1909 tantum
2959 1870 3150 1924 magna
3183 1854 3394 1908 videtur
3442 1863 3606 1922 atque
3633 1853 3814 1921 perfe-

515 1945 780 2013 sapientia
809 1947 1158 2014 singulariter
1207 1951 1352 2004 nevit
1393 1954 1442 2006 in
1476 1969 1629 2006 usum
1661 1954 1917 2011 doctrinae
1945 1963 2105 2015 etiam

512 2035 842 2090 voluntarios
866 2038 1221 2094 nescientium
1257 2051 1431 2097 motus
1473 2046 1856 2103 convenienter
1884 2059 2102 2119 aptare,

514 2137 856 2193 quascunque
880 2141 966 2182 res
988 2129 1218 2184 voluerit
1244 2143 1364 2186 actu
1392 2144 1654 2191 creatura:
1685 2152 1799 2193 sua:
1817 2141 2104 2209 significat.

515 2216 671 2272 Unde
696 2231 802 2272 nou
832 2217 1124 2290 incongrue
1153 2234 1281 2292 puto
1307 2227 1447 2293 quod
1492 2227 1612 2282 ideo
1643 2238 1696 2283 et
1743 2230 1810 2285 ad
1841 2215 2104 2288 fimbriam

512 2319 716 2363 tantum
764 2309 1071 2366 vestimenti
1122 2313 1240 2384 ejus
1266 2319 1528 2384 accessit,
1561 2335 1684 2389 quae
1727 2337 1826 2390 pro
1857 2340 2105 2380 mensura

512 2401 636 2458 fidei
664 2418 776 2458 suae
808 2418 912 2458 neu
945 2406 1117 2473 potuit
1144 2405 1210 2461 ad
1242 2410 1617 2467 excellentiam
1662 2415 1959 2485 majestatis
1991 2419 2107 2486 ejus

513 2495 809 2561 accedere;
837 2496 932 2550 scd
960 2496 1026 2550 ad
1056 2496 1109 2550 id
1137 2499 1279 2567 quod
1311 2500 1411 2569 piae
1441 2502 1827 2562 incarnationis
1866 2509 1983 2576 fuit,
2013 2525 2108 2579 per

512 2603 672 2654 quam
704 2587 990 2642 inclinatus
1022 2590 1076 2643 in
1108 2599 1280 2645 terras
1312 2591 1599 2650 humilitati
1633 2607 1828 2654 nostrae
1880 2601 2106 2670 propin-

511 2678 672 2746 quior
702 2678 870 2734 factus
894 2687 996 2736 est.
1030 2680 1140 2735 Nec
1169 2683 1388 2747 mirum,
1420 2683 1466 2738 si
1516 2685 1646 2739 fides
1679 2689 1835 2758 hujus
1867 2692 2109 2747 mulieris

513 2770 674 2824 fuerit
707 2769 1045 2839 imperfecta,
1078 2774 1158 2826 vel
1190 2774 1333 2842 quod
1377 2777 1431 2829 in
1461 2776 1573 2846 ipsa
1603 2780 2010 2848 imperfectione
2039 2785 2108 2838 de

513 2861 708 2916 Christi
739 2863 1106 2920 misericordia
1135 2869 1394 2936 receperit
1419 2873 1723 2942 sanitatem,
1755 2890 1874 2930 cum
1900 2877 1951 2930 in
1977 2879 2106 2947 ipsis

514 2971 724 3024 quoque
752 2956 998 3012 videatur
1043 2963 1300 3028 apostolis
1351 2964 1482 3018 tales
1513 2965 1720 3034 aliquos
1753 2969 1938 3036 fuisse,
1969 2973 2109 3026 sicut

509 3045 619 3116 jam
648 3049 715 3103 de
730 3049 934 3104 Thoma
962 3052 1284 3123 etPhilippo
1305 3056 1604 3124 docuimus,
1631 3075 1726 3129 per
1750 3077 1908 3131 quam
1929 3073 2106 3120 tamen

516 3139 738 3194 virtutes
770 3141 1116 3208 perficiebant
1166 3146 1219 3200 iu
1253 3148 1474 3214 populo.
1526 3149 1636 3205 Nec
1677 3153 1993 3210 incredibile
2038 3157 2108 3212 sit

2212 1959 2319 2013 cla,
2350 1955 2407 2002 ut
2436 1962 2863 2017 non'parcamus
2907 1952 3163 2014 mortuis,
3203 1948 3286 2003 vel
3328 1948 3371 2002 si
3422 1963 3605 2001 verum
3663 1956 3814 2000 esset

2212 2039 2354 2109 quod
2386 2039 2604 2104 dicitur,
2651 2039 3000 2108 imperfectis,
3052 2055 3150 2094 nec
3183 2055 3406 2108 parvum
3435 2037 3578 2090 valet
3606 2036 3813 2102 aliquid

2219 2133 2528 2200 impetrare.
2560 2123 2906 2199 Disputamus
2957 2133 3291 2188 incessanter
3341 2141 3502 2202 atque
3531 2130 3813 2186 incondite

2212 2223 2279 2277 de
2305 2223 2422 2277 fidei
2447 2223 2765 2278 Christiana:
2789 2223 3147 2293 dogmatibus,
3165 2223 3408 2279 volentes
3433 2224 3483 2276 in
3511 2221 3810 2291 reprehen-

2212 2317 2364 2370 sione
2393 2316 2616 2369 aliorum
2650 2315 2794 2369 docti
2819 2325 2873 2368 et
2912 2315 3146 2384 religiosi
3179 2314 3346 2368 videri
3376 2325 3466 2368 :et
3498 2327 3617 2381 qua:
3649 2327 3813 2370 reve°

2213 2420 2396 2464 renter
2422 2423 2686 2479 parceque
2711 2408 2985 2463 tractanda
3017 2417 3159 2473 sunt,
3191 2407 3432 2462 ccclestia
3462 2406 3658 2476 passim
3689 2419 3810 2476 my-

2215 2503 2377 2557 steria
2413 2502 2754 2557 ventilamus.
2785 2501 2942 2557 lnaoe
2959 2500 3071 2570 jam
3105 2516 3299 2554 nomen
3321 2500 3400 2554 eis
3430 2499 3677 2553 relictum
3702 2506 3813 2559 est,

2213 2609 2319 2661 quo
2353 2603 2476 2646 sunt
2518 2601 2823 2661 nuncupata
2867 2591 3141 2660 mysteria.
3176 2591 3309 2644 Nam
3341 2589 3478 2644 inter
3504 2589 3705 2644 otiosas
3737 2588 3814 2640 fa-

2214 2684 2368 2740 bulas
2385 2695 2439 2738 et
2465 2685 2711 2753 vulgares
2738 2682 3006 2737 habentur
3029 2682 3346 2735 necessaria:
3373 2689 3428 2735 et
3455 2679 3636 2750 paucis
3660 2693 3816 2732 com-5

2213 2777 2487 2832 mittenda:
2510 2777 2630 2832 fidei
2655 2776 3007 2846 quaestiones.
3036 2775 3100 2829 Et
3125 2776 3176 2828 in
3199 2775 3280 2828 his
3303 2775 3553 2828 omnibus
3568 2771 3815 2826 videmur

2214 2869 2366 2922 nobis
2386 2882 2602 2924 causam
2629 2868 2840 2937 pietatis
2865 2882 3048 2936 agere,
3075 2867 3465 2921 conturbantes
3489 2864 3810 2931 Ecclesiam,

2215 2960 2266 3013 in
2300 2960 2453 3029 cujus
2481 2975 2613 3028 pace
2642 2960 2926 3014 defunctos
2953 2973 3049 3027 pro
3086 2959 3326 3028 parvula,
3353 2959 3490 3011 sicut
3521 2968 3772 3026 putamus
3796 2997 3812 3020 ,

2217 3050 2320 3104 fide
2343 3051 2492 3106 velut
2518 3050 2800 3105 haereticos
2826 3050 3158 3114 abdit-anius,
3188 3064 3308 3109 cum
3341 3048 3438 3118 ipsi
3467 3048 3696 3118 apostoli
3719 3048 3815 3102 ali-

2215 3141 2429 3209 quando
2463 3141 2660 3196 fuerint
2689 3141 2743 3194 in
2793 3139 2898 3195 fide
2951 3137 3288 3209 imperfecti,
3320 3153 3591 3208 nunquam
3634 3148 3817 3192 tamen

517 3230 658 3298 quod
687 3232 815 3286 licet
845 3234 1010 3288 Deum
1045 3251 1148 3290 non
1182 3238 1428 3294 crederet
1459 3239 1756 3311 Christum,
1789 3247 2001 3303 dicebat
2031 3260 2106 3303 ta-

2215 3232 2451 3288 hatretici
2473 3251 2486 3299 ;
2512 3249 2741 3304 cumque
2769 3234 2945 3288 adhuc
2975 3247 3161 3302 parum
3186 3232 3254 3286 de
3273 3229 3485 3286 Christo
3508 3229 3816 3295 crederent,

518 3340 644 3377 men
688 3327 810 3393 quia
851 3330 935 3380 vel
983 3327 1027 3381 si
1077 3330 1450 3386 vestimentum
1494 3333 1612 3402 ejus
1667 3338 1925 3406 tetigero,
1960 3341 2106 3394 salva

434 3462 439 3467 .
515 3431 647 3468 i-ro:
680 3432 800 3470 cum
850 3419 1110 3487 scriptum
1150 3421 1221 3474 sit
1249 3423 1302 3476 in
1343 3423 1492 3477 Actis
1531 3430 1928 3495 apostolorum,
1964 3433 2105 3500 quod

517 3517 722 3561 tantum
754 3509 938 3564 fideles
965 3510 1164 3566 Christi
1197 3515 1264 3568 de
1294 3516 1530 3585 ipsorum
1577 3534 1791 3589 quoque
1819 3522 2110 3592 discipulo-

519 3615 636 3650 rum
669 3598 785 3668 ejus
830 3601 1026 3657 virtute
1076 3604 1438 3672 crediderint,
1473 3619 1530 3663 ut
1576 3626 1681 3664 non
1727 3614 1900 3666 solum
1949 3629 2111 3684 super

517 3693 792 3759 languidos
849 3694 1244 3752 deferrentura
1290 3714 1518 3770 corpore
1574 3702 1719 3757 Pauli
1764 3705 1977 3759 sudaria
2027 3709 2110 3762 vel

516 3783 843 3840 semicinctia
874 3803 888 3852 ;
922 3797 976 3842 et
1007 3791 1332 3846 recedebant
1371 3795 1440 3850 ab
1467 3795 1546 3849 eis
1577 3796 1883 3866 languores,
1915 3811 1968 3853 et
1998 3802 2110 3869 spi-

517 3876 650 3934 ritus
700 3894 926 3950 nequam
970 3883 1381 3951 egrediebantur
1413 3889 1551 3958 (Act.
1597 3905 1705 3953 χιε,
1751 3891 1895 3961 18):
1928 3909 2109 3950 verum

514 3970 674 4023 etiam
695 3972 837 4042 quod
864 3975 1197 4030 credentium
1224 3977 1277 4030 in
1301 3977 1531 4034 Domino
1562 3982 1848 4039 multitudo
1873 3986 2108 4042 virorum

516 4076 580 4118 ac
611 4063 893 4118 ttutlicrum
943 4067 995 4119 in
1027 4067 1220 4136 plateis
1250 4069 1509 4138 ejicereut
1552 4072 1794 4128 infirmos
1815 4117 1830 4142 ,
1859 4085 1912 4129 et
1944 4092 2110 4146 pone-

515 4166 635 4208 rent
663 4155 712 4208 iu
739 4155 948 4212 lectulis
971 4167 1024 4212 et
1053 4159 1315 4227 grabatis,
1348 4171 1406 4216 ut
1435 4165 1687 4219 veniente
1731 4168 1893 4223 Petro
1921 4163 2133 4226 saltem'

515 4245 705 4300 umbra
731 4246 878 4302 illius
911 4249 1264 4306 obumbraret
1305 4269 1622 4322 quemquam
1666 4272 1852 4313 eorum
1887 4260 2022 4331 (Act.
2059 4279 2108 4330 ν,

518 4337 712 4408 lli-lli)
739 4357 752 4391 :
782 4339 907 4393 dum
941 4351 1288 4398 concurreret
1334 4346 1619 4402 multitudo
1649 4349 1942 4406 vicinarum
1981 4353 2113 4408 civi-

517 4441 684 4486 tatum
723 4432 1052 4489 llierusalem
1079 4476 1092 4501 ,
1128 4437 1412 4494 afferentes
1455 4452 1685 4508 aegrotos
1712 4453 1767 4499 et
1815 4459 2036 4501 vexatos
2079 4466 2110 4503 ει

516 4521 796 4589 spiritibus
845 4524 1154 4594 immundis,
1191 4530 1280 4598 qui
1329 4533 1656 4589 curabantur
1685 4552 1893 4592 omnes.
1929 4539 2108 4596 Placet

2219 3340 2466 3393 magnam
2500 3335 2820 3392 potestatem
2849 3331 3173 3392 acceperunt
3202 3325 3484 3393 spirituum
3512 3321 3816 3376 immundoa

2219 3434 2356 3480 ruru,
2389 3427 2448 3470 ut
2473 3416 2731 3486 ejicerent
2775 3431 2868 3472 eos
2899 3426 2952 3470 et
2982 3425 3238 3471 curarent
3261 3429 3475 3469 omnem
3503 3414 3816 3483 languorem

2216 3520 2267 3563 et
2291 3526 2506 3563 oinuem
2541 3511 2933 3574 infirmitatem,
2971 3511 3222 3564 mittente
3251 3522 3345 3562 eos
3375 3507 3622 3573 Domino,
3653 3516 3818 3575 atque

2215 3601 2504 3655 mandante
2537 3602 2582 3654 ἐ
2618 3599 2814 3657 Euntes
2857 3599 3154 3672 prwdicate,
3185 3600 3408 3652 dicentes
3432 3614 3452 3652 :
3474 3598 3595 3667 quia
3625 3613 3816 3666 appro-

2215 3695 2481 3763 pinquat-it
2513 3709 2726 3762 regnum
2760 3692 3000 3746 caelorum
3026 3707 3044 3742 :
3071 3690 3306 3758 inﬁrmos
3357 3697 3553 3752 curate,
3588 3703 3818 3740 monitos

2215 3785 2479 3848 suscitato,
2512 3785 2742 3848 leprosos
2787 3783 3054 3846 inundate,
3110 3783 3366 3835 daemones
3394 3781 3603 3852 ejicite:
3657 3781 3816 3850 gratis

2215 3877 2499 3944 accepistis,
2526 3878 2682 3947 gratis
2704 3875 2824 3929 date
2847 3874 3056 3946 (Matth.
3081 3891 3133 3940 κ,
3159 3873 3212 3940 7,
3244 3873 3330 3943 8).
3361 3873 3416 3928 Si
3440 3885 3568 3928 vero
3590 3873 3816 3939 aposmli

2217 3983 2316 4021 nec
2342 3969 2394 4021 in
2429 3969 2546 4036 ipso
2574 3969 2894 4038 ignorantiae
2917 3982 3025 4022 suae
3051 3975 3293 4033 tempore
3316 3964 3528 4018 fuerunt
3553 3963 3812 4027 haeretici,

2215 4076 2316 4129 qua
2351 4061 2559 4114 ratione
2585 4062 2867 4130 quisquam
2897 4075 2990 4114 eos
3019 4060 3108 4129 qui
3138 4057 3271 4112 tales
3298 4057 3365 4111 de
3391 4056 3490 4110 hac
3511 4055 3618 4110 vita
3639 4063 3813 4109 trans-

2215 4153 2413 4220 ierunt,
2439 4155 2706 4207 affirmare
2731 4154 2899 4223 possit
2929 4149 3243 4206 haereticos?
3267 4159 3320 4204 et
3351 4150 3395 4204 si
3419 4149 3516 4214 illi,
3547 4151 3633 4219 qui
3662 4162 3800 4216 pate-

2213 4254 2420 4300 sentem
2455 4245 2720 4301 habebant
2747 4245 2917 4315 ipsam
2946 4245 2996 4298 in
3021 4258 3245 4312 corpore
3276 4245 3576 4308 veritatem,
3611 4251 3806 4312 patue-

2217 4348 2341 4391 runt
2371 4338 2576 4404 absque
2617 4338 2845 4393 crimine
2888 4352 3046 4392 secus
3093 4335 3293 4405 aliquid
3336 4336 3403 4390 de
3434 4335 3527 4389 illo
3568 4336 3814 4389 minusve

2215 4427 2460 4493 sentire;
2509 4444 2605 4482 cur
2655 4428 2878 4484 interesis
2928 4427 3142 4482 crimini
3192 4427 3513 4496 deputetur,
3573 4427 3615 4479 si
3665 4425 3812 4495 quis-

2214 4535 2372 4587 quam
2404 4520 2456 4573 iu
2491 4520 2733 4576 Ecclesia
2783 4521 2984 4590 pietate
3035 4519 3320 4589 praeditus,
3353 4519 3678 4573 ohedientiae
3716 4517 3811 4572 de-

518 4615 696 4682 igitur,
726 4630 776 4669 u':
803 4616 957 4671 istam
982 4635 1190 4690 quoque
1216 4624 1494 4681 munerem
1521 4629 1945 4688 condemnemus
1969 4635 2110 4692 inter
2139 4634 2189 4693 D
2216 4623 2391 4683 vetus,
2420 4614 2691 4684 subjectus
2709 4625 2763 4670 et
2782 4616 2974 4670 habilis
2997 4615 3063 4670 ad
3084 4615 3423 4682 discendum,
3449 4618 3604 4670 aliter
3628 4616 3698 4671 de
3721 4617 3811 4671 illa

516 4707 803 4762 haereticos
843 4725 937 4777 pro
968 4725 1029 4763 ea
1064 4712 1168 4767 fide
1197 4730 1301 4782 qua
1330 4720 1505 4772 sanari
1561 4723 1773 4788 meruit,
1809 4733 1861 4779 et
1908 4726 1975 4780 de
2005 4744 2107 4797 qua

512 4800 562 4853 ei
621 4800 874 4856 Dominus
918 4802 1089 4858 dixit:
1126 4803 1303 4872 Filia,
1340 4810 1467 4876 ﬁdes
1501 4823 1587 4864 tua
1617 4824 1663 4868 te
1707 4815 1899 4869 salvam
1949 4819 2105 4887 fecit,

514 4893 641 4945 rude
672 4894 724 4946 in
751 4911 874 4963 pace
907 4896 1057 4965 (Luc.
1093 4913 1206 4964 Vill,
1241 4899 1334 4972 48)
1362 4902 1385 4954 ?
1434 4904 1488 4958 Si
1523 4907 1664 4959 enim
1695 4907 1996 4963 damnanda
2029 4923 2110 4966 est

517 4985 858 5051 parvulorum
891 4989 1020 5044 fides
1042 4992 1108 5044 ah
1137 4993 1216 5046 eis
1248 4996 1334 5062 qui
1381 5012 1586 5066 magna:
1617 5009 1670 5053 et
1696 5001 1947 5068 perfettae
1981 5006 2104 5062 fidei

511 5075 616 5130 sibi
643 5077 925 5145 videntur,
957 5097 1054 5134 cur
1099 5099 1203 5138 non
1259 5096 1314 5140 et
1358 5087 1457 5140 ista
1499 5089 1826 5147 damnetur?
1857 5110 1953 5150 cur
2000 5113 2106 5153 non

511 5170 672 5223 etiam
705 5171 866 5225 Maria
889 5181 941 5226 et
964 5174 1168 5229 Martha
1200 5192 1415 5233 sorores
1442 5180 1652 5251 Lazari,
1679 5188 1930 5252 quoniaut
1964 5198 2108 5243 utra-

511 5278 616 5331 que
651 5262 875 5319 Domiuo
899 5267 1035 5322 dixit
1063 5310 1073 5321 .
1101 5268 1162 5322 Si
1189 5269 1372 5338 fuisses
1401 5270 1506 5342 hic,
1542 5292 1639 5328 non
1667 5277 1843 5344 [uisset
1875 5289 2107 5336 mortuus

513 5356 670 5428 frater
702 5375 841 5412 mena
871 5358 1047 5429 (Joan.
1085 5378 1158 5430 xr,
1193 5364 1282 5429 2|,
1303 5364 1392 5431 52)
1419 5366 1442 5419 ?
1471 5368 1646 5434 Quod,
1674 5371 1809 5424 sicut
1830 5372 1939 5440 jam
1971 5375 2108 5428 dixi-

514 5462 668 5513 mus,
725 5450 965 5517 profecto
1015 5470 1118 5507 non
1175 5455 1448 5521 dicerent,
1512 5459 1553 5510 si
1605 5459 1769 5514 Deum
1823 5463 2107 5518 crederent

513 5538 806 5596 Christum.
836 5544 966 5610 Quis
996 5547 1137 5600 enim
1172 5547 1340 5602 Deum
1377 5549 1572 5605 alicubi
1601 5563 1749 5620 putet
1778 5554 2055 5611 absentem
2083 5557 2104 5610 ’ἒ

515 5630 719 5685 Martha
767 5649 917 5698 vero,
951 5637 1110 5690 etiam
1161 5655 1279 5692 cum
1333 5643 1537 5696 veniret
1585 5644 1650 5697 ad
1695 5658 2100 5703 monumentum

515 5722 770 5778 Dominus
826 5739 872 5781 ct
907 5729 1133 5796 lapidem
1162 5733 1248 5800 qui
1281 5737 1652 5804 superpositus
1681 5749 1793 5793 erat
1825 5740 1934 5794 tolli
1968 5757 2100 5811 pra:-

588 5881 602 5914 ‘
635 5881 767 5938 00d.
807 5883 1022 5953 Verum,
1058 5890 1128 5941 ita
1159 5892 1446 5946 mandante.

2214 4709 2462 4772 senserit,
2496 4708 2636 4776 quod
2667 4708 3055 4776 reprehensum
3102 4707 3380 4777 corrigere
3428 4707 3498 4761 sit
3538 4709 3800 4776 paratus?

2216 4804 2482 4869 Quocirca
2507 4821 2694 4859 omnes
2732 4805 2822 4874 qui
2855 4807 2904 4859 in
2939 4806 3260 4876 discipulatu
3291 4815 3414 4861 sunt
3443 4806 3704 4871 veritatis,
3750 4815 3809 4861 et

2215 4896 2536 4964 semetipsos
2585 4898 2779 4951 rationi
2816 4897 3022 4951 dociles
3072 4907 3125 4951 et
3172 4898 3447 4967 subjectos
3497 4897 3806 4960 auctoritati

2217 4987 2455 5055 praebent
2487 4987 2764 5054 Ecclesiae,
2818 4990 2862 5042 si
2907 4989 3059 5042 aliter
3089 4991 3302 5057 sapiant
3347 4989 3415 5043 de
3455 4988 3535 5042 his
3576 5003 3806 5057 quorum

2215 5081 2318 5135 fide
2351 5081 2702 5147 mundantur,
2747 5083 2831 5136 vel
2871 5064 3088 5152 propter
3119 5083 3426 5153 incapacem
3464 5098 3614 5137 suam
3647 5081 3808 5137 intel-

2212 5173 2506 5245 ligentiam,
2564 5177 2648 5231 vel
2705 5177 2882 5233 minus
2935 5191 3048 5232 rem
3101 5177 3583 5231 animadvertendo
3633 5190 3806 5244 quam

2211 5281 2346 5334 Opus
2366 5279 2488 5334 est,
2544 5269 2708 5336 impie
2755 5270 2940 5339 procul
2979 5269 3143 5325 dubio
3202 5277 3457 5337 tanquam
3515 5266 3805 5322 hareticos

2212 5373 2565 5418 exsecrantur
2587 5366 2628 5417 ³.
2661 5366 2760 5432 Qui
2805 5367 2947 5420 enim
2980 5367 3166 5421 Statuit
3196 5367 3249 5422 in
3290 5365 3454 5422 corde
3483 5381 3580 5422 suo
3609 5363 3802 5418 firmus

2215 5468 2316 5522 hoc
2347 5471 2591 5535 credere,
2640 5471 2781 5540 quod
2811 5471 2862 5525 in
2893 5470 3088 5526 talibus
3117 5469 3358 5524 doctrina
3388 5476 3444 5522 et
3474 5466 3608 5522 fides
3636 5465 3804 5519 habet

2213 5562 2493 5627 Ecclesiae,
2542 5565 2785 5632 quamvis
2822 5569 2930 5618 non
2979 5565 3214 5632 perfecte
3253 5563 3436 5618 omnia
3481 5562 3549 5616 de
3597 5559 3806 5614 hisdem

2212 5655 2383 5721 sapiat
2417 5657 2496 5709 vel
2533 5656 2808 5724 loquatur;
2859 5658 2982 5727 quia
3031 5665 3209 5711 tamen
3252 5654 3491 5711 scienti-te
3539 5669 3647 5708 sua:
3692 5667 3804 5707 non

2213 5747 2456 5813 confidit,
2499 5758 2552 5801 et
2603 5749 2766 5802 multa
2809 5750 2860 5802 in
2911 5749 3102 5819 quibus
3146 5760 3288 5805 errat
3331 5757 3424 5804 aut
3463 5746 3692 5811 dubitat,
3732 5744 3805 5798 ab

2280 5904 2297 5932 ²
2325 5905 2466 5964 idem
2492 5906 2639 5967 cod..
2673 5922 3012 5962 exsecramur.
