4094 6538
378 442 479 498 829

1162 447 1295 501 PllO
1325 445 1753 504 DEFENSIONE
1797 448 2010 504 TRIUM
2049 450 2365 507 CAPITUL.
2410 451 2537 506 LiB.
2580 451 2696 506 XII.

3559 456 3664 511 850

376 556 615 611 Ecclesia
650 564 794 611 recte
822 559 991 613 teucri
1024 574 1129 613 non
1176 560 1414 625 dubitat,
1459 561 1543 614 ubi
1588 562 1791 629 positus
1825 562 1967 615 velut
1997 565 2047 624 Α
2075 570 2178 628 tur,
2215 573 2471 631 quantum
2503 564 2553 616 in
2597 563 2694 617 hac
2730 563 2835 617 vita
2862 577 3178 619 concessum
3202 574 3313 632 est,
3346 567 3664 622 evaluerunt

374 650 425 704 in
458 648 642 703 schoia
674 650 914 704 veritatis
942 652 1084 719 pium
1134 651 1295 707 habet
1336 654 1572 709 discendi
1600 658 1965 724 propositum;

372 757 477 795 non
506 754 589 796 est
623 740 886 796 dicendus
917 744 1163 799 inimicus
1203 745 1370 814 ipsius
1396 745 1655 813 veritatis,
1700 747 1842 816 quod
1887 757 1968 802 est

373 832 682 895 luereticus,
728 835 821 889 sed
870 837 1223 901 perliciendus
1268 839 1444 906 potius
1495 838 1810 906 discipulus.
1862 841 1964 910 lm-

372 926 643 993 pcrfectus
674 927 773 980 iSIe
802 928 1047 994 profecto
1075 930 1205 983 nihil
1242 931 1325 984 sui
1371 930 1550 984 cordis
1580 932 1962 988 adinventione

370 1018 660 1073 confictam
705 1022 919 1090 propria
970 1024 1198 1092 quadam
1243 1025 1562 1079 auctoritate
1600 1026 1793 1080 docere
1832 1041 1968 1095 prm-

371 1108 555 1173 sumit,
583 1110 723 1165 sicut
752 1112 969 1181 quidam
1026 1116 1293 1181 haeretici,
1345 1130 1519 1185 neque
1560 1117 1681 1170 talia
1710 1118 1965 1173 docentes

370 1202 643 1267 sequitur;
676 1203 770 1256 Sed
800 1205 1106 1257 auctoritati
1136 1205 1433 1258 divinarum
1466 1207 1768 1261 litterarum
1791 1209 1804 1238 ¹
1826 1208 1966 1262 inni-

372 1289 518 1359 titur,
580 1301 738 1361 atque
783 1293 870 1347 ubi
919 1310 1099 1349 earum
1134 1297 1153 1325 ²
1187 1297 1593 1365 intelligentiam
1650 1314 1755 1351 non
1805 1299 1965 1353 fuerit

373 1391 651 1436 assecutus
694 1385 779 1455 (in
820 1384 1005 1440 multis
1037 1388 1330 1455 siquidem,
1374 1402 1470 1455 pro
1514 1389 1726 1443 illaruen
1772 1404 1960 1459 magna

374 1473 759 1542 profunditate,
787 1478 1052 1531 humanus
1081 1480 1275 1547 caligat
1306 1480 1598 1549 aSpectus),
1635 1496 1963 1551 cognoscens

370 1565 496 1634 quid
528 1566 655 1621 inde
703 1570 947 1623 statuerit
979 1570 1300 1627 universalis
1334 1572 1593 1638 Ecclesia,
1648 1576 1818 1629 errori
1864 1591 1960 1633 suo

367 1658 455 1727 pia
497 1660 676 1715 cordis
725 1662 1025 1717 humilitate
1056 1666 1345 1727 renuntiat.
1399 1668 1522 1733 quia
1551 1683 1822 1736 nunquam
1855 1669 1957 1723 sibi

368 1765 436 1805 ne
478 1752 635 1805 aliter
671 1765 888 1821 saperet
924 1754 1218 1811 interdixit.
1261 1756 1412 1811 Sicut
1451 1773 1580 1826 ergo
1619 1768 1742 1813 sunt
1786 1760 1960 1828 perfe-

367 1843 563 1897 ctiores
592 1845 831 1912 quidam,
879 1848 967 1916 qui
1014 1863 1207 1916 magno
1244 1849 1522 1917 Sapientiae
1566 1850 1708 1904 dono
1755 1867 1957 1921 prazva-

2076 654 2361 722 attingere.
2408 655 2485 707 llli
2535 653 2697 708 etiam
2753 653 2859 709 fide
2910 656 3279 710 tantummodo
3327 657 3545 725 perfecti
3597 656 3662 709 ad

2073 761 2195 799 eum
2229 746 2250 776 ⁷
2278 747 2498 815 propius
2532 754 2900 801 accesserunt.
2927 747 3016 800 lsti
3048 763 3176 802 vero
3198 748 3498 814 inferiores,
3527 762 3660 815 quos

2073 837 2228 891 tertio
2266 838 2434 907 gradu
2478 840 2777 906 posuimus,
2824 855 3126 909 quanquam
3160 854 3255 909 per
3302 826 3513 909 aliquod
3545 840 3658 893 ιοη-

2069 927 2185 995 gius
2217 927 2584 993 intervallum,
2620 929 2684 981 ad
2724 929 2861 983 idem
2908 941 3086 982 tamen
3124 930 3409 999 aspiciunt,
3450 940 3504 985 et
3536 930 3661 984 illuc

2071 1015 2269 1071 habent
2310 1017 2563 1071 veniendi
2614 1018 2971 1086 propositum.
3002 1019 3101 1084 Qui
3145 1020 3190 1073 si
3234 1019 3481 1079 hmrelici
3517 1019 3661 1088 judi-

2067 1118 2277 1173 centur,
2311 1119 2472 1179 quota
2512 1126 2634 1180 pars
2667 1110 2843 1174 nobis,
2872 1126 2976 1165 non
3011 1113 3182 1165 dicam
3217 1113 3285 1166 de
3314 1114 3457 1166 omni
3483 1113 3657 1179 plebe,

2067 1200 2163 1253 sed
2214 1203 2281 1254 de
2340 1202 2469 1267 ipsis
2546 1202 2913 1256 Ecclesiarum
2974 1204 3276 1271 pra'pnsitis
3327 1204 3659 1272 relinquetur

2068 1308 2184 1356 quae
2211 1293 2478 1347 catholica
2522 1293 2717 1347 debeat
2757 1292 3027 1363 judicari:
3074 1308 3194 1346 cum
3228 1303 3282 1348 ct
3329 1294 3447 1347 illos
3476 1295 3661 1347 excel-

2066 1383 2313 1437 lentiuris
2367 1383 2768 1452 intelligendi},
2832 1384 3155 1438 necessitate
3202 1384 3437 1453 suscepti
3484 1383 3651 1437 ollicii

2066 1492 2161 1545 per
2190 1476 2353 1530 ardua
2379 1477 2707 1546 gradientes,
2743 1491 3128 1545 nonnunquam
3165 1476 3348 1543 lapsos
3370 1476 3518 1529 sinus
3544 1477 3660 1543 pie-

2066 1571 2188 1623 tatis
2209 1569 2462 1638 excipiat,
2513 1585 2620 1638 qua
2661 1584 2720 1623 se
2764 1568 3070 1623 auctoritati
3116 1567 3350 1623 subdunt
3395 1567 3656 1621 Ecclesia:

2061 1661 2215 1729 cujus
2245 1660 2489 1729 magistri
2520 1670 2665 1725 sunt,
2705 1669 2764 1715 ut
2795 1676 2899 1714 non
2938 1660 3198 1730 glorietur
3227 1659 3401 1721 omnis
3431 1673 3558 1711 caro
3600 1656 3652 1710 in

2060 1762 2351 1819 conspectu
2392 1753 2549 1820 ejus?
2577 1752 2692 1806 Non
2726 1752 2883 1821 igitur
2909 1752 3132 1807 limresis
3162 1751 3387 1806 dicenda
3416 1759 3520 1815 est,
3555 1750 3653 1803 nisi

2058 1846 2412 1897 contradictio
2442 1843 2796 1911 superborum
2823 1843 3096 1912 pervicax,
3130 1858 3247 1911 quae
3280 1842 3377 1896 sibi
3414 1837 3485 1896 n6
3506 1840 3647 1895 al‘ud

369 1933 479 1988 lent
515 1946 694 1991 metite
733 1941 1113 2008 contemplari,
1155 1958 1274 2010 qua;
1313 1945 1686 1998 tantumnme
1722 1946 1956 1999 credo“-
1986 1955 2034 2012 Β
2062 1934 2230 2003 sapiat
2254 1936 2547 2000 intcrdi;it,
2578 1943 2632 1990 et
2671 1936 2942 1991 admonita
2977 1937 3270 1990 contemnit
3311 1935 3655 2002 acquiescee

367 2033 454 2079 tur
482 2027 547 2082 ab
577 2028 697 2083 aliis
730 2030 780 2083 in
815 2029 959 2083 vitaa
1013 2032 1283 2099 perfectis,
1325 2036 1394 2087 ita
1425 2037 1576 2090 multi
1608 2047 1733 2090 sunt
1762 2038 1957 2107 imper-

366 2114 489 2170 fecti
516 2116 568 2171 in
597 2118 840 2175 Ecclesia
870 2119 1092 2185 Christi,
1143 2132 1194 2175 et
1228 2132 1404 2179 tamen
1438 2124 1492 2177 in
1530 2127 1794 2181 servanda
1835 2128 1953 2197 ejus

366 2210 572 2263 unitate
608 2210 830 2277 perfecti
859 2230 870 2263 :
920 2212 1009 2280 qui
1038 2228 1158 2267 cum
1195 2230 1292 2283 per
1336 2216 1691 2285 ignorantiam
1725 2235 1873 2274 suam
1905 2225 1956 2276 in

365 2300 611 2370 plurimis
657 2312 862 2369 errent,
901 2304 950 2358 iu
986 2306 1132 2358 nullo
1166 2316 1341 2362 tamen
1373 2324 1558 2365 etrare
1595 2312 1819 2366 credunt
1857 2313 1957 2369 Ec-

363 2392 581 2446 clesiam
614 2395 764 2464 cujus
818 2411 877 2450 se
914 2397 1191 2452 conﬁdunt
1238 2401 1444 2455 unita'e
1484 2404 1698 2458 salvari.
1752 2405 1954 2471 Quam-

361 2484 546 2539 obrem
577 2487 659 2541 vel
688 2489 731 2541 si
765 2489 919 2543 nobis
952 2491 1306 2559 sapientiores
1336 2493 1602 2561 videmur,
1651 2512 1954 2566 quanquam

360 2579 621 2647 scriptum
667 2581 737 2635 sit
774 2582 913 2651 quod
947 2585 1117 2651 pietas
1157 2595 1238 2640 est
1285 2586 1593 2655 sapientia:
1648 2604 1752 2643 non
1792 2590 1954 2646 debe-

360 2686 479 2727 mus
532 2675 663 2727 istos
710 2674 801 2729 Dei
850 2676 1086 2732 cultores
1108 2677 1175 2733 ab
1221 2678 1459 2734 Ecclesia
1501 2680 1617 2750 ejus
1662 2683 1950 2751 expellere,

361 2776 461 2817 nec
490 2778 521 2817 a
553 2764 721 2817 muris
756 2765 883 2820 Sion
916 2768 1173 2836 spiritalis
1203 2770 1405 2839 ejcctos
1438 2772 1575 2827 inter
1604 2772 1720 2841 ejus
1766 2774 1957 2828 adver~

359 2853 532 2907 sarios
563 2854 841 2923 deputare.
875 2856 1223 2925 Circumdate,
1278 2861 1450 2931 inquit
1482 2863 1763 2932 propheta,
1798 2864 1952 2932 Sion,

358 2958 403 3003 et
433 2951 829 3021 complectimini
864 2969 1012 3018 eam;
1052 2962 1261 3011 narrate
1301 2956 1357 3009 in
1396 2959 1625 3011 turribus
1663 2960 1815 3029 ejus;
1858 2977 1953 3029 po-

357 3040 461 3094 nite
488 3042 645 3095 csrda
671 3052 833 3095 uestra
874 3044 925 3096 in
955 3046 1139 3099 uirtute
1167 3050 1298 3116 ejus,
1349 3058 1396 3101 et
1438 3048 1731 3103 distribuite
1775 3051 1954 3104 domos

358 3135 470 3204 ejus
495 3134 668 3203 (Psat.
708 3154 870 3203 xuii,
908 3141 1161 3208 15);ch,
1195 3143 1340 3197 sicut
1368 3144 1455 3197 alii
1490 3146 1703 3201 codices
1733 3145 1951 3213 habent,

338 3226 660 3301 ,Distr.buite
686 3230 871 3284 domus
902 3240 927 3267 η
955 3232 977 3262 ⁸
1005 3233 1203 3302 gradus
1246 3234 1377 3304 ejus.
1413 3235 1760 3293 Circumdare
1798 3238 1955 3305 igitur

2064 2030 2301 2083 veritati.
2345 2029 2442 2083 illa
2482 2029 2650 2096 magis
2689 2027 3081 2085 contumaciter
3113 2029 3179 2083 ab
3219 2028 3456 2085 Ecclesia
3502 2043 3656 2095 sepa-

2062 2120 2171 2175 rari
2202 2120 2409 2191 deligit,
2461 2120 2543 2174 vel
2580 2121 2632 2173 in
2664 2135 2726 2177 ea
2755 2120 2945 2175 dolose
2988 2119 3177 2185 latere,
3228 2136 3386 2187 quam
3436 2134 3651 2188 pravam

2063 2222 2272 2271 mutare
2316 2214 2661 2273 sententiam.
2698 2211 2803 2267 Sed
2855 2212 3170 2281 ignorantes
3216 2211 3268 2264 in
3298 2226 3367 2267 eo
3397 2211 3654 2265 discerni-

2062 2319 2180 2363 mus
2207 2320 2235 2357 a
2266 2305 2502 2370 dolosis,
2551 2306 2676 2374 quia
2710 2319 2809 2359 nec
2849 2304 3148 2373 probantur
3186 2302 3522 2357 sufﬁcienter
3556 2301 3654 2355 ali-

2059 2394 2273 2464 quando
2313 2395 2549 2466 correpti
2592 2410 2688 2465 pro
2718 2395 2802 2450 his
2831 2411 2951 2464 qua:
2998 2394 3171 2453 minus
3194 2393 3523 2463 intelligunt,
3554 2409 3653 2449 nec

2062 2489 2173 2541 suis
2204 2488 2502 2543 rationibus
2530 2488 2753 2543 occultis
2776 2496 3127 2555 corrumpunt.
3158 2487 3391 2543 facilium
3417 2497 3650 2552 mentes,

2059 2581 2152 2634 sed
2177 2581 2345 2636 libere
2367 2581 2544 2636 solent
2566 2590 2620 2636 et
2652 2581 2968 2649 simpliciter
2998 2580 3209 2650 aperire
3238 2579 3367 2649 quid
3389 2580 3649 2635 sentiunt.

2061 2673 2117 2728 Si
2145 2675 2264 2742 quis
2296 2683 2472 2729 autem
2496 2683 2549 2730 et
2579 2674 2633 2731 in
2665 2673 2795 2743 ipsis
2821 2672 3024 2729 Christi
3053 2672 3354 2742 discipulis,
3385 2684 3519 2741 quos
3552 2672 3650 2725 ha-

2060 2764 2173 2819 buit
2198 2779 2321 2820 cum
2345 2766 2429 2820 hic
2458 2775 2873 2823 conversaretur
2905 2767 2956 2819 in
2987 2780 3150 2820 carne
3182 2765 3418 2828 mortali,
3444 2771 3651 2833 quaerat

2060 2870 2412 2925 cognoscere,
2446 2866 2704 2928 quantum
2749 2856 2961 2912 differat
3006 2859 3147 2911 inter
3189 2857 3416 2910 rationis
3447 2856 3651 2924 patien-

2063 2957 2190 3013 tem,
2225 2947 2308 3001 τοι
2342 2946 2643 3003 auctoritati
2670 2958 3039 3004 contumacem
3072 2947 3318 3016 spiritum
3350 2961 3459 3015 quo
3487 2961 3651 3016 agun-

2061 3047 2147 3093 tur
2170 3041 2429 3104 haeretici,
2459 3038 2547 3108 qui
2578 3040 2929 3096 scandalizati
2968 3048 3023 3093 et
3050 3054 3303 3108 separare
3330 3038 3651 3106 semetipsos

2062 3132 2229 3199 magis
2254 3144 2378 3186 sunt
2426 3134 2679 3201 prompti,
2718 3150 2878 3199 quam
2909 3132 3149 3197 discere;
3206 3141 3261 3186 et
3292 3133 3433 3185 inter
3475 3132 3653 3184 minus

2060 3223 2673 3291 eapacemiotellectum
2718 3226 2953 3293 piorum,
2999 3234 3278 3279 mansuete
3328 3224 3643 3292 opportuni-

358 3335 548 3375 omnes
576 3321 984 3379 defensionibus
1028 3327 1260 3391 nostris,
1304 3336 1360 3381 et
1396 3331 1643 3398 amplecti
1693 3331 1868 3398 potius
1902 3328 1951 3384 in

2063 3320 2228 3367 talem
2260 3315 2687 3382 praestolantium
2722 3315 3043 3383 discipliate,
3075 3324 3129 3369 et
3158 3318 3493 3369 servantium
3528 3315 3648 3369 uni-

359 3411 625 3469 charitate
650 3414 929 3481 debenms,
977 3417 1070 3485 qui
1101 3418 1370 3484 pertinent
1400 3421 1465 3472 ad
1500 3421 1652 3486 Sion,
1690 3436 1786 3477 nec
1818 3439 1954 3493 quo-

357 3501 489 3556 libet
519 3500 636 3569 ejus
676 3506 844 3573 gradu
886 3508 1209 3563 constitutus
1242 3509 1573 3565 excludere:
1607 3511 1703 3565 sed
1745 3512 1815 3567 ita
1858 3531 1948 3567 su-

357 3594 662 3661 perioribus
706 3596 757 3649 in
788 3612 847 3650 ea
882 3597 1143 3653 honorem
1176 3615 1425 3669 magnum
1467 3602 1691 3657 reddere
1730 3605 1817 3674 qui
1849 3605 1948 3661 de-

356 3682 535 3750 betur,
570 3693 625 3738 ut
658 3686 819 3740 etiam
861 3687 1208 3744 inferioribus
1243 3691 1358 3757 ejus
1389 3692 1692 3761 quibusque
1732 3694 1948 3751 dilectio

355 3790 467 3829 non
515 3787 759 3846 negetur.
824 3779 932 3834 lluc
970 3782 1113 3836 enim
1158 3790 1241 3836 est
1286 3783 1427 3851 quod
1478 3785 1553 3835 ait
1594 3802 1606 3835 :
1648 3784 1949 3841 Distt'ibuite

354 3870 550 3939 gradus
607 3874 757 3942 ejus,
815 3873 956 3943 quod
1010 3875 1133 3929 alibi
1191 3875 1387 3929 dicitur
1421 3894 1431 3928 :
1468 3876 1714 3933 Ordinale
1771 3879 1826 3933 in
1872 3897 1950 3934 me

356 3960 659 4015 charitatem
710 3962 893 4031 (Cant.
928 3981 994 4027 Il,
1021 3964 1103 4034 ft).
1148 3966 1299 4020 Sicut
1339 3982 1468 4037 ergo
1506 3984 1612 4023 non
1657 3969 1775 4024 ideo
1816 3987 1949 4037 quo-

356 4051 603 4106 rumdam
638 4055 994 4123 perfectorum
1025 4059 1075 4112 in
1108 4057 1209 4112 lidc
1235 4061 1569 4127 spernendus
1599 4069 1681 4115 est
1724 4062 1949 4117 inferior

353 4144 572 4210 gradus,
605 4148 746 4214 quod
769 4146 790 4179 ⁵
813 4164 917 4201 non
952 4158 1176 4217 possunt
1208 4150 1481 4204 intellecm
1527 4166 1721 4219 capere
1753 4154 1945 4207 verita-

356 4244 488 4300 tem,
531 4237 653 4304 quia
702 4237 804 4293 hoc
842 4240 1175 4295 sultlitnioris
1216 4242 1414 4311 gradus
1450 4240 1541 4295 alii
1573 4254 1795 4312 possunt
1828 4261 1841 4299 :
1876 4245 1943 4297 ita

356 4340 455 4381 nec
484 4328 582 4394 ipsi
612 4327 631 4357 ⁶
664 4331 957 4397 spernendi
997 4340 1143 4399 sunt,
1178 4334 1261 4386 vel
1290 4333 1357 4385 ah
1391 4332 1626 4388 Ecclesia
1660 4345 1778 4404 post
1805 4351 1946 4389 mor-

351 4428 481 4485 tem,
530 4423 670 4491 quod
708 4434 791 4477 est
820 4425 1111 4493 crudelius,
1162 4426 1262 4479 sub
1290 4430 1634 4481 anathemate
1689 4428 1946 4481 eundem-

351 4512 551 4578 Itandi,
598 4514 688 4583 qui
734 4517 857 4571 licet
912 4519 1241 4587 imperfectae
1276 4520 1394 4573 lidei
1442 4520 1604 4575 luisse
1635 4521 1940 4587 rideantur,

350 4602 476 4668 quia
507 4620 610 4657 non
640 4608 691 4660 in
718 4608 895 4661 omnia
930 4626 1048 4677 qua)
1090 4621 1195 4663 tam
1240 4612 1403 4665 multa
1447 4621 1500 4665 et
1530 4627 1722 4681 magna
1764 4616 1940 4667 centi-

2063 3417 2224 3461 tatem
2278 3409 2500 3477 spiritus
2551 3410 2607 3461 in
2659 3407 2873 3461 vinculo
2921 3408 3099 3477 pacis;
3160 3409 3212 3461 in
3270 3425 3373 3462 uno
3416 3407 3650 3478 capitulo

2054 3497 2279 3554 Joannis
2324 3501 2669 3568 evangelista:
2698 3500 2949 3554 similiter
2978 3499 3237 3565 inveniet,
3274 3501 3360 3561 ubi
3398 3504 3408 3551 Ι
3438 3499 3650 3554 ominus

2054 3589 2230 3645 dixit:
2258 3589 2369 3660 Ego
2401 3608 2513 3644 sum
2544 3592 2693 3660 panis
2724 3593 2887 3657 vivus,
2921 3593 3007 3660 qui
3041 3593 3105 3646 de
3137 3593 3264 3645 caelo
3296 3594 3531 3646 descendi
3565 3608 3580 3645 :
3607 3594 3651 3649 si

2052 3684 2166 3753 quis
2189 3684 2566 3739 manducauerit
2591 3698 2652 3735 ea:
2672 3682 2767 3735 hoc
2795 3698 2946 3751 μακε,
2978 3684 3106 3735 viret
3137 3684 3189 3735 in
3213 3682 3647 3755 mter;:um(.loun.

2055 3774 2585 3846 Vt,51,52).Et:Qui
2629 3775 2904 3827 manducet
2945 3790 3109 3828 nteant
3155 3791 3386 3841 carnea,
3432 3786 3476 3827 et
3528 3774 3653 3829 bibit,

2053 3885 2223 3922 meum
2254 3868 2575 3939 sanguinem,
2605 3866 2659 3920 in
2693 3882 2769 3919 me
2795 3876 2984 3927 manet,
3038 3876 3085 3919 ct
3120 3882 3211 3935 ego
3246 3866 3297 3919 in
3331 3866 3422 3917 illa
3455 3864 3645 3935 (Ibid.,

2053 3962 2167 4032 57).
2198 3963 2343 4016 Sicut
2387 3962 2521 4015 misit
2552 3978 2630 4015 me
2676 3960 2844 4015 vivens
2875 3958 3033 4014 Pater
3053 4001 3066 4024 ,
3099 3969 3145 4013 et
3175 3976 3266 4031 ego
3296 3960 3405 4012 viro
3433 3969 3644 4028 projuer

2053 4052 2287 4119 Putrem,
2330 4062 2375 4106 et
2403 4054 2488 4120 qui
2516 4052 2803 4105 manducet
2838 4067 2935 4114 nte,
2961 4061 3009 4105 et
3038 4052 3147 4122 ipse
3172 4052 3298 4104 vivet
3338 4059 3545 4120 propter
3572 4066 3657 4102 me

2053 4146 2071 4213 (
2102 4145 2264 4213 Ibid.,
2298 4146 2411 4217 58).
2440 4147 2506 4199 Et
2533 4148 2863 4217 litigantibus
2895 4147 3119 4212 Judteis,
3164 4154 3220 4201 et
3243 4147 3547 4201 dicentibus
3576 4144 3647 4199 ad

2051 4242 2278 4295 invicem
2328 4240 2650 4307 :Quomodo
2701 4249 2861 4308 potest
2914 4241 2996 4294 ltt'r
3052 4241 3194 4294 nobis
3240 4255 3444 4293 carnem
3499 4255 3648 4295 suam

2051 4332 2176 4385 dare
2202 4334 2269 4385 ad
2306 4332 2728 4385 manducandum
2785 4330 2972 4401 (Ibid,
3025 4331 3158 4400 53)?
3190 4333 3339 4386 multi
3374 4332 3531 4386 etiam
3579 4345 3651 4390 ex

2051 4432 2330 4500 discipulis
2384 4430 2502 4499 ejus
2556 4430 2837 4484 audientes
2881 4428 3182 4481 dixerunt:
3222 4427 3396 4479 Durus
3446 4435 3518 4477 est
3564 4424 3647 4476 hic

2048 4540 2234 4584 sermo,
2283 4523 2394 4592 quis
2447 4530 2608 4590 potest
2651 4538 2765 4574 eum
2800 4521 2983 4574 audire
3027 4519 3214 4590 (lb.'d.,
3269 4519 3396 4588 Gl)?
3431 4529 3655 4586 pmptcr

2048 4616 2211 4685 quod,
2267 4615 2404 4669 sicut
2436 4616 2486 4668 in
2527 4614 2984 4684 consequentibus
3032 4623 3253 4667 narrat:
3293 4610 3446 4664 Mulli
3488 4610 3646 4663 disci-

351 4700 443 4746 net
482 4693 782 4752 Christiana
834 4700 1037 4769 religio,
1094 4702 1232 4756 sicut
1286 4702 1502 4771 dignum
1557 4713 1657 4768 est,
1709 4704 1943 4758 animmn
1978 4719 2025 4777 ι)
2053 4709 2292 4775 palorum
2319 4709 2431 4777 ejus
2476 4706 2711 4759 abierunt
2733 4718 2889 4771 retro,
2914 4708 3097 4777 etjom
3129 4722 3228 4759 non
3262 4720 3376 4757 cum
3410 4704 3505 4756 illo
3529 4719 3649 4754 (ιω-

350 4792 643 4853 potuerunt
673 4788 975 4860 intendere,
1008 4794 1184 4846 omnia
1219 4803 1394 4849 tamen
1420 4811 1542 4850 vera
1571 4804 1625 4849 et
1648 4805 1795 4851 recta
1823 4812 1943 4852 esse

349 4876 400 4931 in
445 4880 698 4936 Ecclesiae
742 4883 845 4937 fide
889 4900 995 4939 non
1034 4887 1434 4953 dubitaverunt,
1482 4899 1541 4943 ut
1575 4888 1627 4943 in
1671 4905 1732 4945 ea
1778 4892 1940 4960 perli-

346 4970 524 5026 cieudi
558 4984 871 5041 manerent;
925 4991 988 5031 ac
1038 4994 1133 5047 per
1167 4979 1270 5035 hoc
1311 4982 1381 5035 ita
1433 4981 1743 5050 credentes,
1784 4983 1935 5051 juxtta

343 5065 631 5133 quemdam
661 5067 886 5135 gradum
910 5110 923 5134 ,
981 5079 1036 5124 et
1058 5069 1157 5139 ipsi
1190 5073 1436 5127 videntur
1466 5073 1518 5127 in
1552 5073 1656 5128 ﬁde
1685 5074 1933 5143 perfecti,

345 5154 436 5221 qui
469 5170 527 5209 se
550 5158 909 5221 perficiendos
942 5176 1007 5216 ett
1038 5162 1240 5217 unitate
1276 5164 1533 5218 Ecclesia:
1565 5165 1933 5221 crediderunt.

346 5242 426 5300 illi
479 5261 614 5317 ergo
654 5252 1038 5307 cxcellentiore
1076 5255 1245 5323 gradu
1280 5256 1649 5324 intelligentiae
1702 5258 1932 5327 prtediti,

342 5336 513 5404 ipsam
546 5356 658 5397 rem
700 5344 850 5413 cnjus
898 5347 948 5401 iu
981 5346 1216 5402 futurum
1250 5349 1513 5404 revelatio
1554 5351 1710 5419 plena
1752 5367 1934 5406 serva-

2050 4798 2292 4851 bulabant
2334 4796 2524 4868 (Ibid,
2555 4795 2668 4864 67).
2706 4796 2846 4851 Ecce
2891 4805 2973 4851 ρει
3021 4797 3111 4850 ille
3155 4796 3372 4861 SpFthus
3422 4790 3644 4845 rationis

2049 4890 2356 4953 impatiens,
2396 4897 2452 4942 ct
2481 4889 2789 4963 auctoritati
2820 4897 3107 4942 contumax
3139 4900 3246 4955 quo
3275 4891 3502 4953 aguntur
3528 4881 3647 4935 hem.

2046 4982 2225 5047 retici,
2250 4983 2338 5051 qui
2371 4981 2727 5037 scandalizari
2758 4990 2812 5037 et
2841 4994 3090 5049 separare
3118 4976 3437 5047 semetipsos
3470 4975 3638 5043 magis

2041 5084 2169 5129 sunt
2197 5076 2426 5145 prompti
2453 5090 2612 5145 quam
2645 5074 2876 5128 discere.
2926 5070 3229 5142 ignorantia
3261 5083 3394 5123 vero
3426 5069 3643 5137 piorum

2045 5178 2323 5221 mansuete
2363 5166 2815 5237 opportunitatem
2849 5162 3273 5232 prmstolautium
3304 5160 3636 5229 disciplina),

2040 5262 2364 5315 scrvantium
2413 5261 2671 5315 unitatem
2704 5258 2924 5328 spiritus
2957 5257 3007 5308 in
3039 5253 3249 5310 vincolo
3278 5253 3446 5322 pacis,
3479 5250 3552 5305 ita
3583 5250 3645 5309 in,

2039 5352 2495 5423 εοηειηιιῡηίίἒηις
2528 5352 2789 5418 aperitur.
2838 5347 3096 5419 Adjungit
3142 5346 3285 5402 enim
3336 5344 3444 5400 illic
3476 5358 3647 5399 cram

414 5560 441 5587 ι
471 5552 721 5606 Abundat
758 5568 857 5606 vox
900 5554 986 5606 ilia
1019 5556 1241 5619 domus;
1292 5570 1412 5609 nam
1450 5556 1501 5610 in
1544 5556 1731 5613 Grmco
1766 5556 2081 5613 amatam
2108 5560 2200 5617 τὰς
2229 5558 2409 5619 βάσεις
2438 5558 2612 5616 αὐτῆς.

412 5732 430 5763 ί
458 5730 594 5787 Cod.
625 5732 849 5796 Veron.,
876 5732 1288 5801 Scripturarum.

409 5803 430 5875 ξ
463 5802 604 5875 idem
629 5802 777 5867 cod.,
808 5820 978 5875 verum
1006 5805 1415 5875 intelligentiam.

402 5867 422 5941 ξ
462 5873 603 5927 ldctn
628 5874 773 5937 eod.,
803 5875 853 5925 in
877 5874 997 5941 ﬁde.

408 5938 427 5968 ⁸
452 5941 511 6000 ιω
539 5943 726 6001 codem
756 5938 896 6012 cod,
929 5946 1061 5999 deos!
1092 5945 1303 6002 domus.

2119 5735 2137 5765 ⁸
2166 5733 2305 5786 Idem
2335 5729 2482 5792 cod.,
2507 5730 2613 5798 qui.

2117 5804 2136 5835 ⁸
2168 5805 2305 5857 Idem
2334 5803 2477 5866 cod.,
2508 5801 2607 5852 isti.

2116 5873 2133 5902 ⁷
2159 5875 2302 5931 ldctn
2326 5872 2470 5939 cud.,
2490 5870 2557 5924 ad
2583 5885 2717 5925 eam.
