4094 6472
519 383 613 434 iéﬁi

1601 377 1894 435 FACUNDI
1932 372 2143 429 EPISC.
2189 372 2696 432 llhRillANENSlS

3683 375 3792 431 £52

521 492 706 560 gelista
731 493 805 546 sic
835 493 1072 548 referens
1109 512 1118 545 :
1153 493 1290 546 bixit
1309 509 1427 562 ergo
1455 491 1605 544 Iesus
1635 489 1940 543 duodecim:
1966 501 2099 538 nun-
2131 484 2180 542 Δ
2214 482 2440 540 Fructus
2469 490 2605 541 enim
2645 490 2882 556 iustitia,
2939 493 3230 546 secundum
3273 493 3492 548 Paulum
3525 494 3542 523 ‘
3576 508 3790 566 episto-

523 583 638 644 quid
663 593 707 636 et
737 599 822 635 vos
869 584 1018 636 vultis
1060 584 1196 636 abire
1230 581 1417 654 (Ibid,
1447 580 1573 652 68)?
1599 579 1742 649 quod
1797 579 1898 632 nisi
1946 591 2096 645 aeque

523 679 832 743 mysterium
862 691 966 728 non
993 675 1427 744 intelligentibus,
1457 673 1553 728 sed
1585 687 1688 726 non
1736 686 1888 741 atque
1919 671 2095 725 immi-

461 777 464 780 '
521 763 662 817 tibus
691 771 745 817 et
774 766 1073 818 auctoritati
1097 764 1522 825 contumacibus,
1554 763 1774 816 minime
1804 761 2095 814 diceretur.

453 848 458 858 ’
525 855 634 909 Cur
665 857 1123 924 interrogarentur
1165 865 1340 910 utrum
1374 864 1428 911 et
1454 855 1554 923 ipsi
1599 855 1749 907 abire
1792 852 2011 915 vellent,
2053 851 2098 905 si

517 945 656 1012 quod
691 945 911 1015 mystice
933 946 1136 1000 dictum
1172 948 1345 1000 fuerat
1374 944 1788 1015 cognovissent’
1818 959 1938 995 nam
1970 957 2094 1012 my-

522 1035 738 1088 sterium
767 1049 1154 1101 cognoscentes
1183 1037 1532 1090 scandalizari
1574 1043 1630 1090 et
1657 1035 1803 1088 abire
1830 1050 1932 1086 non
1978 1047 2102 1100 pos-

526 1135 661 1182 scut.
704 1127 805 1180 Sc-l
841 1127 1151 1196 interrogati
1197 1137 1318 1180 sunt
1365 1136 1422 1180 ut
1453 1125 1859 1192 responderent,
1922 1133 2098 1176 utrum

526 1235 642 1284 eos,
674 1221 914 1289 quamvis
947 1236 1052 1274 non
1087 1221 1440 1288 intcliigentes
1463 1218 1599 1287 quod
1630 1217 1827 1270 dictum
1857 1227 1958 1279 est,
1979 1217 2100 1269 boni

526 1328 703 1366 tamen
737 1315 972 1382 magistri
1005 1324 1206 1368 teneret
1242 1312 1567 1375 auctoritas;
1613 1320 1664 1363 et
1697 1309 1847 1362 nobis
1893 1307 2105 1375 pietatis

527 1413 578 1457 et
625 1403 1052 1456 mansuetudinis
1096 1403 1254 1472 hujus
1303 1402 1519 1456 salubre
1566 1402 1616 1452 ιιι
1664 1399 1740 1452 cis
1773 1399 2102 1465 prwberetur

526 1496 854 1563 rxcmplum,
901 1504 959 1548 ut
999 1496 1169 1548 sicubi
1223 1510 1327 1548 non
1378 1493 1752 1561 intelligimus,
1803 1489 2103 1542 auctoritati

528 1583 798 1637 cedamus.
861 1583 1097 1651 Denique
1137 1583 1215 1638 sic
1245 1581 1318 1636 ibi
1369 1581 1716 1648 interroganti
1759 1577 1983 1631 Damino
2015 1591 2104 1630 re-

527 1674 741 1741 Spondit
763 1683 816 1726 et
843 1673 1054 1738 Petrus,
1088 1684 1272 1727 utunon
1301 1673 1422 1727 ideo
1452 1687 1507 1726 se
1530 1672 1733 1725 diceret
1765 1670 1906 1723 nolle
1935 1670 2105 1734 abire,

539 1764 682 1831 quod
717 1767 1027 1834 mysterium
1060 1765 1414 1828 intellexerit,
1447 1763 1542 1818 sed
1574 1763 1693 1832 quia
1723 1761 1849 1815 illud
1880 1762 2054 1828 ipsum
2089 1761 2102 1790 ¹

2201 578 2326 642 lum,
2347 579 2398 631 in
2421 594 2549 647 pace
2570 583 2854 652 seminatur
2877 585 3177 653 facientibus
3200 601 3373 654 pacem
3399 585 3534 658 (Jac.
3563 604 3642 654 ιιι,
3666 587 3785 656 18);

2201 666 2322 720 ideo
2352 669 2492 736 quod
2523 671 2544 701 ⁸
2589 672 2843 726 Dominus
2882 673 2934 726 in
2979 672 3269 744 Evangelia
3297 677 3426 732 dicit
3459 696 3472 731 :
3515 675 3623 747 Ego
3670 696 3790 757 sum

2203 760 2318 812 ritis
2343 775 2480 824 vera,
2511 771 2556 814 et
2588 761 2748 816 Pater
2780 781 2920 820 meus
2958 768 3190 837 agricola
3223 779 3338 821 est:
3371 786 3566 822 omnem
3597 770 3787 837 palmi-

2201 859 2298 901 tem
2330 850 2380 902 iu
2412 867 2489 903 me
2518 869 2616 906 non
2657 853 2898 920 ferentem
2928 857 3171 923 fructum,
3230 858 3369 910 tollet
3409 874 3520 910 eum
3540 901 3554 926 ,
3584 869 3634 912 et
3670 875 3788 912 om—

2202 953 2314 990 nem
2345 941 2431 1006 qui
2471 944 2568 1008 {ert
2613 943 2854 1011 fructum,
2888 946 3128 1014 purgabit
3167 964 3302 1011 eum,
3336 959 3393 1002 ut
3427 951 3539 1016 plus
3565 951 3791 1020 fructum

2204 1030 2385 1096 afferat
2417 1030 2598 1102 (Joan.
2635 1051 2720 1098 xv,
2754 1038 2804 1097 1,
2837 1035 2911 1105 2).
2943 1037 3050 1091 Nec
3087 1039 3285 1092 mirum
3319 1039 3571 1102 videatur,
3597 1042 3639 1095 si
3666 1057 3788 1110 per-

2205 1131 2484 1176 manentes
2517 1123 2566 1176 in
2610 1139 2866 1194 compage
2894 1129 3135 1195 corporis
3176 1128 3390 1191 Christi.
3426 1140 3478 1184 et
3507 1142 3789 1186 servantes

2207 1209 2461 1264 unitatem
2515 1214 2737 1280 spiritus
2780 1215 2831 1267 in
2860 1216 3072 1270 vinculo
3103 1219 3266 1284 pacis,
3297 1235 3390 1287 per
3419 1221 3582 1288 ipsam
3613 1222 3790 1275 chari-

2209 1309 2367 1354 tatem
2399 1317 2427 1355 a
2447 1303 2559 1357 Suis
2583 1313 2874 1371 purgentur
2905 1308 3202 1374 erroribus,
3247 1325 3372 1362 cum
3414 1312 3665 1373 scriptum
3694 1312 3787 1375 sit,

2206 1391 2346 1459 quod
2374 1394 2619 1447 universa
2659 1395 2854 1449 delicta
2883 1398 3087 1466 opcriat
3108 1400 3341 1455 Charitas
3375 1399 3554 1470 (Prov.
3583 1419 3634 1468 κ,
3669 1404 3790 1470 12).

2207 1483 2672 1546 Quemadmodum
2697 1501 2826 1540 vero
2855 1489 3141 1543 multorum
3170 1492 3328 1544 vitam
3377 1508 3472 1560 pro
3501 1493 3790 1562 Scriptura:

2213 1573 2304 1628 Dei
2336 1575 2644 1629 testimonio
2665 1591 2694 1630 a
2715 1593 2817 1646 qua
2839 1578 3039 1633 laudati
3063 1591 3204 1646 sunt,
3229 1583 3442 1650 impiam
3476 1584 3654 1638 dicere
3682 1601 3790 1639 non

2209 1663 2492 1729 audemus,
2521 1666 2646 1720 licet
2675 1667 2942 1736 aliquibus
2968 1684 3150 1724 eorum
3187 1672 3337 1726 factis
3366 1673 3598 1742 graviter
3619 1674 3791 1730 offen-

2212 1751 2432 1814 damnr;
2465 1755 2542 1808 sic
2569 1757 2730 1809 etiam
2763 1759 3050 1812 multorum
3081 1761 3375 1816 doctrinam
3412 1780 3508 1832 pro
3535 1766 3789 1820 Ecclesia:

531 1854 672 1922 quod
717 1870 744 1907 a
778 1857 867 1909 ta”
914 1858 1165 1926 magism
1206 1857 1507 1919 diceretur,
1541 1856 1607 1908 ad
1651 1855 1813 1907 γῖιαηι
1853 1862 2107 1906 mmmam
2141 1844 2189 1904 B
2218 1843 2309 1898 Dei
2340 1844 2644 1899 testimonio
2668 1861 2698 1901 a
2721 1863 2823 1914 qua
2849 1847 3094 1903 honorati
3118 1861 3260 1915 sunt,
3283 1851 3585 1908 hmrcticazn
3612 1856 3790 1909 dicere

530 1944 716 2010 procul
746 1945 910 1998 dubio
941 1947 1248 2013 pertineret.
1275 1946 1365 1999 Ait
1388 1947 1530 1999 enim
1561 1962 1573 1996 :
1611 1943 1847 2009 Domine,
1873 1945 1942 1995 ad
1966 1959 2114 2007 quem

532 2033 756 2089 ibimus?
783 2037 931 2089 verba
954 2038 1068 2091 vitae
1093 2047 1293 2091 attenta
1321 2037 1473 2092 habes
1515 2053 1533 2090 :
1580 2047 1627 2090 et
1655 2054 1743 2090 nos
1777 2037 2110 2100 credidimus,

531 2133 580 2176 et
623 2129 947 2197 cognouimus
998 2131 1117 2198 quia
1163 2141 1216 2183 tu
1263 2147 1316 2184 es
1363 2131 1594 2184 Christus
1648 2128 1816 2182 Filius
1871 2127 1965 2182 Dei
2016 2129 2112 2182 vivi

533 2216 718 2275 (Joan.
743 2233 817 2283 vt,
851 2217 965 2289 69).
994 2220 1144 2284 Quod
1167 2221 1209 2273 si
1246 2219 1555 2290 mysterium
1599 2221 1962 2284 intellexisset,
1999 2219 2112 2272 haec

538 2308 714 2374 potius
743 2309 962 2363 dixiSset
995 2329 1008 2364 :
1043 2311 1282 2377 Domine,
1307 2329 1402 2366 cur
1436 2313 1693 2366 abeamus
1724 2327 1826 2365 non
1854 2322 1956 2378 est,
1989 2328 2109 2367 cum

541 2397 821 2452 credamus
850 2415 948 2456 nos
973 2415 1168 2472 corpor
1193 2417 1217 2458 s
1244 2413 1296 2458 et
1322 2403 1596 2474 sanguinis
1639 2403 1710 2455 tui
1761 2403 1863 2458 (ide
1891 2406 2112 2460 salvan-

531 2488 652 2542 dos.
698 2491 915 2545 Multum
953 2494 1130 2563 itaque
1167 2495 1344 2550 ditfert
1391 2501 1526 2550 inter
1573 2497 1941 2551 hauri-tieorum
1987 2515 2112 2567 pro-

533 2583 752 2635 terviam
786 2583 1042 2639 immitem
1069 2601 1262 2657 corpus
1293 2590 1548 2643 Ecclesia:
1581 2591 1993 2658 discindentem,
2028 2593 2111 2646 vel

533 2671 587 2722 iu
623 2672 860 2726 Ecclesia
893 2675 1057 2730 corde
1105 2680 1226 2732 ticto
1258 2678 1531 2745 latentem,
1566 2690 1620 2735 et
1659 2682 1832 2734 minus
1864 2698 2113 2750 capacem

534 2762 921 2818 catholicorum
973 2766 1405 2838 intelligentiam,
1438 2770 1700 2825 doctrinm
1749 2769 1949 2825 Clll‘iSli
1978 2773 2108 2826 sub-

533 2853 751 2920 iectam.
805 2862 859 2908 et
904 2869 1206 2912 servantem
1240 2861 1495 2913 unitatem
1545 2863 1762 2928 spiritus
1797 2862 1846 2915 in
1899 2862 2113 2916 vinetilo

535 2945 699 3012 pacis.
735 2948 899 3012 Quem
933 2950 1176 3017 spiritum
1209 2951 1282 3004 illi
1314 2953 1551 3020 profecto
1583 2970 1686 3006 non
1717 2955 1911 3008 habent
1939 2958 2025 3025 qui
2055 2972 2114 3011 se

535 3039 603 3090 ab
654 3039 887 3094 Ecclesia
932 3051 1256 3111 segregant,
1305 3047 1546 3114 aptstolo
1576 3047 1712 3100 Juda
1743 3047 1998 3101 dicente:
2043 3048 2115 3102 Hi

536 3141 653 3184 sunt
682 3135 767 3200 qui
787 3149 1052 3204 segregant
1081 3139 1396 3203 semetipsos,
1443 3140 1709 3199 animales,
1743 3140 1976 3209 spiritum
2015 3158 2112 3195 non

2217 1953 2320 1991 non
2344 1938 2622 2005 debemus,
2653 1939 2775 1996 licet
2807 1942 2856 1994 in
2883 1943 3148 2009 aliquibus
3167 1959 3353 2000 eorum
3383 1945 3537 2000 dictis
3559 1949 3792 2017 graviter

2216 2028 2548 2084 olfendamur
2576 2049 2587 2085 :
2619 2041 2777 2101 atque
2807 2041 2863 2086 ut
2900 2034 3041 2100 illos,
3073 2036 3316 2103 quamvis
3356 2051 3383 2088 a
3425 2037 3602 2091 divina
3646 2039 3792 2093 Scri-
3869 2102 3878 2108 _

2218 2127 2367 2185 plura
2403 2121 2646 2178 laudatos
2666 2163 2680 2187 ,
2725 2139 2830 2177 non
2861 2127 3184 2180 arbitramur
3215 2128 3263 2181 in
3297 2130 3542 2183 omnibus
3573 2132 3785 2183 imitati-

2214 2210 2336 2273 dos,
2369 2211 2441 2264 ita
2489 2227 2586 2266 nec
2632 2215 2783 2278 istos,
2832 2219 3073 2283 quamvis
3100 2218 3167 2272 ab
3199 2219 3430 2272 Ecclesia
3474 2221 3783 2278 honoratus.

2217 2301 2538 2356 arbitremur
2586 2302 2640 2357 in
2693 2307 2941 2364 omnibus
2983 2309 3376 2380 approbaudos.
3430 2311 3575 2370 Haut:
3611 2323 3788 2370 autem

2219 2395 2574 2452 reverentiam
2629 2396 2728 2470 ipsi
2783 2401 2985 2456 divinae
3034 2405 3323 2473 Scriptura:
3371 2406 3684 2471 deferimus,
3739 2419 3794 2464 ut

2219 2503 2323 2541 non
2363 2491 2648 2545 credamus
2692 2494 2833 2563 quod
2856 2495 3053 2564 aliquid
3077 2497 3097 2528 ⁶
3129 2497 3344 2568 indigne
3374 2500 3607 2554 laudavit
3632 2502 3678 2555 ".
3732 2504 3794 2556 Et

2219 2581 2337 2634 ideo
2385 2597 2503 2635 cum
2560 2583 2842 2637 audiamus
2887 2586 3198 2653 Apostolum
3247 2589 3385 2642 inter
3437 2590 3570 2643 alios
3617 2591 3793 2659 justos

2220 2671 2446 2725 Samson
2490 2689 2704 2741 quoque
2751 2675 3054 2730 laudantem
3101 2687 3257 2748 atque
3298 2679 3562 2734 dicentem
3601 2698 3612 2732 :
3653 2681 3795 2747 Deﬁ-

2217 2763 2313 2815 ciet
2345 2765 2477 2816 euim
2525 2782 2602 2818 nte
2648 2777 2843 2836 tempus
2882 2780 3206 2824 euarrautem
3239 2772 3299 2824 de
3329 2771 3562 2834 Cedeon,
3599 2771 3792 2838 Barac,

2219 2854 2467 2920 Samson,
2505 2855 2725 2924 Jepltte,
2780 2857 2980 2926 David,
3024 2861 3234 2916 Samuel
3284 2872 3333 2916 et
3376 2865 3632 2933 prophetis
3663 2881 3682 2919 :
3711 2869 3797 2932 qui

2218 2963 2308 3015 per
2335 2946 2488 3014 ﬁdem
2517 2949 2742 3002 vicerunt
2767 2967 2943 3020 regna,
2970 2955 3164 3020 operati
3189 2964 3304 3006 sunt
3324 2957 3602 3024 justitiam,
3627 2957 3798 3026 adepti

2217 3049 2338 3096 sunt
2390 3042 2807 3108 repromissioues
2848 3042 3034 3114 (Hebr.
3073 3060 3149 3108 ιι,
3198 3044 3288 3110 59.,
3319 3045 3430 3117 55),
3472 3056 3524 3100 et.
3553 3057 3792 3101 caetera:

2221 3129 2565 3199 intelligimus
2587 3131 2728 3199 quod
2753 3141 2808 3184 ut
2835 3149 2894 3186 se
2925 3133 3063 3187 idem
3094 3134 3318 3187 Samson
3350 3149 3471 3188 cum
3504 3136 3797 3206 allophylis

542 3223 781 3275 Itahcutes
813 3223 984 3292 μελά..
1049 3225 1153 3292 l9).
1182 3228 1286 3281 Sed
1335 3244 1434 3282 nec
1467 3229 1540 3282 illi
1584 3229 1723 3283 hunc
1757 3230 1972 3297 habent,
2021 3237 2109 3302 qui
2145 3224 2188 3285 C
2222 3223 2388 3278 ruinae
2421 3225 2648 3294 ingeniis
2681 3235 2894 3280 necaret
2917 3242 3196 3294 oppressu,
3237 3244 3340 3281 non
3373 3243 3489 3282 sua:
3521 3229 3797 3284 calamita-

540 3311 665 3364 ficto
688 3313 852 3367 corde
883 3315 932 3366 iu
964 3316 1202 3370 Ecclesia
1235 3317 1403 3370 latent
1436 3334 1449 3369 :
1477 3319 1699 3372 Sanctus
1727 3321 1858 3372 enim
1884 3321 2109 3388 Spiritus

538 3401 825 3471 disciplina:
855 3407 1012 3474 fugiet
1053 3407 1229 3474 [ictum
1273 3407 1427 3479 (Sap.
1472 3425 1510 3476 ι,
1545 3409 1620 3477 5).
1650 3410 1760 3464 Νοιι
1793 3427 1918 3480 ergo
1947 3413 2114 3467 debe-

539 3510 659 3548 mus
692 3495 805 3550 htec
827 3499 1048 3551 multum
1081 3500 1307 3554 discreta
1337 3502 1684 3566 confundere,
1718 3519 1814 3556 nec
1846 3504 1985 3558 idem
2021 3521 2114 3573 pu-

537 3597 652 3642 tare
681 3588 821 3658 quod
850 3589 1006 3658 longe
1049 3591 1322 3646 divcr.~utn
1361 3603 1463 3647 est.
1495 3595 1573 3647 0b
1617 3596 1715 3648 hoc
1748 3596 1904 3662 igitur
1944 3598 2112 3651 sancti

543 3683 750 3747 Patres,
793 3700 1015 3753 quorum
1047 3689 1394 3752 apostolicam
1441 3691 1670 3759 regulam
1713 3691 1965 3746 videntur
1994 3695 2114 3760 qni-

539 3771 662 3824 dam
693 3775 831 3827 male
863 3779 1180 3845 transgressi
1208 3820 1220 3843 ,
1257 3794 1360 3832 non
1393 3779 1475 3833 his
1506 3781 1760 3835 Ecclesia:
1802 3783 2114 3837 doctoribus

540 3866 1042 3922 condemnationem
1095 3878 1412 3934 statuerunt,
1465 3871 1555 3939 qtti
1601 3886 1780 3938 pacem
1811 3871 1928 3940 ejus
1957 3873 2022 3926 ad
2054 3873 2114 3925 li-

540 3972 663 4010 nem
689 3973 856 4026 usque
878 3972 1173 4022 servantes,
1210 3963 1262 4014 in
1299 3962 1614 4030 quibusdam
1648 3962 1766 4017 fidei
1798 3963 2114 4018 Christiana:

538 4047 761 4103 forsitan
809 4062 1156 4116 erraverunt;
1185 4052 1280 4106 sed
1323 4053 1426 4106 illis
1476 4052 1565 4122 qui
1599 4063 1716 4120 post
1756 4070 1914 4108 unam
1945 4065 1997 4108 et
2024 4071 2112 4110 se-

536 4140 764 4194 cundam
787 4145 1202 4211 correptionem,
1237 4144 1569 4199 manifestata
1593 4150 1747 4198 etiam
1773 4146 1952 4215 regula
1975 4148 2112 4201 veri-

540 4232 683 4298 tatis,
715 4248 809 4300 per
849 4235 1109 4304 synodum
1165 4245 1384 4302 paterna
1442 4239 1730 4290 constituta
1777 4248 2112 4303 servantem,

536 4322 678 4376 aliud
703 4325 922 4380 credere
946 4342 1006 4380 ac
1027 4327 1221 4380 dueere
1257 4340 1636 4396 praesumerent
1666 4346 1678 4381 :
1710 4331 1829 4398 quia
1864 4345 1959 4384 nec
1997 4346 2117 4398 prs-

538 4423 660 4466 sent
697 4415 840 4468 solos
882 4418 1025 4484 ipsos
1065 4419 1422 4474 condemnare
1447 4419 1690 4487 ’absque
1742 4420 1889 4473 omni
1935 4421 2117 4474 Eccle-

537 4507 638 4570 sia,
671 4522 790 4574 qua:
812 4523 931 4560 cum
961 4525 1053 4563 eos
1093 4511 1418 4576 adverteret,
1454 4529 1557 4565 non
1601 4513 1776 4582 arguit
1827 4514 1946 4566 taiia
1980 4530 2116 4580 prae-

2222 3313 2288 3366 tis
2312 3313 2665 3381 impatientia,
2697 3315 2791 3368 sed
2829 3327 2957 3368 nutu
3003 3316 3185 3370 divino
3215 3319 3500 3386 inspiratus
3531 3318 3634 3372 hoc
3655 3320 3798 3375 fece-

2217 3409 2308 3462 rit.
2354 3409 2604 3478 Alioquin
2661 3425 2759 3463 nec
2805 3411 3079 3464 sufficiens
3119 3413 3165 3465 ei
3215 3413 3384 3465 virtus
3436 3412 3694 3480 daretur,
3745 3425 3799 3470 ιιι

2221 3509 2382 3552 tutata:
2433 3500 2816 3568 magnitudinis
2859 3500 3230 3567 fabricam,.in
3267 3518 3373 3572 quo
3392 3518 3525 3572 gens
3555 3505 3802 3576 allophy»

2221 3590 2392 3643 lorum
2434 3591 2680 3644 convivia
2721 3593 3043 3655 celebrabat,
3093 3593 3204 3646 stris
3250 3595 3497 3648 manibus
3542 3609 3791 3664 quateret

2218 3693 2376 3751 atque
2425 3682 2712 3750 dejiceret;
2768 3699 2940 3752 neque
2981 3686 3024 3736 si
3058 3696 3186 3738 nutu
3214 3687 3429 3754 proprio
3472 3688 3572 3741 sibi
3607 3705 3794 3742 necem

2219 3777 2507 3845 ingereret,
2551 3776 2687 3828 inter
2715 3775 2890 3844 justos
2933 3776 2998 3828 ab
3050 3777 3308 3845 Apostolo
3358 3778 3664 3832 laudaretur
3701 3799 3711 3830 :
3746 3793 3796 3834 et

2217 3867 2339 3920 ideo
2377 3867 2576 3921 factum
2626 3867 2740 3935 ejus
2787 3883 2851 3920 ex
2896 3867 3090 3923 divina:
3129 3869 3418 3939 Scr’pturce
3465 3873 3795 3933 testimonia.

2219 3970 2320 4010 n0n
2354 3971 2419 4010 ex
2452 3969 2632 4011 nosrra
2661 3958 3044 4011 consuetudine
3068 3957 3392 4026 judicatnus.
3429 3961 3556 4014 Item
3587 3977 3707 4014 cum
3731 3965 3796 4017 ab

2217 4048 2402 4103 eadem
2435 4049 2704 4114 Scriptura
2747 4049 3018 4102 videamus
3050 4051 3252 4104 lattdari
3299 4051 3494 4116 David,
3544 4055 3634 4121 qui
3669 4071 3788 4122 per-

2217 4147 2424 4205 petrato
2485 4138 2748 4192 adulterio
2819 4140 3162 4194 homicidium
3229 4157 3439 4211 quoque
3498 4148 3795 4213 conjunxit,

2217 4230 2468 4297 quoniam
2514 4231 2566 4282 in
2597 4246 2656 4282 ea
2691 4231 2847 4284 simul
2877 4233 3118 4299 legimus,
3148 4235 3287 4300 quod
3316 4237 3499 4288 horum
3523 4239 3794 4292 sceletum

2219 4319 2584 4386 paenitentiam
2632 4322 2824 4388 egerit,
2879 4323 3079 4377 idcirco
3127 4324 3194 4378 ah
3243 4339 3306 4378 ea
3358 4328 3625 4380 credimus
3676 4342 3795 4383 esse

2219 4409 2506 4462 laudatum.
2534 4411 2665 4463 Cum
2699 4427 2824 4466 vero
2859 4413 3037 4468 laudet
3062 4417 3218 4468 etiam
3251 4418 3555 4476 pontificem
3587 4423 3790 4486 Aaron,

2219 4497 2305 4567 qni
2331 4502 2548 4554 vitulum
2593 4503 2714 4555 fecit
2757 4503 2808 4556 iu
2845 4505 3051 4571 Coteb,
3100 4517 3158 4560 ut
3190 4509 3504 4564 adoraretur
3536 4529 3563 4561 ει
3597 4515 3792 4580 pepulo

539 4595 802 4650 meantes,
849 4597 1098 4652 omnium
1147 4602 1342 4668 quippe
1401 4604 1624 4663 ιυετίηιι⁹
1683 4619 1710 4654 a
1761 4603 1954 4670 quibus
2011 4621 2114 4656 ιιοη
2143 4586 2195 4646 D
2224 4592 2416 4661 (Exod.
2472 4597 2663 4663 xxxii),
2713 4610 2810 4649 nec
2853 4598 3015 4651 refert
3053 4598 3138 4650 ubi
3178 4615 3299 4653 eum
3344 4603 3474 4654 tanti
3526 4604 3794 4673 sacrilegii

538 4695 664 4740 sunt
689 4686 1006 4754 improbata,
1055 4705 1174 4743 cum
1209 4692 1287 4745 eis
1317 4707 1418 4746 non
1455 4703 1628 4746 essent
1664 4693 1956 4762 ineognita.
1992 4696 2118 4749 Per-

539 4783 691 4836 vides
749 4783 926 4850 igitur,
981 4785 1398 4842 clemr-ntissimc
1452 4790 1758 4855 imperator,
1795 4801 2113 4857 quantortun

536 4874 813 4929 damnatio
841 4888 1218 4946 consequatur,
1251 4879 1294 4931 si
1319 4880 1597 4948 quisquam
1628 4897 1690 4933 ex
1721 4882 1912 4935 talibus
1939 4893 2118 4949 poste-

536 4981 718 5019 rorum
751 4969 1163 5036 prtesumptione
1190 4967 1475 5022 damnetur
1503 4987 1513 5022 :
1546 4970 1675 5022 tanti
1710 4985 1835 5023 vero
1867 4972 2116 5036 penditur

538 5059 588 5111 in
621 5059 827 5113 unitate
855 5061 1095 5127 Corporis
1134 5055 1328 5114 Christi
1362 5077 1577 5114 manere
1599 5101 1613 5124 ,
1662 5070 1717 5113 et
1748 5078 1852 5115 non
1882 5076 2111 5118 conten-

540 5155 732 5206 tiosum
771 5167 827 5205 se
857 5153 1110 5221 objicere,
1153 5153 1247 5206 sed
1289 5153 1516 5207 docilem
1559 5154 1825 5222 subjici-re
1875 5155 2111 5210 animum

531 5244 782 5307 veritati,
837 5253 892 5296 ιιι
937 5259 1030 5311 pro
1080 5245 1224 5311 pacis
1260 5244 1427 5311 ipsius
1471 5255 1524 5298 et
1574 5246 1846 5299 cha:itatis
1893 5247 2066 5303 fructu
2097 5290 2113 5315 ,

537 5334 675 5396 quod
707 5334 926 5388 forsitan
958 5335 978 5366 ³
1009 5336 1165 5389 aliter
1194 5339 1395 5403 sapitur
1424 5353 1580 5405 quam
1612 5353 1733 5390 vera
1767 5339 1897 5392 fides
1926 5341 2114 5410 exigit,

538 5435 788 5492 purgetur
844 5442 871 5477 a
918 5425 1179 5491 Domino,
1245 5437 1299 5480 ut
1356 5429 1469 5495 plus
1510 5431 1558 5482 in
1613 5445 1740 5497 pace
1795 5430 2112 5497 fructilicct;

610 5626 621 5698 ξ
653 5625 786 5698 βοά.
814 5625 1033 5698 Verum,
1060 5629 1300 5695 quidquid
1324 5629 1456 5682 illud
1483 5641 1628 5691 esset,
1657 5632 1814 5698 quod.

606 5695 624 5723 ’
655 5695 796 5748 Iulem
821 5696 917 5746 cod
952 5737 964 5757 ,
998 5701 1332 5752 condemnare
1363 5701 1608 5753 ductores.

607 5761 625 5836 ξ
661 5764 798 5836 idem
825 5765 967 5836 cod"
1001 5774 1040 5817 sl
1064 5770 1186 5834 quid
1217 5773 1454 5836 forsitan.

607 5830 627 5862 ⁸
661 5831 802 5889 Idem
834 5835 977 5904 cod,
1003 5830 1273 5894 Iacobum.

2223 4683 2549 4752 paenituerit,
2595 4689 2759 4754 exigit
2795 4704 2822 4739 ει
2867 4691 3022 4743 nobis
3071 4694 3368 4747 reverentia
3412 4710 3571 4764 quam
3617 4695 3795 4750 eidem

2221 4786 2420 4829 sanctm
2449 4779 2736 4846 Scriptura:
2759 4778 3041 4846 debemus,
3077 4791 3133 4833 ut
3161 4799 3462 4852 quanquam
3491 4787 3588 4838 hoc
3613 4796 3794 4840 tacue-

2221 4871 2310 4934 rit,
2337 4887 2441 4923 non
2471 4880 2646 4924 tamen
2683 4873 2966 4926 credamus
2999 4875 3139 4941 quod
3187 4893 3308 4929 eum
3351 4877 3570 4931 laudare
3601 4881 3793 4947 possit,

2221 4961 2323 5013 nisi
2349 4960 2416 5014 de
2438 4969 2582 5016 tanto
2613 4964 2895 5033 sacri?egio
2927 4966 3292 5032 pmiiitentem.
3331 4967 3479 5022 Hanc
3510 4969 3669 5040 igitur
3698 4971 3805 5023 oh-

2223 5056 2549 5109 servantiam
2582 5068 2768 5110 tenere
2801 5073 2896 5109 nos
2924 5069 3136 5122 Oportet
3162 5069 3216 5111 et
3248 5061 3298 5113 in
3335 5062 3420 5114 his
3447 5077 3668 5132 quorum
3701 5061 3794 5117 du-

2218 5148 2386 5200 etrina
2420 5147 2469 5200 in
2502 5147 2746 5202 Ecclesia
2774 5148 2870 5201 Dei
2905 5158 3116 5217 recepta
3143 5161 3218 5204 est
3247 5167 3260 5215 ;
3307 5152 3427 5205 utsi
3459 5153 3583 5221 quid
3610 5167 3708 5206 nos
3738 5155 3796 5206 in

2221 5254 2404 5293 eorum
2447 5242 2625 5294 verbis
2657 5241 2960 5306 offenderit,
3005 5244 3148 5310 prius
3190 5258 3513 5312 qumramus,
3563 5260 3626 5298 ne
3659 5244 3799 5298 forte

2223 5351 2327 5388 non
2363 5334 2460 5402 ipsi
2503 5336 2806 5397 veritatem,
2841 5335 2932 5388 sed
2968 5352 3066 5390 nos
3095 5337 3278 5390 eorum
3311 5337 3654 5392 intentionem
3690 5340 3798 5391 mi-

2224 5442 2326 5481 nus
2358 5429 2626 5495 potuimus
2649 5427 2910 5482 invenire.
2938 5428 3001 5482 Et
3030 5430 3478 5497 quemadmodum
3512 5430 3636 5486 illud
3660 5446 3797 5499 Opus

2286 5634 2304 5662 "
2335 5633 2472 5687 idem
2507 5633 2627 5687 cod.
2652 5673 2666 5696 ,
2698 5635 2928 5700 ideoque.

2287 5704 2307 5735 ε
2339 5704 2477 5757 idem
2501 5704 2641 5768 cod.,
2670 5705 2908 5772 aliquem.

2287 5775 2305 5806 ⁷
2341 5774 2480 5829 idem
2513 5774 2656 5844 Ct‘d.,
2689 5775 2986 5832 laudaverit.
