4094 6462
269 299 366 356 835

1124 305 1256 362 PRO
1295 306 1727 363 DEFENSIONE
1767 307 1979 364 TRIUM
2020 309 2328 367 CAPITUL.
2371 311 2498 366 LlD.
2542 309 2655 366 X-ll.

3441 315 3542 368 355

268 416 490 468 Samson
522 428 586 468 ex
619 414 812 471 divinae
861 415 1154 486 Scriptura:
1196 420 1525 479 testimonio.
1564 427 1616 473 et.
1650 433 1752 472 non
1783 433 1847 472 ex
1879 422 1924 477 A
1949 419 2231 488 judicavit,
2279 433 2592 479 cunctorum
2623 438 2743 491 qua:
2774 423 2825 478 in
2882 423 2968 478 illa
3009 423 3408 482 Calumniantur
3441 427 3560 485 hae-

273 513 451 560 nostra
484 507 875 562 consuetudine
901 509 1206 577 jndicamus
1239 529 1248 562 :
1282 511 1354 564 ita
1395 520 1449 565 et
1498 511 1687 564 herum
1717 511 1858 564 dicta

267 612 327 651 ex
357 597 616 652 Ecclcslre
647 597 977 665 testimonio,
1010 611 1064 654 et
1092 616 1196 656 non
1239 618 1305 654 ex
1335 612 1516 655 nostra
1561 601 1860 671 intelligen-

272 693 339 747 tia
361 691 688 762 judicenms.
720 691 776 748 Si
807 708 934 748 vero
956 702 1135 748 certus
1165 693 1378 749 illorum
1408 705 1487 748 est
1516 709 1690 762 error,
1726 694 1861 748 sicut

275 781 439 836 David
484 791 646 853 atque
698 784 900 848 Aaron,
951 799 1057 838 non
1096 785 1196 838 nisi
1235 800 1334 853 pro
1375 785 1492 853 ejus
1521 787 1862 854 correptione

273 872 557 926 credamus
619 872 785 926 fuisse
849 872 1131 938 laudatos,
1191 875 1304 927 sive
1358 873 1460 926 huc
1513 874 1859 941 emendatur,

274 963 725 1029 quemadmodum
742 963 1084 1017 Theodorum
1127 980 1245 1034 qua:
1277 965 1451 1018 minus
1481 976 1636 1019 caute
1680 977 1862 1035 protu-

277 1055 408 1108 let'at
432 1053 768 1110 ostendimus
790 1057 1140 1121 emendasse;
1167 1058 1280 1110 sive
1311 1058 1411 1112 hoc
1444 1057 1581 1111 forte
1606 1074 1710 1112 non
1743 1057 1865 1126 pes-

275 1145 343 1199 sit
373 1145 650 1200 evidenter
691 1146 905 1201 ostendi
939 1162 952 1199 :
988 1162 1109 1200 nam
1155 1148 1306 1200 aliter
1349 1147 1468 1200 illos
1501 1148 1736 1202 Ecclesia
1770 1148 1864 1202 Dei

277 1237 572 1306 approbare
615 1254 717 1292 neu
741 1240 937 1304 possit.
973 1239 1122 1293 Sicut
1152 1249 1330 1293 autem
1361 1240 1522 1293 nimis
1551 1239 1861 1294 indecorum

277 1339 359 1380 εει
387 1337 442 1381 et
469 1328 756 1393 oﬁ‘ensum,
793 1339 848 1381 ut
891 1342 1077 1381 eorum
1125 1336 1338 1397 precata
1379 1328 1572 1396 quibus
1620 1332 1865 1383 testimo-

281 1421 424 1476 nium
460 1421 678 1490 justitim
713 1421 988 1491 Scriptura
1037 1420 1130 1476 Dei
1171 1421 1460 1490 perhibuit,
1493 1421 1898 1482 curiosissimd

282 1511 616 1581 requirentes
669 1523 986 1566 enumerata
1033 1513 1387 1578 denetemus,
1447 1513 1570 1566 hinc
1625 1513 1868 1568 volentes

283 1604 450 1656 sancti
479 1610 639 1672 atque
687 1605 1090 1660 incontaminati
1115 1603 1285 1659 videri
1313 1621 1327 1657 :
1360 1605 1430 1658 ita
1463 1604 1619 1658 nimis
1649 1605 1869 1658 indece-

285 1708 400 1747 rum
431 1704 514 1748 est
550 1701 709 1763 atque
741 1693 1029 1762 offensum,
1059 1711 1110 1749 ut
1145 1696 1501 1763 ignorantiam
1538 1710 1723 1750 eorum
1754 1696 1872 1765 qui-

1965 515 2137 579 retici,
2190 517 2455 571 rationem
2501 517 2636 570 actis
2668 509 2934 571 inseruit?
2977 532 3097 570 cum
3129 517 3426 589 intelligere
3453 521 3544 578 de.

1965 605 2142 670 beant,
2169 605 2310 674 quod
2338 606 2740 662 accusatoribus
2769 605 2870 661 ibae
2903 607 3147 676 epistola:
3175 610 3305 664 nihil
3336 611 3389 666 in
3421 627 3541 667 eam

1965 697 2361 766 opponentibus
2385 697 2427 769 ⁸,
2461 713 2681 754 necesse
2723 713 2826 754 non
2858 698 3104 758 habuerit
3147 702 3200 756 in
3234 703 3424 758 talibus
3455 705 3544 760 im-

1966 789 2184 842 morari.
2239 789 2389 856 Quod
2447 791 2492 843 si
2541 802 2823 860 propterea
2862 793 3282 848 succensendum
3344 808 3552 864 magna

1965 881 2172 950 synodo
2197 890 2428 948 putetur,
2463 885 2585 952 quia
2618 884 2821 938 futuras
2844 885 3216 940 haereticorum
3247 889 3546 944 calumnias

1966 983 2072 1021 non
2102 975 2395 1038 praevertit,
2429 974 2559 1040 ipsis
2584 989 2795 1043 quoque
2825 974 3101 1044 prophetis
3131 987 3288 1044 atque
3322 987 3545 1046 aposte-

1966 1059 2030 1113 lis
2052 1071 2428 1116 surceuscatur
2455 1077 2673 1117 necesse
2697 1075 2799 1130 εει,
2825 1079 2945 1118 cum
2971 1063 3132 1123 multa
3159 1064 3266 1118 sint
3290 1066 3338 1118 in
3364 1081 3549 1120 eorum

1967 1147 2166 1206 litteris
2196 1169 2425 1220 quorum
2451 1169 2571 1208 cum
2603 1155 2701 1222 ipsi
2724 1165 2940 1222 possent
2967 1157 3084 1208 sine
3105 1156 3207 1209 ulla
3233 1155 3550 1210 difﬁcultate

1970 1242 2206 1309 pandere
2251 1243 2537 1308 rationem,
2581 1243 2815 1297 maxime
2859 1258 3000 1296 nunc
3044 1244 3221 1297 studio
3275 1255 3435 1314 atque
3475 1245 3552 1298 la-

1971 1332 2101 1385 bore
2131 1333 2197 1385 ab
2245 1334 2688 1401 ingeniosissimis
2730 1344 2890 1405 atque
2927 1336 3255 1390 doctissimis
3278 1353 3552 1405 exponun-

1973 1430 2080 1477 tur.
2127 1423 2462 1494 Cognoscant
2509 1426 2688 1492 igitur,
2721 1426 2863 1494 quod
2918 1428 3000 1481 his
3045 1426 3444 1483 difﬁcultatibus
3490 1430 3557 1482 .ﬁ-

1972 1513 2095 1568 dem
2142 1530 2205 1569 ac
2238 1516 2503 1585 pietatem
2553 1518 2808 1573 Ecclesia:
2857 1533 2968 1573 suae
3011 1516 3258 1573 Christus
3288 1527 3558 1574 exerceat.

1973 1607 2105 1661 Nam
2152 1609 2335 1678 utique
2369 1611 2536 1681 magis
2569 1612 2864 1680 prophetae,
2911 1611 3083 1682 magis
3123 1620 3278 1680 atque
3311 1611 3562 1681 apostoli,

1979 1700 2178 1753 futuras
2205 1716 2338 1769 quas
2372 1703 2741 1770 pra-videbant
2771 1703 3210 1756 calumniantium
3234 1704 3314 1756 vel
3350 1719 3451 1755 non
3481 1704 3564 1755 in-

284 1783 382 1839 bus
411 1787 776 1839 testimonium
819 1800 964 1840 sana:
991 1785 1250 1841 doctrina:
1285 1770 1536 1840 Ecclesia.
1557 1786 1650 1840 Dei
1691 1787 1871 1855 perhi-
1902 1786 1950 1845 B
1978 1791 2356 1860 telligentium,
2390 1803 2482 1846 aut
2514 1795 2747 1848 vitarent
2775 1805 2866 1847 aut
2914 1795 3189 1848 solverent
3217 1797 3492 1863 quat-smine:
3513 1810 3559 1850 s.

286 1875 420 1940 buit,
447 1877 919 1946 scrupulosissime
943 1879 1332 1946 perquiramus,
1367 1886 1424 1931 et
1449 1877 1494 1931 si
1523 1892 1657 1947 quos
1683 1893 1870 1932 eorum

286 1968 800 2036 deprehenderimus
832 1969 916 2023 vel
950 1969 1312 2038 putaverimus
1341 1984 1576 2035 errores,
1623 1970 1673 2022 in
1709 1984 1871 2022 unum

285 2072 566 2130 congestos
593 2061 934 2122 ventilemus,
985 2060 1108 2113 hinc
1137 2061 1379 2114 volentes
1413 2059 1586 2113 videri
1620 2059 1762 2114 docti
1793 2068 1875 2113 at-

287 2164 391 2216 que
419 2147 688 2204 catholici.
740 2149 844 2203 Sed
874 2149 1324 2218 quemadmodum
1371 2149 1581 2203 illorum
1634 2160 1871 2218 peccata,

291 2240 360 2293 ita
390 2251 441 2294 et
474 2239 663 2293 herum
698 2241 742 2294 si
784 2255 885 2309 qua
930 2239 1203 2294 invenitur
1236 2241 1554 2308 ignorantia,
1591 2238 1790 2292 sufﬁcit
1822 2248 1877 2292 ut

287 2344 406 2384 cum
435 2331 660 2399 legimus
684 2328 1072 2398 improbemus,
1105 2329 1364 2396 Apostole
1406 2328 1617 2382 dicente
1645 2344 1658 2381 :
1687 2326 1876 2380 Omnia

291 2423 522 2492 probate,
571 2425 708 2494 quod
737 2425 921 2478 bonum
946 2434 1018 2476 est
1050 2432 1209 2477 tenete
1250 2423 1300 2494 (Ι
1322 2422 1500 2480 Thess.
1549 2439 1601 2489 v,
1633 2423 1746 2492 21).
1778 2427 1876 2476 Αι-

290 2528 394 2584 que
421 2524 476 2568 ut
502 2513 711 2568 illorum
744 2513 927 2578 vitam,
959 2529 1063 2566 non
1085 2530 1149 2567 ex
1175 2513 1494 2582 quibusdam
1518 2512 1875 2580 eulpabilibus

292 2605 447 2660 factis
494 2606 749 2674 impiam,
791 2606 883 2660 sed
933 2620 997 2660 ex
1042 2605 1164 2659 aliis
1212 2605 1380 2659 multo
1432 2605 1672 2674 pluribus
1715 2605 1876 2660 rectis
1923 2639 1925 2641 ι

289 2694 508 2767 justam,
557 2699 851 2753 secundum
897 2699 1187 2768 Scripturac
1218 2700 1308 2752 Dei
1342 2701 1700 2754 testimonium
1735 2698 1880 2768 judi-

291 2803 476 2843 camus
511 2791 620 2844 :ita
653 2802 702 2846 et
737 2791 928 2845 herum
970 2792 1295 2858 doctrinam,
1332 2807 1435 2844 non
1467 2807 1531 2845 ex
1562 2792 1879 2862 quibusdam

292 2882 644 2949 culpabilibus
691 2882 848 2937 dictis
901 2883 1231 2946 hmreticam,
1283 2882 1379 2937 sed
1425 2898 1490 2937 ex
1542 2884 1660 2937 aliis
1714 2882 1882 2937 multo

296 2973 540 3043 pluribus
582 2977 742 3028 rectis
775 2975 1093 3030 Catholicam
1141 2973 1434 3029 secundum
1487 2973 1745 3026 Ecclesia:
1791 2974 1882 3026 Dei

295 3064 660 3118 testimonium
686 3064 1010 3134 judiremus.
1037 3063 1190 3119 Unde
1218 3074 1399 3118 saneta
1426 3063 1662 3134 synodus
1693 3064 1884 3117 Orien-

1979 1883 2274 1938 Attcndant
2305 1886 2444 1954 quod
2478 1884 2666 1940 Petrus
2694 1887 2970 1954 apostolus
3001 1886 3170 1939 dicat:
3191 1883 3566 1938 Dilectissimae

1976 1977 2136 2046 frater
2162 1987 2334 2029 noster
2364 1962 2590 2044 Paulus,
2621 1977 2899 2030 secundum
2943 1994 3054 2030 eum
3082 1994 3195 2047 quae
3235 1979 3357 2033 data
3385 1990 3459 2033 est
3488 1979 3567 2033 illi

1977 2071 2285 2147 sapientiam
2312 2070 2516 2139 scripsit
2543 2069 2704 2133 vobis,
2740 2079 2794 2124 ut
2840 2073 2893 2124 in
2925 2073 3156 2125 omnibus
3203 2073 3445 2140 epistolis,
3491 2074 3568 2126 lo-

1981 2178 2138 2229 quens
2167 2163 2218 2214 in
2247 2162 2319 2214 eis
2348 2164 2409 2214 de
2431 2162 2509 2215 his
2529 2162 2583 2215 in
2612 2163 2792 2230 quibus
2823 2173 2940 2216 sunt
2967 2164 3204 2234 quaedam
3234 2163 3461 2233 difﬁcilia
3491 2167 3571 2217 in—

1981 2252 2206 2318 tellectu,
2237 2268 2350 2322 qua:
2379 2255 2575 2307 indocti
2622 2264 2772 2323 atque
2801 2254 3063 2309 instabiles
3099 2265 3409 2324 pervertunt,
3440 2257 3570 2310 sicut

1987 2353 2032 2398 et
2063 2352 2272 2397 eceterae
2316 2343 2640 2414 Scripturas,
2687 2346 2757 2397 ad
2787 2347 3052 2415 praprium
3093 2362 3241 2399 suum
3289 2348 3569 2401 interitum.

1990 2438 2098 2494 Vos
2126 2441 2282 2511 igitur
2314 2441 2674 2506 amantissimi,
2723 2441 3042 2509 prtescientes
3071 2449 3258 2504 cavete,
3301 2459 3362 2494 ne
3391 2443 3566 2510 infan-

1983 2542 2182 2586 storum
2203 2527 2373 2586 errore
2403 2532 2599 2586 seducti
2628 2531 2880 2584 decidatis
2907 2549 2938 2582 a
2969 2531 3380 2584 corroboratione
3415 2542 3573 2585 vestra

1985 2623 2074 2696 (II
2107 2624 2250 2679 Petr.
2281 2639 2360 2690 tn,
2395 2624 2610 2692 1-5-17).
2647 2623 2784 2678 Ecce
2811 2639 2918 2677 non
2950 2623 3124 2677 solum
3157 2638 3276 2676 cum
3317 2623 3572 2691 prmvide-

1987 2726 2107 2772 rent
2137 2733 2242 2771 non
2275 2717 2580 2771 vitaverunt
2611 2716 2836 2778 futuras,
2861 2715 2952 2769 sed
2984 2717 3143 2770 etiam
3177 2732 3297 2769 cum
3328 2730 3564 2784 praesen—

1989 2821 2068 2868 tes
2098 2813 2361 2879 viderent,
2399 2828 2503 2866 non
2548 2810 2701 2863 nobis
2741 2810 3090 2864 absolverunt
3119 2809 3458 2862 indoctorum
3491 2817 3572 2858 at-

1988 2922 2092 2976 que
2121 2905 2470 2967 instabilium,
2500 2919 2630 2971 quas
2653 2919 2715 2956 ex
2742 2917 2927 2957 eorum
2954 2902 3145 2955 litteris
3174 2907 3451 2970 opponunt
3476 2899 3574 2952 Ec-

1987 2998 2202 3063 clesiae,
2259 2995 2605 3064 quaestiones.
2659 2993 2765 3048 Nec
2817 2991 3096 3062 quisquam
3151 2992 3254 3046 illis
3310 2993 3576 3061 imputare

1989 3091 2328 3143 Christianus
2355 3087 2536 3158 audet,
2566 3088 2705 3156 quod
2750 3089 2872 3141 talia
2915 3087 3075 3142 locuti
3108 3095 3230 3140 sunt
3260 3101 3378 3156 qua:
3409 3087 3568 3140 iidem

298 3157 365 3209 ίῖδ
404 3155 709 3255 Τ¹¹⁰ξ³ί¹⁰⁵ί⁰
757 3155 998 3209 scribe”
1043 3155 1254 3255 (“ch
1289 3171 1302 3209 ³
1341 3173 1357 3206 ⁸
1398 3154 1678 3255 δίῃθυίιθηξ
1731 3153 1883 3255 ίι¹¹ίξ¹ξ
1913 3163 1959 3224 C
1992 3183 2187 3237 indocti
2221 3192 2380 3255 atque
2439 3153 2714 3236 instabiles
2762 3196 2857 3248 pre
2916 3179 3218 3234 intellectus
3263 3153 3578 3232 difficultate

297 3263 481 3317 quam,
523 3249 812 3316 imperator
861 3257 1069 3315 sancte,
1101 3249 1393 3304 obscurum
1433 3247 1629 3316 aliquis
1660 3246 1886 3300 inveniri

297 3337 442 3392 dicat
495 3339 550 3392 in
595 3337 866 3395 Theodori
911 3339 993 3394 vel
1036 3339 1262 3394 aliermn
1308 3340 1520 3401 litteris,
1575 3339 1678 3394 hoc
1718 3347 1890 3392 retra-

297 3430 428 3483 ctari
456 3431 817 3484 necessarium
851 3445 956 3484 non
989 3442 1093 3485 est.
1128 3431 1367 3496 Quorum
1399 3429 1541 3485 enim
1575 3432 1684 3484 vita
1717 3430 1768 3482 in
1803 3445 1887 3483 sa-

299 3522 542 3578 cerdotio
590 3534 644 3579 et
690 3525 992 3578 ministerio
1041 3525 1301 3591 optimum
1347 3522 1530 3576 habuit
1579 3522 1761 3586 finem,
1808 3521 1890 3575 his

300 3617 574 3688 pradatam
601 3617 821 3686 gloriam
849 3615 1188 3681 dedicamus,
1225 3623 1280 3670 et
1307 3629 1416 3670 non
1447 3631 1511 3670 ex
1556 3614 1660 3667 illis
1688 3628 1782 3667 eos
1804 3613 1890 3682 ju-

301 3708 545 3762 dicamus
568 3714 636 3762 (te
665 3707 858 3777 quibus
880 3707 1045 3776 aliqui
1068 3706 1323 3761 atrociter
1353 3720 1447 3760 eos
1469 3712 1743 3759 accusant.
1779 3723 1796 3754 ι

919 3838 1147 3896 CAPUT
1187 3839 1249 3894 il.

308 3934 459 4001 Quod
503 3934 772 3990 re:ractari
801 3950 904 3988 non
940 3934 1153 4016 debeant
1195 3950 1256 3987 ea
1296 3949 1408 4003 qua:
1430 3934 1485 3986 in
1515 3932 1713 4003 synodo
1740 3932 1893 3986 semel

839 4014 955 4059 sunt
990 4014 1282 4058 constituta.

379 4119 486 4177 Sed
518 4134 662 4184 erce,
695 4118 838 4188 quod
861 4119 1106 4173 ultimum
1140 4116 1295 4172 nobis
1320 4117 1387 4171 ad
1417 4116 1892 4172 demonstrandam

309 4215 571 4270 rationem
605 4213 765 4266 totius
810 4225 988 4265 causa:
1007 4217 1392 4276 aremauserat,
1425 4211 1587 4265 etiam
1633 4210 1702 4264 de
1742 4209 1898 4264 laude

310 4305 578 4361 Theodori
604 4301 964 4372 Mepsuesteni
993 4303 1122 4355 satis
1150 4315 1420 4371 superque
1439 4301 1736 4364 docuimus,
1761 4302 1898 4356 hanc

311 4399 590 4468 epistolam
623 4397 763 4451 velut
794 4395 1105 4450 haereticatn
1130 4396 1275 4461 juste
1313 4408 1416 4448 non
1462 4408 1623 4462 posse
1653 4379 1896 4462 culpari;

315 4506 411 4546 nos
456 4501 654 4553 tanien,
705 4487 845 4542 sicut
882 4485 1196 4556 praedictum
1243 4493 1346 4550 est,
1380 4499 1486 4537 non
1521 4486 1573 4538 in
1606 4494 1786 4538 nostra
1825 4500 1900 4536 ra-

315 4584 483 4648 tione,
509 4595 813 4650 quanquam
839 4580 1081 4632 videatur
1111 4577 1332 4644 invicta,
1365 4575 1464 4630 sed
1495 4577 1546 4629 in
1579 4577 1902 4630 auctoritate

315 4675 489 4732 sancti
509 4673 724 4729 concilii
755 4688 863 4742 quo
887 4673 903 4703 ¹
932 4681 1178 4740 suscepta
1219 4678 1324 4734 est,
1373 4668 1790 4724 constituimus’
1813 4668 1905 4721 lir-

315 4769 582 4823 mitatcm.
613 4765 857 4821 Sufficiat
882 4761 1040 4831 igitur
1063 4762 1399 4817 instructioni
1431 4761 1774 4830 parvulorum
1807 4775 1902 4812 no-

315 4869 574 4923 strorum,
603 4872 672 4912 ne
699 4855 1133 4911 scandalizentur
1181 4855 1233 4907 in
1269 4854 1349 4907 his
1378 4869 1494 4923 quae
1528 4853 1594 4907 de
1624 4853 1710 4906 illa
1739 4851 1907 4906 conﬁ-

315 4961 401 5005 cta
433 4958 577 5010 sunt,
612 4947 750 5015 quod
780 4947 960 5002 omnia
1001 4945 1218 4999 diverse
1247 4953 1408 5013 atque
1437 4943 1738 5011 multiplici,
1771 4952 1827 4998 et
1856 4944 1906 5003 in

317 5046 634 5114 obsequium
664 5041 912 5098 veritatis
940 5037 1175 5108 undique
1204 5046 1558 5093 concurrente
1587 5051 1788 5104 genere
1813 5037 1906 5090 dc-

322 5139 580 5193 fensienis
594 5135 945 5191 exclusimus.
973 5133 1081 5186 Nec
1110 5131 1246 5200 apud
1279 5145 1337 5184 se
1364 5138 1610 5199 reputent
1640 5129 1906 5193 dicentes,

320 5244 416 5283 cur
447 5243 552 5282 non
586 5227 754 5296 magis
795 5225 925 5278 illud
967 5221 1286 5285 concilium.
1333 5221 1472 5291 Quod
1507 5222 1673 5290 ipsam
1714 5221 1912 5289 episto-

322 5323 428 5377 lam
467 5323 658 5377 merito
685 5328 846 5374 rectae
878 5317 1001 5372 ﬁdei
1045 5332 1203 5386 quam
1255 5316 1513 5379 continet,
1554 5314 1911 5369 orthodoxam

397 5510 422 5538 η
449 5501 592 5556 Edit.
619 5500 811 5564 Leen.,
847 5499 998 5552 etiam
1026 5499 1078 5550 in
1107 5513 1182 5550 eo.
1669 5527 1672 5530 ~

394 5571 422 5611 ³³
447 5574 590 5628 Edit.
622 5570 818 5637 Leon.,
852 5571 1095 5637 majorem
1125 5569 1348 5637 fructum
1391 5576 1692 5637 conspectu.

403 5756 419 5788 '
449 5751 581 5806 Cod.
613 5749 835 5812 Veron.,
867 5765 899 5801 a
928 5763 1050 5818 quo.

409 5822 427 5851 ²
451 5823 596 5878 Idem
623 5823 770 5890 cod.,
802 5822 911 5893 ejus
940 5816 1310 5874 constituimus.

1991 3284 2396 3348 perverterent;
2425 3277 2517 3330 sed
2550 3275 2642 3329 Dei
2674 3274 2851 3342 potius
2874 3273 2924 3326 in
2951 3272 3051 3327 hoc
3075 3272 3331 3342 judicium
3363 3280 3579 3324 contre-

1993 3369 2187 3432 Ittiscit,
2213 3368 2354 3437 quod
2387 3366 2694 3436 huiusmodi
2721 3365 3106 3419 tentatieniims
3139 3363 3265 3416 illud
3298 3362 3580 3429 impletur,

1995 3471 2053 3513 ut
2083 3461 2171 3530 qui
2197 3460 2248 3513 in
2282 3459 2529 3514 sordibus
2558 3469 2640 3512 est
2669 3456 2947 3511 serdescat
2977 3456 3171 3520 adhuc,
3201 3455 3376 3523 justus
3403 3463 3580 3506 autem

1989 3552 2217 3622 justiora
2243 3551 2425 3618 faciat,
2459 3560 2515 3605 et
2538 3559 2754 3604 sanctus
2785 3551 3053 3604 sanctiora
3084 3547 3268 3619 (Apoc.
3302 3562 3434 3609 χιιι,
3470 3545 3581 3614 ll).

1995 3641 2148 3696 Unde
2177 3643 2219 3694 si
2248 3656 2404 3709 quam
2437 3639 2793 3694 reverentiam
2825 3638 3114 3692 deferimus
3155 3638 3314 3690 etiam
3345 3635 3583 3705 synoda-

1997 3739 2135 3791 lihus
2171 3736 2472 3790 constitutis
2511 3733 2580 3787 ab
2621 3733 2856 3786 Ecclesia
2907 3729 3194 3785 universali
3240 3728 3496 3796 receptis,
3531 3726 3583 3780 in

1997 3829 2246 3884 onmibns
2274 3844 2391 3897 qua:
2415 3827 2641 3880 obscura
2670 3825 2721 3878 in
2751 3825 2830 3879 eis
2862 3833 2914 3878 et
2939 3823 3004 3876 ad
3047 3820 3457 3890 intelligendum
3484 3819 3583 3872 dif-

2001 3924 2158 3978 ﬁcilia
2213 3923 2534 3991 reperimus,
2593 3919 2827 3973 divinam
2878 3917 3208 3970 voluntatem
3259 3924 3585 3983 cognoscere

1999 4023 2159 4083 atque
2182 4013 2478 4086 approbare
2502 4011 2779 4066 debemus.
2806 4007 3096 4077 Cegnoscis
3120 4017 3318 4071 autem,
3352 4005 3585 4059 serenis~

2001 4105 2138 4159 sime
2184 4103 2512 4172 imperator,
2565 4103 2706 4171 quod
2761 4115 2865 4153 non
2922 4099 3188 4152 immerito
3245 4097 3586 4150 beatissimus

2003 4195 2112 4249 Lee
2161 4195 2475 4248 temerarios
2537 4207 2565 4244 a
2622 4191 2998 4245 retractatione
3067 4187 3337 4257 prtedictre
3396 4187 3587 4257 synodi

2003 4288 2310 4352 coercebat,
2338 4300 2455 4340 cum
2488 4283 2651 4337 Leoni
2697 4280 2922 4350 principi
2958 4279 3217 4333 scriberet
3248 4278 3432 4332 dicens
3459 4292 3473 4331 :
3498 4276 3586 4330 Νἰτ

2007 4381 2078 4435 hil
2114 4393 2331 4447 prorsus
2361 4378 2429 4431 de
2455 4377 2591 4430 bene
2620 4373 2932 4440 compositis
2962 4380 3298 4426 retractetur.
3333 4368 3432 4436 Qui
3464 4385 3591 4425 rur-

2007 4487 2116 4536 sus,
2142 4485 2261 4524 cum
2290 4469 2356 4522 ab
2384 4482 2452 4521 eo
2479 4465 2588 4518 suis
2621 4463 2810 4518 litteris
2834 4460 3098 4528 ﬂagitaret
3123 4469 3450 4514 memoratus
3478 4459 3589 4513 Au-

2010 4573 2213 4633 gustus,
2269 4569 2324 4614 ut
2374 4560 2426 4612 in
2475 4557 2675 4626 regiam
2716 4555 2990 4607 civitatem
3023 4552 3245 4606 veniens
3290 4550 3491 4621 aliquid
3537 4550 3590 4603 in

2009 4656 2248 4725 ejusdem
2290 4650 2478 4722 synodi
2528 4647 2743 4702 statutis
2787 4646 2871 4701 vel
2903 4645 3223 4714 corrigeret,
3267 4644 3350 4697 vel
3379 4641 3593 4713 supple-

2010 4757 2112 4813 ret,
2147 4745 2287 4815 qued
2339 4743 2451 4797 fieri
2495 4742 2612 4796 sine
2652 4737 2955 4793 detestabili
2988 4737 3433 4807 praevaricatione
3487 4749 3591 4787 non

2014 4849 2231 4910 posset;
2265 4837 2344 4891 sic
2387 4837 2434 4891 ei
2467 4833 2716 4889 rescribit
2749 4831 2943 4903 (Epist.
2986 4828 3110 4898 125)
3139 4847 3150 4880 ;
3178 4846 3196 4880 ς
3231 4827 3458 4882 Litteras
3488 4826 3594 4880 cle-

2017 4932 2232 4989 mentia:
2262 4941 2386 4996 tuze,
2418 4928 2604 4998 plenas
2631 4928 2829 4979 virtute
2857 4923 2978 4977 fidei
3010 4931 3065 4976 et
3095 4921 3298 4974 lumine
3328 4917 3594 4985 veritatis,

2018 5032 2335 5082 venerauter
2391 5021 2570 5089 accepi
2610 5035 2623 5071 :
2665 5018 2860 5085 quibus
2907 5027 3158 5082 cuperem
3208 5010 3260 5063 in
3303 5024 3368 5063 eo
3394 5017 3420 5046 ι
3454 5009 3595 5077 quod

2020 5118 2362 5190 praesentiam
2393 5130 2564 5171 meam
2598 5113 2767 5183 pietas
2805 5121 2984 5163 vcsua
3023 5104 3377 5172 necessariam
3407 5102 3596 5154 exi-iti-

2021 5226 2152 5279 mat,
2185 5211 2425 5275 obedire,
2462 5217 2520 5262 ut
2555 5207 2760 5275 majore
2791 5203 2962 5257 fructu
3003 5204 3348 5266 conspectum
3375 5191 3402 5231 ιι
3428 5191 3595 5247 vestri

2024 5304 2326 5378 splendoris
2377 5315 2720 5370 assequerer;
2771 5295 2865 5353 sed
2914 5293 3081 5364 magis
3132 5289 3329 5346 vobisc
3369 5284 3601 5340 arbitror

2093 5500 2115 5528 ε
2147 5487 2287 5542 Edit.
2320 5487 2509 5550 Leen.,
2541 5484 2596 5537 id
2627 5481 2784 5535 vobis.

2103 5741 2123 5771 ³
2148 5739 2293 5793 Idem
2323 5732 2470 5794 cod.,
2498 5726 2636 5798 quod
2673 5717 3053 5798 accusatoribus
3086 5715 3194 5798 [ore
3222 5726 3444 5784 epist-apt
3473 5709 3605 5766 nihil

2035 5787 2573 5879 hincbit—ponentibus,
2608 5810 2805 5850 necesse
2839 5806 2938 5845 non
2966 5787 3214 5842 habuerit.
