4094 6494
467 339 570 394 853

1532 335 1830 392 FACl‘NDi
1873 333 2086 390 EPlSC.
2133 330 2638 387 ill‘IRBilANENSiS

3637 320 3738 375 836

467 450 780 520 placiturum
809 490 824 515 ,
880 447 1020 520 quod
1075 447 1378 521 eligendum
1439 447 1578 502 ratio
1635 447 2047 502 demonstravit.
2085 449 2130 507 Λ
2161 447 2373 500 rissima
2400 445 2522 500 tuba
2549 459 2660 499 sum
2685 440 3019 496 auctoritatis
3043 436 3624 507 intouatinquietorum
3646 453 3741 490 an-

467 541 599 597 Nam
630 555 748 596 cum
779 550 965 596 sancto
1000 539 1229 610 spiritali
1264 548 1291 577 ι
1322 539 1498 593 studio
1531 538 1796 593 universa‘.
1817 535 1844 575 ι’
1871 550 2055 606 pacem

468 629 729 687 Ecclesiae
779 630 1052 696 muniatis,
1087 630 1326 699 nihilque
1369 631 1439 683 sit
1476 629 1891 684 convenientius
1935 627 2058 681 ﬁdei

468 723 842 786 defendendae,
888 722 1177 792 quam-his
1220 736 1340 791 qua:
1390 736 1484 790 per
1535 721 1716 774 omnia
1755 720 2058 774 instruente

469 813 674 881 Spiritu
718 821 908 867 sancto
950 813 1502 882 irreprehensibiliter
1545 811 1765 866 deﬁnita
1809 821 1935 866 sunt
1979 812 2060 865 in-

470 905 715 958 haerere:
750 905 848 974 ipsi
883 904 1185 958 videbimur
1223 905 1361 960 bene
1401 914 1601 959 statuta
1625 905 1957 966 convellere,
2005 913 2061 958 et

470 996 822 1050 auctoritates
855 1010 988 1065 quas
1022 996 1259 1050 Ecclesia
1307 997 1628 1050 universalis
1679 996 1923 1064 amplexa
1955 1005 2058 1061 eSt,

470 1087 537 1140 ad
574 1087 854 1140 arbitrium
901 1087 1166 1141 bccretica:
1211 1087 1482 1155 petitionis
1529 1086 1856 1156 infringere,
1903 1095 2063 1155 atque

471 1177 543 1232 ita
577 1176 784 1231 nullum
811 1177 1135 1230 collidendis
1165 1178 1412 1232 ecclesiis
1455 1177 1670 1231 modum
1711 1192 1933 1246 ponere,
1967 1177 2061 1230 sed

473 1268 594 1318 data
629 1266 844 1321 licentia
874 1266 1195 1332 rebellandi,
1238 1267 1463 1321 dilatare
1506 1267 1674 1336 magis
1698 1282 1856 1335 quam
1880 1266 2062 1335 sopire

474 1358 786 1410 certamina.
827 1356 984 1411 Unde
1013 1359 1134 1426 quia
1189 1367 1312 1428 post
1362 1358 1481 1411 illas
1534 1357 1819 1426 Ephesinae
1875 1358 2061 1428 synodi

474 1446 800 1515 impietates,
844 1447 1036 1515 quibus
1082 1448 1324 1502 Dioscori
1383 1447 1590 1502 scelere
1620 1447 1753 1502 ﬁdes
1797 1448 2062 1502 catholica

475 1537 724 1600 reiutata,
752 1547 805 1588 et
830 1538 1154 1605 perversitas
1193 1537 1527 1606 Eutychiana
1559 1549 1809 1607 suscepta
1843 1549 1945 1603 est,
1981 1539 2067 1592 ni-

477 1623 553 1676 hil
586 1625 652 1677 ad
684 1626 1150 1679 conservationem
1182 1625 1303 1680 ﬁdei
1334 1626 1655 1681 Christiana:
1683 1629 1869 1684 utilius
1893 1633 2066 1698 potuit

477 1713 738 1781 ozdirtari,
783 1731 940 1784 quam
990 1727 1047 1770 ut
1080 1717 1323 1785 praedicti
1361 1719 1568 1773 facinus
1610 1729 1794 1774 sancta
1827 1721 2064 1791 synodus

2160 535 2311 589 sibus
2343 533 2665 598 inhibendis,
2703 539 2759 586 et
2787 531 2918 584 dicit
2950 527 3145 598 (Epist.
3172 527 3299 599 78):
3329 544 3347 578 α
3377 526 3505 592 Quae
3532 523 3734 596 patefa-

2161 637 2243 682 cta
2274 637 2398 682 sunt
2441 641 2709 696 quaerere,
2750 639 2868 693 quae
2899 623 3133 689 perfecta
3173 631 3299 675 sunt
3342 628 3655 684 retractare,
3687 630 3741 674 et

2161 735 2280 789 qua:
2311 729 2436 774 sunt
2483 718 2705 773 deﬁnita
2751 716 3078 781 convellere,
3112 714 3237 786 quid
3286 714 3428 768 aliud
3473 724 3553 768 est
3581 730 3739 782 quam

2162 811 2229 863 de
2259 809 2467 873 adeptis
2492 811 2716 879 gratiam
2747 821 2852 860 non
2879 804 3102 867 referre,
3137 813 3191 857 et
3234 806 3298 856 ad
3330 803 3622 858 interdicta:
3652 820 3740 855 ar-

2165 901 2312 955 boris
2343 903 2519 955 cibum
2555 900 2827 968 irnprohos
2856 897 3124 968 appetitus
3165 895 3456 950 mortiferae
3485 895 3742 964 cupidita-

2164 992 2231 1045 tis
2255 991 2584 1046 extendere?
2611 1011 2628 1043 ι
2663 990 2856 1044 Verum
2884 997 3060 1042 autem
3095 987 3177 1041 his
3222 996 3378 1056 atque
3408 987 3524 1039 aliis
3563 987 3744 1040 multis

2165 1083 2494 1152 hujusrnudi,
2545 1099 2662 1152 quas
2715 1081 2880 1136 Leoni
2921 1079 3151 1150 principi
3188 1079 3486 1148 sa'pissime
3526 1076 3745 1146 scripsit

2165 1174 2254 1226 ille
2285 1175 2364 1227 vir
2398 1174 2517 1240 Dei,
2569 1172 2744 1228 minus
2774 1187 2932 1242 quam
2976 1172 3120 1236 volo,
3153 1180 3206 1225 et
3233 1185 3392 1237 quam
3424 1185 3559 1223 mea:
3605 1167 3741 1223 alie-

2165 1265 2330 1318 ctioni
2356 1265 2528 1318 debeo
2555 1263 2944 1336 demonstravi,
2971 1269 3169 1330 quanta
3201 1260 3362 1315 fuerit
3393 1261 3507 1327 ejus
3538 1259 3744 1313 sollici-

2169 1355 2298 1410 tudo
2324 1366 2482 1425 atque
2527 1356 2735 1409 cautela
2779 1369 2875 1423 pro
2900 1353 3246 1408 custodienda
3271 1351 3566 1405 reverentia
3591 1365 3745 1421 syno~

2165 1447 2363 1502 dalium
2397 1457 2742 1501 statutorum.
2795 1446 2926 1498 Nam
2958 1445 3010 1497 in
3058 1445 3162 1497 illis
3205 1441 3457 1497 omnibus
3497 1443 3747 1510 superius

2167 1539 2497 1602 memoratis,
2532 1549 2705 1606 neque
2748 1537 2972 1591 ulterius
3002 1543 3310 1602 retractare,
3356 1549 3528 1603 neque
3572 1535 3748 1587 discu-

2167 1638 2282 1684 tere
2326 1645 2382 1682 se
2433 1643 2593 1698 posse
2638 1627 2912 1696 professus
2958 1635 3041 1680 est
3077 1640 3140 1680 ea
3189 1638 3307 1693 quae
3343 1623 3508 1677 semel
3539 1621 3748 1678 fuerant

2173 1724 2599 1777 Cbalcedonensi
2643 1719 2861 1776 deﬁnita
2909 1719 3162 1783 concilio,
3203 1717 3350 1771 Velut
3397 1732 3515 1785 qure
3567 1726 3750 1770 nosset

477 1805 942 1862 Chalcedonensis
991 1809 1266 1878 aboleret,
1314 1819 1371 1864 et
1420 1819 1563 1864 tanta
1622 1811 1734 1864 illic
1783 1813 2071 1866 haberetur
2102 1806 2147 1864 B
2179 1830 2285 1869 non
2313 1824 2422 1868 tam
2451 1815 2686 1868 humano
2711 1829 2873 1883 quam
2903 1813 3082 1867 divino
3125 1809 3318 1880 spiritu
3354 1809 3660 1864 constituta.
3696 1808 3750 1861 In

480 1897 716 1951 caelestis
749 1911 877 1950 cura
925 1898 1207 1964 doctrinm,
1245 1907 1302 1951 ut
1351 1899 1485 1952 nihEl
1520 1901 1926 1975 in_cujusquam
1955 1903 2071 1970 opi-

481 1991 641 2042 nione
673 1991 958 2054 resideret,
988 1991 1129 2058 quod
1157 2005 1185 2044 a
1215 1992 1684 2060 praedicationibus
1714 1993 1796 2047 vel
1830 1995 2074 2062 prophe-

481 2084 602 2136 ticis
634 2082 716 2135 vel
759 2083 1065 2150 apostolicis
1092 2084 1435 2138 dissentiret:
1467 2099 1532 2139 ea
1580 2086 1784 2140 scilicet
1821 2087 2070 2141 modera-

483 2174 630 2228 tione
658 2185 891 2241 servata,
928 2184 986 2230 ut
1030 2176 1318 2230 rebellibus
1366 2185 1568 2231 tantum
1615 2195 1676 2233 ac
1709 2181 2072 2248 pertinacibus

481 2271 548 2323 ab
578 2271 838 2325 Ecclesia:
870 2271 1073 2325 unitate
1102 2271 1336 2340 rejectis,
1363 2273 1488 2325 nulli
1517 2282 1760 2327 corrccto
1788 2274 1945 2328 venia
1979 2290 2074 2330 ne-

480 2373 704 2430 garetur
746 2380 760 2416 :
796 2362 922 2432 quid
978 2363 1344 2432 probabilius?
1389 2365 1516 2434 quid
1577 2365 1879 2436 religiosius
1925 2376 2072 2436 pute-

476 2451 552 2505 rit
583 2452 754 2516 pietas
783 2463 961 2507 vestra
997 2453 1318 2518 decernere,
1351 2470 1511 2525 quam
1545 2465 1600 2509 ut
1637 2473 1756 2527 qua:
1811 2472 1917 2512 non
1967 2469 2071 2513 tam

484 2541 736 2597 humanis
768 2559 924 2612 quam
954 2543 1153 2598 divinis
1191 2557 1316 2599 sunt
1359 2556 1561 2600 statuta
1602 2548 1854 2616 decretis,
1889 2550 2074 2605 nullus

483 2637 622 2690 ultra
666 2635 878 2691 sinatur
921 2639 1215 2706 impetere;
1271 2655 1336 2692 ne
1380 2655 1503 2695 vere
1546 2640 1690 2710 digni
1717 2644 1827 2696 sint
1869 2651 2071 2698 tantum

485 2728 578 2785 Dei
611 2744 806 2784 munus
846 2730 1118 2797 amittere,
1153 2733 1244 2802 qui
1271 2732 1338 2787 de
1366 2734 1589 2788 veritate
1628 2733 1793 2804 ipsius
1821 2737 1936 2789 ausi
1969 2736 2076 2791 fue-

485 2822 596 2874 rint
646 2822 928 2876 tlubitare?
961 2841 978 2874 i
1025 2823 1293 2892 i’ei'spicis
1327 2825 1782 2894 quemadmodum
1835 2827 2072 2882 Leonem

487 2914 784 2982 principt-m
833 2923 1074 2979 moneat,
1117 2914 1203 2971 his
1248 2931 1368 2983 quae
1413 2933 1509 2987 per
1546 2920 1722 2972 omnia
1769 2921 2073 2976 instruente

481 3005 690 3072 Spiritu
723 3018 911 3061 sancto
945 3007 994 3060 in
1027 3017 1324 3060 memorata
1357 3008 1563 3080 synodo
1588 3010 2074 3079 irreprehensibili-

483 3107 570 3148 ter
599 3096 819 3150 deﬁnita
857 3107 984 3150 sunt
1020 3098 1282 3152 inhaerere
1314 3108 1473 3167 atque
1512 3100 1824 3168 decernere,
1870 3112 1927 3156 ut
1951 3117 2071 3172 qua)

489 3203 595 3241 non
635 3202 738 3242 tam
786 3193 1032 3244 humanis
1077 3207 1236 3260 quam
1267 3191 1458 3247 divinis
1491 3203 1618 3247 sunt
1658 3203 1856 3250 statuta
1886 3171 2074 3250 decrea-
2097 3171 2144 3233 Ο

489 3279 580 3345 tis,
627 3280 804 3334 nullus
858 3283 1000 3334 ultra
1044 3281 1252 3335 sinatur
1303 3283 1583 3351 impetere.
1632 3284 1913 3352 Quomodo
1943 3301 2074 3356 ergo

490 3385 597 3423 non
633 3371 856 3438 profane
903 3381 1281 3439 retractantur,
1333 3383 1528 3428 utnon
1557 3375 1732 3430 dicam
1782 3377 2074 3446 reprehen-

489 3463 706 3524 dantur,
752 3463 932 3517 divina
959 3463 1212 3518 decreta?
1241 3464 1344 3520 Sed
1373 3466 1491 3535 quis
1523 3466 1680 3536 hujus
1716 3467 1943 3522 Romani
1974 3483 2074 3523 an-

490 3552 672 3608 tistitis
709 3557 1027 3624 gravitatem
1069 3573 1174 3612 non
1215 3560 1509 3628 praedicet?
1551 3562 1670 3631 quis
1716 3571 1914 3615 tantam
1946 3577 2073 3617 con-

491 3643 743 3696 stantiam
792 3659 898 3698 non
949 3648 1214 3702 honoret?
1265 3651 1480 3705 Movere
1534 3652 1674 3705 hunc
1733 3662 1914 3722 posset
1967 3654 2076 3707 ullo

493 3732 655 3785 modo
683 3735 956 3788 saecularis
989 3746 1226 3805 potestas
1256 3753 1286 3791 a
1316 3741 1580 3795 sententia
1613 3756 1717 3795 non
1746 3743 2078 3797 retractandi

490 3837 611 3889 qua:
647 3823 900 3879 divinitus
935 3825 1149 3882 fuerant
1177 3832 1488 3897 constituta,
1523 3847 1681 3902 quem
1725 3834 2078 3901 corporaliter

494 3915 615 3965 loco
642 3929 861 3968 movere
893 3931 998 3969 non
1030 3920 1242 3985 potuit?
1272 3921 1586 3988 Splenderet
1612 3923 1860 3992 equidem
1893 3925 2077 3992 procul

493 4004 658 4056 dubio
709 4005 1010 4075 ubicunque
1061 4008 1145 4060 sol
1176 4021 1352 4074 esset;
1397 4015 1488 4065 sed
1531 4013 1583 4065 in
1629 4014 1769 4067 casio
1807 4015 1887 4068 sol
1921 4015 2077 4084 longe

488 4095 809 4151 honoratius
853 4098 1122 4170 longeque
1169 4100 1471 4170 decentius,
1514 4106 1602 4159 ubi
1651 4107 1797 4162 locus
1839 4106 1958 4176 ejus
1995 4120 2080 4164 est

490 4200 732 4242 summus
754 4199 808 4243 et
829 4204 1094 4260 congruos
1117 4193 1385 4248 universis
1417 4196 1614 4263 pariter
1635 4197 1986 4267 illustrandis,
2011 4216 2080 4256 ne

493 4279 689 4333 tnultos
732 4279 970 4347 deserat,
1013 4297 1133 4337 cum
1165 4284 1401 4339 declinat
1448 4287 1513 4340 ad
1558 4288 1795 4359 aliquos.
1839 4290 2080 4362 Denique

494 4379 637 4424 tanta
664 4373 926 4427 libertatis
971 4383 1130 4444 atque
1178 4377 1407 4431 rationis
1438 4381 1556 4445 ejus
1602 4382 1920 4437 auctoritate
1958 4399 2083 4452 per-

487 4473 674 4518 motus
698 4463 859 4518 etiam
893 4466 1331 4536 religiosissimus
1361 4470 1630 4540 princeps,
1660 4487 2074 4543 supervacuam,

2175 1908 2253 1961 eis
2281 1915 2457 1960 autem
2487 1922 2605 1975 qua:
2635 1905 2810 1959 adhuc
2849 1918 3275 1959 commemorare
3312 1899 3573 1970 diSposui,
3613 1900 3751 1952 alios

2175 1999 2336 2052 etiam
2385 2000 2813 2066 qualemcunque
2850 1997 3267 2066 disputatiOi.errt
3309 1995 3326 2027 ί
3357 1998 3424 2050 de
3461 2003 3751 2048 memorata

2174 2090 2383 2160 synodo
2413 2103 2532 2143 cum
2564 2089 2830 2143 haereticis
2863 2089 2998 2143 inire
3027 2087 3319 2156 prohibuit.
3352 2087 3589 2155 Namque
3631 2099 3754 2138 cum

2174 2181 2438 2236 scriberet
2461 2197 2564 2235 non
2597 2181 2768 2235 solum
2799 2182 3089 2250 episcopis,
3115 2181 3214 2234 sed
3246 2181 3407 2235 etiam
3438 2179 3645 2234 clericis
3668 2193 3755 2231 ca-

2177 2272 2384 2327 tholicis
2409 2283 2461 2326 et
2490 2271 2888 2327 eorifessorib.is
2919 2287 2984 2325 ex
3028 2269 3262 2341 Egypto
3287 2280 3308 2308 ο
3335 2269 3474 2340 apud
3504 2269 3757 2324 Constan-

2177 2363 2453 2432 tinOpOIim
2478 2363 2809 2427 constitutis,
2843 2362 2922 2415 sic
2950 2376 3041 2416 eos
3071 2363 3348 2415 admonuit
3375 2379 3388 2414 :
3417 2379 3435 2412 ι
3468 2363 3621 2414 Umni
3655 2362 3759 2414 ita-

2174 2469 2280 2525 que
2309 2454 2580 2509 dilectioni
2611 2465 2807 2509 vestra:
2851 2451 3030 2507 studio
3059 2467 3121 2506 ac
3164 2452 3347 2507 labore
3375 2451 3653 2507 nitendum
3678 2460 3760 2505 est

2175 2565 2242 2604 ne
2273 2549 2380 2603 ulla
2410 2547 2779 2602 insidiantium
2811 2546 3130 2615 disceptatio
3161 2548 3329 2615 possit
3355 2545 3592 2611 admitti,
3623 2557 3762 2598 neve

2175 2645 2280 2698 hoc
2330 2643 2398 2697 ab
2432 2640 2704 2696 haereticis
2737 2643 2909 2694 valeat
2948 2641 3201 2706 obtineri,
3249 2654 3356 2706 quo
3395 2636 3760 2705 erangclicam

2175 2734 2334 2789 ﬁdem
2381 2734 2724 2789 manifestum
2757 2743 2842 2788 est
2875 2734 3194 2802 impugnari.
3238 2731 3372 2786 Nam
3417 2730 3762 2786 deﬁnitarum

2175 2844 2356 2884 rerum
2386 2842 2519 2898 quas
2551 2836 2715 2880 tantae
2747 2825 2936 2896 synodi
2969 2825 3050 2878 vel
3080 2822 3524 2879 Christianissimi
3561 2821 3762 2890 princi-

2180 2921 2262 2991 pis
2292 2921 2474 2974 sanxit
2519 2921 2830 2983 auctoritas,
2863 2927 2916 2972 et
2959 2917 3267 2987 apostolicae
3295 2915 3438 2971 sedis
3470 2917 3762 2970 conﬁrma-

2175 3013 2251 3066 vit
2280 3026 2556 3078 assensus,
2595 3009 2729 3064 nihil
2753 3020 2964 3077 Oportet
2987 3007 3202 3073 discoti,
3239 3022 3305 3062 ne
3334 3015 3522 3061 contra
3553 3007 3633 3061 fas
3661 3008 3763 3061 ali-

2177 3103 2302 3174 quid
2335 3103 2578 3156 videatur
2603 3102 2847 3170 infringi;
2885 3102 3214 3170 multumque
3253 3099 3376 3154 ﬁdei
3409 3106 3468 3154 et
3508 3102 3767 3154 sacerdo-

2180 3192 2268 3246 tali
2302 3192 2621 3246 constantiae
2649 3191 2956 3260 derogatur,
2988 3190 3032 3243 si
3061 3205 3180 3244 cum
3227 3190 3306 3243 his
3337 3189 3427 3258 qui
3458 3188 3766 3243 homicidiis

2176 3294 2232 3339 et
2267 3283 2446 3338 lurore
2474 3283 2665 3352 repleti
2696 3292 2842 3350 sunt,
2873 3296 2936 3335 ac
2965 3281 3150 3335 volunt
3177 3291 3491 3334 convertere
3521 3279 3766 3350 Evange-

2181 3377 2307 3430 lium
2349 3375 2571 3441 Christi,
2615 3383 2669 3429 et
2698 3373 2938 3429 facinere
2967 3387 3064 3427 sua
3105 3372 3215 3427 Deo
3263 3373 3562 3442 probantur
3590 3371 3762 3437 exosi,

2177 3463 2464 3534 superﬂua:
2513 3477 2560 3521 et
2598 3466 2883 3534 plurimum
2919 3465 3180 3518 nociturae
3226 3463 3596 3517 altercationis
3635 3477 3768 3516 con-

2180 3560 2356 3613 ﬁictus
2389 3559 2666 3612 habeatur.
2701 3577 2719 3610 ι
2765 3557 2874 3611 Leo
2909 3566 3015 3611 tam
3059 3555 3213 3611 fortis
3242 3570 3305 3609 ac
3336 3565 3637 3625 praepotens
3668 3569 3768 3610 nec

2179 3669 2291 3708 sua:
2314 3653 2491 3706 \irluli
2541 3652 2686 3717 ﬁdit,
2720 3665 2820 3704 nec
2847 3650 2967 3703 aliis
3001 3649 3282 3718 permittit,
3323 3647 3391 3702 de
3438 3646 3597 3701 rebus
3623 3646 3765 3714 apud

2178 3745 2578 3801 Chalcedonam
2626 3744 2766 3798 sicut
2824 3743 2934 3797 Deo
2987 3741 3188 3811 placuit
3227 3741 3468 3795 deﬁnitis
3517 3741 3766 3793 altercari

2180 3840 2376 3894 saltem
2429 3848 2594 3907 atque
2632 3837 2956 3905 conﬂigere;
2984 3843 3040 3889 et
3090 3835 3272 3889 nescio
3301 3835 3392 3904 qui
3439 3840 3770 3903 praesomunt

2181 3931 2340 3986 etiam
2373 3931 2667 3984 decernere
2697 3928 3023 3997 congregati,
3063 3935 3119 3982 et
3160 3927 3374 3995 impiam
3409 3935 3602 3980 vocare
3653 3925 3769 3991 epi-

2183 4023 2377 4075 stolam
2409 4036 2566 4090 quam
2599 4019 2926 4074 catholicam
2967 4025 3150 4073 sancta
3179 4019 3266 4071 illa
3297 4027 3352 4071 et
3381 4030 3570 4086 magna
3603 4029 3767 4086 syno-

2183 4115 2283 4170 dus
2324 4115 2606 4184 judicavit.
2651 4114 2906 4169 Scriberis
2935 4114 3096 4168 etiam
3130 4110 3478 4183 presbyteris,
3526 4109 3770 4164 diaconi-

2185 4208 2290 4262 hus
2335 4219 2388 4262 et
2413 4207 2630 4263 clericis
2657 4205 3264 4271 Constantinopolitanae
3295 4201 3568 4264 Ecclesiae,
3596 4199 3765 4253 dicit:

2189 4318 2208 4350 ι
2231 4299 2502 4353 Habemus
2531 4297 2767 4366 prepitio
2813 4297 2923 4351 Deo
2964 4310 3212 4365 magnum
3259 4303 3315 4348 et
3347 4291 3606 4348 divinitus
3640 4306 3768 4360 νηξ-

2185 4402 2426 4462 paratum
2497 4388 2947 4444 Christianissimi
3027 4385 3368 4456 imperatoris
3448 4383 3765 4438 auxilium:

2186 4500 2344 4553 quem
2367 4482 2581 4549 scriptis
2604 4481 2736 4534 meis
2765 4486 3020 4548 quantum
3044 4492 3204 4532 causa
3231 4476 3433 4546 expetit
3457 4474 3769 4535 obsecravi,

487 4554 627 4622 ’ίΙυίιι
660 4555 833 4622 Ροῑίυδ
875 4556 1058 4610 mimis
1105 4561 1425 4626 ηοείῑυτθιη»
1459 4563 1805 4631 ευρίάῖιειιεηὶ
1834 4566 2076 4635 deponit.
2109 4547 2157 4608 D
2187 4547 2255 4631 ne
2286 4547 2546 4645 improbis
2583 4572 2966 4643 parricidarum
2997 4569 3345 4639 petitionibus
3374 4567 3427 4621 in
3459 4567 3637 4634 aliquo
3659 4565 3773 4618 cle-

492 4655 550 4698 et
579 4653 832 4714 tanquam
878 4647 1021 4714 pacis
1051 4648 1210 4716 ﬁlius,
1247 4650 1348 4706 hoc
1393 4662 1446 4706 et
1479 4653 1594 4722 ipse
1623 4658 1884 4723 sequitur,
1927 4660 2077 4728 quod

466 4731 797 4803 "eligendum
826 4739 963 4790 ratio
1005 4737 1420 4795 demonstravit.
1455 4741 1548 4797 Ille
1594 4751 1792 4809 tamen,
1823 4748 1967 4802 velut
2013 4766 2082 4804 a3-

496 4838 648 4882 t~erna
678 4829 792 4900 lege
822 4831 1072 4899 prrrﬁxus
1101 4835 1153 4886 in
1184 4835 1416 4904 quodam
1445 4851 1555 4891 suae
1577 4838 1850 4907 dignitatis
1876 4849 1930 4895 et
1953 4844 2080 4898 ﬁdei

492 4916 857 4989 ﬁrmamento,
889 4923 966 4978 sic
996 4923 1115 4980 luce
1141 4927 1382 4982 veritatis
1425 4927 1670 4996 irradiat,
1695 4936 1753 4983 et
1783 4933 1933 4999 quasi
1965 4935 2078 4989 ela-

569 5137 600 5198 ξ
621 5127 773 5183 Etl'tt.
803 5126 997 5198 Leon.,
1025 5133 1071 5180 ei
1096 5129 1338 5198 spiritali.

563 5197 593 5237 ³³
619 5199 758 5251 Edit.
793 5197 988 5263 Leon.,
1010 5200 1062 5250 in
1087 5201 1396 5254 universum.

562 5279 591 5306 ι
616 5268 944 5342 Exciderunt
986 5270 1225 5342 epistolae
1268 5271 1386 5324 dure
1432 5270 1646 5340 Leonis,
1701 5287 1925 5342 quarum
1955 5275 2070 5331 fra-

490 5348 721 5412 gmenta
739 5338 1111 5412 subjiciuntur.
1145 5339 1298 5393 Prior
1325 5342 1437 5394 haec
1462 5342 1526 5396 ad
1554 5338 1835 5412 episcopos
1865 5352 1922 5400 et
1958 5349 2071 5402 ele-

497 5412 636 5482 i-icos
658 5408 948 5482 Algyptios
976 5412 1196 5482 scripta,
1220 5412 1307 5478 qui
1341 5427 1370 5464 a
1403 5408 1682 5467 Timotheo
1704 5413 1902 5469 Eluro
1931 5419 2068 5482 pulsi

495 5478 1422 5554 Constantinopolimconfugerant,
1472 5495 1698 5554 eantque
1740 5487 1807 5538 ob
1849 5478 2069 5542 causam

494 5548 829 5602 eonfessores
860 5551 1217 5618 appellantur.
1257 5551 1527 5608 Posterior
1571 5548 1636 5609 ad
1668 5556 1896 5611 clericos
1929 5559 2070 5613 Con-

495 5619 1025 5688 stantinopolitanos.
1057 5621 1341 5690 Utriusque
1370 5625 1507 5678 idem
1530 5637 1645 5680 erat
1670 5637 2066 5697 :‘trgumentum,

568 5804 586 5836 ¹
611 5801 741 5857 Cod.
775 5802 991 5870 \'eron.,
1018 5805 1448 5874 disceptationem.

2191 4671 2404 4724 mentiae
2445 4682 2558 4722 sure
2587 4666 2851 4734 praeberet
2892 4677 3192 4731 assensum,
3246 4676 3417 4726 neque
3459 4660 3567 4713 ullo
3611 4657 3773 4710 modo

2192 4763 2396 4816 sineret
2421 4764 2622 4812 sancta:
2670 4754 3126 4810 Chalcedonensis
3169 4750 3359 4823 synodi
3409 4748 3773 4807 deﬁnitiones,

2190 4866 2309 4920 quas
2337 4863 2470 4903 vere
2492 4848 2558 4903 de
2599 4847 2907 4902 coelestibus
2935 4844 3183 4915 prodiere
3225 4842 3479 4907 decretis,
3517 4849 3773 4904 tanquam

2191 4939 2500 4995 necessaria
2557 4937 2942 4993 retractatione
2987 4933 3180 4989 violari
3218 4946 3377 4987 :cutn
3435 4929 3776 4985 insidiatores

2189 5146 2373 5192 contra
2405 5137 2743 5191 Timotheum
2773 5133 3133 5204 parricidam,
3148 5131 3235 5198 qui
3271 5127 3650 5204 Alexandrinae
3675 5140 3769 5180 sc-

2187 5209 2269 5262 dis
2318 5210 2688 5273 pervasiunem
2743 5201 2970 5260 ["r'oterii
3024 5202 3170 5256 caede
3201 5201 3518 5273 cumularet,
3571 5205 3623 5251 et
3672 5213 3774 5264 pro

2185 5270 2390 5344 synodo
2440 5277 2915 5349 Chalcedonen~i_,_
2948 5289 3107 5349 quam
3151 5270 3524 5349 cpptignabat,
3575 5275 3637 5349 ἰμι
3687 5277 3772 5349 est

2187 5337 2325 5416 apud
2360 5349 2665 5422 Liberalem
2694 5363 2814 5417 cap.
2967 5337 3103 5422 Tum
3145 5358 3274 5409 ergo
3302 5337 3772 5422 “scriptas‘liQuel,

2183 5413 2302 5473 cum
2335 5436 2364 5473 a
2395 5421 2570 5473 Leone
2596 5413 2840 5487 Augusto
2874 5419 2940 5469 de
2976 5413 3164 5469 eadem
3198 5427 3256 5466 re
3288 5413 3449 5465 missa
3482 5417 3573 5487 .est
3597 5422 3773 5487 ency-

2180 5491 2318 5544 clica
2350 5493 2413 5543 ad
2442 5507 2628 5544 omnes
2671 5478 2992 5557 provincias,
3023 5499 3142 5559 qua:
3173 5493 3291 5550 post
3325 5479 3589 5559 svnodutn
3620 5478 3770 5559 edi-ta

2180 5562 2374 5629 legitur
2417 5575 2537 5615 cum
2579 5548 2854 5628 rescriptis
2887 5548 3306 5630 pro'vineiarum,
3355 5548 3422 5604 de
3464 5549 3658 5630 quibus
3689 5548 3774 5601 εἰς
3821 5581 3834 5589 -

2179 5623 2323 5685 ctum
2356 5641 2438 5686 est
2468 5633 2562 5686 lib.
2591 5646 2649 5697 ti,
2688 5623 2866 5683 ethoc
2890 5629 3007 5697 ipso
3037 5627 3214 5695 capite
3243 5624 3434 5678 iterum
3467 5623 3695 5674 dicetur.
