4094 6468
285 346 380 401 837

1148 347 1278 401 PRO
1311 344 1741 401 DEFENSIUNE
1775 345 1992 400 TitlUM
2020 347 2334 405 CAPITUL.
2383 351 2510 407 LiB.
2544 351 2655 406 XII.

3480 355 3581 409 θοι

283 462 494 531 piorum
523 460 537 489 ‘
564 458 630 514 ad
663 458 765 513 hoc
795 460 1088 528 subrepere
1120 461 1259 515 velle
1303 462 1648 516 manifestum
1680 462 1768 524 sit,
1817 472 1874 515 ut
1902 466 1952 523 Α
1982 464 2101 531 quis
2146 467 2313 521 semel
2336 466 2573 535 judicata
2607 482 2668 523 ac
2707 474 2855 523 recte
2895 466 3159 537 disposita
3204 468 3484 523 revolvere
3524 483 3579 526 cr

284 562 481 607 statuta
513 553 838 621 evangelicis
865 553 1338 623 praedicationibus
1364 564 1417 608 et
1458 555 1674 608 Patrum
1706 552 1879 608 tradi-

285 648 522 701 tionibus
571 649 924 702 consonantia
972 663 1111 701 novo
1160 651 1355 707 faciant
1401 651 1611 704 infirma
1653 650 1879 721 judicio,

284 739 541 792 ut’dum
588 738 906 807 disceptatio
957 741 1279 806 admittitur,
1331 744 1623 796 auctoritas
1674 743 1882 796 auitra-

285 844 389 887 tnr.
425 852 442 885 ι
479 834 616 902 Qnitl
652 850 780 905 ergo
811 849 871 891 se
909 835 1094 891 dicunt
1125 838 1341 892 novitiae
1377 838 1668 908 diligentia:
1700 855 1884 909 reper-

292 937 439 980 tores
490 928 679 981 novitii
718 927 863 982 ‘suo
905 928 1124 984 decreto
1173 929 1669 985 Cltalcedonensem
1721 947 1884 1003 syno-

282 1019 409 1073 dum
444 1018 824 1085 coniirrnasse,
859 1019 1012 1089 cujus
1043 1028 1241 1075 statuta
1269 1022 1594 1089 evangelicis
1626 1022 1884 1091 praedii-a-

284 1109 518 1163 tionibus
561 1118 615 1163 et
657 1109 872 1162 Patrum
918 1110 1295 1163 traditionibus
1340 1114 1715 1175 consonantia,
1769 1128 1883 1165 ma-

282 1216 417 1269 gnns
495 1203 579 1255 hic
656 1200 855 1255 Christi
920 1203 1175 1256 sacerdos
1240 1218 1378 1257 novo
1457 1206 1632 1273 potius
1711 1206 1885 1260 sensit

284 1295 602 1349 inﬁrmanda
631 1294 871 1364 judicio?
903 1296 1031 1359 Quae
1080 1296 1292 1364 quidem
1342 1297 1481 1350 sicut
1527 1297 1728 1351 firmari
1777 1316 1880 1351 non

284 1386 546 1457 indigent,
602 1389 671 1441 ita
717 1387 976 1441 inﬁrmari
1020 1404 1125 1442 non
1169 1399 1417 1458 possant.
1475 1389 1878 1454 Verumtamen,

283 1489 542 1550 quantum
589 1482 641 1534 in
670 1480 788 1535 istis
837 1489 919 1535 est
950 1482 1443 1551 prmsumptoribus,
1483 1496 1619 1536 novo
1650 1497 1712 1537 ea
1744 1481 1883 1538 fece-

283 1583 411 1625 runt
436 1570 643 1625 infirma
672 1571 898 1640 judicio,
934 1573 1096 1626 etiam
1127 1573 1171 1626 si
1206 1572 1335 1626 nihil
1377 1573 1708 1626 centrarium
1732 1572 1879 1640 judi-

287 1674 521 1719 cassent.
555 1664 709 1720 Unde
741 1664 1042 1719 Marcianus
1074 1680 1289 1734 quoque
1329 1666 1624 1733 imperator
1647 1675 1769 1731 post
1795 1681 1882 1719 sa-

282 1754 557 1807 cerdotum
588 1755 911 1807 sententiam
945 1753 1144 1823 aliquid
1188 1762 1423 1807 tractare
1468 1754 1688 1822 impium
1731 1755 1881 1810 duxit

1987 554 2203 623 publice
2227 558 2505 626 disputare
2531 560 2808 615 contendit
2835 576 2849 626 ;
2879 570 2929 615 et
2953 560 3036 615 iSli
3065 560 3253 615 dicunt
3282 560 3581 619 honorasse

1986 647 2274 719 synodum,
2309 649 2378 703 de
2410 651 2563 719 cujus
2587 651 2793 721 judicio
2816 651 3195 720 iudicaverunt
3229 668 3243 704 :
3271 652 3379 706 imo
3421 652 3580 724 cujus

1983 738 2245 807 judicium
2297 738 2677 805 di>SUiV0niCS,
2732 744 2950 812 impiam
2996 752 3323 797 vocaverunt
3374 745 3581 811 episto-

1989 832 2117 894 lam,
2151 846 2309 900 quam
2342 832 2711 900 pronuntiavit
2742 833 2828 885 illa
2866 832 3225 897 catholicam;
3277 842 3331 885 et
3362 843 3581 887 sancto-

1988 941 2104 978 rum
2160 925 2376 980 Patrum
2437 927 2759 979 sententiam
2815 924 3139 980 labefactare
3180 926 3425 979 nituntur
3469 924 3583 993 cpi-

1986 1018 2161 1084 scepi,
2194 1017 2261 1071 de
2290 1034 2393 1086 qua
2426 1017 2727 1071 Marcianus
2761 1018 3009 1085 princeps
3053 1016 3258 1070 nemini
3286 1017 3372 1069 vel
3398 1016 3582 1087 dispu-

1988 1117 2101 1161 tare
2132 1108 2391 1176 permisit.
2428 1107 2506 1161 Sit
2549 1106 2666 1175 ejus
2708 1107 2967 1160 memoria
3003 1106 3052 1159 in
3088 1105 3578 1171 benedictionibus,

1985 1207 2041 1253 et
2072 1201 2168 1251 ista
2200 1214 2303 1252 vox
2335 1200 2383 1252 ei
2415 1214 2509 1267 pro
2542 1198 2739 1251 talibus
2770 1197 2976 1251 meritis
3007 1211 3223 1264 semper
3250 1210 3279 1250 a
3313 1208 3424 1250 toto
3454 1197 3581 1250 red-

1986 1287 2175 1340 datur:
2206 1303 2300 1355 pcr
2352 1304 2508 1357 quem
2560 1303 2663 1341 non
2716 1288 2887 1340 solum
2919 1285 3222 1354 desperata:
3273 1287 3581 1356 reipublicte

1986 1378 2152 1442 salus,
2189 1395 2371 1433 verum
2419 1379 2577 1433 etiam
2633 1377 2889 1432 Ecclesia:
2918 1377 3009 1431 ditt
3058 1393 3335 1433 concussa}
3369 1380 3581 1448 requies

1986 1469 2107 1522 data
2136 1482 2237 1524 esr.

2604 1620 2833 1676 CAPUT
2876 1622 2959 1676 lli.

1989 1716 2137 1783 Quod
2184 1716 2474 1784 principum
2516 1716 2580 1767 sit
2612 1716 2664 1768 in
2689 1714 2857 1767 causis
2887 1715 3009 1779 ﬁdei
3057 1713 3399 1767 obedientiam
3438 1712 3584 1767 exhi-

2058 1790 2191 1851 bere,
2243 1802 2343 1839 non
2378 1803 2439 1838 ea
2476 1787 2575 1839 sibi
2610 1800 2861 1851 usurpare
2892 1801 3007 1853 quw
3032 1797 3147 1853 sunt
3175 1787 3384 1853 propria
3413 1800 3581 1837 sacer-

283 1855 442 1915 atque
468 1846 813 1914 sacrilegum,
848 1861 946 1899 nec
975 1846 1226 1915 cuiquam
1249 1847 1414 1901 semel
1442 1848 1680 1916 judiCata
1708 1858 1877 1903 recte-
1910 1844 1955 1903 Β
2057 1844 2255 1920 (totum,
2281 1858 2427 1909 docet
2459 1860 2689 1926 exemplo
2738 1844 2999 1908 Marciani
3021 1866 3068 1908 ct
3116 1844 3303 1907 Leonis
3352 1872 3583 1923 tmpera-

284 1951 388 2004 quc
430 1936 690 2004 disposita
724 1936 1030 2005 revolvere,
1067 1948 1118 1990 et
1150 1938 1215 1991 de
1246 1938 1327 1990 his
1360 1938 1575 2005 publice
1602 1940 1879 2007 disputare

284 2027 550 2092 permisit,
582 2028 673 2095 qni
705 2042 803 2080 suo
848 2028 1027 2081 edicto
1058 2028 1308 2082 munibus
1354 2028 1742 2084 discussionem
1791 2046 1881 2085 eo—

284 2133 401 2171 rum
428 2134 546 2186 qua:
578 2116 919 2171 Chalcedone
950 2118 1192 2187 judicata
1241 2133 1365 2173 sunt
1397 2136 1619 2189 negans,
1660 2139 1676 2171 ι
1719 2122 1874 2188 Vere,

284 2210 380 2275 ait,
409 2208 602 2278 impius
630 2220 685 2264 et
711 2210 1004 2278 sacrilegus
1035 2218 1116 2264 est
1144 2210 1230 2279 qui
1262 2218 1381 2280 post
1420 2220 1500 2264 tot
1537 2212 1877 2266 sacerdotum

284 2303 607 2356 sententiam
632 2302 869 2372 Opinioni
894 2318 1004 2356 sua}
1032 2302 1234 2372 aliquid
1263 2303 1602 2357 tractandum
1638 2305 1875 2373 reliquit.

286 2393 561 2448 Extremae
592 2394 788 2463 quippe
814 2392 1104 2448 dementire
1133 2405 1214 2447 est
1247 2394 1297 2447 in
1323 2395 1498 2449 medio
1520 2406 1574 2449 et
1599 2396 1879 2465 perspicuo

284 2486 373 2539 die
423 2486 853 2540 commentitium
900 2486 1080 2539 lumen
1128 2485 1706 2555 inquirerezquisquis
1762 2497 1883 2555 post

284 2576 569 2630 veritatem
600 2586 867 2645 repertam
904 2576 1105 2644 aliquid
1138 2577 1363 2630 ulterius
1392 2578 1630 2642 discutit,
1660 2578 1880 2631 menda-

283 2666 427 2719 cium
459 2667 674 2736 quterit.
700 2665 869 2720 Nemo
896 2666 1076 2735 itaque
1110 2666 1189 2720 vel
1231 2667 1463 2720 clericus
1491 2668 1574 2721 vel
1619 2668 1875 2732 militans,

284 2765 341 2809 et
366 2754 595 2810 alterius
625 2756 912 2826 cujuslibet
938 2756 1286 2825 conditionis,
1313 2757 1380 2811 de
1412 2756 1518 2810 [ide
1543 2756 1873 2824 Christiana,

286 2850 501 2920 publice
546 2854 887 2921 ceugregatis
914 2852 1125 2921 pepulis
1173 2862 1226 2907 et
1263 2853 1607 2908 audientibus
1638 2863 1875 2909 tractare

284 2954 576 3011 praesumat
623 2944 674 2997 in
706 2952 999 3012 posterum,
1031 2952 1087 2998 et
1132 2944 1231 2999 hoc
1262 2946 1521 3000 tumultus
1549 2955 1604 3000 et
1644 2948 1879 3013 lerndirc

282 3036 625 3088 occasionem
684 3035 983 3103 requirens.
1036 3028 1168 3089 Nam
1220 3035 1469 3104 iniuriam
1511 3037 1636 3091 facit
1675 3038 1880 3107 judicio

284 3127 705 3197 religiosissima:
739 3128 953 3199 synodi,
977 3129 1021 3183 si
1049 3128 1167 3197 quis
1196 3130 1364 3184 semel
1386 3131 1623 3200 juttieata
1652 3146 1713 3184 ac
1734 3141 1878 3187 recte

2060 1937 2248 1981 torum.

2058 2018 2321 2089 Cognovit
2352 2017 2442 2072 ille
2474 2017 2667 2087 quibus
2721 2018 2772 2070 in
2822 2016 2998 2071 causis
3040 2024 3282 2071 uteretur
3327 2016 3587 2086 principis

1968 2122 2272 2180 potestate,
2318 2119 2371 2165 et
2416 2111 2467 2162 in
2511 2110 2702 2177 quibus
2728 2109 3010 2162 exhiberet
3038 2108 3399 2161 obedientiam
3433 2107 3587 2161 Citri-

1984 2206 2163 2258 stiani.
2199 2203 2265 2256 Et
2293 2201 2433 2265 ideo,
2467 2216 2533 2256 ne
2558 2202 2753 2269 impius
2783 2211 2941 2269 atque
2970 2202 3270 2269 sitcriiegtts
3295 2200 3585 2262 videretur,

1985 2308 2105 2366 post
2129 2305 2207 2349 tot
2236 2295 2577 2349 sacerdotum
2608 2295 2933 2348 sententiam
2974 2294 3213 2361 Opinioni
3254 2308 3367 2346 sua:
3406 2293 3535 2346 nihil
3566 2293 3587 2324 ‘

1986 2391 2218 2457 reliquit.
2275 2388 2425 2443 Sicut
2474 2388 2563 2455 qui
2619 2387 2935 2440 meminerat
2984 2385 3161 2439 exitus
3218 2385 3360 2438 Ozias
3399 2383 3441 2448 ⁵,
3497 2385 3587 2453 qui

1986 2492 2268 2552 postquam
2328 2479 2609 2549 praavaluit
2659 2478 2840 2531 multis
2890 2476 3162 2546 gentibus,
3212 2484 3265 2530 et
3304 2474 3477 2529 factus
3506 2486 3589 2529 est

1982 2573 2270 2643 gloriosus,
2293 2571 2586 2626 exaltatum
2615 2577 2697 2623 est
2731 2584 2825 2622 cor
2854 2568 3000 2635 ejus,
3033 2576 3090 2620 ut
3118 2568 3394 2621 incensum
3420 2581 3589 2635 ponc-

1984 2679 2065 2722 ret
2086 2684 2247 2736 super
2270 2666 2462 2732 aitaie,
2496 2664 2638 2733 quod
2671 2680 2773 2718 non
2804 2664 3002 2717 licebat
3030 2663 3131 2717 nisi
3165 2665 3295 2717 solis
3333 2660 3587 2718 sacerdo-

1984 2762 2124 2814 tihus
2170 2761 2292 2814 liliis
2337 2762 2512 2813 Aaron
2547 2776 2561 2812 :
2595 2766 2812 2826 propter
2860 2754 3003 2825 quod
3054 2756 3171 2825 ejus
3224 2756 3586 2811 obstinatissi-

1985 2869 2124 2907 mam
2182 2853 2410 2907 frontem
2462 2867 2620 2921 quam
2673 2849 2981 2904 reverentia
3033 2850 3385 2917 deseruerat,
3439 2851 3587 2920 lepra

1983 2944 2245 3000 confudit.
2277 2945 2465 2999 Sciens
2500 2944 2663 3013 igitur
2701 2944 2792 2996 ille
2827 2944 3254 2998 modestissimus
3299 2944 3585 3012 princeps,

1982 3039 2131 3094 Ozia:
2160 3037 2268 3107 regi
2303 3051 2407 3089 non
2439 3035 2658 3105 impune
2688 3034 2940 3102 cessisse,
2968 3035 3091 3104 quia
3120 3034 3423 3088 sacriﬁcare
3450 3050 3585 3103 piae-

1983 3127 2231 3197 sumpsit,
2260 3126 2402 3195 quod
2459 3126 2663 3179 licitum
2712 3136 2793 3179 est
2820 3126 3030 3193 singulo
3069 3124 3263 3193 cuique
3302 3125 3461 3178 etiam
3493 3140 3586 3179 se-

282 3216 545 3286 disposita
579 3218 860 3272 revolvere
882 3228 936 3272 et
966 3217 1179 3287 publice
1212 3218 1488 3288 disputare
1514 3221 1814 3275 contendit.
1851 3240 1873 3274 ι
1909 3219 1950 3275 C
1981 3221 2141 3275 cundi
2172 3218 2375 3274 ordinis
2412 3217 2679 3274 sacerdOIi
2704 3226 2727 3253 ιι
2763 3232 2776 3269 :
2811 3218 2979 3270 multo
3017 3216 3185 3285 magis
3231 3217 3451 3285 impune
3477 3216 3584 3269 sibi

283 3306 349 3362 Et
375 3307 535 3371 infra,
564 3317 847 3377 postquam
875 3307 1119 3363 diversas
1144 3325 1239 3378 pro
1265 3320 1723 3380 transgressorum
1750 3328 1881 3367 eon-

290 3400 497 3455 ditione
527 3401 718 3454 statuit
739 3414 925 3469 plenas
950 3416 964 3455 :
994 3419 1011 3450 ι
1036 3400 1293 3456 Universa
1314 3418 1463 3471 ergo,
1482 3404 1671 3471 inquit,
1696 3420 1817 3472 qua:
1849 3420 1879 3459 a

284 3502 473 3549 sancta
504 3494 713 3563 synodo
742 3490 1086 3547 Chalcedone
1116 3503 1312 3548 statuta
1346 3502 1473 3547 sunt
1502 3496 1761 3549 custodiri
1786 3500 1883 3551 dc-

282 3584 470 3651 beant,
495 3585 629 3639 nihil
661 3594 848 3654 postea
880 3584 1133 3639 dubitari.
1154 3574 1271 3639 'lloc
1298 3583 1479 3655 itaque
1510 3599 1710 3640 nostra:
1733 3603 1882 3642 com-

282 3678 478 3733 monili
502 3679 908 3748 tranquillitatis
938 3679 1137 3743 edicto,
1168 3678 1438 3733 abstinete
1467 3678 1707 3749 profanis
1738 3685 1882 3733 voci-

287 3770 409 3835 bus,
440 3780 496 3824 et
539 3771 763 3825 ulterius
794 3769 1016 3825 deﬁnite
1058 3771 1126 3826 de
1165 3771 1367 3825 divinis
1406 3771 1704 3838 disputare,
1736 3772 1880 3841 quod

283 3861 435 3914 nefas
480 3869 604 3915 est:
638 3860 905 3930 quianon
946 3861 1119 3916 solum
1148 3861 1329 3915 divino
1352 3861 1557 3931 judicio
1600 3874 1879 3932 peccatum

286 3953 386 4005 hoc
409 3962 569 4021 prout
595 3954 867 4008 credimus
902 3954 1176 4022 punietur,
1210 3971 1396 4009 verum
1420 3959 1579 4009 etiam
1613 3957 1790 4026 legum
1828 3968 1884 4012 et

282 4041 520 4113 iudicum
567 4045 887 4099 auctoritate
935 4048 1295 4101 coercebitur.
1340 4065 1359 4098 ι
1405 4047 1541 4100 Ecce
1580 4048 1882 4105 Marcianus

284 4135 560 4202 princeps,
590 4150 750 4189 verus
787 4136 1098 4205 reipublicae
1150 4148 1302 4205 pater
1345 4149 1396 4193 et
1442 4154 1597 4193 verus
1630 4141 1883 4197 Ecclesia:

286 4228 446 4293 tilius,
499 4229 916 4283 sacerdotalium
962 4246 1068 4283 non
1117 4231 1368 4299 pratvius,
1419 4233 1515 4286 sed
1562 4233 1883 4302 pedisequus

286 4322 656 4385 decretorum,
714 4322 891 4376 edicto
937 4338 1035 4376 suo
1088 4323 1399 4392 pronuntiat
1446 4327 1589 4394 quod
1635 4328 1880 4396 quisquis

290 4424 411 4479 post
462 4417 741 4469 veritatem
794 4426 1065 4484 repertam
1115 4415 1313 4483 aliquid
1365 4416 1592 4470 ulterius
1632 4418 1873 4487 discutit,

286 4503 624 4559 mendacium
655 4505 881 4573 qttwrit;
934 4515 987 4558 et
1020 4514 1139 4573 post
1182 4504 1321 4559 hanc
1361 4504 1479 4574 ejus
1525 4511 1896 4577 sententiam,

1984 3314 2177 3368 cedere
2235 3326 2343 3366 non
2383 3326 2542 3380 posse
2581 3311 2856 3381 cognovit,
2905 3309 2988 3364 vel
3042 3325 3160 3377 qua:
3212 3309 3320 3379 jam
3376 3308 3445 3363 de
3484 3308 3587 3363 fide

1984 3404 2289 3459 Christiana
2334 3404 2437 3457 rite
2489 3403 2699 3456 fuerant
2748 3402 3043 3456 copstituta
3100 3400 3393 3466 discutere,
3445 3400 3587 3469 quod

1986 3497 2292 3550 nullatenus
2311 3496 2468 3560 licet;
2503 3497 2583 3548 vel
2610 3509 2782 3548 novos
2807 3493 3136 3547 constituere
3164 3506 3420 3557 canones,
3444 3490 3587 3560 quod

1984 3609 2096 3649 non
2128 3592 2231 3646 nisi
2265 3590 2446 3644 multis
2473 3600 2528 3644 et
2551 3593 2601 3643 irt
2633 3607 2795 3643 unum
2824 3590 3164 3660 congregatis
3208 3590 3361 3657 primi
3384 3588 3587 3642 ordinis

1985 3683 2363 3739 sacerdotibus
2392 3680 2536 3735 licet.
2573 3681 2653 3734 Ub
2694 3680 2794 3734 huc
2830 3683 3009 3749 itaque
3054 3680 3133 3733 vir
3176 3688 3227 3734 te
3252 3695 3503 3747 LPCfallS,
3536 3690 3590 3734 et

1985 3792 2081 3831 suo
2109 3783 2393 3829 contentus
2420 3773 2623 3838 ollicio,
2650 3774 3137 3827 ecclesiasticorum
3181 3784 3448 3826 canomtm
3494 3788 3589 3826 ex-

1984 3879 2201 3923 secutor
2224 3882 2346 3921 esse
2376 3866 2575 3931 voluit,
2608 3882 2712 3919 non
2746 3864 3027 3929 conditor,
3060 3880 3164 3917 non
3203 3873 3427 3916 exactor
3452 3879 3467 3916 :
3494 3865 3585 3932 qtti

1987 3975 2086 4015 nec
2115 3969 2324 4014 remoto
2356 3957 2693 4028 prrcjudicio,
2723 3954 2863 4024 quod
2895 3955 3150 4009 violentia
3182 3954 3421 4008 Dioscori
3450 3954 3590 4021 apud

1987 4052 2258 4122 Ephesum
2306 4050 2549 4119 religioni
2595 4049 2795 4102 inferre
2844 4053 3174 4113 tcntaverat,
3221 4060 3409 4100 novam
3468 4045 3590 4099 ﬁdei

1984 4144 2223 4212 regulam
2252 4150 2438 4195 contra
2465 4141 2581 4205 ejus
2622 4153 2863 4193 errorem
2907 4136 3023 4205 ipse
3069 4135 3365 4202 constituit,
3419 4150 3591 4204 neque

1984 4234 2330 4290 Chalcedone
2360 4248 2387 4285 a
2422 4230 2670 4284 Patribus
2698 4229 3045 4284 constitutam
3079 4227 3357 4282 retractari
3395 4226 3590 4298 coegit.

1990 4329 2185 4384 Verum
2236 4340 2344 4379 non
2389 4323 2557 4377 solius
2586 4320 2731 4376 Ozize
2775 4320 2917 4390 regis
2947 4320 3119 4384 exitu,
3155 4328 3459 4389 quanquam
3508 4316 3591 4371 ni-

1988 4421 2153 4475 mium
2205 4414 2529 4479 metuendo,
2572 4414 2877 4468 Marcianus
2920 4411 3214 4480 imperator
3264 4409 3433 4477 potuit
3483 4419 3592 4462 tutu

1988 4508 2270 4573 moveri“;
2322 4508 2416 4562 sed
2463 4507 2641 4560 Chore
2693 4518 2927 4573 quoque,
2992 4501 3195 4555 Dathan
3236 4510 3291 4557 et
3337 4500 3591 4554 Abiron:

2254 4550 2270 4573 9

285 4594 353 4650 ab
383 4596 621 4653 Ecclesia
666 4597 760 4651 Dei
793 4607 1086 4667 receptam,
1135 4599 1316 4653 nescio
1348 4602 1435 4669 qui
1477 4615 1536 4656 se
1565 4602 1767 4667 iactant
1799 4604 1880 4660 in-
1910 4584 1960 4643 Ῑ)
1990 4618 2216 4675 quorum
2240 4598 2558 4655 Chorelicet
2584 4596 2647 4650 de
2681 4596 2806 4650 liliis
2838 4606 2981 4649 esset
3009 4593 3132 4646 Levi
3161 4634 3176 4660 ,
3219 4594 3305 4661 qui
3338 4609 3403 4646 ex
3444 4592 3593 4646 omni

284 4686 478 4741 solenti
505 4687 841 4743 discussione
874 4689 1145 4743 invenisse
1175 4690 1398 4745 alteram
1438 4693 1746 4749 veritatem.
1784 4697 1877 4755 Ille

285 4779 416 4833 dicit
441 4796 454 4833 :
481 4778 734 4849 lujuriam
760 4781 883 4835 facit
906 4780 1106 4851 judicio
1139 4782 1553 4853 religiosissima:
1580 4788 1793 4857 synodi,
1827 4792 1875 4845 si

362 5011 703 5081 ‘PerSpicue
758 5012 981 5067 secundi
1050 5013 1253 5068 ordinis
1318 5017 1654 5073 sacerdotem
1720 5033 1877 5077 vocat

286 5084 696 5153 presbyterum,
724 5093 777 5138 et
809 5085 970 5152 paqu
998 5094 1117 5152 post
1167 5087 1321 5153 primi
1368 5087 1571 5140 ordinis
1620 5095 1875 5147 sacerdo-

289 5168 391 5219 tes,
421 5153 724 5224 episcopos.
755 5155 845 5208 Sic
882 5154 1023 5225 enim
1071 5154 1321 5225 distingui
1370 5160 1498 5211 olim
1546 5161 1735 5216 solitos
1783 5166 1877 5217 ob-

286 5237 557 5279 servatum
594 5235 676 5297 est
712 5225 779 5297 ad
824 5224 1131 5297 Sidonium
1161 5224 1257 5279 lib.
1290 5241 1367 5289 IV,
1400 5231 1559 5297 epist.
1610 5233 1703 5285 “25'.
1751 5235 1877 5290 Inde

287 5305 343 5348 et
386 5296 605 5368 secundi
650 5295 855 5368 ordinis
889 5297 1047 5350 homo
1084 5295 1581 5368 diClllsulHeSiileI‘
1614 5301 1667 5354 in
1714 5320 1877 5368 synn-

287 5368 358 5421 do
385 5381 423 5419 ιι
445 5366 755 5437 Symmachi
796 5382 946 5437 papa:
982 5376 1100 5435 cap.
1136 5368 1208 5421 6:
1244 5365 1408 5437 Nefas
1452 5362 1590 5423 dictu
1625 5383 1696 5425 est
1744 5362 1877 5429 obli—

363 5584 379 5614 ¹
404 5582 771 5655 Cod.Ver0n.,
791 5586 1006 5641 insidias
1029 5587 1319 5652 impiorum.
1337 5585 1452 5641 Alia
1477 5587 1634 5641 lectio
1652 5587 1870 5640 insidia-

289 5664 425 5707 tores
457 5656 682 5722 piorum,
714 5673 873 5725 quam
898 5673 963 5711 ex
998 5655 1249 5711 Facundo
1282 5658 1330 5710 in
1355 5661 1595 5725 margine
1618 5659 1862 5721 epistola:

288 5726 459 5777 sancti
486 5726 679 5780 Leonis
720 5728 814 5782 151
847 5729 1119 5781 adnotavit
1155 5728 1515 5792 Quesncllius,
1547 5730 1685 5781 inter
1710 5728 1869 5782 falsas

288 5795 749 5871 amandaripossc
783 5798 992 5871 videtur
1015 5815 1029 5860 ;
1056 5814 1161 5851 non
1195 5800 1338 5871 enim
1372 5815 1487 5855 eam
1516 5800 1663 5871 juxta
1694 5801 1861 5855 nostri

288 5865 492 5921 codicis
524 5867 681 5922 fidem
714 5868 993 5924 Facundus
1024 5870 1305 5935 evprcssit.

1992 4696 2192 4768 populo
2222 4690 2586 4752 lsracleleeti,
2620 4696 2675 4742 et
2723 4703 2880 4741 sacro
2926 4686 3109 4754 templi
3151 4686 3447 4738 ministerio
3481 4684 3593 4738 fne-

1991 4800 2114 4847 rant
2140 4785 2417 4856 deputati;
2450 4792 2629 4837 tamen
2654 4780 2906 4850 quoniam
2940 4778 3102 4832 simul
3150 4791 3337 4831 onmcs
3369 4792 3592 4844 usurpa-

1984 5025 2189 5097 gatione
2215 5035 2319 5090 qua
2320 5034 2393 5097 “se
2414 5014 2666 5097 connectit
2677 5026 2920 5095 summa:
2949 5010 3309 5097 pontifexAca
3340 5007 3595 5097 hominem

1984 5079 2199 5150 iecundi
2228 5079 2280 5145 in
2312 5088 2543 5142 Ecclesia
2570 5084 2767 5139 ordinis
2812 5097 2913 5134 non
2941 5081 3123 5150 teneri.
3179 5080 3243 5133 Et
3278 5079 3418 5145 apud
3471 5079 3595 5150 Ilign-

1990 5149 2236 5221 Cmarum
2295 5162 2452 5229 epist.
2503 5158 2568 5218 7.
2619 5169 2739 5230 cap.
2770 5153 2840 5230 g0
2873 5149 3076 5230 :__Et“si
3108 5153 3168 5204 de
3226 5149 3595 5230 episcOpisnitI:

1985 5219 2211 5291 admissa
2238 5219 2376 5295 sunt,
2402 5230 2464 5281 de
2513 5219 2818 5295 presbyteris
2867 5221 3101 5277 videlicet
3142 5219 3352 5275 secundi
3395 5219 3590 5272 ordinis

1982 5310 2106 5363 viris
2138 5322 2237 5359 non
2268 5298 2573 5356 dimittenda
2598 5305 2737 5350 sunt.

2058 5589 2079 5617 '
2106 5584 2249 5638 Idem
2284 5581 2430 5647 cod.,
2467 5585 2534 5634 et.

2054 5657 2073 5685 ⁸
2100 5656 2244 5709 Idem
2279 5652 2428 5725 cod.,
2459 5649 2671 5725 nouitio.
2841 5717 2851 5725 _
3032 5713 3064 5725 η
3142 5711 3177 5725 ,Δ
3476 5708 3479 5711 .

2050 5726 2070 5756 ⁸
2101 5727 2242 5780 Idem
2277 5713 2424 5781 cod.,
2461 5719 2590 5773 nihil
2612 5717 2941 5770 tractandum
2969 5713 3196 5785 reliquit.
3430 5729 3455 5751 κ

2049 5800 2069 5829 δ
2105 5798 2244 5851 Idem
2278 5794 2425 5856 cod.,
2460 5790 2600 5857 regis
2629 5787 2793 5841 Oziw.

2047 5866 2065 5895 ⁸
2089 5869 2232 5923 idem
2258 5866 2407 5929 cod.,
2444 5872 2550 5917 tam
2582 5858 2810 5913 moueri-
