4094 6468
489 281 592 336 859

1559 270 1852 328 FACUNDI
1897 267 2107 323 EPISC.
2153 261 2655 320 IIEIlMIANENSIS

3665 275 3782 332 8-ἱύ

494 402 621 450 runt
647 392 879 448 ofﬁcium
924 387 1283 453 sacerdotum,
1339 397 1394 441 ut
1445 385 1724 439 immolare
1775 383 1884 436 Deo
1913 362 2076 433 aude-
2107 379 2159 438 Α
2189 389 2282 444 pro
2311 375 2589 447 Synagoga
2619 375 2794 444 loqui,
2825 386 2878 429 et
2913 376 2964 428 in
3006 374 3100 429 Dei
3148 374 3303 431 laude
3344 376 3506 435 verba
3539 380 3777 450 jactare,

494 492 632 547 rent,
665 499 748 552 qm
773 482 805 536 d
831 480 996 534 nmlto
1027 479 1199 532 minus
1222 489 1302 530 est
1329 493 1487 546 quam
1528 476 1596 530 de
1628 474 1733 528 {ide
1773 473 2075 526 Christiana

495 575 802 640 decernere,
831 587 986 627 terra:
1015 571 1336 626 debiscentis
1362 569 1596 637 absorpti
1622 579 1830 631 voratu,
1861 580 1999 618 novo
2026 572 2080 616 et

494 665 743 733 singulari
791 678 888 717 suo
943 663 1104 716 exitio
1147 660 1466 729 stupendum
1519 658 1726 712 cunctis
1775 657 2078 724 exemplum

498 753 974 822 praesumptoribus
1024 753 1374 821 reliquerunt.
1445 748 1725 816 Quomodo
1789 762 1916 815 ergo
1978 745 2078 799 sibi

495 845 632 898 laico
657 845 937 912 religiosus
961 853 1013 896 et
1044 843 1258 910 sapiens
1283 842 1572 907 imperator
1595 839 1841 892 crederet
1863 839 2079 904 impune

495 950 795 999 cessurum,
821 934 904 988 vel
933 945 1237 986 sanctorum
1271 933 1483 985 Patrum
1510 945 1629 998 qum
1657 928 1721 981 de
1748 927 1973 995 lidcjam
1999 924 2082 979 de-

497 1034 641 1079 creta
686 1025 894 1079 fuerant
925 1033 1220 1078 retraetare
1275 1022 1357 1075 vel
1415 1036 1552 1074 nova
1606 1021 1717 1087 ipse
1764 1018 2075 1083 decernere,

494 1127 617 1167 cum
650 1115 767 1167 liliis
795 1113 943 1176 Levi,
967 1112 1017 1165 id
1047 1124 1130 1168 est
1166 1110 1359 1176 Chore,
1403 1119 1456 1166 et
1495 1110 1580 1163 bis
1611 1109 1695 1177 qui
1726 1124 1845 1162 eum
1877 1107 1944 1161 de
1984 1120 2078 1159 sua

499 1203 636 1257 tribu
679 1204 844 1257 secuti
899 1215 1053 1265 sun',
1104 1201 1348 1270 quamvis
1403 1202 1453 1254 in
1496 1199 1679 1268 templi
1709 1199 1980 1252 servitium
2013 1198 2080 1252 de

495 1294 692 1362 populo
713 1292 974 1361 segregati
1005 1293 1044 1360 ι,
1077 1291 1169 1344 sed
1200 1298 1256 1345 ct
1286 1288 1510 1354 Datban,
1543 1299 1598 1344 et
1628 1288 1851 1352 Abiron,
1871 1287 2078 1356 iilquod

495 1381 984 1453 incomparabiliter
1030 1384 1202 1436 minus
1249 1397 1369 1436 esse
1427 1383 1804 1450 probavimus,
1861 1381 2080 1448 impune

497 1491 600 1530 non
625 1475 820 1529 cessit?
841 1474 1233 1528 Prtecesserant
1260 1472 1504 1541 equidem
1539 1472 1699 1526 multa
1725 1473 1901 1541 populi
1937 1472 2079 1526 illius

495 1575 550 1620 et
609 1582 796 1634 magna
861 1575 1096 1635 peccata,
1161 1572 1214 1618 et
1273 1564 1413 1633 quod
1469 1565 1705 1618 omnium
1740 1575 2076 1632 peccatorum

497 1659 786 1712 maximum
827 1659 1158 1725 crederetur,
1215 1656 1528 1710 idololatrias
1573 1670 1788 1723 quoque
1837 1655 2080 1724 profana-

2180 481 2298 521 cum
2325 467 2563 522 dicerent
2589 486 2600 520 ε
2630 468 2766 522 Certi
2815 478 2970 522 estote
2995 509 3008 533 ,
3034 471 3171 538 quod
3217 470 3270 523 in
3315 472 3452 524 omni
3487 471 3780 546 Sgnagaga

2180 575 2350 613 omnes
2391 563 2556 614 sant-ti
2603 572 2761 625 sunt,
2805 573 2850 613 et
2901 572 2973 615 est
3027 561 3276 615 Dentium
3317 564 3369 616 in
3415 561 3637 619 illinet
3683 583 3774 618 eos

2179 667 2336 718 quare
2385 651 2612 718 premitis
2661 653 2993 722 Synagoyam
3040 652 3250 706 Domini
3291 653 3478 724 (Nunt.
3511 672 3597 710 xvi
3625 698 3640 720 ,
3672 656 3777 728 5)?

2181 741 2284 794 Sed
2318 757 2420 794 non
2451 743 2651 797 idcirco
2683 744 2853 811 potuit
2896 743 3179 812 justiﬁcari
3224 747 3508 813 superbia,
3552 762 3669 814 qua:
3712 751 3771 802 in

2181 830 2570 896 Operimenlum
2604 831 2687 886 sui
2733 843 3071 899 contemptus
3116 836 3236 885 talia
3283 835 3422 889 s-let
3447 835 3770 891 obtendere.

2181 924 2366 977 Nullus
2404 926 2544 978 enirn
2589 927 2778 980 melius
2822 927 2986 981 Deum
3030 928 3228 993 laudat,
3261 943 3417 997 quam
3460 931 3500 980 is
3529 930 3616 998 qui
3650 931 3776 998 ejus

2183 1015 2233 1069 in
2263 1032 2318 1069 se
2342 1015 2599 1085 judicium
2632 1018 2892 1087 probans,
2925 1020 3064 1088 qttod
3097 1017 3215 1074 aliis
3245 1031 3326 1074 est
3357 1020 3614 1074 creditum
3662 1037 3773 1075 non

2182 1118 2426 1175 usurpat.
2457 1108 2572 1163 iam
2606 1125 2732 1164 vero
2761 1113 2805 1163 si
2839 1121 2892 1164 et
2921 1111 3062 1164 illius
3087 1113 3337 1179 praecepti
3366 1128 3570 1166 memor
3604 1113 3774 1166 fuisse

2182 1197 2478 1252 credendus
2505 1208 2588 1254 est
2618 1202 2637 1230 ²
2665 1243 2680 1268 ,
2721 1201 2861 1268 quod
2906 1201 2973 1256 de
3016 1202 3144 1271 ipsis
3191 1201 3392 1256 Levitis
3435 1203 3554 1256 ﬁliis
3599 1203 3776 1256 Caath

2182 1289 2373 1341 dicitur
2405 1308 2416 1340 :
2452 1288 2572 1343 Non
2618 1300 2824 1360 tangent
2876 1304 3081 1356 sancta,
3139 1310 3199 1346 ne
3239 1295 3523 1346 moriantur
3574 1293 3768 1365 (Nunt.

2184 1397 2338 1447 xvnt,
2392 1383 2478 1450 5);
2533 1382 2800 1450 quomodo
2855 1395 2914 1436 se
2969 1383 3216 1437 crederet
3265 1384 3770 1436 condemnationem

2182 1480 2397 1524 aeternae
2447 1470 2632 1525 mortis
2685 1471 2938 1542 ellogere,
2995 1473 3039 1526 si
3085 1475 3150 1527 de
3197 1472 3497 1527 Christiana
3551 1471 3655 1526 ﬁde
3686 1472 3771 1527 vel

2183 1575 2320 1614 nova
2349 1561 2686 1624 decerneret,
2717 1563 2798 1616 vel
2821 1563 2930 1630 jam
2951 1562 3164 1619 decreta
3192 1563 3510 1617 discuteret?
3541 1562 3646 1617 Sed
3681 1579 3774 1630 pa-

2186 1662 2301 1701 rum
2325 1658 2431 1714 est,
2457 1664 2562 1702 non
2593 1660 2808 1719 tangere
2834 1661 3017 1703 saneta
3039 1692 3053 1715 ,
3095 1650 3283 1720 quibus
3331 1651 3576 1704 indicitur
3606 1653 3773 1706 etiam

495 1750 640 1803 tione
681 1751 1072 1803 contaminatus
1123 1763 1242 1801 cum
1291 1761 1390 1800 suo
1434 1747 1713 1800 sacerdote
1751 1745 1860 1813 jam
1889 1747 2075 1798 fuerat.
2113 1735 2156 1793 Β
2184 1756 2288 1793 non
2321 1741 2522 1806 videre,
2554 1742 2690 1794 sicut
2714 1742 2968 1810 scriptum
2993 1750 3108 1796 est:
3145 1741 3211 1795 Et
3243 1739 3442 1795 locutus
3471 1753 3541 1796 est
3591 1742 3774 1796 Domi-

493 1839 624 1893 Nam
678 1849 960 1908 postquam
1014 1838 1345 1892 liberationis
1385 1852 1497 1890 sum
1537 1851 1696 1890 causa
1752 1835 2081 1890 mirabilibus

494 1929 664 1997 plagis
709 1939 966 1982 \astatam
1018 1928 1151 1980 vidit
1198 1927 1526 1996 Aigyptum,
1576 1934 1632 1980 et
1695 1941 1788 1995 per
1846 1925 2078 1979 medium

495 2034 642 2074 mare
662 2021 804 2074 sicco
831 2021 964 2088 pede
994 2019 1259 2085 transivit,
1295 2020 1418 2073 fecit
1439 2020 1488 2074 ei
1519 2019 1862 2087 extorquenti
1897 2019 2078 2072 Aaron
2112 2081 2124 2090 _

496 2111 718 2165 vitulum
752 2111 803 2164 in
829 2110 1036 2165 Cboreb
1055 2153 1067 2174 ,
1098 2119 1144 2163 et
1173 2110 1508 2164 adoraveruut
1547 2111 1812 2181 sculptile,
1836 2120 1882 2164 et
1913 2121 2077 2164 mutu-

489 2197 673 2254 verunt
698 2201 913 2269 gloriam
951 2217 1094 2253 suam
1124 2201 1174 2253 in
1208 2200 1589 2254 sim'littdtnem
1620 2201 1766 2254 vituli
1811 2205 2079 2254 comeden-

496 2295 560 2346 tis
578 2294 760 2362 fenum
802 2291 975 2364 (Psal.
1022 2307 1106 2359 cv,
1154 2292 1240 2360 I9,
1281 2291 1398 2361 ΞΑ),
1431 2291 1712 2346 dicentes:
1741 2291 1814 2344 Hi
1855 2303 1972 2345 sunt
2010 2293 2084 2347 dii

496 2384 590 2448 tui,
611 2381 800 2450 Israel,
830 2384 912 2452 qui
945 2392 990 2435 te
1012 2382 1292 2435 eduxerunt
1319 2384 1381 2435 de
1411 2381 1642 2452 Egypto
1678 2379 1876 2452 (Exod.
1906 2397 2081 2447 xxxu,

495 2473 582 2544 4);
616 2483 669 2528 et
696 2475 873 2528 Aaron
918 2472 1203 2528 asdilicavit
1251 2476 1416 2527 altare
1459 2485 1580 2527 ante
1613 2489 1754 2537 eum,
1784 2483 1836 2526 et
1865 2473 2084 2526 adduxit

498 2565 976 2631 ltolocaustomata,
1001 2577 1056 2621 et
1078 2567 1268 2621 obtulit
1298 2565 1526 2619 hostiam
1569 2566 1781 2630 Salutis,
1806 2577 1859 2620 et
1889 2579 2083 2619 conse-

498 2660 575 2714 dit
597 2660 827 2729 .populus
856 2659 1176 2714 manducare
1207 2669 1260 2713 et
1290 2659 1493 2722 bibere,
1520 2665 1574 2712 et
1603 2658 1836 2712 surrexit
1877 2659 2080 2711 ludere.

498 2750 607 2805 Nec
639 2761 840 2815 tamen,
863 2765 982 2805 cum
1015 2752 1070 2805 in
1095 2751 1172 2805 eis
1196 2749 1559 2804 vindicaretur
1588 2750 1691 2804 hoc
1717 2753 1914 2804 malum
1935 2791 1949 2817 ,
1981 2751 2086 2805 tale

503 2842 707 2912 aliquid
735 2843 930 2897 factum
961 2851 1044 2897 est
1081 2843 1234 2911 quale
1271 2845 1326 2896 in
1376 2844 1606 2897 vindicta
1649 2846 2086 2913 praestitnptionis

499 2937 710 2990 illorum
763 2937 988 3006 legimus
1033 2937 1261 3001 luctum,
1312 2947 1367 2988 ut
1411 2951 1570 3005 pteua
1614 2937 1898 3006 singular's
1929 2949 2087 3007 atque

502 3030 760 3084 mirabilis
799 3031 1067 3100 singulare
1106 3040 1558 3100 praesumptorum
1615 3031 1788 3084 scelus
1839 3032 2088 3086 ostende-

2184 1848 2280 1885 nus
2311 1835 2378 1885 ad
2407 1832 2618 1902 Moysen
2661 1843 2706 1888 et
2748 1835 2918 1886 Aaron
2957 1836 3128 1887 dicens
3157 1849 3177 1888 :
3212 1834 3388 1887 Nolite
3424 1832 3712 1904 disperdere
3740 1849 3775 1886 a

2184 1925 2316 1977 tribu
2343 1941 2434 1978 sua
2467 1926 2657 1992 plebem
2686 1925 2847 1980 Caath
2886 1927 2949 1978 de
2992 1927 3155 1979 medio
3195 1925 3481 1978 Levitarum
3503 1941 3521 1977 :
3551 1925 3645 1977 hoc
3693 1929 3775 1994 {o-

2184 2015 2278 2066 cite
2298 2015 2390 2080 eis,
2423 2026 2467 2068 et
2497 2017 2678 2078 riunt,
2729 2027 2772 2068 et
2802 2033 2902 2069 non
2943 2017 3220 2069 morientur
3263 2015 3615 2069 accedentibus
3668 2017 3774 2068 illis

2183 2105 2253 2158 ad
2283 2117 2459 2159 sancta
2479 2117 2788 2160 sanctorum.
2822 2112 2991 2161 Aaron
3026 2119 3072 2161 et
3109 2110 3206 2177 ﬁlii
3246 2111 3354 2179 ejus
3400 2109 3772 2177 ingrediantur,

2189 2211 2232 2252 ct
2257 2201 2494 2251 ordinrnt
2527 2217 2607 2252 eos
2630 2242 2644 2266 ,
2672 2215 3077 2268 unumquemque
3128 2210 3278 2269 prout
3321 2201 3558 2270 portaudi
3601 2200 3776 2252 locum

2183 2293 2354 2357 liabet,
2388 2303 2433 2345 ct
2462 2311 2559 2345 non
2591 2294 2773 2346 intrent
2804 2293 3031 2345 desubito
3060 2294 3226 2345 videre
3250 2301 3479 2346 s-mt'tunt
3507 2291 3527 2322 ³
3579 2291 3772 2361 (Num.

2185 2399 2264 2450 tv,
2299 2384 2487 2453 17-1!)
2522 2401 2534 2436 :
2569 2400 2700 2438 neve
2732 2386 2899 2453 potuit
2926 2385 3089 2439 exitio
3117 2398 3214 2438 suo
3249 2391 3450 2438 terrere
3481 2383 3774 2452 principem

2182 2474 2570 2529 CbriStiaitum.
2602 2477 2698 2543 Qui
2732 2492 2850 2530 cum
2881 2476 2945 2530 de
2987 2475 3146 2530 domo
3187 2473 3352 2544 patris
3383 2475 3499 2545 ejus
3539 2473 3778 2530 adduce-

2186 2575 2336 2620 retur
2391 2581 2512 2620 arca
2556 2582 2714 2635 super
2759 2568 3054 2635 plaustrum
3094 2582 3289 2619 novum
3331 2566 3597 2634 imposita,
3639 2580 3778 2634 quo-

2189 2658 2332 2712 niam
2357 2673 2477 2710 cum
2508 2659 2849 2712 ealcitrarent
2872 2661 3035 2713 boves
3077 2655 3314 2712 extendit
3337 2673 3577 2724 manum,
3602 2669 3658 2713 ‘et
3691 2667 3778 2713 ιε-

2188 2750 2303 2804 nuit
2325 2765 2442 2804 eam
2468 2765 2533 2804 ne
2565 2750 2795 2816 caderet,
2829 2750 2992 2803 iratus
3018 2759 3099 2804 est
3132 2751 3491 2820 indignatione
3520 2750 3778 2803 Dominus

2187 2852 2372 2898 contra
2398 2857 2556 2909 eum,
2584 2844 2720 2896 sicut
2752 2842 3024 2910 Scriptura
3069 2844 3195 2897 dicit
3225 2860 3238 2894 :
3273 2841 3339 2894 Et
3378 2843 3617 2910 percussit
3661 2855 3779 2894 eum

2187 2952 2341 3005 super
2373 2935 2653 2988 temeritate
2679 2950 2696 2987 :
2721 2935 2808 3002 qui
2831 2945 3057 2987 mortuus
3081 2943 3154 2987 est
3188 2935 3254 2987 ibi
3270 2937 3424 3005 juxta
3457 2950 3629 2986 arcam
3675 2931 3780 2986 Do-

2190 3027 2316 3080 mini
2341 3025 2426 3098 (II
2447 3026 2574 3098 Reg.
2602 3042 2676 3093 vr,
2699 3027 2752 3094 7)
2778 3042 2791 3079 :
2817 3035 2939 3079 etut
2965 3025 3259 3079 formidinis
3282 3037 3496 3080 a-ternae
3523 3025 3779 3078 memoria

501 3130 601 3175 ret.
629 3121 851 3190 Propter
879 3122 1020 3189 quod
1049 3123 1206 3176 etiam
1231 3122 1439 3192 Moyses
1465 3123 1535 3175 ibi
1563 3121 1694 3176 dicit
1718 3141 1732 3176 :
1760 3121 1825 3174 In
1847 3125 1942 3175 hoc
1962 3125 2088 3176 scie-
2112 3105 2157 3164 C
2196 3121 2419 3188 posreris
2449 3135 2659 3188 quoque
2703 3119 3119 3188 relinqueretur,
3167 3123 3413 3172 vocatum
3445 3127 3524 3171 est
3574 3133 3775 3172 nomen

503 3213 820 3282 tisquouiam
847 3213 1093 3266 Dominus
1110 3213 1242 3266 misit
1268 3230 1346 3266 me
1367 3218 1535 3284 facere
1563 3215 1732 3266 omnia
1772 3230 1926 3282 Opera
1963 3215 2084 3282 ista,

503 3313 551 3354 et
583 3305 816 3368 quoniam
841 3319 940 3356 non
979 3321 1009 3356 a
1048 3320 1126 3355 me
1165 3305 1298 3372 facio
1323 3321 1341 3364 :
1367 3306 1409 3356 si
1437 3305 1712 3357 secundum
1740 3314 1950 3358 mortem
1982 3322 2091 3358 om-

505 3395 646 3445 nium
676 3393 934 3446 hominum
963 3395 1240 3447 morientur
1286 3396 1390 3458 isti,
1425 3404 1470 3447 et
1514 3400 1557 3447 si
1599 3395 1877 3448 secundum
1911 3396 2088 3449 visita-

505 3485 692 3538 tionem
733 3487 958 3538 omnium
999 3486 1263 3538 hominum
1312 3488 1534 3539 visitut.'o
1587 3489 1681 3540 erit
1727 3488 1957 3555 illorum,
1988 3505 2089 3542 non

506 3573 760 3627 Dominus
808 3576 942 3628 misit
990 3591 1067 3629 me
1104 3575 1290 3646 (Num.
1326 3592 1435 3642 xvi,
1470 3579 1563 3646 98,
1603 3577 1718 3649 29).
1764 3579 1874 3632 Illic
1911 3587 2084 3633 Aaron

506 3682 742 3720 summus
765 3667 1014 3720 Sacerdos
1043 3679 1098 3721 et
1125 3667 1373 3721 formavit
1410 3670 1666 3734 vitulum,
1715 3679 1767 3724 et
1809 3670 2092 3724 aediﬁcavit

506 3759 699 3825 altare,
731 3767 786 3813 et
803 3759 979 3812 attulit
1013 3759 1500 3828 bolocaustomata,
1533 3773 1588 3815 et
1617 3763 1806 3815 obtulit
1838 3764 2090 3828 hostiam;

507 3850 648 3904 unde
678 3852 932 3919 scriptum
957 3859 1038 3905 est
1067 3868 1081 3903 :
1115 3849 1256 3906 Vidit
1284 3851 1493 3920 Moyses
1529 3856 1800 3922 populant,
1832 3854 1916 3922 qui
1944 3855 2094 3907 dissi-

509 3949 658 4008 patus
685 3952 779 3994 est.
813 3939 1085 4012 Dissipavit
1113 3943 1242 3994 enim
1275 3959 1355 3995 eos
1378 3945 1572 4008 Aaron,
1609 3956 1660 3996 ut
1693 3955 1851 3998 essent
1884 3946 1936 3998 in
1962 3963 2092 4014 gau-

509 4033 651 4085 dium
679 4034 984 4086 adrersariis
1025 4035 1128 4086 suis
1159 4033 1351 4103 (Exod.
1403 4050 1550 4088 xxxii
1575 4076 1588 4100 ,
1625 4034 1718 4106 ‘25)
1748 4055 1760 4088 :
1787 4049 1837 4090 et
1885 4040 2092 4091 veniam

511 4122 634 4176 lacti
659 4125 1024 4192 consequitur.
1050 4122 1164 4177 Illic
1195 4134 1368 4177 autem
1412 4123 1588 4178 Chore
1609 4167 1621 4189 ,
1648 4127 1852 4180 Datban
1883 4138 1937 4182 et
1967 4129 2094 4182 Abi-

511 4228 632 4276 ron,
667 4215 907 4281 quamvis
941 4213 1052 4268 Deo
1084 4229 1210 4268 vero
1247 4214 1646 4280 sacriﬁcarent,
1673 4218 1793 4286 quia
1829 4231 2000 4270 tamen
2029 4219 2098 4272 ad

514 4321 695 4359 eorum
727 4320 829 4360 non
879 4307 1178 4374 pertinebat
1223 4307 1479 4372 ofﬁcium,
1523 4324 1659 4362 novo
1702 4320 1756 4364 et
1800 4311 2097 4365 incredibili

516 4394 774 4460 supplicio
817 4397 1131 4462 puniuntur;
1179 4404 1486 4468 tantumque
1519 4401 1763 4466 penditur
1820 4401 1958 4470 apud
2015 4403 2098 4454 di-

516 4483 695 4535 vinant
744 4481 1028 4553 justitiam,
1079 4486 1123 4538 si
1172 4486 1226 4539 in
1271 4489 1385 4556 ejus
1429 4489 1697 4558 obsequiis
1746 4491 1878 4544 ordo
1934 4491 2092 4560 quem

519 4573 794 4626 constituit
839 4585 1182 4630 conservetur
1210 4577 1278 4644 δι,
1336 4587 1393 4631 ut
1443 4579 1678 4633 deterius
1730 4581 1830 4634 boc
1872 4582 2092 4651 judicct,

521 4684 676 4737 quam
707 4667 750 4722 si
781 4666 926 4721 falsis
953 4669 1054 4722 diis
1082 4668 1221 4736 quod
1253 4671 1349 4722 soli
1382 4670 1481 4737 ipsi
1505 4655 1727 4725 debetur
1758 4673 2094 4742 obsequium,

521 4760 813 4815 deferatur.
850 4760 1175 4815 Videbantur
1204 4762 1280 4815 illi
1309 4763 1525 4832 quidem
1549 4763 1710 4816 divini
1744 4766 1948 4820 ordinis
1971 4781 2098 4819 con-

523 4861 838 4924 temptores,
891 4869 1011 4908 cum
1065 4854 1402 4923 insurgerent
1451 4855 1501 4908 in
1549 4855 1764 4925 Moysen
1811 4869 1859 4910 et
1893 4858 2096 4922 Aaron,

603 5009 629 5037 ι
664 4994 852 5064 Vulg.,
896 4995 1172 5049 Percussio
1199 4997 1338 5048 Ozte.

607 5181 622 5210 ¹
657 5179 796 5234 Cod.
839 5177 1064 5241 νει-οη..
1107 5178 1411 5247 segregatis.

607 5253 628 5283 ⁹
662 5250 809 5303 Idem
842 5249 990 5311 cod.,
1025 5242 1223 5301 memor
1255 5247 1353 5309 fuit
1371 5245 1676 5300 Marcianus
1695 5242 1982 5314 Augustus,
2015 5244 2119 5297 imo

536 5321 659 5389 quia
693 5335 894 5371 memor
923 5319 1084 5387 fuisse
1117 5319 1404 5370 credendus
1435 5327 1529 5379 est,
1566 5318 1729 5386 quod.

609 5392 630 5420 ³
651 5390 795 5442 Idem
832 5383 982 5453 cod.,
1002 5400 1269 5450 sanctum,
1300 5395 1347 5440 et
1371 5403 1471 5438 non
1494 5383 1803 5440 morientur.
1830 5383 1967 5448 Quid
1987 5383 2119 5437 ()zia

581 5461 684 5512 (ius
702 5459 995 5512 Aminadob
1019 5474 1336 5524 parumnere
1353 5459 1538 5520 potuit.
1561 5455 1870 5524 Legendum
1889 5467 1972 5506 est
1990 5453 2120 5506 Oza:

589 5529 807 5585 ebraice
823 5539 960 5593 71W;
986 5526 1336 5592 Gratce’Oga't.
1364 5525 1531 5580 Filius
1556 5525 2044 5580 dicrturAbinadati
2070 5525 2120 5576 in

616 5697 636 5716 ⁶
675 5695 853 5766 Legt'n
881 5699 968 5748 ‘uu
1017 5696 1259 5763 videtur,
1294 5714 1395 5750 non
1434 5706 1784 5749 ronserretur.

2194 3211 2295 3264 loci
2328 3213 2471 3264 illius
2495 3211 2601 3264 Oza
2638 3220 2663 3246 ι
2695 3209 2739 3263 ⁸.
2769 3211 2992 3279 I’rOpter
3034 3210 3173 3279 quod
3224 3211 3382 3264 etiam
3427 3208 3625 3276 David,
3689 3206 3781 3277 qui

2191 3317 2310 3356 eam
2357 3301 2688 3354 laetabundus
2734 3303 3004 3356 adducens
3070 3299 3403 3369 praecedebat
3455 3314 3573 3354 cum
3631 3301 3781 3352 omni

2191 3392 2376 3459 ISrael,
2415 3393 2662 3446 extimuit
2703 3393 2988 3446 Dominum
3023 3393 3072 3446 in
3115 3393 3203 3445 illa
3248 3393 3334 3446 die
3374 3391 3561 3444 dicens
3593 3408 3605 3440 :
3643 3391 3782 3454 Quo-

2192 3486 2344 3538 modo
2369 3485 2684 3555 ingredietur
2712 3501 2832 3538 arca
2863 3483 3073 3538 Domini
3091 3487 3156 3537 ad
3189 3499 3265 3536 me
3290 3482 3373 3552 (II
3405 3484 3534 3551 Reg.
3582 3497 3655 3546 vi,
3687 3480 3783 3552 9)?

2194 3588 2248 3631 ct
2272 3579 2441 3632 noluit
2470 3580 2738 3632 divertere
2761 3578 2825 3631 ad
2867 3593 2925 3632 se
2950 3593 3126 3632 arcam
3160 3575 3390 3630 Domini.
3419 3575 3477 3630 Si
3503 3575 3786 3629 existima-

2195 3672 2393 3726 tionem
2423 3672 2603 3726 cordis
2635 3673 2770 3727 male
2801 3671 3108 3742 prmsumpti
3141 3673 3434 3740 sequimur,
3467 3686 3644 3724 nonne
3667 3686 3784 3722 ma-

2194 3767 2274 3834 gis
2307 3765 2435 3818 illud
2468 3765 2805 3833 plectendum
2829 3763 3129 3829 videbitur,
3165 3777 3339 3816 arcam
3376 3763 3581 3815 Domini
3620 3778 3777 3831 quam

2195 3856 2412 3925 putabat
2464 3871 2583 3907 esse
2628 3870 2896 3918 casuram,
2950 3869 3055 3908 non
3101 3842 3376 3907 continere
3418 3865 3534 3906 Cum
3565 3851 3785 3921 posset?

2198 3947 2302 4001 Sed
2329 3961 2424 4016 pro
2453 3945 2615 3998 divini
2650 3947 2841 3998 timore
2874 3943 2894 3974 '
2929 3945 3210 4013 praecepti,
3251 3958 3357 3996 non
3409 3958 3503 4010 pro
3556 3952 3784 3995 temera-

2197 4040 2396 4093 rioruui
2429 4037 2755 4106 susiiicione,
2811 4037 3050 4106 judicare
3098 4037 3376 4091 debemus.
3426 4033 3556 4088 Nam
3609 4034 3653 4088 is
3693 4035 3783 4103 qui

2201 4130 2399 4183 Levitis
2441 4129 2740 4182 nuntiatum
2782 4142 2901 4181 esse
2947 4126 3247 4180 didicerat:
3282 4124 3401 4178 Non
3441 4134 3644 4196 tangent
3668 4143 3785 4178 san-

2200 4230 2303 4283 cta,
2335 4235 2396 4271 ae
2438 4225 2742 4285 moriantur,
2800 4216 3066 4285 quomodo
3124 4215 3359 4286 legitime
3385 4224 3565 4282 posset
3615 4217 3785 4269 inter-

2204 4315 2338 4368 dicta
2364 4310 2694 4379 contingere,
2728 4301 2815 4378 qui
2849 4308 2973 4362 licet
3019 4310 3069 4360 in
3101 4306 3342 4360 districto
3372 4306 3625 4374 temporis
3653 4306 3784 4358 ani-

2203 4409 2341 4474 culo,
2393 4423 2496 4460 non
2535 4406 2814 4474 repentino
2863 4419 3059 4472 pavore
3103 4403 3337 4454 nutantis
3369 4415 3509 4454 arcte
3558 4401 3785 4465 moveri,

2203 4499 2296 4552 sed
2343 4497 2683 4552 observantia
2713 4495 2732 4526 °
2775 4496 2941 4549 divini
2989 4494 3240 4563 praecepti
3291 4493 3512 4548 retineri
3567 4492 3787 4545 debuit?

2200 4592 2332 4644 Cum
2363 4590 2524 4660 igitur
2553 4589 2658 4643 O‘za
2678 4629 2693 4654 ,
2725 4603 2828 4641 non
2859 4602 2924 4641 ex
2964 4587 3239 4656 proposito
3264 4585 3589 4653 consilioque
3619 4593 3790 4637 trans-

2201 4695 2435 4750 gressus,
2467 4679 2558 4733 sed
2592 4679 2811 4748 inopino
2842 4686 2896 4732 et
2923 4678 3143 4731 lortuito
3173 4691 3300 4731 casu
3332 4683 3665 4744 praeventus,
3692 4689 3788 4742 pro

2203 4775 2318 4827 solo
2350 4772 2653 4827 ineonsulto
2680 4780 2820 4824 tactu
2853 4776 3149 4824 extremum
3179 4783 3290 4822 sua“:
3315 4767 3631 4820 temeritatis
3661 4780 3792 4831 sup-

2205 4865 2421 4935 plicium
2452 4863 2550 4916 luit
2576 4881 2586 4914 :
2614 4879 2713 4932 qua
2746 4861 3004 4932 probabili
3035 4860 3244 4914 ratione
3276 4858 3567 4913 Marcianus
3609 4861 3792 4925 Augu-

2215 5229 2356 5275 textu
2393 5222 2650 5275 llebraico
2692 5228 2748 5274 et
2770 5214 2992 5287 Vulgata
3024 5215 3282 5280 editione,
3317 5213 3367 5266 in
3401 5210 3581 5267 Graeca
3614 5220 3790 5266 autem

2211 5293 2518 5356 Aminadab,
2550 5293 2640 5345 lib.
2667 5291 2708 5344 II
2737 5291 2891 5358 Reg.,
2918 5304 3035 5353 cap.
3068 5301 3135 5341 vt.

2285 5361 2306 5390 ⁸
2337 5364 2476 5416 Idetn
2506 5352 2655 5426 cod.,
2688 5352 2944 5428 percussio
2978 5352 3123 5410 Usia.
3159 5354 3463 5425 Legendum
3498 5352 3625 5408 01a.

2287 5432 2307 5463 ⁸
2337 5433 2476 5485 Idem
2505 5436 2653 5498 cod.,
2685 5441 2877 5484 tenore.

2286 5503 2306 5532 ⁶
2327 5503 2468 5558 ldem
2491 5503 2638 5570 cod.,
2668 5500 2850 5556 sedula
2878 5499 3210 5554 obseruantia.
