4094 6468
251 292 347 347 Μιὶ

1114 291 1248 347 PRO
1288 288 1712 347 DEFENSEONE
1754 284 1967 342 TltiUBI
1997 284 2312 342 CAPITUL.
2349 285 2484 341 LIB.
2522 283 2635 338 ΧΠ.

3431 282 3538 338 8ίὲ

250 418 384 473 stus,
424 421 543 476 qum
572 405 711 477 apud
764 405 1157 461 Chalcedonem
1205 406 1492 460 constituta
1535 415 1661 458 sunt
1692 404 1732 467 ¹,
1781 400 1835 453 in
1870 402 1917 461 Α
1949 400 2030 453 vel
2080 414 2242 453 unum
2295 399 2502 468 apicem
2560 410 2867 467 pos=umus,
2919 405 3011 451 aut
3040 408 3398 461 commovere,
3450 407 3543 451 aut

250 497 690 567 disceptationem
717 512 969 553 revocare
1001 496 1382 566 przesumeret?
1412 496 1519 549 Sed
1540 494 1682 549 enim
1710 507 1844 561 prte-

251 587 583 641 dicatoribus
610 589 864 655 veritatis,
897 589 1047 657 quasi
1081 588 1268 652 bobus,
1298 588 1367 640 de
1398 588 1589 657 quibus
1609 585 1803 639 dicitur
1828 601 1838 634 :

254 678 382 734 Βοινὶ
403 680 673 732 triturami
717 696 774 732 os
808 694 910 731 non
954 678 1231 748 infrcnabis
1266 677 1317 747 (ι
1349 676 1466 731 Cor.
1494 692 1567 734 ιι.
1599 673 1678 745 9),
1706 690 1842 728 nou-

256 786 531 839 nunquam
560 779 748 825 contra
774 769 1048 824 stimulum
1080 768 1481 823 calcitrantibus
1511 767 1719 821 videtur
1749 767 1847 819 Ec-

257 863 444 929 clesia,
470 863 621 930 cujus
643 861 715 916 illi
744 871 984 915 vectores
1013 862 1366 929 doctoresque
1389 860 1591 923 ’,velut
1616 873 1735 913 arca
1760 857 1846 908 illa

258 962 480 1019 nutare;
511 952 606 1009 sed
640 968 744 1005 non
776 961 859 1007 est
888 951 1008 1006 Ome
1041 952 1202 1005 otlicii
1244 951 1543 1004 continere.
1589 948 1850 1004 Prrcceilit

263 1048 404 1098 illam
432 1059 561 1099 suus
586 1044 775 1110 David,
807 1044 896 1114 qui
929 1043 1147 1097 deducit
1188 1044 1505 1097 exsultans:
1535 1042 1649 1109 ipse
1690 1055 1851 1092 manu

263 1140 412 1194 fortis
446 1139 779 1194 invisibiliter
809 1153 925 1193 eam
956 1139 1120 1207 regit,
1154 1152 1248 1208 per
1275 1151 1409 1205 quos
1438 1151 1557 1189 eam
1586 1135 1696 1203 regi
1719 1150 1851 1186 con-

265 1233 456 1285 stituit.
486 1232 551 1286 Et
575 1232 694 1286 ideo
725 1244 913 1286 nutare
958 1230 1174 1300 quidem
1215 1237 1424 1298 potest,
1471 1227 1665 1281 cadere
1713 1242 1852 1279 nun-

268 1310 423 1394 quam
455 1332 559 1392 poti
581 1332 648 1376 st.
681 1323 818 1377 Nihil
853 1325 1010 1393 igitur
1043 1321 1206 1375 habes
1227 1363 1242 1387 ,
1272 1321 1401 1383 01a,
1449 1320 1591 1388 quod
1636 1318 1856 1370 simula-

268 1418 413 1470 tione
440 1417 534 1483 pim
559 1415 931 1467 Sollicitudiuis
962 1414 1235 1467 exemeris
1254 1453 1267 1475 ,
1294 1412 1414 1481 quia
1447 1410 1629 1462 divino
1652 1409 1854 1476 judicio

269 1525 365 1577 pro
390 1508 691 1561 temeritate
740 1507 1051 1574 pe'cutcris.
1110 1505 1201 1558 llis
1245 1514 1420 1556 autem
1466 1513 1625 1571 atque
1673 1501 1852 1569 hujus-

270 1602 415 1656 modi
450 1599 745 1653 rati0uibus
775 1607 828 1651 et
856 1597 1118 1665 exemplis
1143 1608 1376 1666 angnsue
1403 1595 1678 1648 memorize
1722 1593 1856 1644 Mar—

271 1693 477 1745 cianum
506 1691 893 1743 communitum
919 1697 975 1744 et
1003 1682 1248 1743 eductum
1278 1686 1441 1739 fuisse
1476 1684 1731 1737 credibile
1753 1692 1853 1747 est,

1949 501 2282 546 commutare
2332 507 2518 546 eorum
2568 506 2687 560 quae
2715 492 2854 560 apud
2903 490 3049 544 illam
3088 491 3305 544 deﬁnita
3333 502 3477 546 sunt.
3520 510 3537 541 ι

1952 582 2019 636 Et
2042 585 2233 635 iterum
2260 599 2273 634 :
2303 599 2322 633 ι
2357 580 2649 649 Quoniam,
2684 581 2823 635 sicut
2861 580 2961 635 soli
2990 580 3125 634 nihil
3158 582 3333 635 minus
3360 593 3441 635 est
3475 582 3543 633 ad

1949 672 2425 728 demonstrandum
2458 673 2578 741 quia
2604 675 2682 725 sol
2714 680 2825 737 est;
2856 671 2933 727 sic
2972 682 3027 727 et
3055 686 3244 741 magna
3276 680 3329 726 et
3357 685 3546 726 sancta

1950 775 2004 818 et
2052 765 2337 819 universali
2378 764 2585 835 synodo
2632 762 3056 819 Chalcedonensi
3100 766 3277 817 minus
3329 764 3548 831 quidem

1954 858 2216 910 bonorum
2245 856 2374 910 nihil
2399 856 2619 911 omnino
2644 867 2747 921 est,
2776 870 2949 925 neque
2977 854 3341 911 additamento
3368 856 3552 924 aliquo

1953 959 2096 1019 eget,
2131 964 2304 1019 neque
2331 949 2683 1013 detractione,
2716 950 2782 1004 ab
2806 948 3006 1016 Spiritu
3031 958 3218 1003 sancto
3261 948 3423 1003 veluti
3470 940 3579 1003 di-'

1954 1042 2081 1095 vino
2109 1042 2336 1111 quodam
2368 1042 2483 1096 sole
2513 1043 2532 1072 ⁶
2562 1042 2803 1119 condita.
2829 1040 3036 1096 Etenim
3065 1040 3159 1109 qui
3189 1041 3240 1094 in
3266 1055 3327 1095 ea
3359 1056 3551 1095 secun-

1956 1134 2081 1188 dum
2112 1144 2320 1203 tempus
2350 1135 2588 1189 damnati
2616 1143 2761 1197 sunt,
2792 1133 2996 1205 indigni
3023 1133 3370 1189 sacerdotalis
3402 1134 3555 1187 ordi-

1959 1226 2040 1279 nis
2063 1225 2314 1294 judicati,
2346 1226 2571 1280 decreto
2597 1241 2657 1279 ac
2684 1224 2883 1294 judicio
2918 1225 3094 1294 magni
3140 1224 3232 1277 Dei
3280 1225 3422 1278 velut
3453 1226 3554 1277 itu-

1961 1320 2029 1386 pii
2061 1320 2400 1374 coodemnati
2434 1328 2579 1373 sunt.
2619 1318 2719 1387 Qui
2766 1333 2893 1373 vero
2944 1320 2995 1371 in
3030 1332 3089 1369 ea
3135 1320 3366 1386 suscepti
3405 1330 3550 1383 sunt,

1961 1412 2209 1480 injustam
2243 1420 2295 1466 et
2340 1411 2670 1481 tyrannicam
2711 1420 2836 1465 ante
2878 1410 3211 1465 sustinentes
3250 1410 3556 1478 inscriptio-

1962 1519 2107 1565 nem,
2127 1503 2413 1558 confestim
2440 1504 2657 1558 decreto
2680 1502 2853 1558 sancti
2883 1501 3117 1571 Spiritus
3142 1500 3284 1568 juste
3322 1501 3555 1569 suscepti

1964 1604 2086 1646 sunt
2111 1610 2125 1646 :
2152 1594 2206 1647 in
2235 1595 2429 1663 quibus
2458 1604 2541 1649 est
2586 1602 2641 1647 et
2689 1603 2995 1648 nostrorum
3027 1602 3327 1662 temporum
3366 1607 3557 1647 secun-

1966 1686 2065 1739 dus
2113 1686 2273 1751 Abel,
2304 1686 2491 1742 beatus
2526 1686 2826 1740 Flavianus.
2868 1705 2888 1738 ι
2934 1686 3014 1741 Ad
3046 1684 3162 1741 haec
3208 1686 3390 1741 omnia
3431 1702 3560 1740 iou-

273 1797 338 1836 ne
364 1779 573 1848 imperii
600 1778 704 1833 sibi
730 1778 1003 1835 commissi
1034 1778 1283 1832 decorem
1309 1774 1469 1829 alieni
1496 1774 1656 1828 oflicii
1701 1790 1858 1828 usnr-
1892 1781 1939 1838 Β
1970 1787 2306 1847 tempserunt
2333 1779 2632 1845 attendere,
2662 1778 2752 1847 qui
2799 1778 2866 1832 de
2906 1777 3173 1833 sententia
3213 1785 3374 1831 tantae
3400 1792 3581 1847 syuor

274 1873 483 1942 p-.-tione
525 1872 775 1928 fmdaret.
819 1871 970 1938 Quod
1028 1870 1071 1923 si
1125 1869 1288 1924 etiam
1334 1868 1513 1921 minus
1538 1867 1653 1934 ejus
1682 1866 1863 1919 animo

273 1980 388 2034 qua:
435 1965 852 2020 memoravimus
885 1969 1230 2016 occurrerent
1272 1958 1327 2025 ³,
1362 1959 1662 2011 modestum
1690 1958 1863 2011 virum

272 2072 366 2111 sua
412 2057 594 2127 procul
640 2057 803 2111 dubio
832 2046 966 2110 ratio
1001 2055 1339 2122 temperavit,
1388 2068 1489 2120 qua
1528 2054 1765 2121 cogitare
1811 2060 1865 2105 et

274 2163 433 2203 nosse
465 2148 714 2203 facillime
763 2148 971 2216 potuit,
1026 2145 1223 2198 Christi
1268 2142 1435 2197 solius
1478 2157 1597 2196 esse
1644 2156 1864 2211 regnum

275 2254 391 2291 cum
449 2238 749 2293 sacerdotio
788 2236 944 2291 simul
988 2236 1185 2289 habere
1238 2251 1250 2284 :
1308 2232 1560 2302 quoniam
1609 2232 1711 2286 etsi
1749 2233 1869 2302 qui-

274 2328 391 2381 dam
417 2329 648 2397 regesin
690 2329 808 2398 ejus
838 2328 1052 2382 venturi
1092 2325 1315 2395 ﬁguram
1352 2325 1653 2379 sacerdotio
1698 2325 1866 2379 functi

275 2428 415 2483 sunt,
444 2426 620 2471 tamen
648 2432 768 2473 eum
808 2417 1087 2471 manifesta
1138 2421 1225 2471 lux
1256 2419 1468 2472 veniret
1499 2417 1551 2470 in
1586 2416 1863 2482 nnmdum,

276 2506 489 2559 umbras
522 2522 802 2562 removens
825 2506 1122 2561 futurorum
1147 2547 1161 2571 ,
1193 2507 1322 2560 nulli
1352 2507 1505 2560 alteri
1538 2506 1685 2561 dedit
1724 2508 1867 2574 quod

275 2595 374 2650 sibi
417 2596 689 2665 singulare
740 2599 1001 2662 servavit;
1036 2597 1130 2651 scd
1186 2599 1237 2650 in
1293 2597 1535 2649 diversos
1584 2596 1721 2649 dona
1773 2609 1867 2648 sua

277 2686 629 2749 distribuens,
664 2686 740 2739 sic
767 2702 884 2755 quae
920 2687 1131 2755 propria
1170 2697 1294 2740 sunt
1336 2684 1690 2748 sacerdotii‘,
1734 2685 1869 2754 regi-

277 2779 374 2831 bus
416 2777 713 2832 interdixit.
746 2776 1005 2843 Quoeirca
1044 2778 1493 2846 quemadmodmn
1532 2778 1614 2830 vir
1656 2778 1871 2842 sapiens

280 2883 384 2921 non
418 2867 695 2935 profanum
721 2866 983 2935 judicaret
1028 2869 1128 2920 hoc
1156 2869 1297 2922 velle
1326 2868 1523 2930 videri,
1553 2868 1691 2936 quod
1724 2867 1871 2921 solus

280 2968 357 3011 est
387 2958 667 3013 Christus?
716 2958 820 3013 Sed
858 2972 977 3011 cum
1012 2960 1091 3012 vel
1132 2959 1352 3013 decreto
1393 2960 1559 3012 sancti
1596 2968 1651 3011 et
1695 2957 1871 3027 magni

281 3050 512 3113 concilii,
547 3051 632 3104 vi!
660 3054 975 3103 auctoritate
1002 3050 1164 3119 ipsius
1202 3052 1457 3119 principis
1496 3050 1776 3115 Marciani,
1802 3050 1870 3105 ab

1967 1869 2021 1922 di
2053 1871 2164 1923 ausi
2189 1878 2314 1924 sunt
2338 1870 2607 1938 judicare,
2640 1871 3013 1924 existimantes
3060 1869 3180 1938 quia
3233 1871 3317 1924 vel
3368 1870 3563 1924 deesse

1969 1960 2043 2013 illi
2088 1960 2260 2029 potuit
2307 1959 2507 2028 aliquid
2559 1959 2701 2028 quod
2750 1959 3022 2029 supplere,
3072 1959 3157 2013 vel
3214 1960 3389 2014 inesse
3417 1959 3562 2027 quod

1968 2050 2582 2105 emendare‘debercnt.
2636 2049 3097 2105 Considerandum
3145 2065 3278 2106 vero
3323 2060 3406 2104 est
3442 2066 3563 2119 quan

1969 2139 2170 2194 fuerint
2219 2140 2311 2195 illo
2359 2149 2606 2211 tempore
2645 2140 2964 2195 Christiana:
3009 2140 3271 2195 libertatis
3319 2139 3563 2211 inquam

1968 2245 2155 2284 sumus
2183 2232 2357 2285 vocati
2384 2246 2664 2301 respousa,
2700 2246 2820 2285 eum
2857 2230 2967 2286 Leo
3004 2231 3442 2301 religiosissimus
3469 2234 3563 2286 im-

1970 2330 2208 2387 peralor,
2240 2337 2344 2376 non
2374 2322 2439 2377 de
2472 2323 2751 2391 temporali
2785 2330 3048 2391 potestate
3073 2338 3233 2391 quam
3259 2335 3567 2393 acceperat.

1970 2412 2279 2467 sacerdotes
2332 2414 2426 2467 Dei
2477 2422 2735 2479 terreret,
2766 2414 2861 2468 sed
2893 2414 3070 2483 potius
3103 2424 3293 2470 contra
3319 2416 3564 2471 timorem

1972 2500 2263 2554 humanum
2299 2501 2543 2557 timorem
2592 2502 2672 2557 eis
2715 2502 2811 2557 Dei
2851 2504 3238 2573 omnipotentis
3277 2505 3564 2563 incuteret.

1971 2591 2057 2645 Ait
2074 2593 2213 2647 enim
2241 2591 2637 2661 :incspondete
2666 2592 2782 2648 sine
2802 2583 2979 2663 aliquo
3011 2596 3204 2654 timore
3227 2595 3484 2665 humano,
3511 2611 3566 2653 et

1969 2685 2086 2738 sine
2111 2685 2276 2752 gratia
2308 2685 2533 2754 alicujus
2564 2694 2617 2739 et
2643 2685 2785 2749 odio,
2809 2696 2933 2743 ante
2959 2688 3143 2742 oculos
3167 2698 3372 2745 tantum
3404 2692 3581 2746 timo-

1969 2788 2083 2827 rem
2105 2774 2195 2829 Dei
2218 2777 2596 2844 omnipateutis
2611 2786 2889 2845 ponentes.
2915 2797 2932 2830 ι
2954 2778 3063 2833 Nec
3075 2781 3172 2834 sibi
3186 2795 3281 2835 eos
3302 2784 3564 2839 rationem

1972 2866 2141 2935 ipsius
2167 2881 2277 2921 suze
2312 2869 2675 2936 responsionis
2705 2868 2924 2923 daturos
2966 2884 3087 2924 esse
3137 2874 3475 2939 praemonuit,
3508 2884 3569 2928 ιιι

1972 2958 2076 3012 dici
2108 2959 2331 3013 forsitan
2363 2964 2554 3029 possit,
2592 2961 2693 3016 hoc
2724 2976 2818 3017 eos
2848 2963 3190 3031 respondisse
3216 3004 3231 3029 ,
3263 2967 3404 3034 quod
3451 2968 3569 3037 ejus

1974 3051 2155 3105 animo
2187 3052 2503 3118 placiturum
2534 3054 2837 3121 crederent,
2870 3056 2957 3123 qui
2985 3054 3061 3108 eis
3089 3056 3222 3109 dixit
3262 3074 3273 3108 :
3315 3076 3334 3110 ι
3373 3059 3567 3115 Scituri

283 3143 655 3195 harreticorum
722 3141 1094 3197 collisionibns
1174 3144 1519 3213 reqttiesm'ns
1587 3143 1825 3198 Ecclesia
1854 3187 1868 3213 ,
1901 3147 1947 3209 ο
1980 3142 2123 3211 quod
2156 3144 2354 3198 divinas
2402 3145 2671 3214 majestati
2713 3147 2780 3200 de
2823 3162 2980 3201 causa
3028 3147 3333 3217 hujusmodi
3375 3152 3583 3207 dabitis

285 3244 467 3303 postea
516 3234 692 3288 Leone
752 3234 805 3287 in
849 3234 1132 3301 imperium
1179 3235 1531 3298 succedente,
1574 3249 1758 3288 rursus
1785 3248 1877 3288 co-

285 3344 398 3380 rum
434 3326 749 3381 factionibus
782 3326 1112 3394 pulsarctur;
1139 3329 1326 3382 volens
1355 3344 1448 3382 eos
1486 3343 1587 3380 non
1634 3342 1731 3381 sua
1762 3338 1877 3382 tan-

285 3424 423 3483 tum,
454 3417 547 3471 sed
573 3417 843 3471 communi
869 3418 1120 3472 Ecclesia:
1151 3421 1501 3487 responsione
1529 3419 1873 3483 confundere,

287 3509 387 3562 hnc
416 3515 471 3561 et
501 3510 614 3578 ipse
639 3507 762 3563 fecit
791 3509 933 3579 quod
966 3509 1345 3578 imperatorem
1395 3511 1576 3564 docuit
1619 3512 1879 3565 Christia-

287 3614 436 3662 num,
473 3609 526 3652 ut
548 3614 652 3683 per
683 3601 1125 3669 metropolitanos
1153 3602 1437 3671 episcopos
1471 3603 1677 3657 litteras
1714 3617 1877 3672 gene-

288 3690 426 3743 rales
459 3690 1021 3756 mitte:et,consolens
1064 3694 1130 3747 de
1180 3693 1464 3748 Timotheo
1512 3694 1881 3750 Alexandrino

290 3782 541 3849 episcopo
573 3783 873 3850 parrmida,
928 3787 1010 3838 vel
1058 3784 1126 3840 de
1174 3785 1598 3841 Chalcedonensi
1628 3788 1879 3852 concilio,

293 3884 348 3925 ut
385 3874 829 3929 convenientibus
854 3891 1035 3930 secum
1076 3876 1405 3949 coepiscopis
1438 3878 1548 3932 suis
1593 3886 1648 3932 et
1674 3878 1883 3932 clericis

292 3979 385 4018 sua
412 3966 763 4033 responsione
789 3967 1064 4037 signarent
1092 3968 1218 4037 quid
1245 3970 1323 4024 eis
1357 3969 1647 4024 videretur.
1682 3970 1883 4033 Quibus

293 4057 489 4112 litteris
522 4059 621 4114 hoc
649 4076 862 4130 quoque
890 4061 1248 4131 adjiciendum
1272 4062 1552 4131 judicavit,
1573 4064 1840 4117 utdicerct
1868 4081 1880 4117 :

296 4146 636 4217 Respondete
660 4152 776 4203 sine
802 4151 982 4221 aliquo
1015 4153 1234 4217 timore,
1265 4161 1321 4206 et
1359 4152 1477 4205 sine
1517 4155 1684 4221 gratia
1717 4153 1883 4206 alicu-

296 4240 378 4306 ius
405 4252 456 4294 ct
479 4242 623 4318 odio,
660 4256 783 4297 ante
805 4245 988 4297 oculos
1012 4253 1187 4298 tamen
1227 4245 1472 4299 timorem
1526 4246 1614 4297 Dei
1646 4244 1888 4311 omnipo-

297 4333 458 4385 tentis
508 4344 801 4400 ponentes,
853 4334 1038 4388 scituri
1088 4335 1226 4403 quod
1265 4335 1459 4390 divinas
1509 4336 1774 4403 majeStati
1822 4337 1889 4391 de

297 4436 455 4475 causa
490 4423 791 4490 huiusmodi
816 4425 1010 4481 dabitis
1035 4426 1317 4479 rationem.
1358 4426 1451 4479 His
1478 4442 1604 4497 ergo
1631 4443 1883 4495 acceptis,

1980 3237 2260 3289 rationem.
2305 3256 2323 3289 ι
2350 3236 2502 3303 Quod
2532 3238 2621 3292 ille
2654 3240 2902 3307 princeps
2925 3254 3030 3293 non
3063 3255 3157 3308 pro
3179 3241 3291 3295 sola
3313 3241 3577 3298 Cltristiaa

1982 3343 2064 3380 me
2092 3328 2365 3397 religionis
2396 3329 2675 3398 disciplina
2724 3338 2779 3385 ct
2834 3329 3175 3387 observantia
3218 3332 3421 3389 dixisse
3459 3349 3575 3390 cre.

1980 3422 2189 3476 dendus
2220 3432 2322 3486 est,
2352 3438 2538 3478 verum
2570 3425 2730 3500 etiam
2770 3425 2912 3493 quod
2944 3426 3085 3480 nulla
3131 3437 3439 3483 coactorum
3482 3430 3576 3484 dc-

1980 3522 2249 3567 crctorum
2278 3528 2397 3568 esse
2421 3515 2591 3583 possit
2620 3517 2943 3583 auctoritas,
2976 3524 3033 3572 et
3076 3526 3333 3574 extrema:
3371 3518 3443 3574 sit
3484 3536 3577 3573 va-

1982 3604 2164 3660 nitatis
2205 3606 2285 3659 vel
2315 3604 2554 3673 proferre
2597 3605 2857 3661 adversus
2885 3607 3118 3676 aliquem
3142 3646 3156 3671 ,
3203 3608 3288 3665 vel
3334 3610 3579 3680 recipere

1983 3699 2302 3754 sententiam
2336 3698 2584 3766 potestati
2617 3712 2930 3754 concessam
2965 3716 2980 3753 :
3011 3714 3131 3754 cum
3162 3710 3215 3756 et
3262 3703 3436 3772 ipsum
3476 3720 3576 3756 no-

1986 3805 2107 3845 men
2139 3789 2421 3844 sententiae
2446 3802 2651 3859 pereat,
2681 3789 2897 3857 quando
2928 3804 3034 3844 non
3063 3789 3191 3845 illud
3222 3790 3419 3846 dicitur
3433 3795 3577 3862 quod

1986 3883 2234 3936 sentitur.
2265 3880 2417 3937 Unde
2454 3895 2551 3936 nec
2582 3880 2783 3951 aliquid
2820 3890 3103 3950 praestatur
3132 3897 3310 3937 causa:
3357 3883 3426 3937 de
3472 3900 3578 3954 qua

1986 3973 2065 4027 sic
2095 3974 2253 4028 fuerit
2281 3973 2574 4041 judicatum
2593 4011 2611 4039 ,
2654 3980 2710 4026 et
2736 3973 3228 4028 contradicentibus
3257 3974 3482 4028 multum
3510 3990 3577 4030 ex

1991 4065 2092 4117 hoc
2123 4064 2392 4118 firmitatis
2420 4063 2650 4118 accedit.
2700 4063 3046 4119 Convincitur
3097 4066 3241 4119 enim
3293 4080 3399 4121 non
3433 4077 3583 4121 recte

1991 4152 2214 4221 quisque
2238 4153 2544 4222 indicasse,
2576 4153 2717 4223 quod
2758 4153 3114 4223 compellcule
3152 4156 3257 4211 alio
3298 4154 3579 4225 judicavit.

1996 4247 2126 4300 llinc
2156 4246 2441 4315 aliquando
2467 4246 2578 4314 jam
2609 4247 2924 4301 eontui‘bata
2953 4245 3052 4301 fuit
3085 4247 3345 4315 Ecclesia,
3373 4264 3495 4303 cum
3525 4256 3581 4305 tn

1992 4352 2051 4390 ea
2084 4337 2183 4391 sibi
2217 4336 2488 4390 Satcularis
2517 4344 2753 4404 potestas
2792 4352 2885 4406 per
2916 4338 3290 4406 imperatorem
3321 4340 3585 4397 Constan-

1995 4428 2125 4481 tium
2149 4427 2288 4495 quod
2319 4428 2367 4480 ei
2399 4442 2503 4482 non
2530 4426 2714 4481 datum
2735 4436 2817 4481 est
2847 4439 3151 4496 usurparet.
3185 4429 3288 4484 Pro
3326 4448 3432 4502 quo
3458 4432 3591 4489 bea-

299 4512 461 4567 iidem
494 4517 887 4583 lIlCll'OllOiilani
915 4532 1037 4570 cum
1088 4519 1199 4570 suis
1252 4516 1489 4587 collegis,
1539 4518 1676 4572 sicut
1735 4530 1885 4574 erant
1919 4518 1967 4576 D
1996 4528 2080 4573 tus
2111 4518 2343 4573 Ililarius
2372 4519 2425 4572 in
2457 4518 2684 4587 epistola
2712 4518 2863 4589 Cujus
2897 4529 3101 4589 partem
3132 4524 3183 4577 in
3216 4524 3427 4581 decimo
3450 4526 3589 4582 libro

300 4606 637 4669 entntuouiti,
671 4606 738 4661 de
789 4624 880 4661 sua
913 4609 1135 4678 quisque
1176 4609 1447 4676 provincia
1497 4611 1887 4679 responderunt

301 4706 407 4749 tant
438 4698 691 4753 concordi
723 4708 881 4768 atque
921 4702 1184 4755 constanti
1233 4703 1498 4756 sententia
1519 4742 1535 4769 ,
1566 4717 1724 4772 quam
1754 4705 1891 4758 solet

303 4792 503 4846 multos
530 4792 682 4846 unire
710 4792 933 4861 Spiritus
976 4796 1236 4849 veritatis.
1278 4795 1409 4850 Nam
1440 4796 1565 4851 licet
1602 4812 1633 4852 e
1662 4796 1889 4851 diversis

304 4886 567 4953 Ioogeque
593 4884 913 4939 distantibus
946 4886 1076 4940 locis
1113 4886 1268 4952 data,
1322 4888 1453 4941 nihil
1484 4898 1658 4943 tamen
1688 4888 1890 4943 habue-

302 4985 428 5030 runt
469 4978 709 5030 omnium
769 4992 1028 5046 responsa
1071 4980 1366 5045 diversum,
1416 4982 1609 5051 quibus
1638 4980 1891 5037 decreve-

304 5077 425 5122 runt
457 5070 915 5125 irretractabiliter
956 5085 1075 5125 esse
1105 5072 1454 5129 custodienda
1484 5071 1893 5129 Chalcedonen-

305 5164 380 5218 sis
410 5166 624 5221 decreta
648 5166 859 5221 concilii
889 5186 902 5222 :
936 5176 1318 5237 protestantes,
1341 5170 1477 5223 sicut
1501 5170 1638 5223 libro
1663 5171 1898 5225 secundo

306 5258 413 5328 jam
462 5260 909 5325 memoravimus,
959 5268 1118 5330 atque
1171 5261 1411 5317 dicentes
1443 5279 1455 5315 :
1493 5279 1511 5313 ι
1542 5260 1723 5331 Neque
1753 5262 1855 5317 iota
1882 5263 1902 5293 ⁵

387 5506 403 5537 ¹
420 5504 795 5569 Cod.Veron.,
820 5506 1093 5561 constituta
1114 5518 1231 5561 sunt
1256 5508 1306 5561 in
1331 5508 1546 5562 concilio
1567 5517 1822 5564 rectorum
1849 5518 1893 5561 et

312 5577 701 5651 congregatione
728 5595 912 5649 magna
933 5595 1085 5648 opera
1119 5579 1322 5632 Domini
1350 5581 1601 5651 exquisita
1638 5582 1691 5635 in
1720 5596 1893 5633 omnes

314 5646 593 5719 voluntates
621 5649 747 5719 ejus,
778 5646 833 5701 iri
861 5646 1293 5719 disceptationem.

388 5720 408 5789 ξ
436 5717 581 5789 Idem
605 5718 747 5789 cod.,
774 5717 1102 5789 doctoresque
1123 5731 1263 5788 sunt,
1286 5720 1441 5778 velut.

388 5787 407 5823 ³
434 5786 577 5842 Idem
606 5788 749 5851 cod.,
783 5786 1131 5844 occurrerunt.

582 5877 870 5947 ,ΡΑ-πηοί..
918 5879 1173 5941 LXVII.

1998 4612 2309 4679 protulimus
2332 4652 2347 4677 ,
2381 4612 2592 4665 dicebat
2618 4630 2631 4664 :
2661 4630 2679 4663 ‹
2718 4611 2844 4667 Post
2875 4616 3100 4668 multum
3130 4626 3187 4671 et
3228 4633 3443 4687 gravem
3474 4634 3588 4674 om-

1997 4705 2143 4758 nium
2177 4717 2419 4759 neStrum
2446 4704 2521 4758 ob
2557 4720 2649 4758 eas
2691 4719 2776 4760 res
2807 4721 2927 4774 quae
2964 4706 3267 4778 irreligiose
3295 4709 3363 4763 ab
3406 4709 3589 4779 impiis

1995 4798 2319 4867 gerebantur
2348 4797 2613 4863 dolorem,
2645 4812 2709 4852 ex
2735 4812 2800 4851 eo
2829 4799 2965 4851 intra
2997 4812 3095 4852 nos
3125 4807 3326 4853 tantum
3357 4814 3592 4862 commu-

1998 4892 2087 4944 nio
2112 4890 2375 4944 dominica
2406 4884 2731 4953 continetur,
2760 4903 2826 4943 ex
2857 4904 2962 4957 quo
2988 4889 3069 4942 his
3102 4890 3593 4958 perturbationibus

1995 4984 2182 5038 vexari
2208 4981 2452 5037 Ecclesia
2476 4990 2649 5050 empta
2671 4988 2774 5045 est,
2790 4988 2849 5034 ut
2868 4979 3112 5034 cxsulent
3128 4982 3384 5051 episcopi,
3408 4982 3591 5041 demu.

1999 5084 2177 5130 tentur
2207 5072 2542 5139 sacerdotes,
2576 5073 2758 5141 plebes
2800 5080 3122 5139 terreantur,
3154 5074 3287 5128 fides
3318 5075 3592 5143 periclite-

2004 5176 2110 5235 tur,
2144 5171 2377 5220 humano
2409 5164 2629 5220 arbitrio
2652 5179 2715 5219 ac
2738 5170 3001 5233 potestate
3025 5164 3283 5219 doctrinae
3309 5165 3593 5221 dominica:

2009 5262 2226 5317 decreta
2269 5267 2593 5315 statuantur.
2649 5277 2667 5311 ι
2722 5257 2926 5314 Idcirco
2969 5258 3129 5331 igitur
3174 5261 3274 5330 piso
3320 5260 3596 5317 memoria

2070 5505 2092 5535 ⁸
2125 5505 2264 5578 Idem
2295 5503 2442 5571 cod.,
2476 5504 2741 5578 sientque!
2768 5506 2977 5575 prapria
3009 5514 3126 5560 sunt
3151 5507 3294 5578 regni
3323 5506 3599 5563 sacerdoti-

2003 5577 2112 5700 ΖΨ,
2154 5577 2227 5628 ita
2277 5590 2390 5641 qme
2437 5576 2649 5645 prapria
2697 5586 2815 5629 sunt
2862 5578 3133 5630 sacerdotii
3189 5576 3389 5650 regibus
3438 5580 3597 5633 inter-

2043 5658 2153 5699 ml.

2043 5658 2153 5699 ml.

2078 5718 2097 5748 ⁵
2121 5717 2261 5771 Idem
2292 5715 2441 5779 cod.,
2467 5732 2624 5769 unum
2648 5716 2768 5769 iota.

2076 5787 2100 5820 ⁸
2130 5787 2271 5842 Idem
2297 5786 2445 5856 cod.,
2472 5788 2596 5843 sale.

3075 5880 3155 5939 27
