4094 6474
478 286 582 342 845
1562 276 1854 335 FAC'UNDl
1897 277 2106 334 EPISC.
2145 274 2656 334 HERMIANENSIS
3679 279 3785 332 8H

482 403 588 456 Leo
616 399 851 470 quietem
879 412 987 451 non
1017 393 1357 452 conturbavit
1386 391 1672 458 Ecclesiae,
1705 393 1827 462 quia
1856 407 1962 446 non
1985 406 2083 448 suo
2113 394 2161 454 Α
2189 391 2372 446 dinem
2417 406 2524 446 non
2572 389 2912 460 sequuntur?
2941 389 3109 445 Porro
3139 404 3260 446 cum
3289 390 3340 445 in
3367 391 3471 458 his,
3512 406 3631 464 qua:
3675 405 3786 447 tam

480 489 707 548 arbitrio
731 503 796 544 ae
823 491 1086 557 p'otestate
1123 486 1469 554 praesumpsit
1497 484 1756 538 doctrinae
1799 483 2080 538 dominica
2188 483 2443 563 Marciani
2481 482 2740 554 principis
2783 497 2944 552 quam
2975 482 3172 538 Leonis
3217 484 3554 554 temporibus
3582 490 3790 541 consu—

482 585 697 640 decreta
728 590 984 644 statuere,
1020 591 1120 632 nec
1143 576 1427 646 quidquam
1453 575 1580 630 solis
1613 573 1876 629 creditum
1903 588 2082 628 sacer-

480 674 698 730 dotibus
733 669 1035 739 usurpavit.
1071 667 1206 722 Hinc
1233 665 1402 721 etiam
1429 679 1549 734 quae
1591 664 1927 733 temporibus
1964 662 2081 732 ejus

481 766 695 820 detinita
718 772 860 828 sunt,
883 760 1001 815 sine
1027 758 1186 814 ullius
1209 756 1488 812 violentia:
1513 754 1825 812 causatione
1848 753 2079 826 ﬁdenter

487 857 756 914 haereticis
806 861 1202 924 opponuntur:
1239 847 1495 920 quoniam
1547 847 1724 904 sciens
1773 847 1918 917 quod
1964 852 2084 913 post

482 952 768 1009 adventum
792 944 1003 1004 Domini
1027 944 1260 1016 gentiles
1286 952 1488 997 tantum
1509 941 1778 1011 principes
1796 940 2080 1010 imperium

482 1045 642 1102 simul
665 1041 1135 1111 sacerdotiumque
1173 1047 1486 1105 tenuerunt,
1525 1035 1790 1107 judicavit
1838 1050 1945 1092 non
1984 1034 2078 1089 de-

484 1156 608 1199 cere
635 1140 930 1212 principem
959 1136 1324 1192 ChriStianum
1347 1133 1490 1205 quod
1513 1133 1614 1187 fuit
1639 1130 1929 1202 aliquando
1953 1145 2082 1202 gen-

485 1235 676 1291 tilium.
709 1230 862 1300 Quod
890 1228 1230 1300 si_dominari
1261 1235 1540 1296 appeteret
1581 1223 1706 1280 iidci
1732 1223 2078 1290 Christianrr,

485 1323 630 1394 quod
668 1337 768 1379 nec
812 1320 1105 1393 Apestolus
1136 1319 1418 1391 appetivit,
1450 1317 1540 1388 qui
1568 1315 1738 1373 dixit:
1774 1315 1895 1370 Non
1949 1316 2083 1368 enim

485 1417 812 1474 dominamur
841 1415 965 1484 ﬁdei
1003 1422 1202 1482 vestrm,
1251 1413 1339 1466 sed
1384 1412 1650 1482 adjutores
1689 1425 1866 1465 sumus
1909 1407 2082 1479 gaudii

485 1503 752 1578 vestr-H11
780 1505 900 1560 Cor.
935 1520 974 1570 t,
1005 1505 1122 1574 25),
1168 1503 1316 1573 prius
1357 1502 1473 1572 ipse
1521 1501 1661 1570 quod
1705 1499 1753 1556 ei
1803 1500 2083 1555 videbatur

484 1615 585 1670 pro
609 1598 761 1654 libita
788 1611 887 1653 suo
918 1595 1242 1661 decernens,
1272 1604 1458 1664 postea
1490 1607 1824 1662 supervacue
1859 1593 1924 1644 ad
1957 1590 2083 1645 sub-

485 1688 836 1746 scribendum
864 1685 1064 1742 Christi
1089 1684 1402 1740 sacerdotes
1430 1683 1742 1750 adduceret,
1774 1691 1829 1738 et
1867 1689 2084 1752 cogeret

2187 585 2298 630 tnta
2329 584 2475 644 sunt,
2514 575 2648 630 nihil
2684 575 2916 630 habeant
2954 572 3414 646 Semieutychiani
3461 577 3607 646 quod
3646 593 3790 647 que-

2184 677 2394 735 rantur,
2445 682 2541 723 cur
2598 666 2836 722 fautores
2867 680 3052 721 eorum
3096 682 3234 722 nova
3291 667 3678 723 retractatione
3730 670 3790 724 in

2188 763 2401 818 irritum
2433 776 2496 817 ea
2524 759 2794 816 deducere
2815 760 3138 814 voluerunt?
3169 758 3418 831 Nunquid
3457 761 3598 816 enim
3637 762 3791 817 Mar-

2183 854 2371 910 cianus
2397 868 2458 908 ac
2487 851 2599 909 Leo
2629 853 2696 908 ad
2733 853 3160 908 confirmandam
3192 853 3524 924 praecipitem
3569 865 3794 911 senten-

2187 949 2314 1004 tiam
2346 962 2499 1003 suam
2533 946 2762 1002 concilia
2791 946 3213 1017 congregabant,
3240 962 3559 1017 rursumque
3575 950 3793 1014 mutati,

2190 1054 2289 1109 pro
2319 1039 2403 1094 sui
2427 1037 2594 1094 animi
2623 1037 3036 1105 discursatione,
3069 1037 3332 1108 cogebant
3363 1037 3457 1093 Dei
3479 1040 3795 1096 sacerdotes

2194 1132 2420 1201 pristina
2453 1142 2661 1187 mutare
2692 1131 2932 1197 decreta,
2963 1140 3020 1185 ut
3044 1131 3095 1184 in
3129 1129 3416 1186 ludibrium
3447 1131 3705 1200 gravitas,
3733 1140 3796 1186 et.

2187 1228 2240 1282 in
2273 1227 2573 1282 satietatem
2614 1224 2823 1280 veniret
2870 1224 3232 1294 exspectanda
3264 1233 3578 1278 reverenter
3625 1237 3794 1294 syno-

2186 1318 2321 1372 dalis
2344 1317 2675 1372 auctoritas?
2703 1315 2778 1370 [lli
2805 1329 3078 1383 nunquam
3103 1313 3559 1383 dispensationem
3583 1314 3796 1369 divino-

2189 1424 2307 1462 rum
2343 1415 2805 1463 sacramentorum
2835 1407 3090 1462 Ecclesite
3121 1406 3562 1475 pradicatoribtis
3607 1408 3799 1460 abstu-

2187 1503 2386 1558 lerunt.
2422 1501 2685 1566 Quoniam
2715 1501 2960 1555 sciebant
2989 1499 3150 1569 quod,
3179 1499 3319 1553 sicut
3345 1500 3397 1554 in
3425 1500 3799 1554 aliutOlliliOilB

2190 1612 2375 1664 regunt
2397 1611 2491 1664 per
2505 1594 2852 1649 Salomoncm
2871 1593 3126 1647 Dominus
3141 1593 3300 1646 dixit:
3318 1590 3583 1646 Rectoren'
3600 1592 3798 1645 teinsti—

2189 1696 2393 1742 tuorunt
2413 1689 2436 1740 ?
2459 1703 2520 1740 ne
2550 1686 2846 1740 extollaris:
2877 1683 2998 1738 Esto
3017 1685 3066 1737 iu
3085 1685 3208 1747 illis,
3229 1685 3375 1750 quasi
3399 1698 3531 1736 unus
3555 1699 3617 1736 ει
3631 1684 3761 1750 ipsis
3778 1725 3794 1746 ,

487 1780 573 1836 his
599 1793 722 1850 qua:
760 1779 874 1850 ipse
926 1778 1274 1832 adinvencral
1322 1791 1512 1831 manus
1549 1775 1875 1830 assenlorias
1925 1770 2074 1828 (Βάθ-
2112 1776 2159 1834 B
2185 1795 2362 1834 curam
2394 1777 2605 1833 illorum
2636 1777 2839 1844 adhibe,
2872 1785 2918 1830 et
2940 1777 3015 1831 sic
3043 1773 3594 1845 considera"(Ecc.’i.
3624 1789 3798 1837 xxxu.

487 1869 590 1935 Qui
619 1869 665 1923 si
691 1883 754 1923 ea
779 1877 1031 1938 tanquam
1056 1865 1268 1922 concilii
1315 1866 1531 1920 decreta
1573 1863 1931 1932 susciperent,
1964 1877 2083 1932 quae

489 1962 646 2017 unius
698 1961 823 2016 laici
881 1967 1064 2014 essent
1115 1957 1412 2027 composita
1466 1956 1762 2023 vtiluntate,
1823 1964 2083 2009 statueret

492 2053 677 2108 omnia
706 2052 793 2107 cui
823 2050 892 2107 de
922 2050 1120 2105 talibus
1145 2048 1324 2105 causis
1352 2048 1598 2120 judicare
1637 2062 1742 2102 non
1788 2048 2081 2117 competit;

500 2147 577 2201 illi
615 2159 746 2200 vero
774 2143 908 2198 nihil
936 2142 1293 2198 decernerent
1322 2141 1512 2209 quibus
1539 2139 1797 2209 competit
1817 2138 2083 2208 judicare.

495 2239 700 2295 Memor
745 2237 907 2293 etiam
961 2232 1249 2306 praedictus
1295 2232 1588 2302 Augustus,
1634 2230 1777 2301 quod
1820 2245 2082 2301 nusquam

497 2342 741 2388 eoactum
771 2329 1064 2387 concilium
1108 2327 1213 2383 nisi
1263 2326 1480 2382 falsitati
1518 2326 1900 2395 subscripsiL',
1948 2325 2089 2381 sicut

488 2426 542 2479 In
594 2424 831 2477 Arimino
875 2420 1073 2476 factum
1116 2428 1200 2476 est
1239 2417 1560 2474 Constantio
1606 2417 1985 2488 compellcnte,
2033 2426 2088 2472 et

489 2514 631 2584 apud
664 2513 938 2582 Ephesum
983 2511 1327 2583 opprimente
1380 2511 1667 2575 Dioscoro,
1718 2508 2086 2565 confirmatio-

489 2622 611 2662 nem
643 2605 767 2662 lidei
807 2605 1150 2662 sacerdotum
1198 2603 1402 2659 dimisit
1451 2603 1713 2669 examini,
1761 2619 1993 2673 quorum
2034 2611 2091 2659 et

488 2699 774 2754 commissa
805 2705 887 2752 est
917 2695 1169 2767 potestati
1197 2714 1210 2749 :
1253 2711 1373 2767 qua:
1407 2709 1534 2750 tunc
1563 2711 1689 2751 vere
1723 2694 1863 2750 facta
1907 2696 2089 2750 credi-

490 2799 598 2858 tur,
625 2790 671 2845 si
701 2803 805 2844 uon
837 2788 1112 2844 sacularis
1145 2786 1430 2858 potestatis
1456 2787 1738 2842 sententiae
1776 2785 2089 2842 subscriba-

491 2893 597 2936 tur.
635 2881 794 2936 Aliud
822 2888 910 2936 est
932 2880 1101 2946 enim,
1133 2893 1254 2935 cum
1304 2881 1357 2934 in
1408 2880 1639 2934 concilio
1671 2880 1847 2933 locum
1894 2878 2090 2948 judicis

491 2975 630 3029 inter
654 2973 791 3028 alios
815 2973 1098 3042 episcopos
1121 2973 1346 3041 quisque
1374 2972 1752 3041 tenens,.quod
1776 2971 1941 3026 sentit
1965 2971 2092 3026 sub.

492 3070 783 3138 scriptione
836 3067 1118 3140 designat;
1161 3065 1310 3120 aliud
1355 3074 1556 3125 autem,
1587 3081 1708 3120 cum
1754 3067 1892 3119 sicut
1941 3066 2092 3120 testis

2195 1871 2244 1939 Ι,
2267 1869 2327 1942 9.)
2356 1888 2367 1924 :
2397 1873 2475 1925 sic
2499 1869 2716 1940 proprie
2743 1871 2810 1923 de
2839 1869 3191 1938 praedicatore
3219 1867 3383 1922 d.vini
3425 1867 3573 1921 verbi
3605 1883 3796 1920 rursus

2197 1961 2338 2016 idem
2360 1960 2618 2015 Dominus
2641 1962 2690 2014 in
2715 1949 3153 2029 Evangeliodixit
3180 1977 3192 2012 :
3219 1960 3346 2026 Quis
3373 1969 3520 2029 putus
3543 1972 3611 2012 est
3627 1960 3800 2018 ﬁdelis

2189 2052 2512 2122 dispensator
2536 2063 2583 2106 et
2607 2053 2855 2121 prudens,
2889 2069 3037 2115 quem
3061 2051 3327 2106 constituit
3365 2051 3615 2104 Dominus
3644 2069 3800 2120 super

2193 2145 2449 2216 familiam
2469 2161 2636 2214 suam,
2664 2153 2716 2198 ut
2735 2140 2818 2197 ditt
2839 2144 2943 2198 illis
2966 2146 3018 2198 in
3045 2160 3270 2216 tempore
3290 2145 3444 2198 tritici
3470 2146 3800 2198 mensuram?

2188 2238 2382 2292 Beatus
2411 2239 2497 2292 ille
2518 2254 2694 2292 servus
2716 2249 2864 2304 quem
2888 2253 3000 2290 cum
3037 2239 3224 2293 venerit
3252 2235 3523 2304 Dominus,
3549 2237 3801 2291 invenerit

2189 2332 2265 2383 ita
2309 2329 2584 2398 facientem
2632 2329 2786 2401 (Luc.
2831 2344 2924 2395 xtl,
2959 2329 3051 2393 4‘2,
3083 2326 3199 2398 45).
3232 2328 3363 2396 Qua:
3409 2327 3572 2384 verba
3621 2329 3802 2384 Evam

2194 2423 2322 2494 gelii
2349 2422 2623 2494 quomodo
2647 2424 2932 2492 religiosos
2977 2433 3029 2478 et
3071 2425 3344 2491 sapientes
3393 2423 3665 2495 principes
3693 2440 3802 2477 non

2197 2523 2501 2583 moverent,
2547 2531 2614 2569 ne
2663 2531 2722 2571 se
2773 2516 2903 2570 tanti
2953 2514 3152 2586 negotii
3197 2517 3451 2584 periculis
3503 2516 3802 2570 insolenter

2194 2609 2538 2677 ingcrcrcnt?
2569 2609 2804 2664 l‘rimum
2835 2611 2974 2678 quod
3009 2611 3110 2664 iste
3140 2626 3330 2676 servus
3383 2625 3488 2664 non
3519 2620 3794 2679 erogator.

2195 2703 2288 2756 sed
2329 2703 2673 2771 dispensator
2718 2702 2916 2758 dicitur
2954 2718 2982 2756 a
3025 2703 3254 2758 Domino
3299 2703 3623 2757 constitutus
3665 2721 3678 2755 :
3713 2703 3803 2756 cui

2194 2794 2605 2864 vigilantissima
2642 2794 2971 2852 discretione
3006 2810 3141 2864 opus
3171 2803 3254 2849 est
3295 2805 3353 2848 ιιι
3398 2794 3617 2850 unicum
3643 2792 3665 2824 ⁸
3697 2794 3800 2848 sibi

2198 2888 2443 2958 cilicium
2479 2886 2835 2956 probabiliter
2873 2888 3042 2956 possit
3083 2886 3330 2954 implere.
3388 2883 3511 2940 Ideo
3542 2899 3647 2938 non
3683 2893 3804 2937 tau-

2203 2990 2312 3036 tum
2343 2980 2541 3046 ﬁdelis,
2578 2996 2760 3034 verum
2791 2979 2951 3034 etiam
2991 2980 3226 3048 prudens
3261 2994 3287 3028 a
3324 2977 3550 3030 Domino
3595 2975 3803 3045 queri-

2202 3083 2286 3128 tur
2323 3091 2334 3124 ε
2369 3073 2460 3144 qui
2505 3090 2611 3127 non
2657 3074 2939 3143 aequaliter
2987 3071 3203 3125 familiae
3249 3071 3352 3124 sibi
3390 3071 3650 3136 creditae,
3701 3085 3803 3125 nec

493 3161 797 3225 adducitur,
823 3167 878 3214 et
904 3157 1046 3229 quod
1066 3165 1150 3214 est
1179 3157 1443 3223 deterius,
1479 3157 1669 3212 nolens
1697 3156 1894 3227 placito
1916 3159 2092 3212 alieno
2119 3159 2166 3221 C
2201 3166 2391 3222 eodem
2451 3166 2612 3220 modo
2665 3177 2882 3236 eroget;
2935 3164 3030 3220 sed
3078 3165 3351 3230 omnibus,
3403 3180 3498 3232 pro
3535 3164 3805 3232 unjusun

496 3252 811 3308 subscribit.
845 3249 1000 3307 Unde
1031 3250 1156 3306 licet
1185 3248 1380 3304 falsum
1405 3263 1602 3305 nomen
1633 3248 1969 3320 synodalium
2000 3241 2092 3304 de-

492 3351 763 3398 cretorum
792 3339 1095 3410 hnjusmodi
1127 3339 1408 3408 scripturae
1433 3339 1743 3409 prmferant,
1769 3339 1834 3394 ad
1877 3340 1978 3394 hoc
2007 3349 2090 3393 ta-

495 3449 618 3490 men
647 3433 951 3499 proliciunt,
986 3439 1044 3488 ut
1078 3431 1367 3488 ostendant.
1391 3432 1581 3503 quales
1608 3447 1784 3487 causa:
1819 3432 1928 3486 sint
1971 3433 2090 3502 qui-

497 3525 595 3582 bus
623 3523 728 3579 nisi
749 3525 1062 3592 compulsus
1088 3538 1247 3579 nemo
1279 3523 1627 3592 subscripsit;
1661 3525 1782 3593 qua]
1823 3540 1847 3579 s
1882 3525 1956 3578 illi
2001 3526 2088 3592 qui

493 3611 834 3674 subscribere
886 3619 1298 3687 compulerunt,
1346 3626 1400 3671 et
1456 3616 1645 3687 quales
1701 3617 1788 3683 qui
1843 3616 2089 3670 humanae

496 3707 903 3777 prmsumptioni
937 3716 1240 3764 cesserunt.
1287 3707 1400 3763 lloc
1429 3723 1639 3777 quoque
1687 3724 1790 3762 non
1843 3709 2090 3764 ncscicus

495 3801 638 3858 idem
665 3800 1102 3871 religiosissimus
1122 3801 1436 3870 imperator,
1460 3800 1599 3869 quod
1622 3802 1772 3870 pauci
1805 3799 2092 3854 admodum

495 3894 727 3959 ratione,
761 3893 913 3948 multi
944 3907 1074 3948 vero
1107 3893 1430 3948 auctoritate
1458 3893 1757 3958 ducantur,
1791 3909 1895 3946 non
1920 3894 2092 3946 solum

498 4000 605 4040 non
629 3995 974 4054 extorquere,
1001 3983 1097 4038 sed
1132 3997 1231 4038 nec
1263 3984 1458 4052 prurire
1493 3985 1720 4038 tentavit
1765 3985 2094 4039 sententiam

498 4078 840 4133 sacerdotum
868 4093 882 4143 ;
911 4082 969 4130 ut
995 4075 1120 4130 dum
1153 4075 1206 4129 in
1234 4089 1394 4130 causa
1415 4119 1428 4144 ,
1462 4075 1587 4130 licet
1629 4076 1738 4144 jam
1776 4077 1990 4131 decreta
2042 4087 2098 4133 et

501 4170 811 4237 manifesta,
842 4184 1028 4225 eorum
1059 4169 1230 4240 magis
1261 4170 1405 4239 eligit
1450 4179 1766 4237 exspectare
1809 4170 2094 4238 judicium,

500 4263 651 4318 omni
683 4263 902 4332 populo,
933 4270 1190 4332 quantam
1230 4262 1590 4317 reverentiam
1641 4261 1957 4314 sacerdotali
2006 4276 2098 4315 au-

499 4353 735 4408 ctoritati
763 4354 973 4408 deferre
1003 4353 1214 4418 debeat,
1249 4353 1367 4421 ipsa
1392 4366 1487 4405 sua
1513 4353 1913 4420 exspectatione
1942 4369 2096 4407 mon-

499 4453 653 4500 stret.
683 4445 836 4510 Quod
887 4444 932 4498 si
975 4447 1122 4514 prior
1155 4446 1255 4498 hoc
1285 4444 1427 4512 quod
1475 4457 1684 4513 acquum
1729 4453 1843 4500 erat
1900 4445 2100 4500 consti-

2196 3268 2356 3329 captu
2391 3269 2446 3312 et
2483 3259 2668 3314 habitu
2723 3259 2919 3314 mentis
2962 3258 3284 3312 dominicam
3330 3258 3606 3311 moderate
3636 3265 3804 3325 atque

2198 3348 2580 3406 convenienter
2635 3349 2912 3420 dispenset
2955 3363 3250 3403 annonam.
3304 3348 3505 3403 Deinde
3547 3347 3692 3417 quod
3744 3351 3802 3404 in

2199 3453 2439 3510 tempore
2475 3443 2796 3497 admouetur
2851 3440 3009 3495 tritici
3064 3442 3193 3495 dare
3249 3456 3578 3496 mensuram.
3642 3440 3804 3509 Sapo

2198 3537 2341 3589 enim
2373 3549 2491 3604 qua:
2522 3544 2821 3603 opportune
2864 3533 3066 3602 prolata
3098 3533 3331 3586 salubria
3377 3532 3575 3597 forent,
3611 3532 3805 3586 incon-

2197 3642 2333 3698 gruo
2363 3638 2604 3696 tempore
2636 3634 2954 3680 nocuerunt.
3003 3624 3140 3695 Ergo
3183 3635 3239 3679 ct
3281 3623 3655 3693 opportunitas
3699 3625 3804 3676 ob-

2197 3721 2460 3775 servanda
2491 3729 2595 3786 cst,
2627 3730 2684 3774 ut
2716 3719 2768 3774 in
2797 3731 3038 3788 tempore
3085 3719 3240 3774 tritici
3285 3733 3536 3774 mensura
3585 3718 3806 3774 familiae

2198 3811 2556 3882 dispensetur.
2596 3811 2653 3865 Si
2705 3813 2825 3880 quis
2871 3811 3028 3882 igitur
3061 3813 3249 3865 horum
3297 3811 3658 3880 periculorum
3707 3827 3805 3864 ne-

2199 3907 2366 3970 scius,
2394 3921 2514 3970 cum
2548 3907 2716 3960 videri
2742 3907 2932 3961 doctus
2959 3907 3181 3976 appetit,
3214 3905 3523 3973 importune
3558 3920 3620 3957 ac
3655 3905 3804 3957 nulla

2201 3997 2432 4052 utilitate
2475 3995 2768 4060 suadente,
2811 3995 3126 4065 spontaneis
3180 3995 3571 4065 qumstionibus
3617 3993 3806 4048 Eccle~

2201 4090 2337 4143 siam
2369 4089 2572 4156 turbat,
2605 4087 2691 4142 hic
2736 4105 2843 4143 non
2876 4089 3214 4157 dispensator
3243 4087 3458 4143 familiae
3490 4087 3808 4158 dominicas,

2201 4183 2297 4237 sed
2348 4181 2636 4252 dissipator
2680 4191 2762 4236 est
2808 4191 2863 4236 ct
2910 4182 3290 4254 mysteriorum
3348 4183 3444 4238 Dei
3503 4182 3806 4251 dispersor.

2203 4273 2358 4342 Quod
2385 4273 2458 4328 illi
2497 4273 2771 4344 principes
2802 4287 2923 4329 esse
2967 4275 3292 4340 timuerunt;
3341 4283 3395 4330 et
3441 4274 3666 4341 idcirco,
3696 4289 3807 4329 non

2205 4374 2412 4421 tantum
2471 4364 2594 4434 quia
2635 4366 2776 4419 vires
2833 4379 3022 4420 eorum
3073 4365 3363 4435 supcrabat
3410 4367 3540 4419 tanti
3603 4366 3804 4435 negotii

2207 4456 2538 4528 magnitudo,
2570 4472 2756 4510 verum
2799 4458 2959 4512 etiam
2988 4457 3112 4526 quia
3160 4473 3266 4511 non
3306 4467 3648 4525 acceperant,
3698 4473 3807 4512 non

504 4545 656 4592 tuere
678 4536 858 4600 vellet,
883 4545 935 4589 et
956 4547 1140 4606 postea
1165 4550 1409 4604 quaerere
1436 4537 1809 4604 cpisc0porum
1833 4538 2097 4591 sententia
2134 4536 2179 4594 D
2209 4550 2308 4604 sibi
2369 4561 2776 4619 assumpserunt
2844 4549 3003 4618 hujus
3059 4549 3475 4618 dispensationis
3541 4550 3805 4604 ofﬁcium.

501 4628 643 4699 quod
672 4627 1030 4685 constituerat
1073 4626 1342 4692 rohorari,
1380 4630 1620 4697 quamvis
1645 4628 1844 4697 justum
1889 4628 2102 4697 religio-

503 4733 729 4788 sumque
758 4719 1060 4784 decretum,
1109 4719 1296 4773 multis
1344 4727 1521 4774 tamen
1575 4721 1774 4776 laceret
1820 4722 1907 4774 tali
1960 4735 2097 4789 pra:-

503 4814 813 4884 sumptione
840 4823 1170 4884 suspectum.
1200 4813 1506 4884 Promptius
1530 4814 1672 4869 enim
1701 4814 2017 4868 crederetur
2035 4813 2101 4867 ab

501 4911 581 4965 eis
612 4909 703 4980 qui
737 4908 914 4964 minus
945 4921 1172 4978 capaces
1199 4917 1326 4962 sunt
1353 4908 1578 4962 rationis
1627 4905 1765 4974 quod
1799 4921 1903 4960 non
1960 4905 2099 4961 veri-

503 5001 598 5058 tati
627 5001 959 5057 obedissent.
985 4999 1040 5057 Si
1072 5001 1160 5071 qui
1189 5002 1332 5055 enim
1353 5001 1374 5032 ¹
1404 4999 1626 5054 decreto
1655 4999 2101 5067 subscripsissent

502 5096 765 5165 episcopi,
808 5095 901 5150 sed
937 5095 1112 5164 potius
1162 5092 1446 5164 temporali
1489 5090 1794 5145 timuissent
1847 5092 2100 5146 resistere

505 5195 784 5261 potestati,
834 5201 996 5260 atque
1025 5190 1094 5243 ita
1125 5190 1269 5244 veris
1298 5188 1459 5243 rebus
1484 5203 1603 5258 qua:
1637 5187 1816 5242 multis
1848 5197 1927 5243 est
1957 5189 2101 5243 utilis

503 5283 855 5352 abrogaretur
881 5282 1194 5336 auctoritas.
1229 5279 1294 5334 Et
1330 5267 1448 5348 quis
1483 5280 1753 5348 explicare
1785 5287 1964 5349 potest
1984 5298 2102 5348 quae

504 5378 642 5431 mala
674 5386 1075 5448 consequentur
1112 5389 1206 5431 eos
1237 5374 1326 5446 qui
1372 5376 1568 5430 divinae
1609 5375 1982 5444 diSpOs-itiouis
2015 5391 2102 5431 or-

511 5610 514 5612 η
577 5575 603 5602 ⁸
633 5567 859 5632 κάθισον,
892 5565 1115 5633 conﬁde.

580 5746 594 5776 ί
621 5744 755 5817 Cod.
789 5744 1008 5817 Verum,
1040 5745 1394 5817 subscripserit

578 5817 598 5847 ⁸
631 5816 772 5872 idem
804 5816 948 5881 cum,
975 5817 1106 5885 ejus.

2206 4641 2360 4697 Unde
2411 4643 2543 4697 nihil
2584 4652 2668 4698 est
2711 4659 2877 4713 quare
2928 4643 3176 4698 dicantur
3224 4642 3434 4697 inﬁrma
3482 4644 3565 4698 vel
3626 4644 3808 4698 minus

2206 4733 2397 4789 idonea
2430 4749 2550 4802 quae
2577 4744 2762 4790 contra
2799 4737 3080 4790 haereticos
3105 4751 3292 4790 eorum
3322 4746 3448 4789 sunt
3476 4736 3808 4805 temporibus

2205 4826 2530 4892 constituta;
2564 4828 2818 4896 quoniam
2847 4837 2993 4882 extra
3024 4828 3285 4897 judicmm
3315 4839 3475 4897 atque
3513 4830 3808 4882 auctorita-

2209 4925 2319 4971 tem
2368 4918 2711 4972 sacerdotum
2741 4926 2890 4987 gesta
2929 4928 3052 4971 sunt
3079 4958 3095 4985 ,
3139 4934 3365 4988 quorum
3399 4919 3724 4973 sententiam
3752 4930 3811 4974 et

2215 5009 2316 5078 ipsi
2365 5009 2636 5079 principes
2676 5009 3064 5078 sequebantur,
3115 5024 3224 5063 non
3267 5010 3606 5064 iit-unctuores
3661 5009 3810 5080 quod

2211 5103 2666 5173 quemadmodum
2710 5103 2902 5158 Petrus
2945 5102 3221 5170 apostolus
3264 5102 3448 5157 dicens
3486 5119 3498 5153 :
3551 5101 3716 5154 Deum
3738 5100 3812 5151 ti-

2213 5204 2362 5259 mete,
2397 5211 2565 5264 regem
2602 5193 2940 5259 honori/irate
2981 5191 3030 5263 (ι
3067 5192 3209 5246 Patr.
3236 5208 3292 5256 ιι,
3331 5193 3444 5261 17),
3502 5207 3604 5245 non
3658 5189 3813 5242 laicis

2215 5295 2444 5352 tantum,
2504 5286 2598 5341 sed
2634 5285 2765 5354 ipsis
2795 5301 3009 5356 quoque
3051 5285 3422 5339 sacerdOtibus
3463 5281 3812 5338 eommendct

2215 5377 2492 5449 principes
2553 5378 2865 5443 honorare;
2921 5379 2999 5432 sic
3054 5377 3214 5432 etiam
3264 5393 3387 5432 cum
3442 5373 3635 5432 Paulus
3687 5369 3813 5442 ejus

2285 5742 2306 5772 ³
2341 5742 2482 5794 Idem
2513 5739 2656 5806 eod.,
2693 5739 2914 5804 conﬁde.

2291 5812 2313 5844 ⁵
2338 5814 2478 5868 idem
2507 5811 2654 5876 cod.,
2687 5811 2996 5878 injunctum.
