4094 6466
313 328 418 385 845

1193 340 1331 396 PRO
1372 338 1801 396 DEFENSIONE
1842 337 2053 394 TRIUM
2098 337 2413 395 CAPITUL.
2458 339 2588 395 LIB.
2622 339 2735 395 XII.

3485 314 3587 395 rt“.

313 455 656 525 conpostolus
708 455 1028 513 Christianis
1084 460 1337 516 omnibus
1406 461 1604 531 legitur
1670 462 1894 515 tlirens:

2013 457 2479 523 runt,urthodoxi?
2508 474 2574 513 an
2606 458 2871 514 habebant
2904 458 3118 529 quidem
3165 458 3400 515 divinam
3447 475 3595 514 cunt~

311 548 525 603 {)bedite
547 549 835 620 prmpositis
855 550 1052 617 vestris,
1083 561 1130 603 et
1166 552 1423 623 subjacete
1453 557 1559 616 eis;
1603 550 1630 606 1
1637 552 1716 623 psi
1768 552 1900 604 enim

310 639 618 713 pervigilant
657 642 806 710 quasi
853 643 1105 697 rationem
1150 644 1401 698 reddituri
1438 660 1554 712 'pro
1626 644 1900 697 animabus

308 736 521 795 vestris;
548 742 605 785 ut
629 744 741 784 cum
768 734 960 802 gaudio
990 734 1084 787 hoc
1114 734 1331 803 faciant,
1365 750 1467 787 non
1490 744 1741 807 gementes
1765 750 1783 787 :
1808 732 1903 786 hoc

308 823 444 877 enim
476 841 577 877 non
604 826 809 891 expedit
843 825 983 879 vobis
1012 825 1204 897 (Hebr.
1245 840 1365 891 xm,
1403 827 1513 895 17),
1542 842 1647 881 non
1695 836 1900 881 tantum

312 914 539 983 plebeite
569 915 919 984 multitudini,
942 916 1255 985 nequesolis
1280 918 1614 985 proceribus,
1645 918 1739 972 sed
1773 918 1903 986 ipsis

308 1020 523 1074 quoque
553 1008 768 1076 regibus
790 1002 1142 1062 demandatur
1167 1017 1223 1061 ut
1244 1007 1501 1063 obediant
1518 1017 1572 1063 et
1592 1009 1905 1078 subjaceant

313 1101 617 1169 praepositis
649 1100 903 1157 Ecclesia:
932 1098 1157 1166 Christi,
1191 1115 1423 1171 suasque
1468 1102 1679 1157 animas
1726 1114 1906 1158 sacer-

311 1194 496 1247 dotum
530 1194 724 1248 rationi
754 1194 1075 1251 cumtnisms
1106 1194 1425 1263 intelligant,
1457 1195 1505 1251 si
1537 1212 1642 1250 non
1676 1196 1906 1251 inaniter

310 1287 606 1355 iunguntur
637 1287 855 1342 nomine
883 1286 1210 1342 Christiano.
1248 1287 1475 1357 Ideoque
1505 1288 1775 1343 neminem
1821 1304 1907 1343 sa-

308 1380 588 1433 cerdotntn
636 1378 968 1446 premebant,
1016 1388 1073 1433 ut
1104 1395 1223 1434 cum
1264 1380 1460 1450 gaudio
1500 1380 1741 1435 facerent
1785 1395 1906 1433 om-

311 1470 420 1533 nia,
441 1481 495 1525 et
519 1484 623 1524 non
652 1480 950 1540 gementes,
980 1473 1237 1541 quoniam
1266 1475 1367 1527 hoc
1395 1473 1495 1526 sibi
1522 1489 1625 1525 non
1653 1475 1905 1542 expedire

309 1564 568 1632 Apostolo
621 1564 947 1618 admonente
997 1564 1307 1619 Credebant.
1348 1564 1473 1619 lude
1507 1574 1585 1618 est
1618 1566 1762 1634 quod
1813 1581 1908 1617 en-

310 1653 555 1708 t'umdeut
596 1654 937 1709 sacerdotum
969 1655 1200 1709 decrttis
1231 1656 1391 1709 modo
1435 1665 1753 1724 premuntur
1800 1657 1905 1707 lue-

310 1748 483 1814 retici,
517 1746 640 1817 quia
667 1748 765 1816 ipsi
796 1763 825 1800 ιι
849 1748 1043 1818 quibus
1076 1748 1366 1802 constituta
1419 1759 1544 1803 sunt
1591 1764 1695 1801 nun
1737 1750 1906 1802 utre-u-

306 1841 506 1898 dttntur
530 1843 545 1874 ³
569 1843 837 1914 oppressi.

929 1950 1159 2010 CAPUT
1202 1954 1288 2008 IV.

312 2070 462 2137 Quod
511 2070 651 2125 Zeno
682 2072 961 2137 imperator
1005 2073 1067 2123 de
1108 2072 1258 2123 rebus
1300 2071 1422 2137 ﬁdei
1460 2071 1735 2123 decernere
1776 2087 1909 2138 prte-

384 2158 605 2205 snmens,
664 2142 940 2195 Ecclesium
976 2144 1217 2194 diuturno
1245 2150 1290 2196 et
1319 2143 1459 2211 gravi
1487 2143 1765 2197 schismate
1802 2151 1909 2194 tur-

388 2217 545 2267 (tavit.

385 2305 458 2359 Ea
494 2319 621 2359 vero
661 2318 784 2373 quas
817 2314 999 2374 postea
1028 2304 1293 2369 Zenoimi
1316 2310 1558 2367 erator‘,
1591 2308 1794 2358 calcata
1827 2319 1909 2360 rc-

310 2400 549 2455 verentia
582 2398 790 2453 ordinis
821 2399 936 2460 Del,
979 2413 1076 2468 pro
1118 2412 1216 2451 suo
1256 2397 1481 2451 arbitrio
1526 2411 1590 2450 ac
1642 2407 1907 2465 potestate

312 2491 572 2556 decrevit,
605 2490 723 2560 quis
752 2489 1018 2559 accipiat?
1051 2490 1182 2556 Quis
1209 2488 1453 2543 attendat
1486 2490 1538 2543 in
1581 2488 1777 2558 quibus
1817 2504 1909 2559 po-

314 2594 474 2639 testas
523 2581 919 2638 inconsiderata
960 2597 1065 2635 non
1110 2581 1269 2651 quod.
1304 2581 1610 2650 expediret,
1656 2582 1753 2636 sed
1806 2580 1910 2636 sibi

312 2679 518 2742 liceret,
551 2676 814 2745 attendit,
855 2689 954 2730 nec
999 2676 1263 2731 intellexit
1302 2676 1448 2747 quod
1500 2688 1608 2730 non
1662 2673 1910 2729 confusio

314 2769 473 2823 iaciat
522 2768 816 2822 unitatem?
862 2767 993 2823 Nam
1045 2767 1091 2822 si
1144 2769 1318 2825 unitas
1366 2782 1471 2822 non
1530 2767 1909 2825 hmreticnrum

314 2860 689 2925 conversione,
715 2857 809 2912 sed
837 2858 1089 2927 contagio
1128 2866 1184 2913 et
1227 2857 1614 2913 commixtiolte
1667 2857 1908 2912 iacienda

313 2958 418 3013 est.
450 2964 548 3006 cur
574 2952 830 3021 Acephali
865 2958 1093 3017 tantum,
1144 2959 1199 3006 et
1251 2966 1358 3006 non
1404 2966 1596 3007 omnes
1646 2950 1906 3016 haeretici,

314 3041 729 3095 admitterentur
754 3042 806 3095 in
838 3041 1135 3097 Ecelcsiam
1165 3042 1278 3097 suis
1300 3042 1578 3098 erroribus
1600 3043 1621 3074 ¹
1650 3058 1756 3097 non
1785 3048 1910 3098 ante

315 3133 600 3199 damnatis,
626 3148 800 3204 neque
822 3133 1050 3203 receptis
1081 3132 1480 3189 deﬁnitionibus
1502 3148 1628 3203 qua:
1655 3134 1911 3190 adversus

1943 1855 1988 1913 Β

2005 551 2444 619 tnunicationem,
2468 551 2562 606 sed
2589 567 2745 605 unam
2766 568 2886 606 cum
2914 552 3151 608 Ecclesia
3176 568 3281 606 non
3304 552 3599 615 habebant!

2006 643 2219 711 Ergone
2249 650 2476 711 possunt
2504 641 2622 697 duae
2666 642 2864 697 divinae
2911 642 3425 698 communicationes
3475 658 3597 696 esse

2007 733 2390 789 dissentientes
2428 733 2493 787 ad
2538 734 2766 787 invicem
2806 733 3013 803 sibique
3060 734 3384 788 contr-arim?
3412 734 3517 790 Sed
3552 735 3595 789 si

2009 841 2146 879 unus
2176 837 2258 880 est
2290 826 2428 879 Deus
2458 822 2754 890 Zenonis‘,
2782 839 2883 877 una
2916 833 2995 878 est
3024 832 3076 879 et
3097 824 3273 877 divEna
3303 824 3600 878 communi-

2006 919 2167 972 catio.
2190 918 2341 985 Quod
2368 919 2410 971 si
2434 918 2554 971 dute
2583 928 2635 971 et
2662 932 2691 970 a
2724 932 2782 971 se
2813 917 3194 972 dissentientes
3227 918 3417 972 divina:
3443 932 3598 972 com.-

2009 1009 2398 1064 municatioues
2427 1008 2699 1073 dicuntur,
2720 1009 3061 1078 coxisequitur
3087 1017 3141 1062 ut
3160 1024 3264 1063 non
3292 1008 3467 1063 solum
3492 1006 3598 1063 duo

2008 1119 2131 1159 esse
2152 1104 2246 1171 dii,
2265 1104 2359 1157 sed
2389 1103 2456 1156 ab
2485 1102 2710 1156 invicem
2734 1117 2947 1171 quoque
2972 1101 3260 1157 dissentire
3286 1103 3597 1157 credantur.

2011 1194 2079 1248 Et
2105 1195 2230 1265 quid
2264 1194 2387 1248 mali
2421 1208 2524 1247 non
2551 1192 2577 1230 δ
2611 1197 2882 1261 Angustus
2918 1194 3085 1262 prima
3114 1203 3352 1263 potestas
3393 1194 3600 1259 surculi,

2010 1302 2131 1342 cum
2163 1296 2215 1343 te
2244 1302 2346 1341 non
2371 1289 2613 1356 cogitans
2643 1286 2842 1340 divina:
2872 1284 3143 1340 subditam
3175 1286 3449 1354 potestati,
3498 1296 3601 1339 ιρις

2010 1380 2185 1433 minos
2214 1379 2307 1434 tibi
2336 1379 2581 1447 praeﬁxos
2606 1376 2940 1432 excesseris?
2959 1374 3299 1432 Orthodnxos
3322 1378 3600 1446 appellans

2011 1475 2078 1527 ab
2131 1473 2369 1527 Ecclesia
2421 1472 2513 1526 Dei
2574 1472 2986 1537 dissentientes,
3035 1480 3088 1524 cl
3138 1471 3360 1526 aIletius
3409 1471 3601 1526 divina:

2011 1569 2512 1621 communicationis
2553 1565 2689 1620 dicis
2726 1580 2847 1620 esse
2896 1565 3205 1634 participes.
3235 1566 3365 1633 Quae
3414 1566 3456 1619 si
3503 1566 3602 1619 huc

2013 1661 2208 1728 ipsum,
2243 1661 2385 1730 quod
2419 1660 2509 1713 tibi
2562 1662 2740 1715 omnia
2789 1659 2979 1727 licent,
3012 1660 3281 1713 caminum
3326 1674 3447 1714 esse
3501 1669 3603 1715 tum

2011 1752 2345 1819 prolationis
2384 1751 2731 1820 intelligercs,
2786 1753 2948 1805 etiam
3006 1750 3172 1818 ipsius
3206 1765 3458 1820 purpura:
3498 1768 3600 1819 qua

2018 1845 2227 1897 vestiris
2258 1843 2461 1911 specie,
2490 1844 2537 1896 id
2568 1854 2649 1897 est
2678 1843 2858 1897 culute
2887 1856 3103 1911 semper
3128 1841 3426 1906 admonita,
3456 1842 3603 1907 velut

2016 1936 2066 1987 in
2103 1935 2279 1990 medio
2310 1935 2543 1988 ﬂamma:
2593 1944 2641 1987 te.
2680 1933 2933 1988 crederes
2983 1934 3353 1988 constitutam.
3406 1933 3602 1991 Iterum

2014 2043 2143 2083 vero
2183 2026 2314 2085 dicit
2351 2044 2365 2081 :
2413 2046 2432 2080 ι
2467 2024 2661 2083 Sancta
2704 2027 2850 2081 enim
2899 2034 3073 2081 mater
3120 2035 3306 2080 nostra
3360 2025 3605 2080 Ecclesia

2014 2120 2153 2174 sicut
2177 2119 2425 2189 proprios
2449 2120 2589 2177 ﬁlius
2616 2135 2711 2178 vos
2737 2120 2981 2190 suscipit,
3034 2120 3420 2191 amplectimini
3458 2136 3598 2175 eam.

2015 2210 2296 2271 Desiderat
2319 2211 2466 2268 enim
2493 2225 2608 2281 p05t
2640 2211 2857 2282 longum
2892 2222 3100 2283 tempus
3126 2213 3339 2267 dulcem
3368 2223 3603 2269 vestram

2013 2318 2200 2357 vocem
2232 2302 2439 2358 audire.
2472 2302 2704 2372 Adjicite
2747 2316 2843 2358 vos
2882 2318 3011 2374 ergo
3054 2303 3152 2358 illi.
3192 2323 3212 2357 ι
3264 2304 3383 2371 Quo
3431 2304 3605 2360 fructu

2013 2412 2145 2470 rogo
2175 2397 2570 2467 amplectantur
2603 2396 2940 2451 Ecclesium?
2968 2413 3074 2468 quo
3102 2398 3273 2452 fructu
3300 2412 3359 2453 se
3388 2398 3461 2453 illi
3508 2401 3606 2454 ad-

2008 2491 2218 2561 jiciant,
2246 2506 2369 2546 cum
2395 2491 2537 2546 etab
2565 2504 2628 2545 ea
2657 2502 2968 2561 st‘gregatus
2998 2502 3150 2546 vocet
3174 2491 3525 2554 orthodoxns.
3554 2498 3605 2555 et

2014 2584 2209 2638 dit-ina:
2235 2584 2739 2639 communicationis
2779 2584 3067 2652 participes
3097 2598 3218 2638 esse
3251 2583 3469 2638 credat?
3496 2584 3605 2643 Sed

2015 2674 2138 2745 quid
2186 2675 2360 2729 adhuc
2404 2674 2644 2745 potestas
2692 2675 2961 2729 mundana
3006 2674 3108 2729 sibi
3160 2682 3215 2729 et
3267 2689 3373 2729 non
3413 2673 3607 2737 rationi

2015 2766 2291 2823 conlidens
2322 2778 2441 2837 agat
2469 2767 2718 2835 accipite.
2743 2764 2875 2819 Nam
2904 2766 3091 2820 volens
3125 2764 3330 2821 eisdem
3362 2764 3602 2821 Semicu-

2018 2859 2286 2931 tycbiauis
2310 2858 2646 2923 satisfacere,
2678 2859 2726 2911 in
2762 2857 2863 2911 hoc
2890 2856 3071 2911 edicto
3111 2854 3270 2911 (idem
3313 2868 3465 2911 suam
3513 2870 3607 2909 exs

2017 2956 2217 3024 posuit,
2247 2954 2507 3024 prolitens
2534 2950 2674 3021 quod
2715 2950 3011 3013 Nicmnutn,
3052 2947 3606 3017 Constantinopolim,-

2016 3065 2167 3115 num,
2199 3046 2525 3116 Ephesiuum
2551 3043 2837 3099 concilium
2866 3042 3195 3110 SU30ipCT0l;
3221 3050 3404 3096 tacens
3426 3050 3603 3099 autem

2017 3145 2084 3199 de
2135 3136 2591 3206 Chalcedonensi,
2642 3145 2699 3191 et
2743 3136 2969 3190 duarum
3017 3132 3216 3188 Christi
3290 3142 3604 3196 naturarum

315 3238 530 3279 errores
584 3239 773 3280 eorum
814 3225 1122 3279 constituite
1159 3226 1328 3279 sunt?
1361 3225 1664 3280 Exhortans
1702 3226 1901 3295 quippe

2017 3235 2405 3312 professionem
2436 3229 2707 3300 refugiens
2733 3245 2745 3280 :
2779 3224 2933 3295 quasi
2964 3240 3069 3280 nun
3099 3225 3338 3280 antidoto
3372 3226 3605 3282 sanandi

314 3326 639 3373 memoratos
674 3318 975 3387 Acephalos
1029 3318 1095 3372 ad
1140 3318 1437 3373 Ecelesiam
1482 3318 1677 3373 reverti
1730 3321 1907 3388 priore

315 3413 434 3465 loco
458 3413 537 3464 sic
563 3409 729 3464 dicit:
767 3427 787 3460 ι
822 3408 1039 3466 Flavius
1081 3409 1229 3465 Zeno
1279 3409 1418 3480 pius,
1467 3411 1657 3476 victor,
1712 3411 1907 3466 trium-

315 3508 527 3574 phatur,
561 3506 829 3564 maximus
857 3518 1074 3575 semper
1114 3505 1387 3574 Augustus
1430 3504 1749 3559 orthodoxis
1790 3505 1907 3574 cpio

315 3602 513 3670 scopis,
545 3599 983 3657 archimandritis
1024 3608 1078 3655 et
1116 3598 1343 3668 populis,
1376 3614 1471 3667 per
1501 3600 1906 3666 Alexandriam,

316 3707 367 3752 et
398 3711 492 3765 per
521 3695 839 3767 Egyptutn,
872 3707 925 3751 et
955 3695 1311 3764 Pentapolim,
1360 3704 1415 3749 et
1451 3694 1671 3764 Libyatn
1703 3697 1908 3751 consti-

315 3787 465 3843 tutis.
502 3808 521 3841 ι
552 3789 613 3842 Et
637 3796 917 3858 postquam
942 3801 1035 3842 eos
1060 3787 1266 3841 vocavit
1288 3787 1639 3852 orthodoxos,
1673 3801 1911 3840 commo-

317 3887 406 3933 net
435 3889 495 3934 ut
531 3879 804 3933 sociemur
844 3878 1120 3943 Ecclesiae,
1172 3878 1355 3933 dicens
1391 3895 1403 3931 ε
1454 3895 1473 3929 t
1510 3876 1909 3947 Conjungitnini

317 3973 477 4043 igitur
505 3972 659 4025 matri
691 3970 921 4039 spiritali
967 3968 1242 4036 Ecclesite,
1278 3978 1336 4025 ut
1384 3985 1486 4026 una
1526 3970 1704 4025 divina
1754 3988 1910 4029 com-

317 4063 681 4117 municatione
706 4061 981 4117 lruatnini.
1018 4080 1036 4113 ι
1069 4061 1113 4117 0
1145 4062 1318 4116 virum
1365 4064 1683 4132 prudentem
1727 4073 1779 4119 et
1812 4079 1912 4118 un-

318 4157 477 4227 dique
506 4155 977 4225 eircumspectum,
1008 4156 1098 4223 qui
1122 4156 1380 4210 incubare
1410 4156 1755 4225 prsesutnpsit
1793 4157 1914 4213 olli-

318 4254 402 4305 eio
454 4249 834 4305 sacerrimum!
885 4249 1228 4303 Orthodoxos
1283 4258 1438 4301 vocat
1490 4250 1817 4319 Acepbalos,
1869 4249 1914 4305 si

319 4345 451 4398 nihil
494 4343 657 4407 aliud,
709 4345 775 4397 ab
822 4343 1059 4398 Ecclesia
1102 4351 1401 4410 st'paratos.
1448 4343 1557 4396 Cur
1604 4343 1766 4411 igitur
1818 4356 1916 4399 eos

320 4438 652 4494 hortatur'ut
694 4436 1086 4509 coniungantur
1136 4435 1295 4488 matri
1345 4433 1594 4503 Spiritali,
1651 4435 1696 4489 si
1740 4452 1805 4489 ex
1852 4449 1914 4490 ea

320 4529 571 4598 disiuncti
594 4537 1010 4598 permanserunt
1055 4526 1389 4583 orthodoxi?
1426 4526 1496 4582 Ut
1543 4542 1670 4594 una,
1720 4528 1909 4597 inquit.

2012 3333 2121 3387 sint
2150 3327 2413 3389 morbidi,
2444 3324 2537 3379 sed
2572 3322 2637 3376 ad
2670 3320 2897 3375 aliorum
2938 3319 3246 3389 contagium
3293 3316 3609 3387 colligendi.

2011 3421 2255 3489 Cumque
2285 3416 2542 3483 scripturn
2572 3413 2673 3468 sit:
2707 3410 2971 3481 Loquebar
3002 3412 3053 3463 in
3084 3410 3387 3463 (estittwttiis
3416 3409 3517 3462 tuis
3558 3409 3612 3463 in

2014 3520 2287 3579 conspectu
2308 3524 2501 3578 tegam,
2522 3516 2569 3561 et
2592 3521 2690 3558 non
2714 3505 3065 3572 confundebnr
3092 3500 3263 3573 (Psal.
3289 3518 3470 3565 cxvm,
3495 3502 3613 3573 46),

1972 3621 2111 3679 .rex
2141 3601 2572 3659 confundebantur
2615 3596 2667 3650 in
2707 3605 2999 3665 conspectu
3055 3594 3419 3663 snbjcetmum
3466 3594 3610 3663 loqui

2014 3699 2157 3769 quod
2203 3710 2389 3750 verum
2438 3702 2542 3746 est.
2593 3689 2704 3744 Iloc
2744 3688 3053 3743 merebatur
3087 3688 3153 3742 de
3193 3686 3401 3756 justitia
3432 3688 3612 3743 divina

1995 3786 2111 3847 ‘Dei
2137 3794 2499 3854 contemptor,
2529 3789 2585 3836 ut
2612 3782 2705 3851 qui
2732 3777 2852 3849 ejus
2881 3778 3058 3832 ordini
3090 3780 3337 3833 subditus
3369 3793 3490 3832 esse
3522 3792 3614 3832 no-

2018 3884 2138 3949 luit,
2166 3878 2411 3936 subditos
2439 3881 2739 3931 vereretur.
2770 3872 2871 3939 Qui
2899 3871 3057 3926 etiam
3081 3868 3221 3925 aliud
3251 3869 3488 3925 deterius
3514 3869 3580 3924 ad
3598 3900 3616 3913 ς

2016 3977 2151 4032 dens
2176 3975 2275 4041 ait,
2309 3991 2325 4024 ι
2356 3970 2498 4042 quod
2526 3975 2726 4023 sanctae
2758 3979 2878 4037 qua:
2900 3962 3096 4033 ubique
3130 3971 3312 4017 essent
3337 3960 3615 4016 catholica:

2018 4068 2298 4132 Eeclesite,
2328 4074 2383 4120 et
2413 4048 2501 4134 qui
2533 4063 2613 4117 eis
2642 4065 2941 4128 praeessent
2980 4056 3092 4111 Deo
3125 4054 3387 4110 amabiles
3432 4068 3617 4109 sacer-

2017 4163 2174 4217 dotes
2243 4170 2347 4214 non
2395 4155 2554 4209 aliter
2602 4150 2903 4207 crederent.
2940 4167 2959 4201 ι
2992 4147 3154 4215 Quasi
3196 4148 3434 4201 omnium
3480 4144 3616 4201 ﬁdes

2020 4248 2384 4306 Ecclesiarum
2414 4260 2478 4300 ex
2514 4244 2631 4312 ejus
2675 4242 2951 4295 voluntate
2996 4240 3284 4307 penderet,
3319 4248 3373 4293 et
3411 4238 3617 4293 nemini

2019 4344 2210 4397 liceret
2262 4339 2421 4393 aliter
2468 4339 2691 4390 credere
2734 4348 2893 4403 quam
2926 4334 3247 4402 praeciperet
3301 4335 3615 4401 imperator.

2018 4432 2269 4497 Videbat,
2310 4440 2371 4484 ut
2410 4426 2668 4493 arbitror,
2707 4425 2970 4493 quosdam
3011 4423 3253 4491 timidos,
3300 4425 3383 4478 vel
3435 4438 3617 4478 reruut

2022 4523 2398 4595 temporalium
2423 4518 2669 4589 cupidos,
2716 4517 2817 4573 sibi
2852 4516 3053 4583 lavere,
3079 4527 3136 4572 et
3162 4530 3229 4572 ex
3256 4516 3367 4575 illis
3388 4523 3618 4570 cteteros

322 4621 505 4675 divina
534 4620 1022 4674 communicatione
1064 4618 1338 4673 fruamini.
1369 4616 1619 4687 Nunquid
1670 4618 1788 4673 sine
1827 4618 1912 4673 di-
1947 4632 1992 4690 ι)
2020 4618 2317 4674 aestimabat
2343 4631 2357 4667 :
2392 4612 2584 4683 quibus
2615 4611 2716 4665 etsi
2750 4624 2935 4665 vocem
2965 4607 3407 4663 eontradictionls
3437 4607 3620 4661 abstu-

323 4715 444 4769 vina
472 4713 961 4769 communicatione
990 4710 1153 4768 iidem
1184 4710 1347 4766 alieni
1371 4700 1393 4743 ⁸
1432 4724 1462 4764 a
1496 4698 1626 4777 Deo,
1673 4712 1757 4764 isti
1800 4711 1912 4767 fne-

398 4901 421 4928 α
453 4884 685 4945 Zenonis
715 4886 1030 4952 llenoticon,
1063 4887 1174 4941 sive
1199 4885 1491 4951 Uuitirnm,
1524 4896 1578 4939 ut
1629 4884 1909 4940 Liberatus

322 4962 728 5031 interpretatur,
752 4959 951 5012 editum
977 4958 1042 5009 ad
1071 4958 1484 5031 Alexandrinos,
1515 4956 1669 5027 cujus
1705 4957 1791 5031 hic
1820 4970 1912 5031 ca-

327 5037 436 5103 pita
475 5028 725 5103 quantum
780 5032 1139 5103 excutiuntur,
1195 5028 1383 5103 Gratce
1426 5028 1689 5103 integrum
1753 5029 1913 5103 habet

328 5096 587 5172 Evagrius
621 5101 726 5172 Iib.‘
750 5116 806 5154 ιιι
840 5099 1106 5167 Historiae,
1138 5115 1259 5172 cap.
1286 5098 1403 5172 724;
1438 5098 1677 5172 Latinam
1710 5098 1913 5172 versit):

331 5168 466 5229 nem'
482 5175 641 5228 altam
672 5170 953 5226 Liberatus
991 5183 1109 5237 eap.
1160 5168 1245 5224 l8.
1283 5171 1423 5225 Idem
1466 5168 1582 5238 ejus
1637 5168 1909 5222 scribendi

327 5255 607 5299 auctorem
628 5241 830 5297 Zenoni
858 5240 1108 5296 Acacium
1143 5241 1307 5295 fnis-e
1356 5241 1516 5294 tradit
1547 5254 1665 5307 cap.
1704 5240 1803 5301 Ii;
1848 5239 1917 5293 ab

330 5316 525 5371 Acacio
589 5317 705 5382 ipso
757 5314 1013 5366 dictatum
1078 5312 1333 5381 quosdam
1387 5312 1686 5365 afﬁrmasse
1736 5318 1919 5365 narrat

328 5381 689 5454 Theophanes
742 5384 797 5438 in
828 5384 1115 5438 ChroniCn.
1144 5381 1289 5447 Τότε,
1322 5383 1511 5451 inquit,
1553 5385 1639 5454 atati.
1687 5382 1913 5437 ἐνωτικόν

332 5452 534 5515 incinat
550 5458 736 5519 Ζήνων,
748 5459 1120 5527 καὶπανταχοῦ
1142 5454 1441 5527 ἐξέπεμψεν,
1457 5452 1804 5527 ἀνι-ῥ’Δκακίρρ
1818 5458 1919 5506 τῶν

334 5527 903 5585 κωνσταντινουπόλεως
930 5524 1296 5599 ὑπαᾷορευθᾷγζ
1324 5524 1392 5585 ὥς
1418 5526 1540 5597 φασί
1565 5544 1713 5584 τινες.
1740 5524 1918 5599 ﬂet-0-

336 5602 441 5654 tico
472 5606 690 5666 recepto
717 5599 923 5652 confusi
960 5595 1187 5667 primum
1212 5595 1547 5652 Alexandria:
1574 5610 1695 5650 cum
1740 5595 1913 5647 Intere-

411 5792 424 5821 ¹
460 5789 594 5844 Cod.
630 5788 851 5851 νει-οη..
879 5788 1233 5843 ostenduntur.

409 5863 427 5895 ³
464 5864 606 5921 ιιιςω
632 5860 778 5928 cod.,
810 5860 1108 5917 Itatresibus.

2022 4711 2177 4777 lerat,
2222 4707 2462 4761 animum
2497 4711 2645 4758 certe
2692 4709 2901 4755 mutare
2947 4714 3053 4755 non
3094 4700 3287 4768 potuit.
3326 4698 3436 4753 Nec
3477 4698 3620 4752 enim

2023 4884 2144 4939 ticis
2174 4880 2494 4944 orthodoxi;
2522 4887 2630 4932 tum
2661 4875 2856 4931 exinde
2889 4874 3358 4942 ConstantinOpoli
3406 4882 3461 4929 et.
3506 4877 3619 4928 An-

2021 4957 2260 5015 tiochiae,
2290 4968 2352 5007 ac
2384 4963 2495 5007 toto
2521 4951 2735 5003 demum
2767 4949 2990 5001 Oriente
3021 4946 3166 4998 Iubes
3189 4946 3377 5015 eadem
3409 4956 3616 4997 scruta.

2024 5028 2206 5082 Victor
2235 5022 2570 5078 Tonouensis
2601 5037 2615 5073 :
2643 5019 2711 5072 P.
2741 5018 2802 5073 C.
2836 5016 3138 5070 Theudorici
3175 5014 3236 5069 V.
3260 5015 3318 5067 (ὲ.
3345 5016 3619 5069 orientales

2021 5098 2266 5169 episcopi,
2295 5104 2480 5165 prwter
2502 5107 2715 5160 paucos,
2742 5087 3189 5169 per-[Iennott'c‘um‘
3213 5085 3435 5169 Zenonis
3453 5156 3462 5165 .
3481 5101 3621 5169 coin-

2020 5154 2265 5222 n'tunio'né
2289 5154 2438 5234 atque
2467 5154 2714 5234 consensu
2742 5154 2927 5234 polluti
2950 5159 3093 5212 Petri
3126 5156 3485 5234 Alexandrini,
3512 5154 3619 5208 Pe-

2021 5242 2088 5293 tri
2118 5227 2438 5301 Antioche-ni,
2474 5246 2521 5287 et
2546 5233 2723 5286 Acacii
2744 5227 3317 5305 Constantinopotitgni
3343 5227 3621 5305 episcopo.

2019 5327 2155 5371 runt,
2190 5307 2387 5377 synodo
2425 5298 2834 5377 Chalcedonensi
2877 5298 3196 5377 renuntiant.
3225 5298 3302 5354 De
3342 5300 3465 5377 hoc.
3493 5299 3618 5358 item

2025 5369 2308 5436 Facundus
2349 5384 2537 5431 contra
2582 5374 2874 5427 Mutianum
2905 5390 2918 5426 :
2950 5373 3089 5426 Zeno
3128 5374 3409 5442 imperator
3447 5369 3619 5436 ipsum

2024 5452 2297 5507 concilium
2316 5447 2645 5518 promulgata
2672 5447 2861 5513 sprevit
2894 5444 3081 5497 edicto.

2097 5523 2123 5561 ι)
2152 5522 2331 5585 Forte,
2360 5518 2493 5588 agis.

2114 5776 2133 5807 ³
2166 5775 2306 5829 Idem
2338 5773 2484 5837 cod.,
2515 5773 2566 5823 id
2593 5780 2665 5825 est
2697 5768 2871 5822 alieni.

2103 5848 2123 5877 ⁸
2155 5847 2211 5903 In
2240 5846 2429 5902 eodem
2461 5844 2577 5899 cod.
2620 5843 2773 5899 deest
2803 5837 3044 5898 Zenonis,
