4094 6460
475 295 576 348 847

1543 290 1847 347 FACUNDI
1890 289 2104 346 EPISC.
2142 288 2645 348 ΙΙΕΠΜΙΑΝΕΝΒΒ

3657 291 3767 350 848

473 408 704 480 amplius
750 407 949 478 aliquid
981 405 1162 463 mundi
1199 413 1434 484 potestas
1467 409 1608 463 valet
1653 409 1707 462 in
1751 409 1834 462 his
1881 423 2014 474 quos
2045 425 2074 461 a
2106 414 2152 470 Α
2182 410 2300 480 ipso
2331 420 2559 479 tantum,
2592 418 2647 466 et
2672 423 2843 480 usque
2877 408 2938 463 ad
2971 409 3169 480 ipsum,
3203 409 3626 468 mammona.
3646 421 3765 468 εω.

475 504 642 561 libera
677 503 795 558 ﬁdei
827 505 1122 558 assertione
1165 506 1477 566 retraxerit,
1516 504 1615 558 nisi
1649 515 1704 558 ut
1736 505 1788 558 in
1829 503 1957 558 illud
1992 505 2075 560 in-

476 596 661 652 cidant
687 596 826 666 quod
861 594 1116 648 Dominus
1151 593 1265 648 ait:
1297 594 1401 660 Qui
1425 611 1502 647 nte
1529 595 1784 649 eruburrit
1805 607 1852 650 et
1883 611 2075 650 sermo-

405 759 412 764 _
472 703 565 745 nes
593 702 745 747 meos,
802 686 935 738 hunc
967 681 1134 736 Filius
1177 685 1395 739 hominis
1437 687 1693 741 erubescet
1731 703 1849 741 cum
1882 689 2074 742 vensrit

468 781 519 830 in
559 781 824 851 majestate
861 794 990 843 sua,
1021 786 1069 830 et
1117 776 1308 840 Patris,
1349 788 1395 832 et
1427 789 1728 833 sanctorum
1774 781 2076 851 angelorum

477 873 629 944 (Luc.
652 887 727 939 Ix,
750 871 864 940 ‘26).
897 870 1118 939 Aliquos
1144 868 1442 940 igiturjns‘
1476 871 1761 927 mundanae
1794 873 2076 942 potestatis

479 962 730 1018 Ecclesia:
766 961 906 1015 valet
937 961 1170 1026 auferre,
1202 961 1406 1016 nullout
1441 973 1617 1017 tamen
1648 963 1749 1018 sibi
1771 965 2074 1031 acquirere.

479 1055 664 1110 Melius
689 1069 816 1122 ergo
848 1065 931 1110 est
963 1066 1020 1109 ut
1045 1066 1220 1110 semet
1247 1056 1385 1110 intra
1428 1056 1654 1112 limitem
1698 1073 1850 1112 suum
1903 1060 2073 1114 conti-

479 1157 625 1211 neat,
657 1163 814 1218 quem
855 1162 976 1201 cum
1017 1147 1432 1217 transgreditur,
1474 1148 1700 1217 perdere
1741 1149 1936 1203 multos
1977 1165 2076 1219 po-

481 1248 604 1304 test,
638 1239 834 1294 lucrari
861 1239 1154 1294 neminem.
1187 1238 1319 1294 Nam
1344 1249 1400 1294 et
1435 1254 1562 1296 suas
1607 1240 1804 1295 habent
1833 1241 2077 1298 officinas

480 1329 565 1384 vel
593 1329 833 1384 artifices
880 1329 1060 1385 omnia
1097 1346 1214 1398 quae
1246 1345 1309 1386 ex
1357 1332 1634 1403 proposito
1679 1332 1876 1388 docere
1928 1334 2077 1386 v'de-

479 1435 620 1477 mus.
659 1422 941 1493 Nunquam
971 1423 1112 1478 enim
1138 1435 1206 1478 de
1237 1424 1474 1478 textrino
1518 1440 1814 1494 personare
1857 1424 2075 1479 ineudes

479 1517 803 1584 audivimus,
855 1528 908 1573 et
953 1517 1131 1588 ignem
1179 1519 1287 1573 illic
1334 1519 1386 1572 in
1437 1517 1744 1576 fornacibus
1794 1521 2072 1575 anhelare.

479 1609 760 1680 Nunquam
808 1613 1170 1680 comperimus
1213 1627 1243 1666 a
1274 1625 1459 1668 sutore
1502 1613 1786 1682 qumsitum
1825 1630 1944 1682 qua:
1993 1629 2078 1669 cu-

477 1701 672 1771 jusque
704 1701 919 1757 iabzica:
950 1703 1268 1774 longitudini
1301 1704 1578 1774 praportio
1618 1705 1916 1758 latitudinis
1945 1720 2075 1759 con-

2178 512 2278 562 ret.
2313 505 2518 573 Quibus
2541 505 2630 560 ille
2653 504 2940 571 credulus,
2969 503 3295 579 existimavit
3324 519 3420 572 per
3443 506 3767 575 singularem

2177 598 2521 667 sapientiam,
2540 613 2696 667 quam
2718 596 2768 654 ei
2793 607 2989 666 praeter
3011 607 3378 654 assentatores
3403 613 3558 655 nemo
3583 601 3771 654 tribue-

2181 702 2262 746 rat
2283 735 2308 756 ,ἓ
2332 691 2576 746 invenire
2606 706 2667 746 se
2699 705 2855 760 posse
2904 690 3166 746 rationem
3210 689 3469 746 facienda:
3509 693 3767 757 unitatis,

2177 798 2337 852 quam
2374 783 2548 838 nullus
2571 793 2694 838 ante
2725 799 2822 852 per
2863 791 2942 837 tot
2973 793 3213 852 tempora
3243 784 3476 853 potuerit
3504 783 3768 841 invenire.

2179 875 2425 944 Denique
2452 875 2533 930 sic
2563 875 2615 929 in
2651 885 2948 930 memorato
2973 874 3111 929 dixit
3129 873 3308 930 edicto
3343 893 3356 929 :
3395 893 3415 928 ι
3444 873 3772 946 Coaptemur

2184 967 2424 1022 membra
2455 967 2713 1022 membris
2732 1006 2746 1031 ,
2779 982 2899 1036 qua:
2929 966 3180 1022 inimicus
3202 967 3416 1023 boniex
3441 970 3607 1023 multo
3630 981 3772 1025 tem-

2176 1076 2310 1128 pere
2340 1075 2595 1130 separare
2625 1061 2899 1117 festinavit
2931 1078 2942 1112 :
2973 1061 3076 1116 scit
3100 1061 3244 1116 enim
3274 1063 3526 1131 quoniam
3555 1064 3599 1118 si
3631 1066 3775 1120 inte-

2178 1169 2333 1223 grum
2370 1152 2622 1207 Ecclesia:
2669 1167 2866 1221 corpus
2897 1152 3210 1224 impugnet,
3261 1154 3417 1209 facile
3467 1167 3774 1225 superatur.

2182 1246 2258 1300 lix
2280 1244 2380 1298 hac
2401 1259 2532 1314 ergo
2551 1242 3069 1315 divisiouccontigit,
3090 1261 3185 1314 per
3206 1254 3382 1301 tantas
3402 1247 3780 1318 generationes

2183 1347 2452 1392 tantorum
2484 1352 2748 1391 annorum
2776 1377 2789 1400 ,
2839 1347 2896 1391 ut
2926 1338 3012 1390 alii
3042 1338 3262 1407 quidem
3312 1339 3523 1394 lavacro
3551 1355 3778 1408 regene-

2182 1430 2403 1485 rationis
2433 1429 2660 1484 fraudati
2696 1429 2762 1484 dc
2794 1429 2895 1484 hac
2913 1429 3015 1483 vita
3039 1429 3401 1494 discederent,
3430 1451 3447 1482 ι
3487 1441 3777 1486 ιιιοωιιπει.

2179 1523 2332 1588 Quod
2363 1522 2764 1578 consentiamus
2801 1521 3170 1592 pratdicatiuni
3201 1523 3453 1592 potentia:
3476 1523 3776 1586 s:e¢ttlaris,

2179 1632 2299 1687 quae
2329 1625 2454 1685 post
2486 1624 2658 1670 tantas
2707 1616 3081 1684 generationes
3111 1657 3124 1679 ,
3157 1613 3392 1670 fallendo
3434 1616 3518 1669 vel
3552 1615 3780 1670 tacendo

2180 1709 2324 1779 quod
2353 1722 2538 1764 verum
2569 1717 2673 1773 est,
2717 1706 2892 1762 facere
2942 1721 3001 1762 se
3031 1721 3188 1776 posse
3215 1707 3732 1763 crediditunitateui
3761 1725 3778 1774 ;

480 1795 712 1861 veniret,
762 1805 817 1851 et
862 1808 1059 1866 quanta
1119 1798 1398 1867 utriusque
1455 1808 1778 1868 congrueret
1828 1797 2072 1852 altitudo.
2111 1793 2152 1851 Β
2182 1800 2424 1855 dicemus
2445 1798 2607 1854 etiam
2642 1814 2774 1866 nos,
2805 1799 2948 1869 quod
2978 1798 3079 1854 nisi
3125 1801 3391 1870 aggregati
3422 1799 3590 1856 simus
3616 1802 3782 1872 Eutr.

479 1889 744 1955 Quoniam
784 1889 860 1944 illi
887 1892 907 1920 ²
938 1891 1142 1960 integre
1185 1891 1326 1946 scire
1375 1901 1620 1960 possunt,
1664 1892 1754 1961 qui
1803 1891 1871 1946 ab
1915 1891 2081 1961 ipsius

480 1981 612 2036 artis
636 1991 759 2036 sunt
791 1984 1213 2052 pra-cepturibus
1246 1984 1496 2038 instituti.
1526 1984 1667 2039 Sola:
1697 1983 1749 2038 in
1771 1994 2081 2055 contempzu

483 2082 608 2129 sunt
637 2074 832 2129 divina:
863 2074 1080 2141 littera',
1110 2092 1230 2146 qua:
1263 2091 1358 2130 nec
1389 2092 1540 2131 suam
1573 2079 1810 2132 scholam
1851 2093 1948 2134 nec
1971 2095 2082 2134 nta-

482 2164 680 2236 gistros
713 2167 964 2232 habeant,
991 2179 1044 2222 et
1071 2167 1137 2222 dc
1159 2169 1350 2236 quibus
1383 2167 1706 2237 peritissime
1723 2169 1996 2240 disputare
2021 2185 2083 2226 sc

484 2262 669 2317 credat
712 2263 801 2331 qui
865 2276 1138 2332 nunquam
1193 2262 1402 2316 didicit.
1477 2263 1681 2318 Deinde
1727 2278 1849 2319 cum
1903 2264 2081 2333 palatii

481 2367 660 2407 causa:
683 2353 1117 2409 transferantur3
1149 2355 1213 2408 ad
1244 2355 1557 2418 licclesiam,
1589 2356 1858 2424 tp;omodo
1891 2357 2082 2411 licclc»

485 2445 578 2500 site
608 2459 824 2500 causam
852 2444 917 2500 ad
951 2445 1202 2514 palatium
1228 2445 1617 2502 transferebat?
1647 2446 1926 2502 Postremo
1949 2463 2084 2501 llllll-

483 2534 611 2605 quid
663 2536 772 2606 jam
811 2536 1096 2591 domuerat
1140 2536 1221 2592 vel
1280 2546 1568 2606 pacaverat
1608 2551 1800 2592 OlllllCS
1841 2536 2083 2592 infensas

481 2631 796 2700 reipublica:
828 2630 1085 2685 barbaras
1117 2630 1395 2685 nationes?
1421 2629 1529 2699 jam
1563 2643 1658 2699 per
1697 2629 1939 2685 diversas
1984 2631 2081 2684 im-

484 2720 619 2792 perii
651 2721 732 2776 sui
763 2721 1067 2792 provincias
1098 2720 1397 2777 seditiones
1420 2735 1483 2776 ac
1521 2721 1850 2778 seditionum
1889 2737 2079 2780 caus:is

483 2813 814 2872 abstulerat?
861 2812 970 2882 jam
1015 2813 1222 2868 cunctis
1270 2812 1629 2869 crirninalium
1674 2815 1793 2869 sive
1845 2815 2081 2872 civilium

481 2917 763 2958 causarum
793 2903 1030 2971 querelis
1052 2903 1465 2959 convenientem
1488 2904 1712 2960 dederat
1735 2904 1893 2961 finem
1910 2907 1934 2961 ‘l
1949 2906 2080 2960 Cum

482 2995 644 3067 igitur
669 2996 753 3052 his
777 3011 880 3051 nou
907 2995 1201 3064 sufficeret,
1228 2998 1421 3067 quibus
1439 3012 1597 3054 nemo
1615 2999 1862 3055 sufficere
1885 3009 2079 3070 potest,

481 3093 774 3162 quomodo,
795 3091 837 3146 si
860 3092 1121 3164 cogitaret
1149 3103 1292 3149 tanta
1317 3092 1418 3149 loci
1442 3095 1523 3147 sui
1541 3093 1797 3163 pericula,
1820 3094 1952 3150 etde
1976 3110 2084 3149 om-

2185 1893 2417 1963 chianis,
2444 1894 2709 1963 integrum
2757 1909 2861 1947 non
2901 1895 2970 1948 sit
3015 1907 3211 1964 corpus
3259 1894 3533 1950 Ecclesia.
3565 1894 3673 1951 Sed
3704 1911 3783 1951 vra

2187 1986 2339 2040 nobis
2372 1996 2453 2041 est
2479 2027 2494 2050 ,
2522 1986 2565 2040 si
2600 1986 2804 2057 absque
2834 1986 3120 2054 Accphalis
3144 1996 3361 2041 truncos
3392 2002 3489 2042 nos
3511 1988 3784 2044 credimus

2188 2077 2529 2133 remansisse.
2563 2078 2806 2149 Cumque
2847 2079 3191 2134 beatissimus
3222 2078 3330 2134 Leo
3371 2079 3577 2136 diceret
3602 2098 3618 2136 :
3647 2081 3782 2136 Nam

2188 2170 2336 2224 nullo
2360 2170 2521 2224 modo
2547 2169 2659 2225 ﬁeri
2692 2180 2863 2240 potest
2906 2179 2966 2224 ut
2994 2171 3088 2242 qui
3116 2171 3311 2227 divinis
3340 2173 3538 2227 audent
3562 2184 3783 2228 contra-

2187 2263 2369 2318 dicere
2419 2262 2808 2328 sacramentis,
2859 2265 3038 2332 aliqua
3072 2263 3225 2318 nobis
3270 2264 3650 2320 communione
3679 2279 3785 2319 so—

2187 2355 2424 2420 cientur;
2459 2356 2550 2410 ille
2580 2355 3007 2411 contradictores
3033 2357 3083 2408 in
3107 2355 3405 2411 Ecclesium
3436 2356 3614 2424 misit,
3644 2357 3785 2413 dans

2186 2458 2430 2503 sanctum
2454 2447 2698 2513 canibus,
2731 2459 2786 2504 et
2814 2449 3204 2504 coneulcandas
3243 2459 3368 2505 ante
3397 2465 3590 2520 porcos
3613 2451 3784 2520 proji-

2187 2542 2335 2596 ciens
2367 2544 2708 2614 margaritas.
2746 2541 2983 2612 Denique
3015 2543 3065 2597 in
3099 2542 3243 2611 ipsos
3273 2553 3623 2599 temeratores
3645 2559 3782 2598 con-

2190 2636 2327 2690 versi
2355 2635 2706 2705 disruperunt
2733 2649 2847 2700 eos,
2874 2650 2926 2691 et
2957 2635 3025 2690 ab
3050 2636 3286 2691 Ecclesia
3307 2635 3624 2690 diviserunt.
3651 2635 3784 2690 Pro-

2187 2735 2308 2796 pter
2325 2726 2465 2796 quod
2499 2726 2660 2780 etiam
2695 2725 2896 2796 grande
2922 2741 2985 2780 ac
3031 2725 3345 2780 diuturnum
3386 2725 3620 2780 schisma
3644 2735 3670 2761 ³
3701 2726 3783 2778 fa-

2187 2827 2330 2872 ctum
2361 2830 2462 2884 est,
2488 2817 2658 2879 donec
2693 2817 3001 2872 misericors
3041 2815 3184 2871 Deus
3219 2831 3314 2886 per
3333 2822 3530 2871 vestra:
3562 2817 3651 2884 pie
3676 2818 3784 2870 atis

2188 2908 2540 2964 ministerium
2567 2923 2660 2964 eos
2690 2907 2938 2964 redderet
2968 2909 3179 2962 unitati.
3213 2906 3366 2963 Unde
3398 2916 3452 2962 et
3493 2909 3780 2961 maximam

2186 3001 2412 3073 gloriam
2438 3001 2714 3057 consecuti
2735 3004 2885 3066 estis,
2919 3016 3077 3070 quam
3106 3009 3165 3055 ut
3196 3000 3247 3053 in
3283 3000 3440 3054 finem
3467 2998 3785 3053 custodiatis

2146 3166 2159 3176 _
2189 3105 2437 3164 optamus
2460 3136 2473 3159 ,
2508 3094 2641 3148 nihil
2673 3108 2893 3162 agen‘es
2923 3095 3044 3150 huic
3075 3091 3403 3161 praedicabili
3434 3092 3572 3146 facto
3603 3103 3786 3144 vi-stro

481 3183 644 3238 nibus
669 3198 725 3240 sc
741 3185 1000 3240 rationem
1029 3183 1140 3240 Deo
1164 3185 1412 3240 crederet
1435 3185 1795 3253 redditurum,
1813 3187 1974 3242 etiam
1991 3201 2084 3257 pc-
2109 3184 2152 3242 (ἶ
2189 3187 2539 3244 contrarium.
2575 3186 2682 3243 Sed
2711 3185 3065 3242 memineritis
3093 3199 3214 3255 quae
3259 3194 3388 3240 tunc
3409 3184 3572 3238 fuerit
3599 3185 3783 3236 ltetitia

483 3275 674 3331 riculis
706 3290 764 3331 sc
799 3277 992 3332 alienis
1020 3276 1387 3347 immergeret,
1418 3279 1502 3334 vel
1542 3279 1586 3332 si
1625 3279 1780 3335 talem
1826 3295 2084 3349 pra'sum-

485 3371 722 3440 ptioncm
748 3371 927 3426 divina
953 3372 1156 3440 justitia
1189 3389 1292 3428 non
1316 3373 1633 3429 damnaret?
1662 3376 1752 3430 llis
1773 3385 2082 3431 autemnon

483 3475 792 3533 contentus,
832 3464 935 3520 hoc
964 3480 1178 3536 quoque
1215 3468 1281 3520 ad
1333 3466 1580 3535 injuriam
1635 3481 1838 3523 sancite
1888 3470 2078 3539 synodi

487 3557 942 3614 Chalcedonensis
966 3558 1160 3627 adjecit
1181 3559 1398 3615 dicens:
1429 3578 1446 3610 ι
1474 3561 1722 3617 Adunatc
1736 3577 1865 3632 ergo
1887 3577 2003 3629 vos,
2029 3565 2082 3618 iu

483 3651 633 3705 nullo
663 3649 987 3706 dubitantes.
1039 3650 1163 3706 llaec
1193 3653 1336 3708 enim
1379 3651 1695 3720 seripsimus
1738 3655 1891 3710 vobis
1915 3695 1932 3722 ,
1975 3671 2080 3711 non
2111 3642 2129 3656 ’

484 3741 802 3798 innovantcs
834 3741 1024 3811 fidem,
1061 3741 1154 3797 sed
1199 3752 1256 3796 ut
1286 3743 1438 3799 vobis
1463 3743 1918 3801 satisfaceremus.
1946 3746 2079 3802 Dm-

485 3849 609 3890 uem
643 3850 770 3890 vero
799 3835 959 3890 aliter
986 3835 1287 3906 sapientem
1308 3877 1322 3903 ,
1355 3839 1468 3891 sive
1499 3853 1674 3904 nunc,
1707 3837 1821 3894 sive
1843 3839 2082 3909 quando-

488 3944 627 4000 que,
658 3930 773 3985 site
817 3929 1194 3996 Chalcedone,
1246 3933 1362 3986 sive
1392 3932 1443 3984 iu
1491 3946 1808 4000 quacunque
1836 3932 2040 4002 synodo
2066 3974 2081 3998 ,

485 4020 1025 4076 anathematizamus.
1067 4038 1084 4072 ι
1125 4019 1204 4074 Ad
1240 4021 1342 4076 hoc
1381 4031 1562 4076 autem
1595 4023 1965 4077 de:cslandum
2010 4025 2082 4078 fa-

486 4115 640 4170 cinus
670 4113 1000 4168 adulantium
1035 4113 1280 4182 laudibus
1306 4129 1430 4168 eum
1471 4113 1741 4168 credimus
1771 4116 2080 4184 excitatum,

482 4223 607 4264 cum
641 4208 690 4261 ei
730 4205 976 4277 dicereut.
1003 4246 1017 4270 ,
1070 4205 1518 4276 quemadmodum
1549 4208 1761 4272 Solent,
1794 4209 1938 4277 quod
1965 4225 2083 4263 om-

490 4312 586 4352 nes
615 4311 741 4352 suos
772 4297 1088 4352 deceSsorcs
1136 4297 1400 4365 sapientia
1425 4306 1485 4352 et
1525 4297 2086 4370 religioneprmcelle-

489 4400 600 4452 ret;
634 4388 775 4458 quod
825 4389 1007 4444 nullus
1035 4391 1083 4444 ei
1131 4399 1316 4458 posset
1347 4390 1399 4443 in
1454 4389 1750 4458 universis,
1782 4393 1872 4461 qui
1905 4406 2088 4449 essent

489 4481 573 4538 vel
603 4482 864 4563 fuissent,
924 4483 1015 4538 Dei
1045 4483 1412 4538 sacer-dotibus
1451 4485 1753 4555 comparari
1797 4503 1812 4540 :
1844 4490 1985 4558 quod
2027 4491 2080 4545 in

2189 3281 2370 3350 populi
2409 3279 2728 3345 Christiani,
2784 3294 2906 3333 cum
2961 3287 3102 3332 totus
3145 3276 3440 3333 catholicus
3493 3276 3637 3330 url‘és
3689 3288 3789 3330 vos

2189 3389 2532 3448 pazernorum
2566 3376 2907 3432 decretorum
2935 3390 3017 3430 cu.
3035 3375 3187 3430 todes
3207 3416 3223 3440 ,
3251 3387 3346 3439 vos
3375 3381 3787 3444 recuperatores

2189 3471 2334 3540 pacis
2358 3467 2736 3525 ecclesiasticas
2761 3511 2778 3535 ,
2813 3484 2906 3525 vos
2950 3467 3137 3522 violati
3161 3465 3364 3522 ordinis
3393 3468 3514 3536 ejus
3541 3466 3787 3521 vindices

2189 3560 2525 3630 pra-dicaret.
2559 3561 2600 3615 Ο
2623 3576 2786 3632 quam
2813 3561 3051 3616 suaviter
3069 3576 3274 3616 nomen
3305 3568 3541 3615 vestrum
3572 3574 3670 3628 per
3689 3575 3787 3613 ora

2190 3653 2518 3710 laudantium
2551 3653 2855 3708 ferebatur!
2889 3668 3048 3723 quam
3071 3665 3252 3722 gratus
3279 3653 3421 3708 illius
3453 3651 3789 3708 memorandi

2187 3761 2279 3800 ves
2309 3745 2349 3799 ri
2373 3745 2548 3814 operis
2576 3755 2693 3799 erat
2717 3745 2959 3799 auditus!
3006 3745 3073 3798 Et
3104 3749 3221 3798 ideo
3247 3744 3610 3810 considerate,
3633 3759 3789 3814 quav-

2187 3855 2409 3902 sumns,
2451 3849 2506 3894 et
2558 3838 2774 3903 videte,
2822 3840 2934 3894 sive
2964 3853 3086 3908 qua:
3114 3853 3206 3891 vos
3251 3837 3342 3892 illo
3369 3849 3631 3907 tempore,
3671 3837 3792 3893 sive

2189 3949 2307 4001 qua:
2345 3931 2612 4002 principes
2642 3931 2946 3985 Marcianus
2975 3941 3030 3984 et
3056 3931 3166 3986 Leo
3194 3931 3525 3999 temporibus
3550 3929 3666 3984 suis
3693 3945 3791 3998 per

2189 4025 2492 4080 ordinatum
2511 4024 2844 4080 Sacerdotale
2862 4023 3098 4079 officium
3126 4024 3412 4094 geSSei-int,
3435 4034 3490 4079 et
3515 4040 3633 4094 qua:
3655 4039 3793 4077 con-

2191 4127 2270 4171 tra
2301 4114 2473 4186 egerit
2512 4115 2681 4181 Zeno,
2712 4115 2910 4170 divinae
2942 4115 3312 4186 dispositionis
3338 4115 3526 4170 ordine
3556 4116 3795 4180 calcato,

2188 4223 2233 4262 c.
2285 4209 2461 4264 alieno
2500 4208 2729 4263 abutens
2757 4207 2974 4276 officio,
3017 4223 3140 4263 cum
3189 4208 3534 4264 adulantibus
3583 4209 3794 4270 credit,

2188 4321 2309 4358 cum
2342 4318 2530 4358 eorum
2557 4319 2616 4357 se
2642 4301 2894 4358 laudibus
2921 4305 3150 4358 atstimat
3173 4341 3190 4368 ,
3219 4319 3342 4358 cum
3371 4303 3475 4359 illis
3501 4303 3800 4372 przccouiis

2189 4394 2432 4449 elevatur
2459 4396 2657 4464 quibus
2702 4393 2922 4448 omnino
2969 4405 3227 4465 gravatur
3271 4394 3625 4449 humanitas:
3685 4411 3799 4451 non

2192 4491 2478 4548 attondens
2503 4492 2644 4562 quod
2676 4491 2969 4561 Apostolus
2991 4492 3289 4548 admonens
3319 4489 3452 4547 dixit
3484 4507 3500 4546 :
3527 4489 3670 4560 Opus
3697 4508 3802 4545 au-

563 4680 593 4742 g
626 4674 925 4742 Annorum,
951 4674 1220 4742 utcontra
1247 4665 1773 4742 .\l_u_t_ianun1_seribit.
1799 4681 1965 4736 prope
1986 4665 2076 4742 i0,
2111 4675 2157 4733 D
2189 4672 2423 4742 Adjecit,
2446 4671 2638 4742 inquit,
2676 4672 2752 4726 vir
2798 4669 3014 4726 illustris
3045 4670 3401 4741 (Laurentius)
3451 4687 3600 4726 omne
3643 4672 3801 4728 nubi~

491 4755 521 4794 a
554 4740 746 4796 Felicis
778 4739 838 4793 lll
875 4737 1186 4807 pontilicatu
1231 4736 1295 4790 ad
1329 4737 1663 4791 llormisdam
1697 4753 1889 4806 usque,
1923 4738 2081 4808 cujus

490 4812 825 4880 temporibus
852 4812 902 4864 in
939 4810 1373 4863 communionem
1428 4809 1627 4880 recepti
1665 4808 1988 4880 Orientales,
2031 4819 2085 4864 et

489 4879 884 4951 pax’lielelesitn
933 4879 1141 4935 reddita
1185 4888 1269 4932 est
1305 4895 1449 4951 anno
1502 4879 1702 4932 Christi
1753 4879 1880 4943 519,
1929 4881 2086 4951 adni-

491 4939 641 5008 tente
693 4939 956 5022 imprimis
990 4951 1129 5020 apud
1180 4950 1450 5022 Justimnn
1498 4939 1876 5022 imperatorem
1922 4949 2088 5022 Justi-

491 5025 650 5079 niano
685 5019 797 5078 tum
832 5023 1008 5076 adhuc
1028 5019 1258 5076 comite.
1297 5021 1524 5090 Vigilius
1556 5023 1606 5073 in
1659 5021 1932 5091 encyclica
1968 5038 1981 5074 :
2017 5019 2086 5073 Et

488 5095 604 5150 ideo
635 5096 680 5148 si
706 5111 861 5147 causa
909 5092 1155 5146 Ecclesirc
1183 5093 1476 5155 ordinatur,
1524 5100 1579 5143 ut
1621 5107 1793 5160 pacem
1847 5093 1892 5144 ei
1933 5107 2087 5160 quant

490 5165 732 5220 avunculi
775 5167 855 5219 sui
886 5165 1146 5234 piissimus
1191 5165 1430 5232 princeps
1476 5164 1594 5230 fecit
1639 5163 1988 5229 temporibus,
2038 5171 2089 5215 et

489 5244 644 5291 modo
672 5239 929 5299 restituat,
974 5241 1066 5303 ego
1111 5235 1440 5288 sacramentis
1482 5250 1611 5300 opus
1646 5250 1748 5286 non
1782 5234 1974 5299 habeo,
2000 5234 2089 5286 sed

489 5311 657 5362 statim
680 5308 936 5378 egredior.
966 5307 1189 5360 Exstant
1208 5304 1498 5378 dusliuiani
1527 5305 1887 5378 gratulator-be
1911 5311 1976 5378 de
1992 5319 2089 5378 p317

489 5392 552 5432 ce
582 5373 873 5435 eritistitttta
919 5378 1111 5431 littera:
1157 5377 1220 5430 ad
1253 5373 1613 5430 llormsdani.
1652 5377 1839 5429 Exstat
1865 5384 1918 5430 et
1946 5375 2084 5429 Aviti

494 5449 816 5506 Viennensis
852 5449 918 5503 ad
965 5448 1227 5504 Joannem
1258 5447 1914 5514 Constantinopolitanum
1938 5448 2085 5512 ejus-

490 5520 611 5575 dem
670 5521 972 5589 argumenti
1025 5529 1079 5574 ct
1129 5518 1504 5588 gratulationis
1561 5520 1786 5588 cpistola
1831 5520 2076 5589 nomium

489 5592 631 5646 edita
656 5633 671 5656 ,
703 5587 807 5662 qua
840 5592 1104 5661 publicam
1139 5587 1218 5644 ex
1250 5604 1312 5645 ea
1355 5606 1484 5658 pace
1528 5587 1764 5644 laetitiam
1813 5587 2070 5643 declarat.

563 5753 579 5778 ⁸
611 5748 742 5800 Cod.
783 5749 1005 5809 Veron”
1039 5750 1132 5803 vis.

562 5819 585 5850 ⁸
612 5818 754 5872 ldctu
783 5821 928 5884 Cod.,
962 5823 1054 5874 Itoc
1077 5822 1288 5885 integer.

2198 4743 2305 4794 lum
2335 4744 2476 4812 quod
2506 4746 2605 4812 quit
2627 4756 2722 4797 tem
2763 4745 3092 4797 orientalium
3122 4747 3427 4813 populorum
3448 4744 3690 4813 ambiguo
3710 4761 3802 4798 ca-

2194 4815 2387 4885 ligante
2410 4819 2696 4884 fuscat-terat
2721 4856 2736 4881 ,
2770 4817 3133 4884 redintegratis
3163 4817 3304 4881 pacis
3331 4815 3600 4885 serenitate
3620 4816 3804 4869 deter-

2193 4884 2306 4937 sum
2337 4901 2355 4938 .'
2381 4896 2426 4939 et
2457 4903 2566 4939 eam
2593 4902 2711 4938 cum
2746 4886 2978 4939 Romano
3001 4886 3230 4938 antistite
3251 4902 3336 4939 vos
3358 4884 3542 4938 habere
3567 4901 3798 4940 concor-

2194 4957 2333 5008 diam
2361 4998 2375 5022 ,
2443 4973 2599 5027 quam
2645 4957 2777 5011 velut
2837 4957 3068 5028 geminos
3119 4957 3481 5028 apostolorum
3527 4955 3805 5028 principes

2194 5028 2386 5080 mundo
2411 5026 2675 5097 aSsigritire
2704 5026 2988 5080 conveniat.
3025 5026 3152 5090 Quis
3182 5029 3342 5090 enim,
3391 5028 3481 5097 qui
3509 5027 3586 5080 vel
3611 5027 3803 5082 catho-

2195 5097 2324 5151 licus
2346 5099 2449 5152 dici
2497 5095 2658 5166 potest
2681 5140 2696 5163 ,
2728 5099 2790 5150 de
2825 5110 3083 5151 tantarum
3114 5114 3174 5149 ac
3225 5095 3409 5151 talium
3434 5095 3805 5153 Ecclesiarum

2197 5185 2321 5241 pace
2349 5186 2450 5223 non
2481 5171 2702 5241 gaudeat
2722 5214 2736 5237 ,
2769 5187 2894 5239 quas
2924 5169 3062 5222 velut
3091 5172 3143 5220 in
3171 5169 3299 5223 cazlo
3329 5171 3551 5238 positum
3581 5169 3804 5241 religio-

2194 5229 2272 5292 nis
2300 5229 2506 5310 signum
2537 5258 2628 5306 pro
2655 5229 2859 5312 gemino
2884 5241 3049 5293 sidere
3092 5229 3616 5312 mundusfuspcctat?
3665 5229 3805 5308 Qui;

2193 5326 2294 5362 non
2327 5313 2510 5364 merito
2533 5311 2810 5364 delectetur
2841 5311 3216 5378 inﬁrmantium
3243 5311 3416 5366 reditu
3443 5311 3806 5382 incolumique

2189 5389 2349 5446 statu,
2377 5398 2496 5435 cum
2520 5383 2636 5435 aliis
2664 5383 2837 5435 ovibus
2864 5386 3002 5435 intra
3031 5383 3256 5436 claustra
3276 5383 3516 5448 solvatis,
3549 5382 3646 5436 illa
3675 5399 3804 5451 qua:

2191 5453 2313 5526 vitio
2333 5454 2562 5526 errantis
2581 5452 2782 5506 arbitrii
2829 5453 2998 5522 fuerat
3015 5464 3243 5526 evagata
3271 5497 3286 5526 ,
3317 5454 3598 5511 cwlestibus
3621 5455 3804 5510 caulis

2194 5523 2375 5578 laetitia
2403 5524 2678 5594 plaudente
2725 5524 3032 5580 revocatur?

2271 5748 2289 5778 ³
2320 5749 2461 5806 ldem
2486 5751 2632 5822 cod.,
2662 5767 2764 5807 non
2789 5755 3195 5825 trans/arantur.
