4094 6466
307 325 414 382 8ί9

1165 333 1295 389 ΡΙὶο
1329 333 1758 392 DEFENSIUNE
1837 334 2005 391 RIUM
2048 328 2362 389 CAPITUL.
2406 331 2514 387 LIB
2553 331 2667 386 XII.

3482 319 3585 376 850

304 451 405 493 tem
426 455 578 494 suum
608 435 780 511 probet
827 461 1173 518 unusquisque
1193 488 1208 513 ,
1256 460 1303 505 et
1351 460 1472 505 tunc
1524 454 1577 505 in
1626 451 1894 512 semetipso
1919 451 1966 511 Α
1993 448 2312 511 Apostolus:
2350 446 2562 500 Ubedite
2597 443 2881 514 pra-positis
2907 441 3104 506 vestris,
3129 451 3177 495 et
3205 438 3459 510 subjaccte
3478 438 3586 491 eis:

303 529 523 599 gloriam
545 531 743 587 habebit
769 545 818 588 et
847 552 945 589 non
973 538 1028 591 in
1052 541 1215 593 altera
1242 540 1385 610 (Gal.
1430 558 1503 608 vt,
1534 542 1592 610 4)
1621 561 1633 595 :
1691 543 1739 595 id
1787 552 1888 609 est,
1953 546 1958 557 '

303 629 363 675 ut
384 623 694 677 testimonio
722 641 836 680 sua:
874 630 1218 684 conscientiae
1272 633 1398 687 tidat
1424 677 1437 699 ,
1472 650 1578 687 non
1625 646 1680 687 ut
1709 648 1774 688 eo
1804 648 1893 689 re-

303 709 431 765 licto
477 713 740 782 glorietur
770 717 824 770 in
871 732 964 773 ore
1014 720 1303 776 laudantis.
1358 723 1421 777 Et
1470 725 1650 778 suavis
1679 724 1895 793 quidem

301 802 597 857 assentatio
628 803 839 860 videtur
861 846 877 872 ,
909 807 1005 861 sed
1033 811 1336 877 perniciose
1378 815 1635 881 recipitur
1669 831 1681 865 :
1712 828 1896 867 amara

302 906 433 947 vero
460 909 842 967 nonnunquam
865 900 1066 955 veritas
1090 944 1104 968 ,
1136 917 1351 972 semper
1378 904 1517 961 bene
1547 913 1725 962 tamen
1756 903 1897 961 acci-

303 986 574 1054 pientibus
605 990 834 1045 salubris
858 1003 958 1046 cst.
991 994 1078 1047 Illa
1110 996 1382 1051 blanditur
1410 1006 1466 1053 et
1512 997 1707 1069 decipit
1731 1041 1745 1067 ,
1779 999 1897 1070 haec

301 1078 524 1148 castigat
552 1090 605 1134 et
635 1081 872 1149 corrigit.

945 1228 1170 1285 CAPUT
1221 1230 1281 1284 V.

308 1335 585 1397 Conclusio
611 1342 767 1395 totius
792 1344 982 1412 aperis,
1030 1360 1147 1398 cum
1180 1348 1429 1411 paramesi
1458 1349 1527 1402 ad
1548 1347 1903 1405 Iustinianum

544 1421 599 1466 ut
621 1412 898 1468 Theodosii
924 1417 1156 1488 exemplo
1184 1433 1407 1472 errorem
1427 1430 1688 1490 agnoscat.

383 1504 557 1571 Quam
590 1505 639 1560 si
696 1513 943 1562 tenerent
993 1509 1264 1580 magnifici
1309 1512 1651 1579 sacerdotes,
1702 1526 1756 1569 et
1798 1531 1905 1570 non

313 1595 439 1652 inde
456 1597 653 1653 vellent
683 1598 896 1668 placere
921 1600 1278 1671 principibus,
1303 1602 1443 1659 unde
1457 1605 1674 1674 parasiti
1693 1605 1907 1661 fallaces

316 1689 545 1745 incautis
593 1691 771 1746 solent
799 1693 1045 1761 patronis
1067 1694 1329 1762 illudere,
1372 1711 1647 1767 nunquam
1697 1699 1748 1752 in
1774 1714 1906 1754 con-

319 1781 592 1836 tumeliam
641 1796 843 1838 Sancue
873 1784 1067 1855 synodi
1114 1784 1571 1843 Chalcedonensis
1612 1788 1859 1845 dicerent
1892 1808 1905 1844 :

324 1893 344 1926 ι
374 1876 429 1930 Si
463 1876 583 1945 quis
605 1875 733 1930 dicit
762 1888 963 1933 rectam
991 1893 1113 1936 esse
1139 1880 1207 1935 ad
1237 1880 1423 1937 Marim
1455 1882 1673 1953 impiam
1706 1886 1910 1954 episto-

319 1969 424 2023 lam
450 2010 468 2035 ,
495 1977 728 2024 auteam
773 1968 1044 2038 defendit,
1073 1982 1261 2029 etnon
1306 1974 1721 2031 anathematizat
1760 1992 1910 2046 eam,

318 2061 606 2116 anathema
653 2062 755 2130 sit,
796 2081 816 2116 ι
870 2079 1047 2134 neque
1086 2075 1385 2122 Statuerent
1441 2077 1499 2124 ut
1543 2068 1588 2123 si
1638 2072 1758 2139 quis
1807 2087 1912 2126 non

319 2153 737 2208 anathematizat
765 2152 1113 2211 Theodorum
1147 2155 1493 2235 Mopsuestia:
1515 2201 1528 2226 ,
1561 2169 1613 2215 et
1634 2162 1752 2231 ejus
1780 2163 1914 2234 dog-

321 2252 465 2298 mata
494 2286 509 2312 ,
540 2260 743 2316 eosque
772 2245 865 2317 qui
885 2255 979 2303 aut
1005 2249 1205 2304 similia
1236 2248 1339 2320 ipsi
1367 2264 1659 2320 sapuerunt
1695 2262 1791 2309 aut
1830 2269 1915 2310 sa-

324 2338 510 2408 piunt,
555 2347 742 2394 essent
781 2341 1089 2398 anathema.
1119 2341 1177 2397 In
1205 2344 1343 2413 'quo,
1388 2344 1530 2399 sicut
1553 2346 1912 2417 ostendimus,

318 2449 429 2487 non
460 2433 633 2489 solum
663 2444 1015 2492 memoratam
1046 2438 1308 2508 synodum
1340 2437 1837 2496 Chalcedonensem
1862 2451 1917 2498 et

323 2524 750 2592 Antiochenam,
798 2542 986 2582 verum
1032 2529 1193 2584 etiam
1244 2530 1437 2599 prioris
1489 2533 1753 2601 temporis
1794 2551 1917 2604 qua:

320 2615 609 2671 Theodoro
650 2620 1070 2676 communicavit
1128 2622 1456 2690 Ecclesiam,
1513 2634 1674 2696 atque
1726 2643 1916 2685 omnes

325 2717 619 2777 praesentes
651 2709 702 2764 in
726 2725 954 2781 corpore
985 2702 1185 2768 Christi
1215 2713 1433 2782 ﬁdeles,
1465 2715 1558 2786 qui
1585 2727 1638 2772 et
1666 2718 1917 2789 dogmata

321 2814 377 2858 et
400 2820 595 2859 nomen
626 2804 745 2875 ejus
774 2804 1061 2876 ignorant,
1095 2808 1189 2863 sed
1218 2818 1272 2864 et
1300 2818 1515 2866 sanctas
1543 2825 1605 2866 ac
1629 2811 1917 2870 familiares

322 2897 541 2953 Christo
571 2913 830 2967 personas
849 2941 864 2965 ,
893 2900 1148 2969 ipsosque
1178 2905 1451 2974 apostolos
1473 2947 1490 2974 ,
1516 2914 1572 2960 et
1597 2907 1915 2964 catholicam

324 2990 482 3045 ﬁdem
505 2990 608 3045 sub
656 2991 999 3047 anathemate
1028 2994 1447 3053 damnaverunt.
1484 2998 1548 3051 Et
1576 2997 1705 3055 hinc
1732 3014 1793 3055 se
1819 3015 1919 3071 pu-

326 3094 439 3137 tant
460 3084 798 3141 excusabiles
819 3125 837 3154 ,
862 3085 1007 3156 quod
1035 3086 1138 3144 hoc
1170 3102 1277 3144 non
1303 3103 1400 3144 sua
1428 3100 1621 3160 sponte
1651 3090 1912 3163 fecerunt,

318 3177 417 3233 scd
441 3177 669 3234 alienam
702 3178 921 3234 fuerunt
942 3182 1112 3236 secuti
1139 3182 1462 3237 sententiam
1505 3200 1518 3237 :
1545 3182 1721 3240 minus
1744 3194 1917 3243 atten-

319 3270 513 3326 dentes
580 3271 723 3339 quod
790 3283 1033 3342 pastores
1080 3289 1295 3344 gregem
1345 3275 1581 3345 ducere,
1631 3293 1737 3332 non
1785 3294 1917 3350 grex

324 3374 570 3436 pastores
592 3364 805 3421 debeat.
832 3363 985 3423 Unde
1015 3382 1117 3423 nec
1135 3382 1289 3423 error
1311 3378 1586 3438 pastorum
1617 3372 1789 3443 gregi,
1822 3372 1919 3429 sed

322 3459 503 3530 gregis
533 3458 871 3528 pastoribus,
904 3459 949 3513 si
978 3473 1084 3513 non
1112 3462 1424 3530 arguerint,
1477 3460 1792 3531 imputatur.
1836 3464 1919 3520 Ad

324 3551 663 3607 Ezechielem
707 3549 966 3605 Dominus
994 3550 1126 3620 dicit
1167 3566 1181 3604 :
1227 3550 1335 3606 Fili
1361 3553 1601 3621 hominis,
1634 3554 1922 3623 speculato—

325 3660 432 3700 rem
462 3644 661 3699 (ικαὶ-ιθ
689 3646 865 3698 domui
892 3642 1081 3710 Israel,
1112 3654 1159 3699 et
1183 3648 1363 3701 audies
1390 3663 1455 3702 ea:
1479 3664 1567 3702 ore
1588 3665 1699 3703 meo
1728 3665 1921 3704 sermo-

321 3754 462 3792 nem.
489 3734 555 3790 In
581 3753 639 3791 ea
662 3753 788 3790 runt.
809 3737 1289 3806 dixero-peceatari,
1314 3738 1576 3807 Morieris,
1603 3751 1647 3795 et
1679 3757 1783 3796 non
1808 3742 1921 3811 fue-

318 3830 394 3885 ris
418 3829 620 3883 locutus
664 3841 718 3883 ut
746 3839 915 3883 careat
944 3829 1135 3900 impius
1159 3846 1191 3883 ιι
1232 3830 1314 3884 via
1343 3848 1477 3897 sua;
1510 3832 1596 3886 ille
1636 3834 1841 3899 quidem
1864 3834 1919 3888 in

319 3922 590 3991 iniquitate
606 3938 704 3976 sua
731 3921 997 3988 morietur,
1020 3922 1320 3993 sanguinem
1339 3932 1512 3978 autem
1536 3923 1649 3994 ejus
1677 3926 1741 3977 de
1767 3940 1921 3979 manu

320 4023 431 4068 tua
462 4013 740 4083 requiram.
803 4010 881 4067 Tu
927 4023 1099 4068 autent
1151 4015 1198 4068 si
1243 4015 1546 4083 pra'dixeris
1584 4016 1744 4085 impio
1786 4019 1920 4072 viam

321 4122 473 4160 suam
510 4104 740 4176 iniquam
765 4145 781 4172 ,
813 4115 859 4159 et
889 4121 993 4159 non
1021 4114 1282 4160 avertatur
1322 4105 1387 4161 ab
1432 4123 1492 4162 ea
1523 4107 1574 4173 ‘;
1601 4108 1689 4163 ille
1717 4109 1922 4179 quidem

320 4198 377 4252 in
404 4197 676 4268 iniquitate
703 4213 799 4252 sua
835 4198 1106 4266 morietur,
1138 4209 1185 4253 et
1233 4208 1289 4253 tu
1327 4199 1553 4253 animam
1605 4211 1747 4255 tuam
1794 4200 1921 4255 libe-

322 4288 701 4360 rabis(EsecIt.
730 4304 816 4355 ιιι,
853 4288 1088 4360 17-19).
1136 4288 1215 4343 Ad
1277 4289 1417 4345 hanc
1471 4299 1653 4345 autem
1698 4294 1917 4347 domum

327 4381 490 4437 Israel
519 4391 727 4437 certum
758 4391 841 4439 est
871 4381 1031 4437 etiam
1056 4381 1322 4452 principes
1346 4382 1526 4452 pepuli
1555 4384 1845 4453 pertinere,
1866 4393 1923 4439 et

323 4472 455 4544 ipsis
486 4488 703 4544 quoque
743 4474 1113 4545 speculatores
1141 4486 1266 4528 esse
1295 4475 1610 4543 praepositos
1644 4492 1658 4526 :
1690 4472 1918 4543 quorum

322 4567 510 4635 eulpas
537 4567 580 4620 si
627 4579 727 4634 pro
770 4564 1139 4636 acceptatione
1170 4578 1521 4634 personarum
1553 4563 1922 4619 dissimulave-

323 4663 432 4718 rint
462 4658 807 4724 sacerdotes,
857 4656 987 4726 ipsis
1031 4656 1217 4727 procul
1261 4655 1426 4711 dubio
1474 4665 1727 4726 tanquam
1773 4657 1923 4712 cohi-

321 4749 577 4808 bctttibus
625 4748 985 4803 ascribc:tur.
1039 4749 1193 4814 Quod
1236 4747 1281 4801 si
1329 4756 1382 4802 et
1414 4746 1742 4802 concedatur
1780 4746 1922 4817 quod

319 4841 404 4900 eis
436 4857 543 4896 non
573 4840 745 4907 fuerit
769 4840 979 4894 vetandi
1015 4840 1276 4906 facultas,
1325 4840 1448 4910 quis
1475 4838 1737 4894 concedat
1781 4838 1926 4910 quod

321 4935 405 4989 eis
434 4930 667 4987 defuerit
692 4928 892 4984 vitandi
920 4931 1203 4999 potestas?
1253 4908 1418 4999 atque
1464 4928 1585 4984 ideo
1616 4929 1698 4982 vel
1739 4929 1784 4983 si
1817 4908 1922 4982 non

324 5034 618 5097 potuerunt
660 5022 775 5078 haec
809 5021 1094 5091 prohibere
1143 5036 1212 5076 ne
1245 5021 1464 5085 fierent,
1498 5028 1792 5090 potuerunt
1820 5021 1926 5074 sal-

322 5128 430 5173 tem
458 5116 732 5174 deciinate
755 5131 821 5170 ne
847 5115 1104 5168 facerent.
1126 5113 1234 5167 (Zur
1256 5120 1437 5168 autem
1465 5112 1739 5179 sacerdos,
1764 5112 1921 5181 cujus

320 5221 404 5266 est
430 5207 612 5281 populi
638 5218 854 5282 peccata
880 5216 1114 5277 portare,
1133 5206 1282 5260 oneri
1311 5220 1411 5262 suo
1436 5218 1541 5260 non
1565 5204 1831 5269 consulat,
1862 5211 1926 5258 ut

320 5316 539 5358 onmem
571 5315 667 5372 pro
713 5300 871 5369 cujus
900 5297 1132 5370 peccatis
1161 5296 1318 5353 ollert
1363 5295 1692 5352 sacrificium
1741 5294 1926 5365 prohi-

322 5394 492 5451 beata
517 5394 772 5461 peccato?
793 5392 1067 5461 Scriptum
1089 5404 1167 5446 (εει
1202 5390 1343 5445 cnim
1374 5406 1387 5442 :
1416 5387 1718 5459 Btportabit
1756 5387 1929 5441 Aaron

313 5480 518 5551 judicia
548 5481 776 5548 ﬁliorum
808 5477 975 5533 Israel
1007 5477 1205 5549 (Exod.
1248 5491 1435 5541 xxvi",
1477 5475 1592 5547 29).
1617 5473 1671 5528 In
1703 5488 1811 5542 quo
1841 5473 1923 5527 in-

321 5573 611 5643 teliiginms
641 5572 765 5640 quia
801 5586 898 5640 pro
926 5570 1161 5641 peccatis
1186 5569 1366 5640 pepuli
1390 5567 1697 5623 sacerdotes
1715 5564 1924 5635 judica-

324 5666 542 5721 buntur.
580 5665 730 5725 Unde
767 5674 822 5720 et
852 5664 985 5718 iilud
1014 5662 1154 5734 quod
1212 5677 1368 5733 supra
1404 5660 1820 5714 ntemoravimus
1847 5656 1921 5711 ait

394 5902 411 5934 ‘
438 5898 574 5958 Col.
610 5899 830 5962 Veram,
851 5908 897 5954 et
932 5914 1028 5953 non
1061 5913 1265 5952 aversus
1297 5895 1398 5964 fuci
1413 5896 1447 5949 it
1483 5897 1546 5950 ab
1573 5909 1651 5946 ca.
1734 5884 1739 5887 ’

1998 543 2109 612 ipsi
2130 542 2261 594 enim
2288 538 2766 608 pervigilantquast
2800 537 3046 588 rationem
3075 531 3326 585 reddituri
3357 545 3447 595 pro
3476 527 3590 580 arti-

2001 637 2176 687 mabus
2201 633 2379 687 uestris
2424 631 2614 702 (Hebr.
2666 644 2779 694 xm,
2835 629 2945 695 i7).
2983 626 3113 681 IIinc
3148 627 3339 680 iterum
3385 623 3597 677 dictum

2002 738 2116 781 cst:
2147 726 2211 782 Et
2237 726 2459 795 portabit
2489 726 2658 778 Aaron
2702 732 2907 795 peccata
2949 736 3123 774 eorum
3155 718 3351 788 (Exod.
3397 729 3593 773 xxvm.

2002 822 2116 888 58).
2152 824 2519 892 Quapmptcr,
2550 821 2593 875 si
2629 821 2895 891 principes
2942 832 3045 872 non
3075 814 3231 870 alieni
3260 824 3386 869 sunt
3411 827 3441 867 a
3490 827 3594 881 po-

2006 916 2132 987 pulo
2156 914 2268 980 Dei,
2302 924 2356 971 et
2388 927 2482 983 pro
2528 913 2659 979 ipsis
2702 926 2917 983 quoque
2962 909 3184 964 offertur
3226 905 3547 962 sacriﬁcium
3572 949 3586 971 ,

2004 1010 2315 1065 sacerdotes
2354 1008 2515 1063 etiam
2565 1006 2801 1075 ipsorum
2850 1014 3066 1073 peccata
3116 1010 3326 1072 portent
3370 1013 3596 1054 necesse

2007 1112 2106 1156 c-=t.
2143 1101 2208 1155 Et
2231 1101 2354 1155 ideo
2376 1114 2474 1155 ncc
2501 1097 2793 1153 temeritati
2819 1111 2916 1151 nec
2939 1092 3253 1164 arrogantirc.
3281 1091 3596 1159 deputetur,

2007 1195 2051 1248 si
2080 1193 2333 1246 sacerdos
2374 1191 2535 1245 etiam
2570 1189 2860 1259 principem
2892 1199 3115 1255 peccare
3158 1181 3455 1252 prohibeat.
3491 1179 3597 1233 llu-

2010 1300 2198 1341 manus
2227 1286 2370 1339 enim
2396 1297 2575 1337 sermo
2604 1291 2683 1336 est
2715 1290 2767 1336 et
2793 1279 2943 1334 omni
2969 1276 3279 1347 acceptione
3305 1275 3494 1344 dignus
3520 1272 3598 1326 di-

2009 1378 2181 1434 centis
2218 1392 2232 1430 :
2262 1375 2376 1430 Non
2406 1386 2661 1443 aggravas
2706 1385 2843 1425 onus
2882 1383 3063 1426 meum
3093 1368 3233 1437 quod
3265 1364 3476 1434 suscepi
3506 1378 3599 1432 pro

2011 1481 2097 1523 tua
2122 1469 2295 1523 salute
2326 1465 2663 1536 portandum.
2694 1463 2811 1518 Non
2842 1463 2984 1517 enim
3017 1469 3099 1516 cst
3144 1459 3288 1514 aliud
3318 1471 3441 1512 cum
3473 1456 3599 1508 dicit

2009 1560 2261 1629 cuiquam
2311 1557 2604 1624 sacerdos,
2682 1555 2800 1611 Noli
2848 1568 3108 1625 peccare,
3152 1566 3311 1621 quam
3342 1548 3388 1603 si
3434 1547 3596 1604 dicat.

2010 1653 2290 1710 Sarcinam
2337 1667 2498 1722 quam
2544 1664 2643 1720 pro
2689 1655 2743 1702 te
2783 1647 3024 1702 sustineo
3065 1643 3176 1700 noli
3228 1653 3474 1714 gravare.
3526 1640 3605 1693 Ac.

2012 1762 2108 1817 per
2120 1746 2219 1800 hoc
2234 1746 2279 1800 si
2296 1746 2539 1815 princeps
2551 1756 2764 1814 quoque
2779 1755 2873 1810 pro
2887 1739 3000 1794 suis
3024 1737 3255 1807 peccatis
3282 1735 3606 1789 intercesso-

1948 1836 1989 1896 Β
2021 1853 2133 1893 rem
2163 1838 2279 1891 vult
2325 1835 2522 1891 habere
2552 1833 2923 1898 sacerdotem,
2956 1831 3116 1887 etiam
3148 1830 3201 1884 in
3230 1827 3345 1884 suis
3374 1826 3607 1896 peccatis

2020 1931 2399 2001 castigatorem
2430 1926 2575 1983 ferre
2601 1941 2708 1980 non
2739 1925 3078 1995 dedignetttr,
3110 1930 3170 1976 ut
3195 1935 3293 1990 pro
3323 1917 3415 1973 illo
3442 1917 3605 1972 inter-

2019 2023 2218 2078 ccdens
2250 2021 2421 2091 possit
2451 2018 2627 2074 audiri
2659 2036 2670 2071 :
2706 2031 2773 2071 ne
2800 2016 3008 2071 dicatur
3024 2013 3241 2083 eiquod
3265 2009 3507 2066 Ieremia:
3530 2006 3609 2061 dis

2012 2125 2163 2170 ctum
2194 2123 2317 2169 est:
2350 2112 2476 2166 Noli
2507 2125 2655 2166 orare
2685 2126 2777 2179 pro
2820 2105 3014 2176 populo
3053 2107 3177 2169 hoc,
3212 2111 3260 2157 et
3290 2118 3352 2156 ne
3372 2101 3606 2172 postula-

2021 2209 2147 2264 veris
2188 2207 2421 2262 misereri
2451 2204 2614 2271 illius,
2651 2212 2702 2257 et
2739 2219 2839 2256 non
2870 2199 3142 2255 accesseris
3167 2198 3235 2251 ad
3267 2213 3347 2250 me
3385 2209 3480 2265 pro
3505 2196 3575 2246 cis
3596 2232 3609 2256 ,

2019 2301 2141 2370 quia
2170 2314 2273 2353 non
2304 2296 2581 2350 exaudiam
2610 2307 2657 2348 te
2685 2292 2843 2361 (Jen,
2877 2308 2945 2345 vn
2975 2334 2989 2355 ,
3030 2291 3142 2362 16).
3180 2287 3333 2355 Quod
3365 2297 3610 2342 metuens

2020 2391 2192 2446 beatae
2239 2384 2627 2443 recordationis
2678 2383 2851 2453 major
2898 2379 3234 2435 Theodosius
3274 2379 3566 2447 imperator
3593 2420 3606 2441 ,

2019 2482 2176 2550 cujus
2221 2494 2435 2549 semper
2493 2473 2859 2531 memorabilis
2888 2472 2991 2527 erit
3038 2472 3090 2525 in
3142 2468 3378 2524 Ecclesia
3408 2464 3611 2521 Christi

2022 2576 2279 2633 memoria
2300 2616 2314 2642 ,
2339 2584 2641 2644 quanquam
2666 2583 2810 2638 saepe
2833 2567 2899 2622 de
2922 2579 3232 2636 magnorum
3260 2560 3607 2616 l-arbarorum

2023 2669 2222 2740 prazliis
2263 2675 2318 2721 et
2345 2665 2411 2720 de
2460 2664 2813 2719 maximorum
2845 2670 3193 2729 tyrannorum
3241 2652 3609 2722 triumphave-

2022 2767 2111 2833 rit,
2149 2779 2255 2819 non
2287 2771 2460 2816 tamen
2489 2775 2555 2815 ex
2585 2753 2959 2827 hujuscemodi
2988 2751 3335 2807 victoriarum
3360 2745 3611 2817 frequen-

2022 2859 2127 2927 tia,
2178 2858 2231 2913 in
2282 2855 2477 2928 quibus
2502 2852 2774 2924 Trajano,
2821 2850 2931 2904 tilio
2973 2848 3268 2919 gehennae,
3312 2840 3610 2913 comparari

2022 2967 2127 3008 non
2157 2956 2356 3021 potest,
2382 2961 2563 3003 veram
2593 2942 2789 3000 meruit
2812 2940 3072 3013 gloriam;
3098 2939 3197 2994 sed
3216 2939 3283 2993 de
3312 2935 3536 3007 supplici
3559 2941 3610 2990 et

2023 3043 2234 3114 publica
2280 3039 2487 3109 peccati
2513 3038 2595 3092 sui
2624 3034 2939 3106 pmnitentia
2962 3072 2977 3098 ,
3013 3044 3171 3099 quam
3203 3038 3507 3100 expugnato
3530 3039 3613 3079 ιο·-

2021 3136 2128 3207 gali
2159 3134 2373 3205 fastigio
2404 3131 2613 3203 placide
2636 3140 2799 3198 atque
2829 3125 3107 3183 humiliter
3126 3121 3360 3178 antistite
3390 3118 3611 3174 Ambro-

1946 3224 1993 3288 C
2026 3228 2106 3284 sio
2134 3229 2431 3297 castigante
2459 3222 2727 3293 suscepit,
2761 3230 2816 3276 ct
2843 3219 3102 3275 indictum
3132 3214 3233 3270 sibi
3276 3213 3472 3269 debitae
3518 3226 3614 3264 sa-

2024 3322 2344 3380 tisfactionis
2376 3332 2586 3389 tempus
2625 3316 2693 3371 ab
2736 3315 2994 3371 Ecclesia:
3019 3308 3397 3367 communione
3441 3319 3615 3361 remo-

2024 3424 2111 3470 tus
2141 3413 2402 3483 implevit.
2434 3410 2526 3466 Pie
2563 3408 2852 3465 admodum
2880 3405 3110 3462 credens
3134 3413 3187 3460 et
3231 3401 3500 3473 sapienter
3529 3400 3614 3454 in-

2024 3505 2313 3576 telligens,
2370 3503 2515 3574 quod
2566 3516 2673 3556 non
2730 3515 2794 3554 ex
2849 3497 3132 3569 temporali
3190 3501 3459 3571 potestate
3512 3506 3615 3563 qua

2020 3600 2197 3655 fuerat
2227 3596 2389 3653 etiam
2416 3594 2790 3650 sacerdotibus
2819 3593 2911 3649 Dei
2946 3592 3267 3663 praepositus
3292 3635 3308 3660 ,
3341 3592 3435 3647 sed
3464 3607 3527 3647 ex
3550 3604 3617 3646 eo

2023 3689 2312 3761 pervenire
2334 3697 2518 3758 posset
2561 3688 2628 3742 ad
2676 3688 2862 3751 vitam,
2893 3686 3037 3755 quod
3079 3686 3184 3740 illis
3211 3696 3321 3740 erat
3346 3685 3460 3754 ipse
3489 3683 3616 3740 sub-

2019 3782 2217 3854 jectus.
2250 3780 2404 3836 Unde
2434 3778 2763 3836 credendum
2812 3788 2895 3834 est
2937 3772 3063 3849 quia
3093 3776 3315 3834 si'nunc
3341 3777 3482 3833 Deus
3519 3776 3616 3831 ali-

2023 3889 2183 3946 quem
2212 3872 2558 3928 Ambrosium
2600 3872 2917 3936 suscitaret,
2949 3869 3112 3926 etiam
3144 3869 3482 3924 Theodosius
3511 3884 3615 3925 non

2026 3966 2266 4023 deesset.
2308 3966 2415 4021 Sed
2440 3980 2563 4021 cum
2611 3965 2785 4020 minor
2805 3974 2887 4019 est
2916 3962 3163 4035 exigendi
3196 3962 3411 4031 fiducia,
3444 3962 3617 4016 minor

2025 4069 2080 4117 et
2108 4059 2370 4115 reddendi
2411 4058 2649 4116 devotio.
2691 4057 2806 4114 Non
2840 4068 2924 4115 est
2950 4068 3128 4115 autem
3158 4074 3383 4130 magnus
3411 4067 3617 4116 amator

2027 4148 2301 4224 veritatis,
2346 4152 2435 4208 cui
2466 4166 2597 4209 eam
2636 4169 2884 4223 persona:
2932 4154 3274 4211 commendat
3302 4153 3627 4211 auctoritas.’

2027 4244 2137 4302 Sed
2186 4245 2441 4315 quoniam
2490 4245 2556 4300 ad
2598 4245 2731 4300 illud
2776 4261 2883 4317 quo
2932 4246 3073 4318 lengi
3122 4250 3389 4306 sermonis
3414 4252 3617 4310 ambitu

2028 4337 2382 4393 tendebamus
2429 4336 2718 4408 aliquando
2768 4350 3084 4410 perventum
3117 4352 3221 4412 est,
3274 4345 3500 4403 obsecro
3531 4357 3619 4417 te,

2026 4431 2450 4487 clementissime
2501 4431 2823 4501 imperator,
2884 4450 2981 4505 per
3048 4441 3513 4498 mansuetudinem
3569 4456 3625 4500 et

2027 4523 2349 4579 modestiam
2370 4522 2607 4594 Christi,
2634 4536 2693 4580 ut
2716 4524 2993 4596 indignum
3025 4545 3113 4585 me
3138 4546 3245 4587 non
3286 4530 3505 4605 indigne
3537 4550 3625 4591 ac-

1950 4617 2003 4676 l)
2029 4618 2197 4687 cipias
2218 4633 2393 4688 neque
2421 4633 2665 4689 spernas.
2715 4618 2849 4675 Nam
2878 4622 2923 4676 si
2954 4636 3081 4677 vera
3119 4632 3250 4679 sunt
3291 4640 3412 4695 qua:
3439 4626 3625 4682 dicun-

2028 4719 2147 4775 tur,
2172 4724 2279 4763 nnn
2307 4710 2429 4764 ideo
2467 4709 2668 4765 debent
2696 4710 2885 4783 abjici,
2908 4713 3051 4783 quod
3083 4729 3147 4769 ea
3190 4716 3341 4771 vobis
3378 4717 3623 4786 abjectus

2026 4803 2285 4859 insinuat.
2313 4803 2455 4871 Quid
2482 4804 2625 4860 enim
2655 4813 2745 4858 tua
2776 4804 3001 4861 interest
3031 4820 3125 4875 per
3151 4806 3307 4877 cujus
3336 4822 3398 4864 os
3429 4808 3522 4865 tibi
3546 4809 3624 4864 lo-

2026 4907 2223 4968 quatur
2262 4900 2493 4965 veritas,
2544 4914 2665 4969 quas
2713 4899 3005 4970 aliquando
3033 4899 3194 4955 etiam
3229 4915 3323 4970 per
3348 4915 3410 4955 os
3455 4902 3621 4958 asina:

2027 4990 2175 5061 loqui
2223 4990 2440 5061 dignata
2485 4992 2621 5046 est?
2662 4991 2815 5059 Quod
2850 4990 2903 5045 si
2945 4990 3154 5046 Natban
3189 4992 3445 5062 propheta
3476 5009 3621 5064 qure-

2027 5085 2228 5141 rendus
2286 5085 2531 5141 videatur
2582 5085 2793 5156 quoties
2842 5086 3089 5155 princeps
3142 5085 3475 5156 deliquerit,
3530 5088 3623 5145 ubi

2028 5191 2172 5230 nunc
2205 5178 2540 5231 inveniemus
2573 5176 2778 5230 Nathan
2799 5217 2814 5243 ,
2846 5187 2905 5230 ut
2932 5175 3182 5245 princeps
3226 5177 3375 5247 argui
3408 5180 3581 5246 possit
3604 5222 3617 5244 ,

2025 5284 2189 5340 quem
2223 5282 2474 5338 peccasse
2520 5280 2732 5325 certum
2782 5277 2865 5325 est
2910 5277 2970 5323 ut
3016 5267 3222 5323 David?
3276 5268 3343 5324 Et
3380 5270 3502 5326 ideo
3532 5271 3623 5341 qui

2031 5362 2275 5431 peccavit
2301 5377 2408 5415 non
2440 5360 2669 5416 alterum
2700 5359 2908 5416 Natban
2938 5370 3178 5431 quaerat,
3207 5362 3461 5431 quoniam
3494 5373 3624 5433 puto

2032 5453 2176 5524 quod
2208 5468 2308 5509 nec
2333 5453 2448 5523 ipse
2476 5464 2771 5523 prtesumat
2793 5454 3001 5510 meritis
3030 5469 3089 5510 se
3117 5470 3435 5526 comparare
3450 5456 3621 5513 sancti

2033 5546 2222 5602 David.
2253 5545 2529 5616 Siquidem
2557 5563 2661 5601 non
2686 5561 2853 5618 regno
2879 5554 3089 5602 tantum
3115 5590 3131 5615 ,
3155 5548 3325 5603 sed’in
3351 5548 3462 5618 ipsa
3490 5564 3626 5618 quo-

2031 5657 2135 5715 que
2159 5640 2436 5711 prophetia
2458 5640 2613 5711 cujus
2636 5640 2980 5696 selumtnodo
3004 5640 3227 5696 habebat
3253 5643 3621 5699 auctoritatem
