4094 6458
500 259 594 332 ηδε
1573 275 1870 333 FACUND!
1905 271 2120 330 EPlSC.
2165 267 2684 332 llERMlANENSES‘

3701 274 3814 346 85!

507 382 715 444 [\‘athan
735 431 750 453 ,
782 388 950 446 multo
975 389 1145 445 fuerat
1175 387 1529 446 excellentior
1559 405 1648 444 rex
1702 390 1886 444 [ὶηκίιὶ.
1915 388 1980 442 Et
2010 385 2096 440 ille
2129 388 2174 442 It
2206 384 2358 438 rillus
2382 385 2635 455 accedat,
2658 389 2750 458 qui
2779 387 2900 458 ejus
2927 389 3146 448 decreto
3176 395 3542 467 consentiens,
3565 403 3623 462 et
3642 395 3807 454 simul

501 487 854 540 vehementer
885 488 1166 554 increpans
1190 485 1771 554 peccatumprodebat
1802 487 2098 549 occultum;

503 589 604 631 nos
629 588 804 631 autem
841 577 938 631 hoc
967 579 1241 648 supplices
1273 577 1504 647 petitum
1536 576 1836 640 emendari,
1866 579 2006 648 quod
2056 576 2100 631 si

505 670 733 725 velimus
758 670 935 724 celare
957 687 1060 726 non
1094 686 1408 740 possumus,
1431 685 1532 725 nec
1552 684 1940 741 exaggeramus
1958 671 2102 740 qttod

505 779 612 820 non
647 765 696 822 in
722 766 917 818 mulius
949 775 1343 833 pcccatutnest.
1374 765 1439 820 Et
1471 781 1577 820 non
1611 766 1716 820 tale
1737 765 1940 836 aliquid
1970 768 2104 834 peti-

502 871 625 912 mus
658 858 889 928 corrigi,
919 859 1079 924 quale
1110 859 1210 914 fuit
1242 859 1383 928 quod
1415 857 1975 914 excommunicatione
2015 859 2102 912 ul—

499 948 814 1004 ciscebatur
859 950 1200 1008 Ambrosius.
1255 951 1388 1006 lllud
1422 952 1606 1018 enim,
1661 953 1908 1020 quamvis
1939 951 2104 1006 fuerit

497 1042 644 1095 male
673 1055 909 1109 gestum,
951 1042 1216 1098 creditum
1270 1051 1449 1098 tamen
1477 1051 1596 1120 erat
1625 1041 1917 1096 Theodosii
1952 1053 2101 1115 pete-

506 1135 653 1188 stati.
695 1134 849 1201 Quod
893 1145 1074 1192 autem
1121 1149 1270 1192 nunc
1316 1135 1516 1191 factum
1550 1144 1655 1200 est,
1685 1135 1767 1190 vel
1797 1136 1843 1190 si
1892 1144 2101 1191 rectum

499 1226 712 1296 luisset,
743 1238 891 1285 recte
920 1246 1025 1290 non
1057 1229 1215 1284 ﬁeret
1247 1247 1262 1284 ε
1295 1230 1418 1300 quia
1467 1229 1602 1284 nulli
1630 1244 1814 1298 regum
1849 1229 1976 1284 hinc
2004 1229 2105 1284 ali-

498 1321 627 1388 quid
655 1337 850 1392 agere,
882 1323 976 1378 sed
1004 1323 1134 1378 solis
1166 1322 1638 1378 estsacerdotibus
1669 1322 1875 1377 datum.
1902 1321 2102 1376 Verum

498 1414 582 1468 sic
642 1428 858 1484 quoque
902 1429 1247 1484 prteravens,
1295 1429 1362 1469 ne
1391 1414 1580 1470 videar
1619 1428 1951 1481 mensuram,
1996 1429 2102 1470 non

502 1507 719 1579 quidem
753 1508 938 1576 ofﬁcii,
989 1507 1084 1564 sed
1115 1508 1297 1564 meriti
1344 1511 1449 1562 mei
1507 1517 1917 1578 transgressus,
1969 1506 2103 1560 nihil

501 1600 628 1656 hinc
658 1601 926 1668 imputare
972 1614 1319 1671 praesumam.
1367 1600 1483 1657 lloc
1528 1609 1733 1658 tantum
1783 1601 2105 1668 simpliciter

504 1707 656 1763 rogo,
693 1703 753 1748 ut
789 1692 910 1753 illos
942 1693 1088 1762 ipsos
1111 1708 1248 1763 quos
1277 1693 1331 1747 in
1362 1694 1464 1748 isto
1491 1693 1710 1748 decreto
1743 1692 1944 1752 novitio
1975 1707 2104 1762 pro-

2209 478 2501 546 prohibcns
2544 482 2792 548 quaedam
2831 481 3113 539 Theodori
3159 484 3304 542 dicta
3347 487 3641 557 redargui,
3669 489 3814 545 dixit

2207 572 2350 640 quod
2377 572 2720 629 occasionem
2746 577 2985 632 facerent
3011 581 3283 635 contrario
3301 581 3574 650 dogmati,
3598 600 3707 652 quo
3729 592 3810 638 te-

2208 664 2477 720 nebantur
2506 667 2559 719 hi
2591 667 2681 736 qui
2729 683 2847 722 eam
2881 669 3233 734 condemnari
3265 673 3536 736 volebant.
3571 674 3814 728 Accedat

2206 759 2366 814 etiam
2400 761 2590 815 beatus
2632 762 2855 819 Proclus
2885 765 3545 834 Constantinopolimnus,
3575 769 3668 838 qui
3699 785 3828 824 ιιωιΔ

2206 853 2382 908 solum
2439 855 2638 922 pariter
2683 857 2852 911 vetuit
2889 857 3128 912 abdicari
3177 859 3564 927 Theodorum,
3615 877 3811 919 verum

2209 946 2371 1002 etiam
2406 955 2633 1003 testatus
2662 959 2746 1004 est
2793 952 2938 1023 quod
2968 967 3093 1007 eum
3143 969 3246 1010 nec
3295 955 3474 1010 vivum
3518 957 3814 1026 aliquando

2207 1039 2524 1109 culpaverit.
2559 1041 2795 1095 Accedat
2823 1043 2983 1098 etiam
3036 1046 3362 1101 venerabilis
3409 1048 3643 1103 Domnus
3693 1050 3816 1104 An-

2210 1129 2521 1195 tiochenus,
2567 1131 2660 1201 qui
2705 1133 2791 1187 sui
2849 1133 3155 1190 decessoris
3199 1136 3423 1194 Joannis
3471 1139 3815 1212 aliorumque

2210 1223 2629 1289 prmcedentium
2663 1226 2993 1295 collegarum
3023 1229 3343 1284 sententiam
3393 1241 3609 1297 tenens,
3639 1235 3813 1305 Euty-

2206 1314 2296 1370 chi
2347 1315 2654 1386 Apolinaris
2710 1318 3090 1376 hmresiarchre
3161 1323 3494 1392 impietatem
3543 1341 3816 1383 renovare

2209 1410 2435 1464 tentanti
2458 1455 2471 1476 ,
2497 1419 2551 1466 et
2581 1411 2649 1466 ob
2679 1412 2780 1468 hoc
2809 1413 3098 1470 Diodorum
3123 1427 3286 1486 atque
3306 1417 3646 1472 Theodorum
3673 1434 3808 1472 anas

2209 1502 2559 1558 thematiaare
2585 1507 2965 1573 prmsumenti,
3001 1508 3210 1576 primus
3239 1510 3438 1563 restitit
3463 1510 3528 1562 ad
3574 1509 3813 1577 impera-

2209 1603 2382 1649 torem
2415 1595 2781 1650 Theodosium
2813 1596 3075 1652 scribens.
3107 1598 3312 1664 Quibus
3338 1585 3622 1665 omnibus,
3655 1611 3713 1652 ut
3738 1601 3814 1653 de

2206 1701 2440 1756 persona
2467 1686 2738 1742 Theodori
2766 1689 3206 1758 praejudicaretur
3228 1689 3655 1744 Chalcedonensi
3678 1705 3812 1744 con-

499 1786 748 1841 havimus
796 1802 918 1844 esse
964 1787 1282 1853 damnatos,
1347 1786 1491 1843 tideli
1541 1797 1724 1843 mente
1772 1785 2101 1842 consideres.
2134 1779 2355 1847 BciliO,
2387 1793 2542 1848 mttth
2589 1779 2878 1835 anathema
2907 1780 3110 1835 dictum
3159 1789 3274 1850 cst,
3306 1782 3448 1852 quod
3495 1795 3592 1836 suo
3620 1797 3814 1836 exem-

499 1873 768 1947 lmprimis
799 1879 1108 1948 Philippum
1130 1889 1186 1934 et
1213 1879 1476 1933 Thomam
1526 1876 1723 1941 Christi
1754 1878 2050 1948 discipulos
2081 1917 2097 1945 ,

501 1972 594 2037 qui
624 1970 694 2024 ob
721 1972 824 2028 hoc
849 1971 1139 2028 anathema
1171 1971 1294 2028 iacti
1343 1980 1471 2025 sunt
1511 1970 1655 2042 quod
1686 1971 1976 2040 aliquando
2023 1971 2104 2026 his

504 2075 626 2132 quae
660 2061 858 2122 dicitur
884 2064 1134 2131 sapuisse
1169 2062 1490 2120 Theodorus
1538 2063 1733 2119 similia
1789 2071 2103 2134 sapucrunt.

512 2154 718 2209 Deinde
748 2163 964 2210 sanctos
986 2155 1173 2210 Patres
1200 2153 1292 2225 qui
1320 2152 1664 2210 Chalcedona
1706 2163 2102 2224 convenerant,

505 2255 557 2300 et
589 2247 876 2312 epistolam
928 2245 1033 2301 lb:e
1079 2244 1503 2302 reverentissimi
1535 2247 1775 2316 episcopi
1809 2262 1902 2315 per
1951 2261 2104 2308 suam

505 2337 830 2398 sententiam
860 2347 1062 2392 rectam
1085 2351 1208 2393 esse
1231 2336 1520 2403 dixerunt;
1553 2353 1655 2393 nec
1683 2340 2107 2394 anathematiza-

508 2437 708 2482 verunt
747 2427 1093 2484 Theodorum
1139 2428 1509 2498 Mopsuestiut,
1541 2443 1663 2484 cum
1689 2445 1754 2485 ex
1799 2445 1860 2486 ea
1891 2430 2105 2486 recitari

501 2519 694 2574 laudes
741 2519 860 2588 eius
909 2521 1160 2576 audirent
1209 2535 1224 2576 :
1273 2523 1493 2592 insuper
1541 2529 1597 2578 et
1648 2523 1932 2591 epistolam
1966 2522 2107 2578 beati

505 2608 701 2665 lacunis
734 2611 942 2668 illarum
994 2609 1344 2680 epistularum
1375 2611 1625 2682 exemplo
1675 2613 1761 2667 vel
1794 2614 2106 2670 testimonio

506 2699 863 2764 defenderunt
886 2742 900 2766 ,
925 2701 977 2756 in
1009 2701 1204 2771 quibus
1235 2710 1289 2757 et
1308 2701 1566 2758 defensus
1583 2713 1665 2758 est
1686 2701 1829 2758 idem
1857 2704 2107 2760 Theodo-

504 2799 597 2849 rus
624 2802 680 2851 et
721 2794 993 2849 laudatus.
1034 2793 1278 2862 Quorum
1309 2793 1698 2872 venerabilium
1745 2794 1966 2850 Patrum
1997 2796 2106 2867 pri-

505 2903 652 2942 mum
696 2896 1055 2942 memoratum
1091 2887 1327 2942 Leonem
1373 2883 1552 2940 animo
1583 2886 1985 2954 contemplare,
2014 2889 2102 2958 qui

506 2988 731 3050 propter
761 2978 905 3050 quod
937 2978 1250 3048 approbatis
1271 2976 1440 3048 gestis
1467 2977 1711 3048 ejusdem
1738 2978 1949 3034 concilii
1971 2989 2105 3047 prae-

508 3075 707 3130 dictam
758 3089 864 3128 non
912 3071 1385 3138 anathematizavit
1443 3071 1764 3140 epistolam,
1810 3086 1933 3126 cum
1988 3073 2104 3142 ipso

2208 1869 2320 1940 plo,
2351 1870 2468 1928 sive
2499 1872 2842 1942 testimonio,
2889 1872 2976 1928 vel
3019 1872 3244 1929 decreto
3295 1874 3692 1944 prohibuerunt
3739 1891 3812 1931 ne

2207 1973 2305 2020 aut
2341 1965 2443 2034 ipsi
2507 1977 2602 2020 aut
2651 1966 2993 2036 dogmatibus
3021 1965 3140 2036 ejus
3188 1966 3476 2022 anathema
3505 1969 3812 2024 diceretur.

2209 2059 2318 2115 Sed
2363 2074 2492 2116 ecce
2522 2075 2621 2116 nos
2649 2099 2664 2124 ,
2695 2061 2946 2129 religiose
2991 2061 3286 2130 imperator
3310 2104 3327 2130 ,
3359 2077 3689 2132 quocunque
3719 2065 3812 2116 ni-

2209 2167 2275 2208 su
2329 2161 2408 2207 tot
2453 2164 2668 2208 sanctas
2720 2155 3151 2224 reverendasque
3183 2169 3448 2223 personas
3475 2155 3525 2209 in
3577 2169 3813 2221 consrie-

2208 2255 2353 2300 etum
2379 2255 2484 2301 tua:
2514 2248 2712 2302 mentis
2742 2246 3070 2302 adduximus
3096 2265 3109 2300 :
3139 2247 3262 2317 quis
3291 2247 3469 2310 dabit,
3502 2258 3561 2301 ut
3588 2250 3642 2301 tu
3671 2262 3828 2316 qun--

2209 2338 2687 2404 queconsideraus
2730 2338 2874 2408 quod
2925 2353 2990 2393 ex
3033 2339 3140 2395 illis
3187 2340 3297 2394 sint
3345 2341 3433 2394 isti
3463 2340 3813 2396 condemnati

2207 2432 2299 2499 qui
2334 2432 2385 2483 in
2436 2431 2846 2500 regeneratione
2872 2435 3140 2498 iustorum
3166 2471 3182 2498 ,
3232 2447 3355 2487 cum
3402 2433 3606 2487 sederit
3637 2432 3816 2488 Filius

2212 2523 2446 2578 hominis
2473 2525 2526 2578 in
2555 2525 2687 2579 sede
2717 2525 3014 2593 maiestatis
3043 2539 3177 2591 sum,
3209 2526 3472 2580 sedebunt
3495 2533 3551 2579 et
3580 2526 3679 2593 ipsi
3710 2541 3813 2580 su-

2211 2631 2307 2685 per
2353 2617 2516 2673 sedes
2567 2617 2854 2673 duodecim
2919 2617 3224 2689 judicautes
3289 2617 3574 2672 duodecim
3632 2619 3830 2674 tribus

2207 2709 2404 2778 Israel,
2454 2709 2562 2764 illis
2611 2709 2783 2764 oculis
2839 2710 2891 2764 in
2949 2725 3045 2764 eos
3096 2709 3344 2764 intendas
3396 2709 3593 2778 quibus
3654 2718 3708 2762 tc
3735 2711 3814 2762 ab

2207 2804 2287 2856 eis
2337 2817 2443 2857 non
2501 2801 2718 2856 dubitas
2767 2801 3157 2869 iudicandum,
3239 2815 3344 2853 non
3414 2799 3610 2868 quibus
3662 2815 3814 2854 nunc

2206 2892 2408 2948 Christi
2457 2893 2768 2950 sacerdotes
2816 2893 3086 2960 conspicis
3131 2891 3198 2945 ad
3239 2900 3451 2958 tempus
3500 2890 3595 2943 tibi
3626 2890 3814 2959 subje-

2205 2987 2365 3040 ctos?
2390 2986 2600 3041 Intuere
2622 2985 2782 3055 igitur
2795 2985 2966 3039 oculis
2983 2983 3104 3039 ﬁdei
3119 2995 3224 3053 qua
3245 2983 3422 3038 credis
3435 2982 3488 3036 in
3502 2982 3809 3050 Christum,

2208 3078 2352 3133 velut
2380 3079 2434 3132 in
2474 3077 2702 3147 quadam
2749 3077 2956 3133 caelesti
3003 3077 3151 3130 curia
3180 3075 3540 3140 considentes,
3590 3089 3827 3132 summa

429 3206 432 3210 η
507 3166 938 3223 Chalcedonensi
961 3166 1236 3223 conc'dioa
1259 3180 1367 3234 quo
1389 3163 1523 3234 judit
1545 3174 1630 3220 ala
1659 3174 1742 3220 est
1767 3167 2094 3236 orthodoxa,
2127 3160 2170 3220 (ἶ
2203 3185 2257 3228 et
2313 3173 2487 3242 primo
2535 3173 2656 3228 loco
2697 3165 3002 3240 Philippum
3049 3181 3108 3225 et
3164 3171 3424 3224 Thomam
3474 3170 3826 3224 reverendus

503 3262 790 3315 anathema
833 3259 1004 3314 factus
1046 3269 1150 3313 est.
1194 3255 1522 3313 Orientalem
1553 3273 1768 3329 quoque
1795 3259 2057 3330 synodum
2083 3301 2098 3328 ,

505 3368 667 3423 quant
702 3367 732 3408 a
761 3351 1160 3421 sapientissimo
1204 3351 1412 3406 Joanne
1441 3351 1778 3406 Antiocheno
1807 3367 2102 3424 congrega-

508 3445 619 3503 tatn
650 3487 666 3513 ,
691 3455 744 3501 ct
773 3462 803 3501 a
825 3444 1263 3502 Chalcedonensi‘
1277 3445 1506 3500 concilio
1535 3444 1884 3515 approbatum
1915 3455 2100 3500 osteno

508 3539 687 3594 dimns
711 3539 951 3603 intuere,
977 3536 1122 3607 quod
1160 3537 1175 3568 ¹
1207 3551 1313 3594 non
1345 3537 1518 3593 solum
1553 3551 1658 3591 non
1684 3536 2105 3592 anathematiza-

505 3633 588 3686 vit
611 3631 956 3687 Theodorum
1002 3621 1344 3701 Mopsuestia:
1375 3641 1428 3686 et
1459 3631 1578 3701 ejus
1601 3632 1848 3702 dogmata
1873 3673 1890 3697 ,
1915 3648 2100 3687 verum

507 3725 669 3779 etiam
700 3723 1143 3780 anathematizari
1169 3723 1466 3794 prohibuit,
1501 3739 1567 3779 eo
1595 3724 1738 3795 quod
1769 3724 1934 3779 multa
1953 3725 2099 3780 simi-

505 3815 633 3871 liter
655 3815 798 3871 d:cta
843 3824 901 3872 et
943 3815 1011 3870 ab
1046 3815 1166 3870 aliis
1193 3813 1557 3870 anterioribus
1602 3824 1657 3869 et
1701 3815 1948 3884 gloriosis
1982 3815 2104 3887 ejus

504 3906 754 3963 Pattibus
785 3907 1078 3964 inveniret.
1105 3907 1199 3964 Cui
1248 3915 1450 3961 sanctae
1495 3905 1850 3962 Orientalium
1895 3909 2102 3978 synodo

507 3999 655 4054 velut
676 3997 1058 4069 praesidentem
1087 3997 1270 4066 aspice
1297 3997 1558 4052 Joannem
1610 3995 2096 4067 ConstantinOpoli-

507 4101 693 4147 tanuut
719 4133 735 4160 ,
759 4087 1031 4146 Theodori
1058 4090 1490 4160 condiscipulum
1510 4131 1526 4158 ,
1560 4098 1616 4145 et
1644 4088 1962 4160 Gregorium
1999 4090 2104 4146 Na-

507 4184 824 4238 z‘ianzeuum
861 4203 873 4235 :
907 4198 1138 4252 quorum
1165 4185 1447 4238 sententiae
1472 4195 1777 4251 congruens
1797 4223 1810 4248 ,
1842 4181 2102 4239 adversus

505 4276 868 4332 calumniosos
903 4276 1158 4332 Ecclesia:
1187 4276 1602 4332 conturbatorcs
1645 4277 1888 4344 ejusdem
1926 4277 2104 4332 Theo-

503 4370 626 4424 dori
644 4371 839 4440 scripta
869 4369 1128 4426 defendit.
1164 4371 1301 4426 lluic
1332 4369 1540 4442 synodo
1565 4371 1636 4425 eti
1661 4387 1728 4424 um
1780 4372 1967 4427 beatus
1998 4373 2102 4442 (Ty-

579 4528 594 4558 ¹
623 4522 758 4582 Cod.
798 4527 1018 4590 Veron.,
1060 4541 1192 4597 qum.

1290 4693 1633 4706 -—————._—_—

1589 4711 1746 4721 ———

1030 4691 1284 4702 ,α’-...ᾑ-

501 4677 1022 4720 $27....-

2205 3267 2498 3334 aposmlos,
2519 3263 2763 3334 sequenti
2787 3263 2984 3318 deinde
3008 3262 3199 3319 ordine
3221 3275 3410 3317 omnes
3429 3277 3657 3332 quorum
3680 3278 3816 3318 sen-

2207 3360 2402 3416 tentias
2449 3358 2888 3422 memoravimus,
2929 3357 3198 3425 simulque
3248 3354 3528 3409 datnnatos
3559 3367 3682 3409 esse
3709 3354 3816 3408 do-

2205 3453 2437 3514 cuimus,
2469 3451 2814 3506 beatissimos
2843 3448 3071 3503 Patres:
3099 3447 3296 3517 quibus
3344 3447 3472 3502 licet
3515 3461 3612 3516 pro
3644 3456 3816 3501 tanta:

2205 3557 2384 3600 causa:
2414 3545 2608 3600 merito
2646 3545 2810 3598 verba
2843 3543 3064 3600 minime
3105 3541 3484 3596 commendare
3510 3541 3814 3613 possimus,

2203 3639 2328 3708 quia
2357 3652 2459 3693 nec
2500 3649 2720 3706 persona
2754 3635 3018 3705 permisit,
3050 3634 3167 3704 quis
3208 3644 3386 3689 tamen
3437 3647 3620 3687 eorum
3679 3648 3816 3686 con-

2205 3731 2575 3788 demnationis
2618 3731 2865 3785 conscius
2892 3727 3018 3794 ,vel
3062 3727 3277 3782 tacitum
3319 3723 3468 3782 ferre
3519 3726 3691 3795 possit
3717 3741 3816 3780 as-

2205 3837 2445 3895 pectum,
2477 3838 2597 3877 cum
2629 3822 2859 3877 ﬁdeliter
2915 3819 3303 3891 intelligentem
3343 3819 3512 3888 magis
3569 3825 3817 3874 terreant

2205 3920 2324 3987 ipso
2349 3917 2605 3972 silentio“!
2654 3915 2915 3970 Videntur
2942 3917 3086 3970 enim
3119 3929 3212 3982 per
3247 3913 3348 3968 hoc
3402 3912 3819 3967 condemnatio-

2205 4024 2330 4065 nem
2358 4023 2532 4071 suam,
2566 4006 2666 4061 nisi
2699 4006 3014 4074 quantocius
3035 4004 3308 4060 auferatur
3334 4045 3350 4071 ,
3389 4001 3574 4057 futuro
3598 4002 3817 4070 judicio

2198 4113 2540 4167 reservasse,
2569 4101 2722 4170 cujus
2753 4109 2807 4153 et
2840 4097 3246 4152 irretractahilis
3275 4095 3385 4150 erit
3416 4095 3708 4159 sententia,
3754 4101 3822 4148 et-

2205 4196 2325 4250 sine
2357 4197 2462 4253 line
2483 4204 2800 4266 perpetuum
2830 4189 2973 4263 quod
3001 4188 3325 4245 sententiam
3351 4185 3515 4242 fuerit
3539 4200 3817 4242 consecu-

2207 4298 2351 4344 tum.-

1378 4831 1753 4894 SYNOPSiS
1811 4836 2220 4905 CHRO’NICA
2277 4841 2681 4907 ANNORUM
2739 4839 2884 4901 νιιι

861 4984 1142 5062 Prwcipua'
1172 5009 1384 5065 quisque
1415 4995 1649 5066 digerens
1681 5004 1727 5050 et
1757 4997 2048 5068 illustrem,
2081 5019 2194 5072 qua:
2232 5006 2467 5061 iniriam
2497 5002 2864 5077 Capitulorum
2885 5019 3050 5069 causa
3075 5003 3416 5075 contigerunt.

571 5163 721 5212 Auno
749 5154 941 5212 Christi
966 5153 1091 5210 5w.
1125 5155 1454 5216 Justinianus
1491 5155 1781 5225 imperator
1813 5156 2087 5213 Theodori

500 5247 852 5306 Caesariensis
881 5246 1118 5315 episcopi
1151 5259 1312 5302 suasu
1346 5245 1537 5302 librum
1567 5247 1680 5303 edit
1709 5247 1968 5302 adversus
1997 5249 2095 5302 tria

499 5339 772 5408 Capitula,
802 5351 1100 5408 eorumque
1120 5335 1455 5392 damnationi
1481 5337 1734 5398 Mennam
1757 5336 1861 5392 CP.
1887 5347 1942 5392 et
1963 5339 2096 5392 alios

500 5429 834 5500 patriarchas
862 5444 986 5484 cum
1011 5429 1279 5498 episcOpis
1307 5430 1418 5494 suis
1443 5430 1784 5500 subscribere
1810 5432 1974 5501 cogit.
2003 5431 2084 5487 Vi-

499 5522 682 5590 giliutn
707 5521 868 5576 etiam
896 5520 1083 5593 eadem
1115 5535 1181 5578 ex
1210 5535 1373 5577 causa
1401 5519 1568 5576 Roma
1595 5532 1809 5578 evocat.

569 5611 718 5666 Arma
755 5611 946 5666 Christi
990 5611 1117 5668 547.
1147 5612 1373 5683 Vigilius
1417 5613 1607 5668 urbem
1651 5612 1852 5682 regiam
1892 5613 2099 5683 ingres'

501 5714 595 5756 sus
622 5718 713 5756 vnt
757 5701 1013 5758 kalendas
1047 5703 1362 5768 Februarii,
1408 5705 1658 5760 Mennam
1699 5716 1755 5760 et
1783 5706 1916 5761 alios
1943 5707 2095 5776 Capi-

516 5785 739 5850 iaiorum
770 5796 1112 5854 damnatores
1145 5812 1174 5853 a
1201 5798 1580 5855 communione
1616 5799 1916 5865 suSpeudit.
1951 5799 2097 5859 Mett-

2151 5214 2153 5216 .
2206 5177 2328 5216 nam
2356 5174 2561 5232 postea,
2579 5159 2880 5222 Theodoro:
2902 5165 3038 5234 Aug.
3067 5169 3274 5231 rogatu,
3294 5161 3344 5213 in
3366 5158 3818 5214 communionem

2203 5257 2399 5326 recipit
2429 5257 2516 5312 die
2545 5255 2614 5309 2f}
2640 5255 2804 5310 Junii.
2835 5254 3171 5311 Justinianus
3203 5253 3402 5313 frustra
3431 5253 3535 5304 vim
3583 5249 3819 5306 adhibet

2205 5354 2314 5403 uta
2341 5341 2532 5417 Vigilio
2557 5348 2960 5408 damnationem
2993 5353 3329 5415 extorqueat.

2278 5441 2426 5494 Anno
2445 5437 2640 5494 Christi
2660 5439 2785 5495 548.
2803 5439 3028 5508 Vigilius
3051 5439 3193 5505 pacis
3211 5437 3392 5492 gladio
3417 5436 3482 5491 ad
3500 5437 3816 5492 damnantia

2207 5529 2452 5599 Capitula
2500 5530 2729 5587 inﬂexus
2759 5543 3083 5587 conventum
3118 5531 3283 5586 habet
3306 5529 3686 5600 cpisc0porum
3718 5532 3816 5585 cui

2211 5623 2497 5679 Facundus
2537 5623 2815 5690 interluit,
2846 5634 2903 5680 et
2930 5638 3080 5679 suam
3113 5638 3549 5696 unumquemque
3582 5631 3820 5678 senten-

2211 5714 2338 5769 tiam
2370 5715 2575 5784 scripto
2603 5715 2845 5785 proferre
2871 5716 3044 5784 jubet.
3081 5717 3280 5771 Allatas
3312 5718 3377 5770 ad
3406 5731 3465 5771 Se
3496 5717 3816 5783 responsio-

2211 5819 2308 5865 nes
2341 5805 2721 5881 episcoporum
2769 5808 2933 5866 mittit
2977 5807 3030 5865 in
3077 5807 3368 5881 palatium:
3415 5819 3468 5866 et
3505 5805 3816 5880 judicatuut
