4094 6486
251 332 363 387 sua

1418 336 1619 392 LIBER
1657 335 1934 393 CONTRA
1969 337 2343 396 MOClANUM.

3421 341 3525 396 856

253 452 368 519 ipse
393 449 460 503 ad
492 449 734 504 lllennam
749 446 982 505 Sabbato
1004 459 1189 506 sancto
1212 450 1434 520 profert,
1460 452 1511 506 in
1536 468 1641 522 quo
1662 452 1839 507 Theo-
1866 457 1914 515 Α
1945 463 2093 522 gates
2124 465 2480 520 sacramento,
2514 455 2651 511 redit
2671 454 2725 511 in
2756 455 2974 512 domum
3004 448 3382 511 Placidianatn.
3420 457 3529 513 Sed

252 543 441 598 dormn
469 540 905 611 Mopsuestenum
936 559 1057 598 cum
1089 544 1424 613 dogmatibus
1454 536 1594 609 suis,
1625 545 1837 613 lbzequc

254 634 557 702 epistulam,
592 642 648 688 et
675 635 870 703 scripta
902 635 1246 697 Theodoreti,
1276 635 1427 691 salva
1452 635 1641 704 synodi
1672 636 1833 691 Chal-

251 725 575 781 cedonensis
620 727 962 791 reverentia,
1013 726 1329 790 damnabat,
1381 727 1557 791 Afris,
1604 726 1835 798 Illyriis,

254 818 545 882 Daimatis,
577 818 804 887 aliisque
845 820 899 874 in
930 820 1088 874 trium
1124 817 1482 887 Capitulorum
1524 819 1840 876 defensione

253 912 640 984 perstantibus.

324 1005 473 1057 Anno
504 1002 694 1058 Christi
722 1001 846 1058 549.
882 1004 1143 1060 Rusticus
1173 1012 1227 1061 et
1252 1005 1600 1060 Sebastianus
1628 1005 1837 1061 diaconi

255 1094 356 1148 sub
386 1094 509 1147 anni
539 1093 822 1148 exordium
859 1110 888 1147 a
920 1095 1108 1163 Vigiiio
1133 1095 1424 1161 deﬁciunt,
1467 1108 1519 1154 et
1543 1084 1837 1166 judicatum

258 1187 649 1254 itnpugnantcs,
672 1187 915 1253 Vigilium
949 1202 1042 1255 per
1070 1188 1389 1253 provincias,
1425 1197 1674 1257 tanquam
1705 1205 1837 1258 syn-

255 1278 340 1330 odi
388 1276 844 1333 Chalcedonensis
886 1281 1347 1346 praevaricatorem
1392 1280 1674 1335 infamant.
1725 1282 1839 1348 Qua

256 1370 323 1424 de
348 1383 405 1422 re
429 1367 623 1423 missus
647 1370 716 1424 ab
739 1370 1028 1425 Aureliano
1058 1369 1359 1425 Arelatensi
1388 1372 1724 1439 Anastasius,
1756 1372 1844 1427 lit-

257 1472 397 1516 teras
432 1460 623 1527 Vigilio
646 1462 820 1515 attulit
850 1462 1021 1530 pridie
1046 1462 1169 1516 ldus
1192 1462 1377 1517 Julias.

327 1553 478 1605 Anno
521 1552 707 1605 Christi
749 1552 876 1607 550.
910 1554 1132 1623 Vigilius
1172 1554 1545 1609 Valentiniano
1584 1556 1841 1625 episcopo

256 1642 493 1715 Scythiae
542 1659 609 1697 xv
641 1642 894 1700 kalendas
935 1647 1169 1713 Aprilis,
1216 1656 1270 1699 et
1315 1647 1609 1702 Aureliano
1648 1650 1841 1703 Arela-

256 1736 392 1790 tensi
425 1750 483 1788 nt
521 1734 777 1790 kalendas
801 1735 921 1790 Maii
965 1736 1243 1802 rescribit,
1278 1738 1477 1792 docens
1522 1739 1573 1791 in
1601 1739 1840 1806 judicato

1943 546 2127 600 multis
2154 561 2366 601 rursum
2397 546 2607 616 injuriis
2631 546 2855 603 all‘ectus
2873 588 2887 613 ,
2914 554 2969 602 et
3004 547 3211 602 insidiis
3235 546 3524 618 appetitus,

1942 649 2105 692 noctu
2144 638 2336 693 iterum
2380 640 2481 695 sub
2522 640 2699 695 natale
2739 639 2934 695 Christi
2972 639 3369 696 Chalcedonem
3400 640 3527 696 abiit

1941 727 2007 783 ad
2036 739 2279 783 sanctam
2310 730 2684 799 Euphemiam.

2014 820 2161 872 Anno
2190 819 2532 877 ειινὶδεί559.
2573 822 2715 877 Missi
2757 837 2786 877 a
2829 821 3132 878 Iustiniano
3176 824 3243 879 ad
3275 838 3553 881 revocan-x

1941 910 2067 966 dum
2104 911 2351 982 Vigilium
2376 921 2652 968 senatores
2692 930 2785 968 sex
2814 930 2843 967 v
2875 913 3131 969 kalendas
3164 914 3437 971 Februarii
3471 932 3529 971 re

1944 1001 2139 1055 iniecta
2180 1002 2428 1057 redeunt.
2462 1002 2657 1059 Missus
2697 1004 2857 1058 etiam
2903 1007 3131 1061 seorsim
3169 1008 3334 1063 semel
3372 1017 3530 1076 atque

1943 1090 2134 1145 iterum
2167 1090 2359 1146 Petrus
2387 1094 2802 1159 referendarius,
2837 1096 3009 1163 primo
3038 1111 3158 1151 cum
3187 1096 3372 1153 charta
3403 1112 3530 1153 con-

1904 1242 1913 1253 .
1943 1182 2177 1236 tnuie‘i's
2206 1181 2256 1235 in
2286 1181 2537 1251 Vigilium
2584 1183 2777 1240 referta
2815 1186 2984 1253 pridie
3011 1185 3266 1242 kalendas
3286 1227 3301 1251 ,
3334 1187 3531 1244 deinde

1944 1283 1997 1325 ut
2030 1272 2095 1327 ad
2144 1273 2373 1328 reditum
2410 1275 2712 1341 excitaret,
2761 1276 2937 1344 pridie
2978 1290 3167 1332 nonas.
3209 1277 3372 1333 Nonis
3402 1292 3529 1334 vero

1944 1365 2217 1422 Februarii
2251 1367 2476 1436 Vigilius
2508 1367 2834 1439 encyclieam
2876 1368 2947 1425 de
2985 1369 3374 1428 calamitatibus
3417 1371 3529 1426 suis

1943 1458 2164 1523 εει-ὠὴ,
2215 1457 2671 1528 depositionisque
2715 1458 3037 1513 sententiam
3087 1462 3140 1513 io
3182 1460 3525 1514 Theodorum

1943 1566 2101 1619 quam
2131 1559 2254 1604 ante
2284 1566 2376 1606 sex
2412 1566 2626 1605 menses
2654 1552 2991 1616 condiderat,
3027 1552 3228 1622 profert
3251 1554 3303 1606 in
3332 1553 3525 1607 lucem.

1948 1644 2148 1697 Edictis
2194 1644 2432 1709 posthaec
2477 1643 2702 1699 sublatls
2749 1659 2779 1700 a
2837 1645 3167 1709 Iustiniano,
3230 1645 3530 1716 libellisque

1947 1735 2071 1790 ﬁdei
2108 1742 2161 1789 et
2210 1735 2536 1804 pmuitentiae
2571 1737 2764 1791 oblatis
2809 1752 2840 1791 a
2882 1736 3069 1793 Munna
3094 1778 3107 1801 ,
3147 1738 3431 1792 Theodoro
3474 1743 3531 1793 et

256 1842 353 1880 sun
380 1826 511 1879 nihil
534 1826 826 1881 admissum
849 1826 1012 1883 fuisse
1041 1836 1226 1882 contra
1248 1829 1510 1898 synodum
1541 1828 1836 1884 Chalcedo-
1872 1824 1920 1883 B
1948 1825 2089 1891 aliis,
2119 1825 2458 1882 Chalcedone
2485 1827 2669 1883 relicta
2700 1829 2838 1883 redit
2864 1828 3400 1897 Constantinepulim.

255 1934 500 1975 nensetn.
528 1920 750 1976 Rustico
770 1932 823 1977 et
853 1920 1170 1978 Sebastiano
1199 1919 1314 1978 lalSi
1349 1925 1583 1977 rumoris
1608 1925 1839 1978 auctori-

258 2014 356 2067 bus
378 2014 573 2083 gradus.
599 2014 680 2069 sui
711 2015 970 2071 honorem
996 2024 1050 2071 et
1077 2016 1432 2071 ministerium
1460 2016 1700 2086 abrogat.
1735 2016 1839 2070 Ur-

256 2114 413 2177 gente
442 2120 602 2176 porro
627 2106 950 2173 Justiniano,
982 2117 1039 2163 ut
1068 2108 1311 2164 absolute
1341 2124 1403 2163 ac
1423 2110 1540 2163 sine
1567 2108 1843 2164 mentione

256 2197 446 2268 synodi
480 2196 718 2269 Capitula
750 2200 1066 2267 damnaret,
1100 2215 1217 2255 rem
1260 2201 1325 2255 ad
1359 2201 1640 2256 concilium
1680 2215 1844 2270 gene-

257 2290 367 2344 rali:
396 2289 741 2347 deferendam
777 2292 1060 2360 persuasit,
1092 2293 1665 2362 receptoqueinterim
1719 2307 1840 2347 cum

258 2384 486 2437 aliorum
528 2383 904 2453 episcuporum
966 2384 1212 2440 manibus
1253 2385 1492 2454 judicato
1534 2385 1675 2455 quod
1719 2396 1847 2440 ante

259 2473 485 2542 fecerat,
519 2490 731 2530 omnem
762 2475 1017 2547 deinceps
1040 2491 1207 2547 usque
1234 2477 1299 2532 ad
1330 2478 1614 2534 cont-ilium
1646 2478 1712 2533 de
1738 2478 1843 2533 Ca-

258 2563 439 2632 pitulis
464 2564 813 2633 quaestionem
839 2575 1109 2622 annuente
1140 2566 1383 2636 principe
1408 2568 1700 2622 interdicit.

330 2653 478 2707 Anno
505 2652 691 2709 Christi
718 2654 843 2711 551.
888 2657 1221 2713 JuStinianus
1251 2658 1536 2730 instigante
1562 2659 1847 2715 Theodoro

260 2743 434 2798 edicta
480 2745 530 2799 in
576 2744 941 2815 Capitulorum
984 2748 1382 2805 damnationem
1407 2758 1593 2805 contra
1626 2749 1848 2805 interdi-

259 2846 403 2891 ctum
438 2837 711 2906 proponit.
745 2838 974 2909 Vigilius
1003 2840 1290 2908 reclamat,
1326 2848 1382 2896 et
1417 2841 1851 2896 excommunica-

261 2931 462 2983 tionem
488 2930 541 2983 in
564 2944 659 2984 eos
680 2931 868 2986 indicit
889 2931 975 3001 qui
1002 2947 1283 2988 assensum
1307 2934 1654 3003 praebuerint.
1678 2934 1851 2999 Quam

261 3020 328 3075 ob
356 3035 467 3075 rem
511 3022 737 3077 incenso
762 3023 838 3077 ira
881 3023 1220 3092 Justiniano,
1252 3026 1305 3081 in
1346 3027 1622 3081 basilicam
1666 3025 1848 3081 Sancti

264 3111 403 3166 Petri
452 3113 506 3167 in
550 3115 832 3171 llormisda
872 3115 1111 3185 Augusto
1158 3132 1344 3172 mense
1382 3118 1664 3186 confugit:
1709 3117 1850 3172 unde

2015 1919 2165 1972 Anno
2214 1919 2404 1972 Christi
2443 1917 2569 1974 555.
2616 1920 2992 1975 Professiones
3038 1920 3155 1973 alite
3199 1920 3395 1989 Vigilio
3426 1920 3531 1975 die

1945 2014 2416 2084 Theophaniorum
2463 2014 2622 2068 editae
2652 2028 2683 2066 a
2733 2012 3088 2083 patriarchis,
3139 2012 3399 2083 Eutycbio
3441 2014 3531 2083 qui

1944 2106 2149 2162 Menum
2186 2114 2398 2161 mortuo
2436 2114 2801 2172 successerat,
2851 2104 3165 2174 Apolinario
3205 2113 3259 2162 et
3303 2105 3529 2160 Domno.

1918 2196 2195 2272 ‘Synodus
2223 2218 2257 2255 v
2282 2201 2546 2271 generalis
2573 2200 2821 2256 inchoata
2852 2215 2904 2253 ιν
2934 2214 3104 2254 nonas
3136 2199 3282 2254 Mai.
3309 2198 3404 2254 Cui
3440 2200 3534 2254 ab-

1949 2310 2124 2349 nuens
2154 2294 2416 2349 interesse
2436 2292 2684 2361 Vigilius,
2715 2302 2775 2347 ut
2801 2307 2951 2347 suam
2980 2294 3183 2362 scripto
3212 2293 3535 2348 sententiam

1949 2394 2320 2454 expromeret,
2358 2384 2703 2439 constitutum
2737 2384 2909 2453 pridie
2950 2384 3065 2437 idus
3102 2383 3265 2438 Maias
3292 2384 3437 2439 misit
3465 2384 3548 2439 ad-

1948 2479 2327 2546 Iustinianum,
2360 2480 2415 2534 in
2445 2494 2550 2549 quo
2584 2480 2743 2534 trium
2769 2478 3134 2548 Capitulorum
3163 2480 3534 2537 defensionem

1951 2573 2193 2640 resumit,
2224 2572 2367 2629 etde
2396 2572 2462 2627 iis
2491 2587 2612 2642 qua:
2640 2587 2668 2625 a
2700 2572 2907 2644 synodo
2934 2573 3356 2628 Chalcedonensi
3394 2573 3536 2643 judi«

1949 2676 2067 2719 cata
2090 2667 2330 2731 fuerant,
2365 2666 2551 2719 novari
2578 2665 2863 2735 quidquam
2892 2674 3056 2721 vetat.
3086 2665 3351 2722 Caeterum
3378 2682 3537 2739 synn-

1951 2758 2050 2810 dus
2086 2773 2117 2807 v
2158 2758 2256 2810 tria
2302 2757 2543 2825 Capitula
2584 2755 2883 2811 damnaxit.
2927 2756 3151 2826 Vigilius
3190 2771 3351 2823 vero,
3395 2757 3538 2827 quod

1951 2847 2352 2902 damnationem
2383 2846 2684 2917 approbare
2713 2845 3018 2917 refugeret,
3054 2848 3108 2902 in
3135 2848 3380 2903 exsilium
3423 2850 3540 2917 pul-

1952 2952 2065 2993 sus.
2115 2938 2243 2993 lude
2272 2937 2479 3007 aliquot
2504 2949 2623 3006 post
2652 2953 2825 2994 armos
2862 2939 3099 2994 Narsetis
3127 2940 3342 2995 comitis
3380 2955 3551 3009 opera

1952 3038 2261 3094 revocatus,
2303 3045 2425 3084 cum
2476 3029 2675 3084 Urbem
2718 3040 3011 3100 repeteret,
3044 3032 3233 3087 morbo
3265 3034 3314 3085 in
3362 3030 3542 3087 Sicilia

1956 3121 2255 3175 exstinctus
2295 3130 2379 3175 est
2410 3130 2529 3190 post
2554 3122 2890 3177 consulatum
2935 3122 3149 3190 Basilii,
3184 3130 3244 3177 ut
3275 3122 3455 3178 Victor
3491 3122 3551 3179 in

263 3200 411 3255 illum
445 3219 540 3270 per
586 3205 689 3258 vim
722 3206 990 3261 abducere
1031 3217 1257 3261 conatus
1301 3218 1497 3276 praetor
1543 3209 1721 3277 populi
1769 3217 1851 3260 ιιι·
1878 3210 1925 3272 C
1956 3213 2227 3270 Chronico
2250 3223 2417 3278 notat,
2448 3227 2591 3268 anno
2623 3215 2711 3279 t7,
2746 3214 2799 3269 id
2823 3224 2907 3272 est
2935 3231 3079 3271 almo
3107 3215 3305 3272 Christi
3332 3214 3458 3270 558.

262 3295 427 3347 multo
461 3295 759 3365 repellitur.
783 3300 1019 3367 Accepto
1048 3296 1260 3353 tandem
1287 3299 1747 3369 perimpcratoris
1776 3300 1855 3353 le-

266 3473 452 3501 3::

455 3493 796 3503 —.—_—.

1326 3482 3553 3515 Wa,

1522 3654 2131 3771 FAGUN
2137 3661 2333 3771 D1

269 3904 679 4022 LIBER
766 3908 1339 4026 CONTRA
1452 3910 2208 4029 MOCIANUM
2320 3916 3410 4035 SCHOLASTICUM
3469 3926 3541 4033 ⁸.

344 4263 690 4333 Oportucrat,
734 4262 1073 4319 venerabiles
1120 4262 1233 4331 lilii,
1269 4273 1327 4318 ut
1351 4263 1722 4333 qualecunque
1761 4264 1863 4319 hoe

272 4372 407 4425 opus
432 4372 460 4410 a
492 4358 644 4410 vobis
692 4357 1005 4428 impositum
1038 4358 1233 4411 vestris
1281 4372 1345 4411 ex
1377 4372 1527 4412 more
1557 4358 1863 4413 nominibus

272 4454 603 4509 dedicarem.
627 4452 732 4508 Sed
763 4460 1007 4508 metuens
1040 4466 1106 4507 ne
1134 4460 1383 4521 tanquam
1411 4451 1737 4506 latebrarum
1767 4467 1866 4505 no-

274 4554 507 4599 strarum
536 4544 760 4609 conscii,
790 4551 1191 4613 persecuturum
1234 4556 1367 4613 quos
1392 4542 1624 4612 fugimus
1655 4542 1862 4597 incide-

275 4627 493 4692 retis'in
526 4635 840 4701 calumnias,
874 4636 1154 4690 nominare
1183 4650 1278 4691 vos
1302 4634 1469 4691 nolui.
1502 4634 1612 4690 Nec
1641 4650 1739 4705 pro
1769 4651 1865 4690 vo-

1970 4264 2230 4320 lndicavit
2275 4277 2453 4320 autem
2498 4265 2629 4321 mihi
2656 4280 2727 4321 ex
2771 4275 2950 4321 vestro
2986 4265 3257 4332 mandato,
3289 4264 3431 4334 quod
3464 4281 3558 4337 pro

1970 4357 2153 4412 smculi
2209 4359 2381 4413 nOSll‘i
2426 4358 2634 4414 meritis
2663 4369 2717 4414 et
2738 4356 3141 4428 Mocianusjam
3164 4358 3560 4427 reprehendere

1971 4454 2161 4507 audeat
2189 4454 2538 4509 conciliorum
2587 4453 2829 4520 decreta,
2873 4454 3157 4524 palamque
3181 4452 3389 4524 jactare
3418 4454 3562 4524 quod

1972 4544 2211 4612 episcopi
2242 4543 2479 4598 Africani
2510 4544 2847 4614 aliarumque
2900 4543 3300 4614 provinciarum
3350 4545 3564 4614 indigne

1975 4634 2267 4688 statuerint
2292 4636 2461 4690 vitare
2479 4636 2916 4690 communionem
2947 4650 3136 4691 eorum
3163 4640 3251 4705 qui
3284 4637 3566 4692 manifesto

277 4726 363 4783 bis
383 4726 436 4779 id
478 4726 735 4794 przeloqoi
784 4727 1144 4780 necessarium
1192 4724 1309 4791 fuit,
1362 4726 1457 4796 qui
1488 4737 1687 4780 nostra:
1710 4741 1862 4795 pres-
1892 4696 1946 4759 D
1972 4726 2421 4796 promulgataque
2463 4727 2682 4781 decreto
2705 4725 2934 4782 reveriti
2964 4741 3071 4782 non
3100 4734 3226 4782 sunt
3253 4727 3565 4796 impugnare

279 4836 423 4876 sum
451 4835 556 4874 non
598 4822 727 4875 esus
753 4829 1037 4889 expertes;
1063 4821 1159 4875 sed
1206 4837 1301 4890 pro
1333 4821 1450 4876 aliis
1474 4820 1870 4891 ignorantibus,

280 4914 332 4969 in
366 4928 595 4983 quorum
627 4926 815 4965 manus
863 4912 981 4965 haec
1022 4910 1162 4966 forte
1186 4920 1409 4965 ventura
1440 4920 1589 4965 sunt.
1616 4910 1751 4964 Volo
1778 4925 1872 4963 au-

281 5015 389 5059 tem
421 5019 516 5059 vos
556 5017 715 5057 nosse
741 5001 863 5072 quia
892 5001 1110 5055 nuntius
1143 5018 1301 5069 quem
1334 5002 1577 5067 misistis,
1608 5002 1757 5070 gravi
1782 5015 1870 5055 me

284 5096 600 5152 inﬁrmitate
638 5095 837 5166 reperit
868 5094 1201 5150 laborantem
1236 5113 1249 5149 :
1282 5096 1352 5150 ita
1382 5104 1441 5149 ut
1464 5097 1513 5149 in
1540 5096 1736 5150 talibus
1763 5095 1878 5151 die-

286 5187 408 5251 bus,
432 5186 569 5240 sicut
601 5196 653 5240 et
684 5188 799 5258 ipse
840 5186 1034 5257 poterit
1078 5194 1270 5242 vestra:
1304 5187 1617 5242 sublimitati
1649 5187 1873 5257 referre,

288 5294 389 5334 nec
414 5293 580 5348 usq-ue
606 5280 658 5334 in
691 5279 876 5335 horam
902 5278 1110 5335 tertiam
1130 5280 1335 5341 valeam
1359 5280 1576 5335 diﬂerre
1585 5279 1879 5350 jejunium.

368 5532 393 5561 α
418 5523 532 5578 Non
562 5523 658 5577 abs
683 5538 760 5588 re,
793 5533 849 5578 ttt
879 5524 1091 5593 opinor,
1122 5522 1380 5578 Baronius
1404 5523 1702 5579 Mutianum
1736 5522 1878 5578 hunc

297 5595 446 5650 illunt
478 5610 598 5649 e~se
631 5604 780 5661 putat
802 5596 890 5660 qui
922 5596 1287 5664 Chrvsostomi
1314 5594 1570 5648 Humilias
1596 5596 1649 5664 in
1679 5594 1883 5663 Episto-

300 5668 402 5720 lam
426 5666 491 5719 ad
524 5665 775 5720 llebrnaos
803 5675 858 5721 et
879 5668 941 5720 ad
969 5663 1329 5721 Philemonem
1358 5665 1573 5720 Latinas
1595 5663 1887 5719 fecit.Con-

298 5745 499 5805 gruttnt
537 5740 677 5790 enim
739 5747 931 5805 praeter
984 5753 1175 5791 nomen
1229 5747 1358 5791 a-tas
1385 5746 1439 5790 et
1471 5736 1756 5804 professio.
1788 5735 1885 5790 ilic

301 5825 427 5877 ergo
452 5826 572 5863 cum
607 5806 889 5862 Africanos
932 5810 1221 5869 antistites,
1262 5819 1544 5876 propterea
1597 5807 1737 5877 quod
1767 5823 1823 5862 sc
1854 5821 1884 5861 a

1969 4816 2413 4873 Chalcedonense
2442 4816 2748 4873 cuntilium.
2804 4816 3027 4881 Quando
3058 4827 3235 4871 autem
3265 4815 3420 4870 nobis
3449 4830 3567 4870 ces-

1973 4922 2119 4973 sare,
2145 4909 2360 4977 quando
2401 4910 2740 4978 requiescere
2771 4906 3091 4971 conceditis,
3120 4906 3210 4975 qui
3242 4919 3341 4959 nos
3366 4913 3421 4960 et
3448 4905 3561 4960 Mo-

1973 5001 2133 5057 ciano
2159 5002 2493 5071 respondere
2535 5001 2891 5071 compellitis?
2925 5000 3031 5057 Sed
3062 5000 3166 5055 hoc
3185 5015 3395 5071 quoque
3421 5016 3568 5057 com-

1977 5092 2111 5163 peri,
2170 5103 2469 5148 tnemorato
2522 5092 2709 5147 nuntio
2766 5090 2893 5145 mihi
2937 5101 3218 5155 narrante,
3255 5091 3377 5161 quia
3427 5093 3568 5147 idem

1979 5185 2252 5240 Mucianus
2327 5186 2511 5239 volens
2566 5185 2632 5238 ad
2695 5182 3032 5240 interdictam
3110 5190 3567 5252 transgressurum

1981 5280 2417 5331 conuuunionem
2450 5277 2667 5346 ignaros
2698 5290 2939 5346 quosque
2970 5274 3281 5343 deﬂectere,
3324 5274 3567 5345 quaedam

1981 5519 2257 5590 Vigiiioet
2287 5518 2355 5573 ab
2386 5516 2626 5572 Ecclesia
2674 5516 2833 5569 trium
2867 5513 3234 5590 Capitulorum
3266 5526 3429 5590 causa
3453 5527 3574 5585 post

1985 5588 2134 5645 illius
2186 5589 2481 5656 iudicatum
2521 5593 2898 5661 segregarem,
2943 5589 3136 5661 merito
3186 5588 3574 5661 redargueret,

1987 5661 2265 5717 Facundos
2308 5670 2418 5713 tum
2460 5656 2610 5713 exsul
2642 5658 2741 5711 hoc
2767 5657 2816 5729 ei
2847 5656 3028 5729 libello
3052 5656 3439 5725 responditfln
3465 5674 3575 5729 quo

1990 5734 2117 5786 nihil
2151 5732 2341 5784 mirum
2369 5730 2411 5781 ri
2436 5729 2754 5781 concitatior
2784 5727 2835 5779 in
2868 5727 3158 5782 Mutianum
3181 5730 3445 5797 videatur,
3475 5727 3565 5801 Qui

1991 5804 2180 5873 Vigilio
2209 5803 2302 5872 ipsi
2339 5816 2487 5872 papr
2517 5816 2621 5853 non
2653 5808 2856 5870 part-at.
