4094 6500
379 322 483 377 ΒΞῚ

1568 327 1765 382 LIBER
1803 325 2076 382 CONTRA
2120 327 2497 385 MOCIANUM.

3547 338 3654 393 858

376 454 804 493 communionem
836 440 1059 507 prteberi
1095 442 1467 508 mandaverat,
1492 461 1522 498 a
1567 446 1861 499 minoribus
1889 446 1954 498 ad
1988 450 2033 502 Α
2064 446 2345 501 etesiarum
2376 447 2566 502 doctor
2596 448 2847 515 llilarius,
2877 460 2930 505 et
2959 453 3145 507 cmtcri
3169 455 3500 525 antiquiores
3523 472 3644 512 cum

375 531 578 599 majora
605 532 916 601 prosiliens,
942 534 1114 602 ipsum
1140 536 1425 589 concilium
1456 538 1789 605 promulgata
1810 552 1960 606 spre—

376 623 450 674 vit
469 619 691 691 edicto),
723 623 970 677 eumdem
992 623 1271 689 Acacium,
1300 628 1543 696 quamvis
1574 628 1830 697 praedicto
1856 628 1958 680 Ze-

374 728 516 769 none
545 716 850 781 resistente,
882 715 1177 769 damnavit.
1210 717 1315 783 Qui
1346 731 1589 775 mortuus
1625 735 1837 791 quoque
1865 736 1961 789 per

373 803 585 860 libellos
610 805 1027 861 ordinandorum
1051 807 1434 878 episcoporum
1461 829 1604 867 nunc
1633 830 1797 881 usque
1820 815 1961 867 datu—

292 902 301 907 ’
375 911 535 955 natus
581 910 685 957 est.
739 905 804 954 At
852 911 1128 970 postquam
1170 904 1393 973 contigit
1424 916 1481 960 ut
1514 908 1564 959 in
1616 907 1812 961 libellis
1842 908 1955 961 suis

375 994 611 1062 episcopi
643 993 927 1047 ordinandi
957 994 1298 1050 Theodorum
1343 997 1777 1065 Mopsuesteuum
1832 1014 1954 1054 Cllllt

374 1084 488 1139 suis
534 1084 896 1153 d-gmatibus,
950 1095 1005 1140 et
1050 1086 1330 1154 epistolam
1388 1089 1516 1153 lbaa,
1548 1103 1596 1144 et
1631 1080 1958 1146 Theodoreti

374 1176 572 1241 scripta
593 1176 933 1241 damnarent,
964 1188 1291 1233 memoratus
1316 1181 1543 1235 Aeacius
1565 1183 1721 1235 ctalii
1747 1185 1959 1240 concilii

374 1265 828 1322 Chalcedonensis
845 1269 1157 1335 adversarii,
1183 1269 1304 1323 dam
1317 1272 1516 1325 nationi
1544 1274 1797 1328 subtracti
1813 1284 1957 1330 sunt.

374 1359 510 1427 Quia
525 1358 684 1428 igitur
698 1358 1037 1429 supradictus
1057 1358 1225 1425 Zeno,
1250 1361 1392 1415 sedis
1406 1362 1716 1431 apostolica:
1745 1364 1965 1419 decreta

373 1450 746 1517 contemnens,
763 1451 1017 1521 praedicto
1030 1452 1227 1506 Aeacio
1239 1440 1690 1522 communicabat,
1708 1464 1960 1513 etomncs

374 1542 644 1597 l‘lcclesias
677 1542 728 1596 in
753 1542 833 1595 sui
865 1543 1012 1613 regni
1058 1542 1250 1597 finibus
1273 1544 1587 1599 constitutas
1613 1546 1750 1600 idem
1785 1545 1962 1603 facere

371 1635 1046 1703 compellebat,Anasta~io
1060 1635 1322 1690 deindein
1364 1637 1642 1705 imperium
1665 1649 1720 1693 et
1747 1642 1797 1694 in
1826 1656 1962 1708 prte-

371 1731 732 1798 sumptionem
760 1729 991 1784 similem
1011 1730 1354 1797 succedente,
1382 1732 1558 1786 omnis
1580 1732 1794 1797 Oriens,
1823 1748 1960 1800 pra»

2061 552 2127 589 eo
2157 537 2344 592 Patres
2373 553 2598 607 quorum
2644 556 2806 608 supra
2856 545 3221 604 meminimus.
3260 564 3363 601 non
3394 548 3649 604 observa-

2062 640 2254 685 verunt
2277 647 2397 700 quze
2413 632 2478 685 ad
2508 635 2804 688 custodiant
2831 637 3098 704 pertinent
3126 642 3365 707 unitatis,
3398 651 3450 695 ut
3482 643 3655 711 prius-

2061 737 2220 789 quam
2243 724 2443 793 aliquid
2477 736 2662 780 contra
2689 727 2961 782 Nicatnum
2995 732 3277 786 concilium
3304 744 3649 802 statueretur,

2062 815 2129 867 ab
2171 831 2360 869 eorum
2405 819 2493 884 qui
2539 822 2651 873 lure
2704 821 3066 877 moliebantur
3117 840 3236 880 sese
3275 832 3654 886 counnnuione

2063 904 2462 961 subtrahereut.
2515 909 2799 978 Quamvis,
2832 921 2891 965 ut
2937 914 3190 981 diximus,
3219 916 3316 985 ipsi
3350 918 3652 976 Donatistas

2062 1007 2189 1054 ante
2217 999 2619 1067 damnaverint,
2655 1014 2831 1060 tamen
2870 1008 3111 1075 nunquid
3141 1018 3197 1064 et
3240 1014 3530 1080 apostolica
3559 1029 3655 1070 se-

2063 1090 2180 1157 des,
2216 1108 2335 1146 cum
2365 1105 2551 1161 postea
2586 1111 2683 1163 pro
2721 1098 2929 1153 violati:
2962 1099 3413 1158 Chalcedonensis
3436 1106 3649 1162 concilii

2065 1182 2292 1238 decretis
2324 1184 2610 1240 resistente
2659 1187 2877 1243 Zenone
2907 1190 3189 1245 damnaret
3228 1196 3501 1259 Acacium,
3538 1196 3651 1253 haec

2064 1285 2222 1343 atque
2251 1276 2555 1344 huiusmodi
2586 1279 2787 1349 scripta
2805 1281 2943 1335 beati
2973 1285 3255 1349 Augustini
3281 1302 3384 1339 non
3418 1287 3649 1357 legerat;

2068 1369 2275 1423 tametsi
2300 1378 2517 1438 putetur
2547 1371 2722 1426 minus
2743 1389 2838 1441 per
2862 1374 3206 1441 semetipsam
3242 1378 3538 1448 intelligere
3561 1395 3653 1449 po-

2067 1462 2231 1517 tuisse
2253 1470 2380 1531 qua!
2406 1463 2470 1518 ad
2511 1464 2907 1521 obsertantiam
2962 1470 3266 1538 pertineant
3313 1472 3551 1537 unitatis,
3595 1485 3653 1528 ut

2067 1556 2316 1609 Acacium
2353 1556 2658 1619 damnaret,
2692 1575 2849 1627 quem
2882 1561 3000 1615 siue
3025 1563 3190 1615 multo
3220 1563 3398 1617 tritico
3425 1566 3649 1633 impera-

2068 1654 2153 1698 tor
2198 1647 2395 1714 expelli
2437 1663 2539 1702 non
2575 1650 2819 1703 sineret?
2856 1650 2961 1704 Sed
3013 1666 3112 1705 nec
3143 1652 3377 1707 Romana
3411 1654 3648 1709 Ecclesia

2068 1738 2416 1791 reconciliare
2446 1739 2627 1791 debuit
2657 1739 2889 1793 Orienti~
2919 1742 3206 1808 Ecclesias,
3235 1754 3283 1799 et
3312 1760 3403 1799 cas
3429 1745 3481 1799 itt
3504 1762 3651 1800 com-

372 1835 454 1878 ter
484 1821 774 1877 admodum
835 1835 1034 1891 paucos
1062 1824 1151 1890 qui
1181 1824 1232 1877 in
1277 1824 1367 1877 illa
1391 1824 1732 1878 multitudine
1755 1826 1953 1879 occulti
1991 1838 2038 1896 Β
2073 1828 2377 1883 muniouem
2402 1831 2500 1883 sub
2522 1830 2698 1885 debita
2722 1831 3091 1888 satisfacti-ne
3121 1836 3390 1903 recipere;
3418 1837 3509 1890 sed
3546 1838 3648 1891 Ec-

372 1912 626 1978 Iatebant,
681 1927 709 1965 a
758 1915 1140 1968 communione
1190 1913 1334 1968 sedis
1379 1915 1687 1983 apostolicae
1716 1927 1957 1970 remotus

371 2020 467 2073 per
492 2004 563 2058 40
601 2002 779 2059 ferme
810 2019 980 2059 annos
1031 2020 1204 2074 usque
1245 2005 1311 2059 ad
1342 2016 1583 2075 tempora
1613 2007 1802 2062 Justini
1831 2022 1954 2075 per-

371 2098 585 2152 mansit.
642 2098 707 2152 Et
754 2113 876 2153 cum
906 2098 1123 2168 quidam
1170 2115 1266 2167 per
1298 2099 1427 2155 illud
1456 2110 1668 2170 tempus
1709 2100 1954 2170 ejusdem

370 2189 538 2258 partis
566 2190 801 2258 episcopi
853 2192 1291 2246 communionem
1343 2192 1488 2248 sedis
1516 2192 1824 2262 apostolica:
1855 2193 1955 2247 sibi

368 2300 434 2338 ac
476 2284 589 2339 suis
631 2284 887 2339 Ecclesiis
936 2286 1290 2352 postularent,
1344 2300 1452 2339 non
1510 2286 1954 2353 impetraverunt,

370 2375 542 2431 donec
596 2376 851 2446 principis
898 2376 1095 2432 Justini
1147 2378 1479 2447 temporibus
1528 2379 1958 2433 Acaciidamua-

371 2469 503 2523 tioni
527 2468 951 2522 subscriberent.
982 2467 1091 2522 Nec
1137 2476 1314 2523 tamen
1345 2468 1626 2537 quisquam
1658 2484 1840 2524 eorum
1872 2470 1956 2522 di-

313 2585 317 2589 ν
371 2561 448 2615 xit
475 2578 487 2612 :
520 2558 629 2615 Nos
654 2560 858 2614 zizania
906 2574 1012 2615 non
1060 2575 1267 2625 sumus,
1290 2561 1382 2615 sed
1414 2561 1616 2614 zizania
1645 2561 1955 2627 toleramus,

370 2666 439 2706 ne
462 2651 621 2705 simul
643 2651 977 2706 eradicemus
1004 2660 1061 2707 et
1088 2652 1345 2706 triticum.
1392 2652 1499 2707 Cur
1542 2664 1719 2706 autem
1776 2654 1958 2708 ethoc

370 2743 678 2813 apostolicae
721 2744 835 2799 sedi
868 2759 972 2799 non
1011 2745 1273 2811 dicerent,
1322 2746 1364 2799 si
1387 2754 1441 2800 et
1469 2746 1661 2801 talibus
1686 2748 1862 2802 causis
1886 2748 1959 2802 si-

371 2835 618 2891 militudo
644 2834 743 2889 ista
768 2847 1087 2905 congrueret
1116 2854 1129 2888 :
1165 2836 1275 2891 luto
1308 2852 1407 2892 nos
1424 2848 1567 2891 recte
1591 2838 1833 2899 facimus.
1861 2854 1959 2894 uos

372 2927 428 2983 in
457 2928 724 2983 mandatis
750 2927 1024 2998 Evangelii
1059 2944 1459 2998 permauemus,
1487 2929 1576 2999 qui
1606 2930 1812 2984 zizania
1838 2934 1958 2986 tole-

369 3033 569 3085 ramus,
602 3035 760 3089 quam
809 3034 925 3084 vos,
957 3019 1046 3090 qui
1079 3035 1174 3088 pro
1200 3020 1418 3076 zizaniis
1460 3020 1616 3075 simul
1643 3022 1960 3078 eradicastis

369 3120 425 3165 ct
450 3111 714 3179 triticum,
741 3119 833 3164 aut
853 3110 1181 3166 discessistis
1207 3127 1236 3165 a
1268 3113 1494 3168 tritico?
1519 3113 1655 3180 Quid
1688 3114 1844 3181 igitur
1872 3113 1960 3169 hie

2064 1920 2241 1973 clesia:
2269 1922 2446 1988 potius
2467 1920 2723 1987 Orientis,
2753 1939 2869 1991 quas
2900 1925 3100 1980 zizania
3135 1927 3513 1993 toleraverant,
3542 1929 3649 1982 lto—

2062 2026 2271 2065 ntauatn
2307 2011 2595 2066 Ecclesiazn
2647 2014 2998 2069 reconciliare
3043 2015 3347 2070 debuerunt
3390 2033 3419 2070 a
3470 2019 3641 2072 ll‘lllCD

2036 2110 2382 2168 'separatam.
2425 2103 2506 2157 An
2540 2113 2821 2171 prepterea
2872 2101 3075 2158 factum
3111 2122 3217 2159 non
3247 2117 3330 2161 est
3359 2108 3500 2176 quod
3552 2108 3653 2163 iste

2061 2193 2238 2247 adhuc
2270 2209 2362 2262 per
2414 2195 2705 2249 Ecclesiam
2754 2196 3072 2251 catholicam
3106 2198 3244 2253 sicut
3290 2215 3432 2253 nunc
3462 2200 3653 2254 docere

2062 2301 2167 2339 non
2202 2288 2417 2354 posset?
2464 2299 2552 2340 aut
2588 2290 2765 2355 potius
2807 2291 2947 2357 quod
2981 2294 3205 2344 necdum
3262 2293 3327 2345 ad
3363 2294 3652 2349 licelesiam

2060 2378 2379 2431 catholicam
2431 2379 2737 2433 devertisset
2786 2381 2877 2449 qui
2940 2382 3077 2435 hanc
3137 2399 3442 2451 perversam
3495 2397 3654 2456 atqtte

2059 2470 2333 2525 coufusatn
2365 2471 2414 2526 ei
2456 2472 2568 2526 vult
2618 2470 2819 2527 inferre
2848 2474 3171 2541 doctrinam,
3203 2483 3257 2529 et
3316 2477 3517 2530 utinam
3550 2492 3654 2532 nou

2065 2564 2352 2632 Augustini
2385 2564 2600 2618 neruiue
2627 2565 2958 2619 coloratam?
2988 2565 3119 2619 Nam
3153 2568 3261 2620 vult
3305 2570 3653 2636 apostolicam

2062 2653 2266 2719 sedem,
2288 2669 2405 2722 qua:
2422 2663 2547 2708 tunc
2560 2655 2677 2708 aliis
2691 2656 2902 2724 culpam
2917 2657 3109 2710 d'misit
3122 2699 3135 2723 ,
3153 2658 3318 2724 ipsam
3341 2659 3512 2727 potius
3533 2675 3653 2718 cum

2060 2744 2270 2797 caeteris
2302 2743 2393 2813 qui
2424 2743 2540 2813 ejus
2568 2744 2623 2796 in
2667 2744 2865 2799 Acacio
2911 2747 3232 2800 sententiam
3286 2759 3652 2813 servaverunt,

2061 2834 2221 2888 veluti
2256 2850 2349 2901 pro
2380 2835 2517 2889 facto
2549 2834 2837 2889 schismate
2860 2834 3394 2904 fuisse‘culpabilcm;
3425 2847 3478 2891 et
3507 2854 3654 2893 tnore

2059 2940 2158 2981 suo
2190 2926 2393 2980 nemini
2448 2942 2698 2994 parcens,
2750 2926 2876 2981 illos
2906 2942 3115 2997 quoque
3138 2928 3439 2982 Orientales
3462 2928 3655 2997 quibus

2062 3018 2362 3086 petentibus
2406 3018 2623 3072 dimissa
2655 3028 2757 3085 est,
2808 3019 2974 3072 videri
3018 3018 3129 3072 vult
3175 3018 3239 3073 ad
3282 3019 3654 3074 schisutaticos

2062 3098 2436 3165 Occidentales
2488 3107 2656 3163 fuisse
2696 3124 3007 3179 conversos,
3038 3124 3174 3180 quos
3215 3106 3314 3177 ipsi
3341 3110 3406 3163 ad
3429 3126 3486 3165 se
3515 3126 3653 3163 con-

370 3201 630 3268 diccmus,
678 3202 911 3272 religiosi
960 3201 1097 3256 filii?
1154 3202 1399 3273 Nunquid
1436 3218 1528 3271 per
1564 3212 1639 3258 tot
1692 3218 1953 3258 annorum
1982 3216 2029 3278 ο
2068 3208 2282 3257 vertere
2321 3201 2648 3256 debuerunt.
2707 3202 2774 3255 Et
2804 3201 2920 3257 haec
2962 3203 3177 3272 quidem
3219 3201 3373 3256 nobis
3402 3201 3467 3255 ad
3500 3202 3653 3256 istius

370 3293 541 3363 Spatia
568 3308 673 3347 non
702 3302 786 3349 est
811 3294 1058 3349 inventus
1089 3296 1371 3364 quisquam
1414 3295 1467 3350 in
1508 3296 1762 3351 Romanis
1782 3312 1958 3352 sacer-

371 3383 609 3448 dotibus,
637 3399 666 3437 a
699 3384 876 3440 Felice
911 3384 1089 3440 Acacii
1120 3384 1438 3440 damnatore
1468 3394 1494 3422 α
1528 3401 1694 3454 usque
1720 3386 1786 3441 ad
1820 3386 1959 3441 lior-

372 3476 621 3545 misdam,
661 3477 749 3546 qui
791 3476 1026 3532 Orientis
1074 3477 1447 3533 reconciliavit
1501 3478 1790 3545 Ecclesias,
1826 3479 1964 3533 inter

370 3583 505 3637 quos
537 3569 711 3623 fuerat
752 3569 893 3622 enim
924 3570 953 3605 “
978 3570 1168 3624 beatus
1192 3569 1434 3624 Gelasius
1463 3570 1514 3623 in
1537 3570 1820 3625 sanctitate
1842 3572 1963 3625 vita:

369 3671 527 3727 atque
575 3660 798 3715 scientia
858 3675 950 3729 per
980 3660 1292 3716 universum
1340 3664 1597 3716 mundum
1652 3663 1962 3718 celebrioris

369 3751 522 3806 fama:
545 3752 713 3821 gloria
744 3750 1088 3820 praidicatus,
1124 3767 1229 3807 non
1258 3762 1340 3807 est
1371 3756 1621 3808 iuventus
1652 3755 1733 3808 vel
1766 3755 1817 3808 iu
1850 3754 1962 3808 Ro-

368 3858 529 3898 mano
554 3843 720 3907 clero,
744 3844 760 3874 ⁸
786 3842 1090 3898 Christiana
1124 3843 1279 3911 plehe
1308 3844 1439 3900 inibi
1487 3845 1837 3910 consistente,
1880 3848 1960 3900 vel

370 3938 422 3991 in
450 3939 659 3993 cunctis
706 3937 1131 3993 occidentalibus
1190 3938 1463 4007 Ecclesiis,
1497 3939 1586 4007 qui
1626 3940 1707 3993 vel
1761 3948 1960 3993 tantum

363 4041 511 4088 esset
533 4047 630 4098 pro
656 4030 1015 4086 Ecclesiarum
1046 4031 1255 4086 unitate
1275 4031 1536 4085 sollicitus
1566 4043 1822 4101 quantum
1853 4046 1962 4085 ma-

369 4124 530 4191 gister
555 4122 642 4177 hic
684 4137 855 4178 novus
896 4122 1203 4176 novissimis
1259 4122 1591 4191 temporibus
1619 4122 1960 4187 destinatus;

369 4225 425 4268 ut
482 4229 640 4269 nemo
701 4221 1051 4283 cognosceret
1114 4222 1169 4267 et
1235 4212 1451 4267 doceret
1488 4212 1630 4282 quod
1681 4214 1735 4266 in
1777 4213 1960 4267 eadem

368 4320 580 4375 quoque
673 4319 832 4359 causa
923 4303 1186 4357 malomm
1287 4303 1597 4358 communio
1687 4304 1964 4358 toleranda

368 4398 527 4463 foret,
585 4414 653 4451 ne
679 4413 803 4452 cum
858 4396 1080 4451 zizauiis
1106 4395 1475 4451 eradicarettzr
1520 4405 1574 4450 et
1602 4395 1877 4450 triticum?
1918 4397 1963 4450 si

369 4490 448 4547 fas
473 4498 556 4543 est
601 4488 827 4544 credere
858 4488 1000 4558 quod
1031 4488 1255 4542 scientia
1294 4497 1350 4543 et
1375 4488 1656 4558 disciplina
1686 4489 1963 4543 servandae

2066 3295 2460 3350 convictionem
2490 3293 2828 3364 sufﬁcerent,
2862 3296 2906 3350 si
2935 3296 3250 3361 adversarii,
3294 3312 3432 3363 quos
3456 3306 3509 3349 et
3543 3297 3658 3365 ipse

2065 3385 2247 3454 culpat
2275 3402 2380 3440 non
2414 3386 2709 3440 inferentes
2748 3384 3035 3441 anathema
3067 3385 3493 3441 Chalcedoncusi
3525 3400 3658 3440 cou-
3703 3422 3710 3428 .

2065 3477 2208 3545 cilio,
2261 3492 2433 3545 neque
2478 3478 2530 3532 in
2580 3494 2676 3533 nos
2731 3494 2941 3546 omnes,
2998 3479 3095 3534 sed
3144 3479 3344 3549 aliquid
3399 3479 3659 3535 adversus

2065 3566 2181 3634 ejus
2193 3568 2563 3621 auctoritatem
2579 3578 2853 3636 gerentes,
2872 3569 2971 3636 ipsi
2991 3569 3164 3636 potius
3180 3584 3208 3621 a
3225 3568 3399 3635 nobis,
3415 3569 3514 3623 sub
3526 3583 3657 3623 ana-

2066 3657 2300 3712 themate
2338 3657 2745 3713 damnarentur.
2776 3657 2928 3713 Nune
2965 3666 3169 3728 autem,
3207 3660 3312 3714 illis
3360 3659 3523 3729 impie
3569 3675 3661 3730 ge-

2065 3749 2330 3814 rentibus,
2363 3758 2417 3803 et
2452 3764 2550 3803 nos
2590 3764 2656 3804 ac
2696 3748 2885 3804 Patres
2914 3758 3127 3803 nostros
3155 3750 3651 3803 anathematizand-

2066 3842 2188 3906 bus,
2234 3855 2464 3910 seseque
2511 3855 2605 3910 per
2657 3841 2758 3894 hoc
2806 3838 3091 3894 anathema
3142 3841 3549 3910 segregantibus
3592 3841 3661 3896 ah

2068 3934 2320 3987 universa
2369 3931 2565 3987 Christi
2614 3929 2873 3999 Ecclesia,
2918 3945 3019 3985 nos
3058 3930 3146 3999 qui
3190 3931 3302 3985 Deo
3347 3937 3568 4000 regente
3608 3931 3659 3985 iu

2068 4008 2604 4094 paternasenteutia
2652 4034 2707 4079 et
2748 4023 3128 4078 communione
3171 4028 3490 4090 perstamus,
3540 4036 3658 4086 nos,

2066 4119 2304 4187 inquam,
2350 4118 2402 4171 in
2441 4116 2679 4172 Ecclesia
2717 4115 2801 4169 cui
2832 4114 3097 4169 dederunt
3133 4111 3440 4176 anathema,
3472 4112 3662 4165 statui.

2066 4224 2188 4263 mus
2236 4209 2531 4264 secundum
2581 4207 2904 4263 Christianae
2958 4206 3229 4276 religionis
3265 4205 3659 4260 observantiam

2069 4318 2176 4357 non
2210 4302 2608 4357 connunnicare
2636 4301 2706 4356 ab
2734 4300 2976 4356 Ecclesia
3004 4299 3322 4369 segregans.
3355 4297 3470 4352 Non
3499 4297 3661 4366 igitur

2064 4392 2150 4446 vel
2194 4391 2295 4445 hoc
2343 4390 2428 4445 isti
2474 4390 2836 4444 concesserim
2892 4387 2948 4442 id
2994 4402 3094 4442 nos
3136 4386 3332 4442 fecisse
3365 4385 3506 4456 quod
3538 4401 3661 4440 cum

2064 4488 2178 4542 suis
2211 4485 2429 4555 collegis
2470 4485 2703 4539 Hilarius
2746 4482 2895 4549 fecit,
2928 4481 3018 4552 qui
3048 4482 3197 4536 nullo
3223 4481 3401 4536 adhuc
3430 4480 3481 4535 iu
3517 4495 3658 4550 prae-

369 4580 590 4635 uuitatis
634 4595 668 4633 a
717 4580 878 4636 beato
928 4581 1092 4649 coepit
1120 4581 1139 4610 ²
1168 4580 1482 4649 Augustino,
1522 4579 1674 4650 cujus
1701 4580 1960 4636 adversus
1990 4608 2043 4667 D
2063 4579 2324 4649 judicium
2376 4576 2577 4633 Nicatui
2631 4576 2845 4630 concilii
2899 4574 3219 4644 procedente
3274 4575 3491 4628 decreto
3535 4586 3659 4626 cum

370 4671 679 4728 DonatiStas
727 4674 1103 4727 convenientia
1152 4671 1349 4741 scripta
1397 4671 1836 4726 inconvenieuler
1861 4671 1961 4727 iste

367 4778 544 4818 causa:
576 4766 821 4833 praesenti
848 4778 991 4818 nunc
1024 4763 1165 4819 adhi!
1188 4772 1261 4819 et.
1309 4763 1375 4818 Et
1403 4763 1521 4818 ideo
1546 4765 1831 4834 pra'clarus
1858 4764 1960 4819 Ec-

440 4981 466 5009 ι
500 4968 933 5040 Postepistolam
981 4969 1174 5025 Felicis
1215 4969 1278 5023 Ill
1313 4983 1464 5038 papae
1491 4967 1557 5021 ad
1614 4966 1863 5040 Acacium
1890 4967 1959 5021 de

368 5043 546 5112 ipsius
567 5039 912 5097 damnatione
934 5039 1113 5112 datam
1159 5040 1426 5112 Yenautio
1446 5040 1689 5112 consule,
1714 5039 1959 5112 sequitur

367 5109 423 5169 in
454 5111 641 5167 codice
687 5114 900 5167 Sauctze
950 5111 1129 5165 Maria:
1159 5110 1511 5165 Virdoneusis
1551 5110 1784 5164 edictum
1816 5109 1960 5177 ejus-

367 5185 490 5237 dem
521 5183 802 5252 perbreve,
849 5182 1085 5239 nondum
1140 5181 1400 5236 hactenus
1432 5181 1725 5250 vulgatum,
1760 5180 1812 5234 in
1845 5181 1960 5235 haec

366 5255 531 5307 verba
562 5271 575 5306 :

366 5323 613 5379 Edictum
643 5331 905 5379 sententia:
935 5322 1122 5377 Felicis
1148 5340 1296 5390 papae
1326 5323 1571 5377 directura
1600 5331 1803 5391 prapter
1824 5322 1957 5375 Aca-

494 5395 564 5449 cii
582 5396 809 5465 episcopi
840 5395 1395 5465 Constantiuopolitani
1422 5394 1828 5448 damnationem.

443 5604 460 5635 ’
484 5600 615 5656 Cod.
650 5599 877 5663 Veron.,
906 5606 1141 5669 oumr'que
1171 5598 1465 5654 Christiana
1492 5599 1654 5670 plebe.

439 5675 462 5709 ⁸
493 5673 636 5728 Idem
664 5670 813 5736 Cod.,
842 5673 1065 5740 cmprrit.

447 5851 466 5874 ‘
493 5844 799 5916 Legendum
828 5842 963 5902 forte
991 5845 1167 5900 etiam.

2068 4673 2239 4742 prima
2296 4670 2689 4725 contrariorum
2749 4668 3026 4723 molimina
3083 4665 3550 4739 prmsumpsissent
3597 4663 3660 4730 ³,

2069 4773 2498 4834 properaverant
2535 4762 2602 4815 ab
2645 4776 2833 4816 eorum
2876 4774 2935 4814 se
2984 4759 3363 4813 communione
3400 4755 3665 4811 dividere.

2145 4984 2166 5019 ε
2194 4965 2439 5029 Aeacius,
2469 4963 2558 5033 qui
2589 4960 2827 5017 secundo
2856 4975 2885 5033 a
2920 4959 3073 5014 nobis
3102 4957 3406 5013 admonitus
3434 4964 3660 5012 statuto-

2070 5054 2185 5091 rum
2217 5032 2511 5091 salubrium
2544 5049 2649 5088 non
2695 5032 2899 5085 destitit
2934 5046 3056 5085 esse
3081 5040 3437 5097 contemptor,
3468 5043 3660 5096 meque

2068 5110 2121 5164 in
2150 5109 2285 5162 meis
2310 5105 2538 5161 credidit
2582 5101 3045 5164 carcerizandum,
3083 5102 3223 5153 hunc
3278 5100 3417 5154 Deus
3442 5098 3658 5153 coalitus

2070 5181 2277 5248 prolata
2305 5175 2570 5231 sententia
2592 5176 2659 5228 de
2692 5172 2993 5248 sacerdotio
3022 5171 3151 5224 fecit
3172 5180 3480 5248 extorrem.
3516 5169 3658 5248 Ergo

2067 5239 2110 5304 si
2142 5250 2259 5318 quis
2313 5248 2618 5318 episcopus,
2669 5245 2919 5318 clericus.
2977 5242 3289 5318 monachus,
3319 5239 3508 5318 laicus,
3538 5246 3661 5306 pou

2076 5310 2213 5374 hanc
2250 5310 2708 5374 denuntiationem
2756 5312 2928 5367 eidem
2978 5310 3486 5377 communicat/crit,
3533 5322 3657 5364 atta-

2070 5391 2250 5447 thema
2279 5388 2348 5443 sit
2374 5384 2577 5457 Spiritu
2599 5394 2787 5440 sancto
2817 5390 3166 5452 exsequente.
3197 5399 3218 5435 ι

2141 5588 2160 5619 ³
2199 5586 2333 5643 Cod.
2370 5585 2589 5653 Veron.,
2620 5583 3023 5657 prwscusisseut.
