4094 6502
507 304 610 370 859

1627 305 1922 364 FACUNDI
1955 303 2170 364 EPISC.
2213 303 2722 362 HEHMIAHENSIS

3673 249 3762 360 an

510 437 626 494 Non
670 433 756 489 isti
795 431 1155 490 concesserim
1211 429 1352 498 quod
1393 429 1642 486 Africana
1674 429 1912 484 Ecclesia
1944 443 2003 483 se
2032 427 2102 483 ab
2129 433 2176 489 Α
2203 436 2423 498 geretur
2451 428 2569 496 ejus
2597 427 2908 482 auctoritas.
2955 423 3155 481 Deinde
3189 422 3368 480 videte
3421 424 3556 494 quod
3585 440 3682 478 non
3707 427 3764 482 ab

517 525 978 594 impngnatorihus
1018 522 1480 579 Chalcedonensis
1525 522 1740 577 concilii
1787 535 2104 590 segregave-

511 618 622 682 rit,
667 618 760 672 sed
811 616 988 687 putius
1031 615 1173 685 quod
1217 617 1328 681 jam
1377 617 1670 684 segregatis
1709 613 2109 670 communicare

512 711 774 764 vitat-erit.
818 709 973 766 Unde
1019 708 1402 777 acceptabilius
1445 718 1624 778 potest
1665 709 1945 776 quisquam
1984 706 2116 760 dili-

510 803 718 872 gentior
742 812 797 857 et
827 801 880 856 in
910 801 1028 856 zelo
1063 801 1155 856 Dei
1182 801 1488 864 ferventior,
1514 801 1759 870 exemplo
1777 801 1988 866 Hilarii,
2008 814 2112 854 nos

510 895 578 948 tle
611 896 862 947 tarditate
899 894 1143 960 culpare,
1186 905 1345 962 quam
1385 894 1454 950 de
1485 894 1776 948 schismate
1809 894 1890 946 vel
1927 893 1994 946 de
2025 893 2106 947 fe-

511 986 798 1040 stinatione
828 985 1104 1039 Mocianus
1133 1001 1380 1054 arguere.
1415 985 1547 1050 Quis
1577 999 1761 1054 porro,
1791 984 1892 1037 nisi
1922 998 2113 1038 vecors-

513 1093 578 1132 ac
627 1079 728 1133 sibi
769 1079 1006 1146 sapiens,
1050 1088 1123 1142 et,
1161 1081 1298 1138 sicut
1345 1079 1476 1134 dicit
1514 1080 1799 1146 Apostolus
1837 1094 1852 1132 :
1893 1077 2109 1129 Frustra

511 1171 724 1238 inﬂatus
755 1186 909 1223 sensu
933 1172 1102 1224 carnis
1123 1186 1229 1226 sua?
1249 1169 1467 1239 (Coloss.
1497 1184 1556 1236 l-l,
1595 1169 1707 1235 18),
1736 1176 1923 1222 contra
1948 1167 2111 1222 totius

513 1256 774 1316 Eet-lcsize
801 1261 1083 1330 judicium,
1117 1277 1222 1314 non
1256 1263 1551 1328 respiciens
1581 1261 1667 1314 vel
1697 1261 1895 1315 exitum
1928 1273 2106 1313 rerum

511 1353 599 1422 qui
651 1365 976 1408 consecutus
1017 1363 1120 1417 est,
1169 1354 1568 1421 reprehendere
1614 1355 1811 1408 audeat
1850 1354 2108 1408 Hilarium

513 1445 828 1508 prudentem
880 1460 941 1498 ac
993 1445 1326 1499 moderatum
1371 1445 1784 1515 gubernatorem
1829 1444 2114 1511 Ecclesiae,

514 1534 603 1602 qtti
630 1551 804 1604 neque
827 1535 953 1605 ipsis
979 1535 1271 1590 Galliarum
1296 1535 1744 1604 episeopis,quod
1769 1551 1863 1591 eos
1887 1535 1937 1589 in
1963 1544 2108 1590 tanta

514 1641 675 1680 causa
716 1626 946 1680 tacuisse
991 1627 1259 1690 crederet,
1303 1643 1402 1682 nec
1452 1626 1775 1682 adversariis
1824 1626 2108 1691 restitisse,

514 1719 709 1774 litteris
749 1721 941 1773 saltem
983 1721 1386 1781 communicare
1428 1721 1746 1791 pertulerit?
1774 1731 1860 1774 aut
1893 1719 2015 1787 quis
2046 1718 2112 1772 il-

2209 522 2316 576 isto
2345 535 2488 575 nunc
2531 521 2789 575 discimus
2816 519 2938 588 quia
2970 534 3066 586 pro
3096 517 3355 573 Ecclesia;
3378 516 3571 573 unitate
3588 519 3765 575 ferendi

2208 622 2332 668 sunt
2361 613 2507 681 mali,
2549 614 2690 667 sicut
2727 614 2911 667 docuit
2950 611 3306 680 Augustinus.
3345 609 3474 665 Nam
3499 625 3612 666 cum
3637 612 3763 668 dixi:

2210 706 2322 775 Ego
2355 707 2496 762 cnim
2544 707 2716 761 fateor
2751 705 3068 774 simpliciter
3103 704 3426 759 beatitudini
3454 714 3651 774 vestra),
3678 723 3764 762 non

2211 817 2308 869 pro
2337 800 2605 856 Theodori
2640 799 3002 869 Mepsuesteni
3044 798 3401 852 damnatione
3445 814 3529 853 me
3571 815 3600 852 a
3639 815 3766 852 com-

2209 894 2467 947 munione
2496 891 2976 947 contradicentium
3029 889 3388 956 subtraxisse,
3424 889 3522 945 hoc
3548 889 3675 944 enim
3699 891 3765 946 rel

2209 986 2252 1037 si
2279 985 2681 1053 approbantium
2719 999 2823 1038 non
2863 986 2951 1050 sit,
2989 981 3274 1036 ferendum
3315 992 3490 1035 tamen
3529 982 3764 1049 existimo,

2211 1095 2310 1132 nec
2341 1089 2542 1133 tantam
2579 1095 2699 1133 esse
2725 1091 2942 1132 causam
2971 1076 3182 1145 judico,
3228 1089 3330 1144 pro
3360 1090 3463 1142 qua
3491 1075 3766 1130 deberemus

2209 1184 2238 1223 a
2267 1169 2647 1224 communione
2681 1169 3036 1222 multitudinis
3074 1166 3350 1236 segregari
3369 1209 3384 1233 ,
3412 1165 3653 1219 doctrinm
3680 1168 3765 1218 Au-

2212 1261 2409 1330 gustini
2438 1275 2729 1314 memorem
2761 1273 2847 1313 me
2876 1258 3037 1313 fuisse
3066 1255 3390 1311 monstravi.
3420 1255 3519 1310 Sed
3549 1257 3766 1325 quoniam

2209 1360 2265 1405 et
2287 1351 2490 1405 Hilario
2518 1350 2745 1418 ejusque
2767 1349 2990 1417 collegis
3012 1347 3326 1402 contrarius
3353 1361 3470 1400 esse
3493 1361 3592 1400 non
3613 1345 3764 1410 debui,

2210 1445 2448 1514 quicum
2481 1443 2665 1511 procul
2695 1442 2864 1497 dubio
2892 1441 3100 1495 multos
3123 1449 3180 1494 et
3214 1439 3317 1508 ipsi
3352 1438 3519 1492 malos
3541 1439 3588 1491 in
3613 1438 3766 1492 Eccle-

2211 1535 2307 1590 slis
2349 1536 2369 1565 ’
2416 1533 2719 1596 suﬂ'errent,
2778 1532 3268 1601 sebismaticosqne
3316 1529 3640 1592 damnarent.
3679 1544 3764 1583 non

2214 1636 2392 1680 tamen
2425 1625 2679 1680 ferendos
2706 1624 3082 1694 judicaverunt
3108 1637 3232 1677 esse
3259 1621 3281 1654 ³
3311 1623 3430 1676 illos
3453 1620 3766 1675 Ecclesiarum

2213 1717 2556 1788 praepositos,
2579 1717 2669 1786 qui
2692 1717 2804 1770 suis
2828 1716 3061 1771 decretis
3084 1715 3462 1768 auctoritatem
3483 1711 3765 1782 generalium

518 1811 630 1864 lum
681 1825 787 1865 non
835 1811 1043 1864 audens
1089 1811 1508 1880 reprehendere,
1541 1812 1845 1866 Africanam
1878 1809 2109 1865 levitatis
2142 1800 2189 1858 Β
2216 1809 2570 1879 synodorum,
2603 1823 2702 1878 per
2749 1823 2883 1877 quas
2929 1807 3169 1860 munitur
3200 1805 3463 1871 Ecclesia,
3489 1814 3763 1859 conarentur

517 1904 602 1956 vel
629 1902 978 1968 impatientia:
1002 1903 1361 1970 reprehendat
1389 1903 1716 1968 Ecclesiam;
1742 1918 1858 1972 qua:
1881 1917 1986 1956 non
2013 1901 2114 1956 nisi

518 2001 710 2062 aperto
731 1993 840 2061 jam
870 1993 1319 2063 promulgatoque
1347 1994 1567 2048 decreto
1607 1995 2121 2050 anatltematizatum

518 2088 706 2140 videns
736 2086 1174 2141 Clialt-etloneme
1218 2087 1530 2154 concilium,
1561 2095 1616 2141 et
1655 2102 1841 2142 omnes
1877 2087 1962 2156 qui
2001 2087 2126 2156 ejus

519 2180 843 2234 sententiam
878 2186 1077 2240 tcncnt.
1109 2178 1514 2234 damnatoribus
1563 2181 1776 2234 Patrum
1809 2195 2024 2233 suorum
2056 2193 2120 2232 ac

520 2271 632 2324 suis
660 2271 1059 2325 communicare
1087 2272 1288 2333 vitavit,
1315 2287 1418 2324 nou
1448 2273 1595 2338 quasi
1627 2271 1902 2338 Augustini
1930 2271 2119 2324 adver<

521 2376 614 2415 sus
649 2362 949 2416 Donatistas
979 2362 1233 2415 doctrinm
1263 2363 1553 2426 cootraria,
1583 2366 1674 2417 sel
1713 2363 1896 2416 Hilarii
1933 2363 1948 2393 ¹
1981 2377 2120 2416 con-

527 2462 609 2506 tra
663 2452 1066 2522 impugnatores
1115 2453 1433 2507 universalis
1483 2453 1672 2524 synodi
1721 2452 2120 2507 observantiam

524 2543 854 2598 consecuta?
881 2542 944 2598 Ut
972 2552 1149 2598 autem
1181 2545 1440 2600 noveritis
1471 2545 1740 2612 quomodo
1773 2546 1823 2598 in
1855 2545 2120 2612 adjutorio

527 2634 616 2688 Dei
649 2634 736 2702 qui
769 2648 868 2687 nos
897 2634 1033 2704 regit
1064 2649 1127 2690 ac
1153 2635 1352 2706 dirigit,
1383 2638 1734 2704 August'num
1780 2635 2123 2692 concorditer.

524 2725 896 2793 Hilariumque
926 2740 1219 2789 sectemur,
1247 2742 1346 2783 nec
1374 2743 1470 2784 eos
1512 2730 1611 2784 sibi
1649 2731 1794 2784 velut
1823 2730 2124 2785 contrarios

524 2829 878 2882 opponamus,
927 2825 985 2870 ut
1033 2818 1204 2873 altero
1249 2819 1546 2887 approbato
1585 2821 1949 2886 improbemus
1987 2822 2122 2875 alte.

526 2921 668 2970 rum,
707 2907 802 2960 sed
839 2923 934 2976 pro
973 2923 1256 2966 causarum
1301 2911 1612 2967 divetsitate
1643 2923 1926 2979 utrumque
1955 2928 2126 2967 sece-

528 3015 665 3061 ntur.
699 3002 924 3070 accipite
946 3018 1066 3072 quae
1094 3003 1147 3057 in
1173 3003 1376 3073 judicio
1408 3006 1573 3073 ipsius
1605 3005 1777 3074 Vigi’ii
1806 3015 1828 3041 ιι
1856 3005 1996 3060 inter
2019 3007 2123 3062 alia

528 3089 722 3147 fuerim
757 3104 1095 3160 prosecutus,
1126 3095 1261 3150 sicut
1286 3095 1443 3151 editae
1469 3095 1622 3151 nobis
1649 3097 1717 3152 ab
1748 3096 1925 3151 ofﬁcio
1955 3099 2124 3152 tertia:

2219 1901 2512 1970 infringere
2539 1920 2552 1952 ε
2581 1909 2866 1970 propterea
2895 1909 3112 1954 secutus
3140 1898 3343 1968 adjeci,
3373 1897 3550 1952 dicens
3569 1896 3674 1950 ideo
3698 1911 3763 1951 me

2219 1995 2440 2047 istorum
2497 1993 2702 2046 vitasse
2756 1990 3236 2053 communionem,
3292 1990 3416 2058 quia
3468 2005 3530 2044 ex
3577 2001 3764 2057 prrsona

2217 2084 2791 2152 Theodori-epistolam
2815 2083 2941 2149 lba',
2972 2083 3023 2136 in
3054 2098 3164 2152 qua
3191 2081 3310 2150 ejus
3337 2081 3564 2135 doctrina
3595 2079 3763 2132 laudata

2219 2190 2321 2241 est,
2348 2177 2719 2232 Nestorianatn
2754 2177 2982 2243 probare
3009 2175 3195 2230 conati
3239 2183 3385 2240 sunt,
3415 2183 3470 2229 et
3495 2188 3556 2227 ex
3583 2171 3765 2240 epistola

2222 2269 2325 2328 lbtc
2368 2268 2632 2337 synodum
2668 2283 2698 2320 a
2746 2283 2847 2335 qua
2895 2276 3143 2336 suscepta
3195 2276 3282 2322 est
3319 2266 3626 2336 improbare.
3661 2263 3763 2317 Nam

2220 2376 2340 2429 quae
2379 2361 2483 2414 alia
2528 2374 2704 2415 causa
2743 2359 2907 2414 fuisse
2946 2360 3174 2414 dicenda
3207 2367 3313 2424 est,
3345 2368 3402 2414 ut
3441 2367 3556 2428 post
3591 2365 3765 2410 centum

2220 2463 2276 2507 et
2312 2451 2498 2517 viginti
2551 2465 2662 2504 sua:
2709 2449 3072 2504 defunclionis
3115 2464 3299 2505 annos
3324 2449 3645 2505 damnaretur
3667 2459 3762 2498 cum

2221 2543 2568 2610 degmatibus
2613 2543 2727 2597 suis
2757 2544 3045 2610 episcopus
3074 2543 3128 2597 in
3169 2543 3425 2597 Ecclesia:
3465 2555 3583 2610 pace
3614 2537 3762 2592 defunu

2225 2646 2367 2701 ctus,
2396 2635 2486 2690 vel
2513 2635 2741 2701 epistola
2772 2635 2928 2704 cujus
2953 2644 3142 2689 auctor
3180 2634 3416 2690 incertus
3445 2633 3650 2687 dicitur?
3673 2630 3761 2684 Non

2225 2728 2368 2783 enim
2415 2727 2500 2784 vel
2544 2727 2648 2782 hoc
2679 2725 2913 2781 fatentur
2949 2727 3091 2796 quod
3134 2725 3248 2782 Iba:
3285 2727 3375 2792 sit,
3408 2726 3495 2780 sed
3523 2723 3648 2794 quod
3673 2721 3762 2790 ejus

2225 2834 2346 2874 esse
2371 2818 2601 2873 dicatur.
2638 2821 2741 2873 Aut
2769 2833 2864 2872 cur
2895 2827 3171 2873 tantorum
3216 2818 3268 2873 in
3311 2818 3410 2873 hoc
3448 2817 3760 2885 episcoporum

2226 2910 2547 2979 subscriptio
2574 2921 2930 2981 quaereretur,
2960 2912 3060 2966 nisi
3089 2912 3222 2981 quia
3253 2927 3358 2966 non
3391 2925 3667 2980 paucorum,
3688 2904 3760 2960 sed

2228 3003 2586 3060 multitudinis
2620 3018 2919 3058 consensus
2963 3004 3324 3073 praeiudicare
3360 3012 3530 3074 posset
3556 3000 3759 3056 universa

2228 3097 2493 3153 concilio?
2529 3099 2592 3153 Et
2620 3097 2872 3167 quoniam
2899 3097 3061 3167 jndex
3091 3097 3198 3153 hoc
3235 3113 3294 3154 se
3320 3097 3520 3152 nescire
3555 3091 3758 3162 tingebat,

530 3185 754 3242 actiotis
783 3195 930 3254 gesta
961 3186 1256 3241 declarant.
1296 3206 1315 3239 ι
1351 3188 1504 3252 Peto,
1544 3190 1785 3258 inquam,
1817 3190 1884 3244 de
1916 3187 2120 3257 iustitia
2151 3163 2198 3228 C
2230 3187 2395 3260 petivi
2420 3188 2577 3244 simul
2601 3163 2664 3243 ac
2687 3188 2798 3243 dixi
2825 3205 2838 3243 :
2865 3163 3028 3245 «illoc
3056 3191 3449 3262 ergoprimum
3472 3203 3550 3243 me
3575 3185 3758 3242 demon-

528 3289 728 3346 vestra,
759 3291 937 3335 utrum
983 3291 1232 3352 suscepta
1279 3284 1348 3337 sit
1386 3299 1417 3338 a
1457 3285 1663 3354 synodo
1693 3284 2121 3338 Chalcedonensi

529 3372 757 3440 cpistola
809 3373 936 3436 lbzr,
968 3389 1085 3442 qum
1116 3375 1258 3429 velut
1290 3375 1605 3430 Nestoriana
1634 3376 1884 3436 damnata
1911 3387 2014 3443 e.~t,
2046 3377 2125 3431 in.

530 3464 786 3532 quiratis;
817 3473 872 3518 et
900 3465 1027 3520 dum
1056 3468 1363 3522 constiterit
1392 3483 1496 3523 non
1529 3470 1718 3524 obesse
1750 3471 1954 3541 synodo
1983 3469 2124 3540 quod

531 3571 657 3626 pars
701 3558 926 3612 adversa
970 3558 1036 3612 de
1079 3560 1349 3616 Theodori
1382 3576 1608 3631 persona
1658 3563 1922 3632 proponit,
1955 3563 2033 3618 sic
2063 3577 2126 3619 ea

530 3665 650 3716 quae
678 3651 916 3717 proferre
945 3653 1137 3710 volunt
1159 3655 1320 3725 relegi
1351 3656 1671 3724 permittatis
1701 3672 1716 3710 :
1747 3671 1814 3711 ne
1844 3657 1980 3711 forte
2007 3671 2127 3725 quae

533 3756 762 3814 aguntur
804 3748 869 3800 ad
916 3748 1350 3803 retractationem
1381 3750 1667 3804 videantur
1695 3762 2006 3805 memoratae
2035 3763 2128 3822 sy-

530 3840 654 3893 nodi
689 3841 976 3907 pertinere.
1027 3842 1138 3910 Ego
1179 3842 1321 3896 enim
1355 3841 1527 3897 fateor
1556 3841 1872 3910 simpliciter
1900 3841 2128 3894 beatituo

529 3930 640 3984 dini
684 3945 896 3996 vesme,
926 3945 1033 3986 n0n
1068 3947 1164 3999 pro
1201 3932 1469 3987 Theodori
1503 3933 1863 4000 MopsucSteni
1895 3933 2124 3986 damna-

532 4024 678 4077 tione
703 4039 788 4076 me
809 4039 836 4075 a
861 4024 1343 4078 cootradicentium
1368 4026 1747 4078 communione
1769 4023 2125 4080 subtraxisse.

532 4111 645 4167 Hoc
693 4114 836 4168 enim
887 4115 971 4167 vel
1021 4115 1064 4168 si
1117 4113 1520 4184 approbantium
1562 4128 1669 4169 non
1711 4115 1803 4184 sit,
1835 4114 2128 4180 ferendum

537 4213 716 4260 tamen
743 4208 1019 4274 existimo,
1053 4221 1152 4262 nec
1183 4215 1381 4262 tantam
1415 4223 1537 4263 esse
1563 4222 1777 4262 causam
1800 4207 2002 4277 judico,
2035 4221 2132 4277 pro

533 4313 635 4368 qua
683 4299 1005 4355 deberemus
1050 4317 1081 4355 a
1125 4302 1508 4357 communione
1548 4303 1906 4357 multitudinis
1949 4315 2133 4373 segre-

530 4392 666 4460 gari.
711 4393 814 4446 Sed
862 4394 985 4461 quia
1024 4408 1095 4448 ex
1141 4409 1372 4463 persona
1413 4395 1684 4449 Theodori
1713 4394 1995 4463 epistolam
2027 4394 2132 4447 line

531 4483 898 4538 Nestorianam
941 4487 1167 4554 probare
1210 4490 1386 4542 conati
1418 4499 1563 4555 S'lnl,
1593 4498 1648 4543 et
1671 4505 1738 4546 ex
1768 4491 1992 4559 epistola
2022 4489 2125 4543 lbra

530 4575 795 4649 synodum
825 4593 853 4631 a
883 4594 984 4648 qua
1031 4589 1278 4650 suscepta
1307 4591 1390 4636 est
1412 4582 1738 4651 improbare.
1775 4601 1794 4634 ι
1830 4583 1883 4638 ln
1926 4583 2008 4639 his
2033 4581 2134 4637 ita-

532 4684 639 4738 que
666 4668 848 4723 verbis
888 4668 1023 4724 meis
1055 4672 1380 4741 cognoscitis
1419 4672 1686 4742 imprimis
1722 4689 1819 4744 pro
1855 4682 1998 4730 statu
2039 4690 2130 4746 ge-

534 4760 736 4816 neralis
763 4762 954 4832 synodi
986 4777 1074 4817 me
1097 4763 1260 4819 fuisse
1282 4765 1589 4833 sollicitum,
1614 4782 1684 4823 ne
1706 4767 1849 4836 quod
1874 4767 2128 4837 Acepbali

533 4867 750 4925 semper
779 4857 1127 4926 quaesierunt,
1163 4857 1215 4912 iu
1249 4859 1683 4917 rctractationem
1716 4861 1944 4916 deducta
1985 4860 2131 4916 fran-

605 5123 634 5152 ⁸
671 5117 798 5174 Haec
826 5118 914 5190 illa
942 5128 1023 5172 e~t
1047 5118 1220 5190 Vigilii
1247 5117 1385 5190 apud
1417 5115 1936 5190 Constantinopolim
1963 5131 2130 5187 syno-

533 5188 654 5255 dus,
682 5190 836 5256 cujus
881 5188 1016 5242 facta
1061 5187 1140 5244 esi
1189 5189 1391 5243 mentio
1423 5191 1472 5241 in
1512 5189 1827 5256 prtefatione
1868 5187 2127 5242 librorum

534 5258 916 5313 MrAdductus
949 5270 1040 5321 est.
1070 5261 1262 5330 inquit,
1293 5261 1556 5313 Romanus
1587 5261 1874 5329 cpismpus,
1906 5259 1957 5310 in
1981 5261 2131 5329 cujus

532 5332 766 5384 examine
802 5348 917 5385 cum
959 5333 1110 5400 gestis
1149 5346 1302 5396 super
1358 5330 1455 5381 hac
1495 5345 1651 5382 causa
1695 5330 2126 5394 disceptaremus,

534 5403 786 5453 mediante
815 5405 1058 5468 conﬂictu
1087 5403 1390 5470 interrumpi
1411 5409 1526 5453 acta
1561 5400 1824 5469 prwcepit,
1852 5409 1896 5452 et
1926 5402 1986 5452 ab
2018 5402 2131 5453 uni-

534 5472 687 5522 versis
713 5472 962 5542 epissopis
983 5473 1069 5542 qui
1094 5473 1365 5525 aderamus
1388 5473 1597 5538 expetiit
1620 5482 1674 5522 ut
1702 5473 1896 5540 scripto
1918 5473 2132 5542 quisque

533 5544 855 5609 responderet
895 5541 1031 5613 quod
1069 5544 1116 5596 ei
1155 5544 1219 5598 de
1253 5544 1330 5597 Itis
1361 5542 1614 5612 Capitulis
1657 5543 1934 5596 videretur.
1966 5541 2132 5612 Hujus

608 5747 626 5778 ¹
671 5745 812 5800 Idem
845 5750 988 5816 cod.,
1027 5751 1250 5806 Hilario.

610 5818 630 5849 ¹
669 5817 814 5873 idem
844 5819 989 5890 cod.,
1027 5819 1266 5878 Ecclesiis
1293 5821 1414 5876 Dei.

2162 4549 2209 4608 D

2225 3291 2401 3335 strare
2433 3280 2728 3350 prmeipite,
2757 3289 2820 3334 ut
2845 3282 3066 3338 doceam
3101 3283 3240 3340 false
3267 3285 3443 3354 negari
3472 3279 3598 3352 quod
3622 3293 3648 3332 a
3665 3291 3759 3331 san-

2227 3387 2312 3431 cta
2357 3377 2564 3448 synodo
2593 3377 3024 3432 Chalcedonensi
3062 3390 3282 3449 recepta
3316 3380 3486 3445 fuerit,
3533 3387 3580 3430 et
3621 3371 3757 3427 omnia

2227 3469 2719 3525 contradicentium.
2747 3469 2999 3540 figmenta
3031 3472 3369 3543 redarguam,
3401 3470 3577 3540 quibus
3601 3479 3696 3520 eam
3719 3462 3758 3516 in

2228 3564 2646 3620 destructionem
2692 3565 2883 3636 synodi
2935 3565 3394 3623 Chalcedonensis
3432 3565 3565 3619 velut
3589 3560 3758 3628 impiam

2230 3657 2643 3713 damnaverunt.
2677 3677 2696 3710 ι
2725 3659 2831 3714 Sed
2859 3660 3114 3728 quoniam
3151 3661 3358 3716 occulta
3391 3659 3502 3728 ejus
3525 3649 3760 3723 antejudi-

2231 3752 2370 3806 cium
2412 3752 2732 3820 pollicitatio
2777 3752 3076 3818 tenebatur,
3105 3753 3158 3808 in
3189 3771 3292 3824 qua
3329 3769 3386 3808 se
3423 3746 3671 3820 spopondit
3693 3757 3757 3796 ca-

2231 3843 2352 3898 dem
2384 3845 2615 3912 eapitula
2650 3845 3048 3910 damnatorum,
3079 3855 3136 3900 ut
3164 3862 3224 3902 se
3252 3844 3398 3916 quasi
3442 3857 3532 3912 per
3563 3840 3758 3906 ignoran-

2234 3934 2361 3988 tiam
2413 3945 2594 4003 posset
2637 3935 2873 3999 abluere,
2917 3935 3290 4004 probationem
3319 3949 3470 4005 quam
3500 3925 3757 3986 offerebam.

2234 4039 2504 4095 quamque
2547 4027 2661 4094 ipse
2710 4026 2972 4081 instanter
3013 4027 3234 4097 exigere
3281 4023 3476 4086 debuit,
3518 4033 3595 4074 me
3622 4015 3760 4070 facere

2234 4133 2341 4174 non
2383 4117 2648 4188 permisit.
2697 4116 2803 4173 Sed
2844 4118 3010 4188 gestis
3043 4117 3110 4172 de
3142 4118 3320 4173 medio
3358 4111 3584 4172 sublatis,
3610 4103 3758 4175 quibit!

2234 4225 2395 4266 causa
2441 4220 2680 4280 coeperat
2725 4210 2945 4279 aperiri,
2979 4219 3034 4265 et
3071 4211 3368 4282 interrupto
3406 4221 3498 4263 suo
3529 4198 3714 4274 judicio,
3739 4205 3759 4245 ιι

2235 4304 2635 4359 considentibus
2653 4304 2918 4372 epiSCOpis
2941 4304 3218 4374 ﬂagitavit,
3244 4313 3298 4358 ut
3323 4301 3443 4372 quid
3464 4299 3536 4353 eis
3560 4293 3616 4347 de
3634 4297 3758 4383 causa

2235 4398 2512 4452 videretur
2541 4397 2742 4467 prolata
2783 4396 3006 4466 quisque
3037 4397 3087 4450 in
3121 4397 3335 4466 scriptis
3377 4385 3684 4458 responsione
3706 4391 3759 4429 St-

2236 4499 2446 4559 guaret.
2474 4490 2540 4542 Et
2560 4488 2680 4559 quia
2703 4488 2777 4543 illi
2800 4489 3036 4558 episcopi
3059 4491 3290 4544 maxime
3309 4468 3757 4559 Constantinopolim

2239 4591 2586 4636 occurrerant
2616 4581 2668 4635 in
2697 4580 2815 4650 ejus
2851 4581 3160 4652 adventum,
3195 4594 3414 4652 quorum
3459 4570 3589 4626 nulla
3618 4564 3663 4619 in
3688 4558 3760 4612 hac

2240 4687 2401 4729 causa
2443 4673 2768 4743 subscriptio
2813 4674 3116 4740 tenebatur,
3147 4686 3200 4731 et
3233 4673 3299 4729 de
3324 4686 3414 4726 sua
3450 4666 3634 4720 fuerant
3657 4656 3758 4753 inte

2239 4765 2434 4834 ἕΐίῑθίθ
2461 4767 2658 4830 Securi,
2695 4782 2790 4836 per
2825 4769 3165 4822 Occasionem
3203 4765 3356 4836 hujus
3390 4749 3758 4846 interrogationi!

2237 4860 2342 4929 ipsi
2389 4875 2602 4929 quoque
2644 4862 2933 4930 separatim
2966 4861 3227 4932 compulsi
3263 4866 3382 4915 sunt
3409 4855 3468 4910 ab
3496 4849 3758 4905 adversariis

2640 5123 2758 5215 nec
2953 5140 2985 5215 n.
3298 5118 3600 5215 .'f_9.‘.€‘1'1it‘.f.:
3619 5106 3757 5215 an;

2241 5173 2393 5286 iere‘l:
2412 5173 2524 5248 rnisi
2549 5195 2690 5265 quod
2713 5209 2781 5286 ex
2808 5173 2868 5249 ea
2901 5204 3080 5249 natum
3110 5205 3307 5279 constat
3328 5173 3754 5286 jutlicpatuit'nlxiillig

2239 5267 2302 5316 ntl
2337 5245 2582 5320 Mennatti
2615 5267 3105 5336 arcliiepiscopmn,
3135 5268 3184 5321 in
3215 5245 3428 5336 qtto'tt'la

2235 5336 2410 5400 aliqua
2436 5317 2858 5422 dhpensation'e,
2884 5317 3029 5391 sal'va
3058 5317 3243 5408 synodi
3268 5317 3754 5422 Cital'eed'alosgilglgﬁ‘i

2236 5387 2504 5470 verentia,
2521 5387 2780 5461 eandenm
2789 5387 2939 5474 sliat:
2950 5387 3424 5474 'ui'u'titéeit'piston
3446 5396 3558 5450 cleri

2236 5477 2304 5532 ad
2333 5448 2620 5548 ἶεὲζίηίῖτίοδ
2651 5448 2978 5534 crinééii’m
2998 5448 3199 5536 ἰδ-[ξιξ
3223 5448 3559 5533 (ἷοιιοὶιίοιιιιη
3587 5448 3753 5511 (ἱειυιίεο

2318 5750 2336 5780 ³
2379 5748 2524 5805 ldcm
2556 5747 2702 5818 cod.,
2736 5747 2890 5803 etiam
2919 5747 3055 5806 illos.
