4094 6500
358 344 452 407 96!

1532 350 1749 411 LIBER
1790 346 2070 409 CONTRA
2110 356 2489 415 MUCIANUM.
2530 376 2533 379 ν

3547 350 3653 408 δδῖ

356 460 611 523 Ecclesim
638 466 908 536 quomodo
936 466 1274 523 dictaverunt
1302 468 1354 523 in
1384 468 1749 538 prtejndicium
1775 470 1951 538 magni
1982 469 2029 528 A
2060 471 2572 527 anathematizasset
2597 470 3150 539 Ecclesiam,scrvarc
3180 485 3279 526 nos
3307 470 3365 525 in
3384 469 3474 525 illo
3492 486 3653 543 oper—-

352 559 568 613 concilii
616 560 968 628 respOndere.
1015 562 1091 615 Ac
1134 576 1218 616 ne
1248 570 1432 629 postea
1469 561 1866 626 subtraherent,
1898 570 1952 616 et

353 666 472 721 qua:
500 652 703 718 scripto
732 652 1125 719 responderant
1160 653 1361 723 judicio
1397 667 1502 707 non
1532 652 1809 717 offerrent,
1840 654 1951 721 jam

353 745 453 799 sub
492 746 874 812 prosecutione
914 744 1153 813 ipsorum
1197 754 1361 813 atque
1401 745 1641 800 custodia
1681 746 1855 814 palam
1885 745 1951 799 ad

354 838 507 892 illum
532 837 934 893 deducebantur
957 839 1171 893 tradere
1197 855 1290 893 sua
1316 840 1536 907 profana
1562 849 1617 896 et
1638 840 1950 895 detestanda

354 944 636 995 resimiisa.
667 930 848 985 Oculis
879 944 977 984 nos
1009 930 1126 985 haec
1155 930 1408 986 vidimus.
1438 931 1737 999 Acephalos
1762 947 1949 999 coram

353 1020 471 1089 ipso
511 1018 691 1089 judice
738 1020 947 1075 alacres
993 1032 1046 1076 et
1091 1022 1426 1079 exsultantes
1462 1025 1786 1091 aspeximus,
1827 1039 1949 1078 cum

351 1111 640 1181 episcopos
675 1112 743 1166 ad
785 1127 908 1167 eum
947 1112 1282 1169 adducerent
1316 1116 1503 1169 eadem
1534 1131 1789 1179 reSponsa
1810 1115 1949 1185 por—

349 1209 547 1257 tantes.
582 1203 650 1258 Et
692 1203 905 1273 quando
951 1204 1066 1260 haec
1102 1206 1181 1260 sic
1230 1206 1529 1262 inhaereant
1574 1208 1829 1263 cordibus
1856 1225 1951 1263 aua-

354 1295 639 1363 dientium,
668 1305 757 1349 aut
784 1297 863 1351 sic
887 1311 949 1352 ea
974 1296 1230 1352 detestari
1254 1314 1317 1353 ac
1345 1299 1528 1365 lugere
1554 1300 1787 1369 possitis,
1812 1303 1948 1358 sicut

354 1401 472 1453 uos,
490 1386 545 1442 in
567 1402 797 1455 quorum
814 1388 1011 1445 animis
1034 1390 1269 1458 ipsorum
1294 1392 1556 1446 malorum
1580 1395 1755 1449 adhuc
1774 1395 1949 1464 imago

352 1480 638 1533 versatur?
667 1479 979 1549 Suscipiens
1006 1497 1137 1536 vero
1167 1483 1258 1538 ille
1288 1493 1610 1539 memoratas
1637 1488 1947 1555 responsio-

351 1580 477 1631 nes,
529 1578 651 1638 post
699 1570 904 1638 aliquot
946 1570 1063 1626 dics
1107 1572 1172 1626 ad
1223 1573 1475 1641 palatium
1519 1573 1740 1640 detulit,
1788 1586 1949 1645 atque

350 1660 507 1715 alteri
533 1660 750 1715 tradidit
773 1663 931 1729 parti,
958 1663 1012 1717 in
1037 1662 1405 1732 pracjudicium
1437 1666 1627 1734 synodi
1651 1666 1949 1722 Chalcedo-

353 1751 533 1805 nensis
561 1764 681 1803 cum
712 1752 937 1805 aliorum
970 1751 1343 1822 chirographis
1376 1756 1463 1823 qui
1507 1764 1669 1810 antea
1710 1759 1949 1813 subsch

2061 564 2161 616 tuit
2190 564 2513 618 sententiam
2544 578 2715 625 suam,
2756 562 2907 632 sequi
2932 562 3076 631 quod
3104 562 3259 617 nobis
3286 560 3512 630 pra-buit
3542 564 3648 632 pri-

2057 667 2165 707 sca:
2205 654 2533 723 integritatis
2578 654 2911 721 exemplum.
2955 654 3085 707 Nam
3123 654 3429 721 priusquam
3468 654 3569 710 hoc
3599 665 3652 709 ct

2056 745 2173 812 ipse
2214 746 2596 811 committeret,
2645 744 2888 811 scribens
2925 744 2991 797 de
3039 743 3232 798 itinere
3274 743 3652 798 Constantino-

2058 832 2297 901 politano
2343 832 2635 900 episcopo,
2681 832 2770 899 qui
2828 826 3144 899 Drs‘jttdlClO
3197 844 3401 900 magna:
3458 831 3648 901 synodi

2056 925 2261 991 primus
2308 923 2561 991 assensit,
2597 922 2690 977 sed
2728 938 2885 991 quem
2924 921 3117 975 litteris
3148 920 3257 983 suis
3289 921 3645 988 praeveniens,

2053 1017 2170 1071 ait:
2202 1034 2221 1067 ι
2258 1016 2598 1084 Quapropter
2632 1014 2960 1069 credidimus
3009 1011 3351 1069 indicandum
3384 1011 3524 1080 quod
3555 1011 3650 1066 do-

2052 1110 2234 1163 minus
2283 1108 2428 1161 ﬁlius
2474 1116 2659 1165 noster
2712 1104 3166 1161 clementissimus
3213 1103 3507 1172 imperator
3556 1118 3650 1172 per

2052 1199 2290 1256 Leonem
2340 1200 2602 1255 illustrem
2654 1199 2827 1252 virum
2876 1212 2973 1252 nos
3007 1196 3364 1261 serenissimis
3406 1195 3640 1250 hortatur

2051 1292 2324 1361 affatibus,
2355 1302 2410 1346 ut
2441 1307 2624 1362 pacem
2657 1306 2814 1360 quam
2853 1290 3101 1345 Christus
3132 1288 3388 1343 Dominus
3422 1289 3563 1343 Deus
3595 1295 3646 1342 et

2052 1386 2302 1451 Salvator
2331 1396 2517 1439 noster
2557 1400 2719 1453 supra
2760 1382 2940 1437 omnia
2984 1380 3295 1435 holocausta
3327 1380 3522 1449 diligit,
3554 1386 3642 1433 vd-

2051 1478 2258 1534 biscum
2284 1485 2481 1532 etcum
2504 1474 2775 1530 universis
2807 1471 3065 1527 fratribus
3098 1480 3153 1526 et
3188 1471 3524 1541 coepiscOpis
3552 1484 3651 1523 no-

2050 1570 2197 1636 etris,
2223 1581 2273 1624 ct
2297 1568 2641 1624 custodiente
2670 1566 2846 1622 stabili
2875 1566 3128 1620 ﬁrmitate
3152 1579 3451 1620 servemus.
3476 1564 3644 1631 Quam

2051 1662 2277 1732 piissimi
2322 1662 2577 1730 principis
2619 1659 3048 1713 adhortationem
3099 1658 3330 1712 libentrr
3368 1657 3646 1726 amplecti-

2052 1769 2192 1807 mur.
2225 1752 2330 1808 Sed
2362 1754 2405 1806 si
2437 1752 2584 1820 pacis
2610 1750 2829 1816 bonum,
2864 1751 3004 1803 sicut
3033 1749 3208 1803 locum
3249 1749 3535 1804 sacerdotii
3570 1748 3644 1804 tui

352 1853 571 1911 pserant
613 1844 991 1900 reservandas.
1024 1843 1221 1899 Verum
1255 1861 1323 1902 ne
1349 1849 1460 1903 suis
1485 1848 1710 1903 traditor
1740 1849 1947 1905 \idere-
1981 1845 2023 1905 Β
2053 1846 2328 1908 convenit,
2357 1846 2629 1912 sapienter
2654 1841 2920 1907 attendas,
2951 1850 3006 1896 et
3031 1842 3314 1895 advertere
3355 1850 3409 1895 et
3445 1842 3642 1909 pr.rdi-

352 1944 456 2001 tur,
486 1933 676 1990 talibus
711 1935 890 1990 verbis
916 1950 1010 1990 eos
1042 1936 1247 2001 fefellit,
1279 1946 1339 1992 ut
1364 1939 1609 1994 diceret:
1641 1940 1781 2007 Quid
1805 1941 1945 2010 apud

352 2037 452 2085 nos
480 2042 820 2084 reservamus
855 2029 957 2083 ista
985 2030 1250 2084 contraria
1281 2031 1488 2102 synodo
1520 2032 1945 2088 Chalcedonensi

352 2132 629 2187 responsa,
655 2128 713 2173 ut
738 2120 951 2175 inventa
975 2120 1294 2190 quandoque
1323 2122 1373 2175 in
1406 2121 1661 2178 Ecclesia:
1688 2123 1944 2181 Romana:

348 2209 551 2265 scrinio
576 2224 606 2262 a
638 2209 795 2264 nobis
826 2211 1119 2278 approbata
1159 2212 1480 2268 credantur?
1511 2213 1619 2270 Sed
1656 2211 1943 2271 aﬁ'eramus

347 2301 440 2357 illa
482 2302 534 2355 in
584 2303 862 2371 palatium,
897 2313 949 2357 et
990 2302 1058 2357 de
1097 2303 1204 2358 illis
1240 2312 1401 2373 agant
1425 2305 1440 2335 ¹
1474 2323 1488 2359 z
1519 2305 1616 2375 ipsi
1639 2306 1748 2375 jam
1779 2323 1945 2363 nove-

350 2395 476 2449 rint.
511 2393 673 2461 Quasi
722 2410 783 2450 ea
832 2395 1081 2451 scindere
1120 2397 1202 2450 vel
1250 2412 1408 2452 urere
1438 2398 1551 2467 ipse
1591 2416 1695 2453 non
1738 2408 1939 2469 posset,

346 2494 438 2543 aut
460 2502 555 2555 per
576 2502 726 2540 suam
753 2502 1014 2542 evacuare
1036 2489 1503 2555 sententiam,~aut
1528 2490 1659 2560 ipsis
1690 2506 1720 2545 a
1751 2493 1944 2560 quibus

345 2577 559 2641 fuerant
596 2579 720 2633 data
764 2580 1048 2635 reiundere
1090 2598 1102 2634 :
1142 2596 1263 2651 quae
1294 2596 1392 2637 nec
1434 2583 1709 2651 suscipere
1744 2583 1813 2638 ab
1839 2585 1939 2654 eis,

346 2688 445 2727 nec
470 2686 795 2742 extorquere
825 2674 1108 2743 debuerat,
1140 2678 1185 2731 si
1225 2693 1353 2733 vere
1384 2675 1748 2747 pra-judicium
1779 2693 1944 2748 gene-

346 2763 473 2819 ralis
503 2765 692 2837 synodi
728 2768 1084 2835 prmcavebat.
1113 2768 1290 2841 Atque
1331 2770 1432 2825 ista
1473 2772 1495 2802 ³
1521 2770 1673 2825 solita
1702 2771 1939 2843 ﬁctione,

346 2851 552 2925 ﬁngens
598 2857 715 2923 ejus
758 2859 1132 2927 praeiudicium
1162 2877 1220 2917 se
1248 2876 1463 2929 cavere,
1489 2861 1594 2917 hoc
1622 2877 1717 2932 pro
1747 2863 1941 2918 volun-

346 2958 456 3002 tate
503 2950 898 3007 conlrarinrum
952 2949 1114 3017 fecit,
1162 2953 1301 3020 quod
1351 2952 1402 3006 ci
1450 2953 1496 3007 si
1542 2952 1940 3009 dissimulcmus

344 3041 680 3110 przejudicct.
720 3042 1002 3109 Quomodo
1048 3044 1193 3099 enim
1241 3058 1349 3097 nou
1401 3043 1741 3115 pra'judicet,
1769 3045 1813 3098 si
1846 3044 1945 3099 de-v

345 3143 715 3191 monstrantur
745 3138 814 3192 70
854 3137 1069 3192 circiter
1112 3138 1351 3206 episcopi
1382 3152 1501 3193 cum
1539 3138 1779 3192 Romano
1805 3138 1943 3194 anti-

2052 1952 2177 1991 care
2218 1946 2269 1991 te
2314 1950 2533 1990 necesse
2563 1944 2645 1991 est
2671 1949 2789 2003 qua:
2821 1948 2920 2001 pax
2956 1933 3005 1985 in
3035 1932 3127 1987 Dei
3170 1932 3408 1991 Ecclesia
3444 1932 3516 1986 sit
3562 1940 3644 1987 tc-

2051 2029 2249 2094 nenda,
2291 2043 2411 2083 cum
2460 2026 2774 2095 Apostolus,
2804 2026 2894 2096 qui
2935 2025 3218 2078 Dominum
3262 2039 3501 2079 neStrum
3533 2025 3644 2088 Spi-

2050 2120 2210 2176 ritum
2253 2119 2307 2174 in
2354 2133 2414 2172 se
2463 2117 2607 2187 loqui
2654 2115 2943 2185 perhibuit,
2974 2115 3092 2169 ait:
3127 2114 3244 2168 Pax
3286 2113 3494 2179 Christi,
3535 2130 3644 2183 qua:

2026 2222 2316 2284 exsuperat
2365 2228 2564 2267 omnem
2614 2226 2837 2275 sensum,
2890 2208 3351 2263 custodiat'corda
3392 2218 3555 2262 ucstra
3596 2216 3645 2263 et

2048 2306 2411 2374 intelligentias
2439 2312 2630 2357 vestras
2660 2301 2888 2372 (Philip.
2923 2316 2996 2368 tv,
3032 2301 3108 2369 7).
3136 2301 3253 2369 Ipse
3284 2311 3460 2354 autem
3491 2299 3642 2353 Chri-

2049 2402 2163 2451 stus
2193 2395 2333 2449 Deus
2375 2404 2559 2449 noster
2590 2394 2775 2446 volens
2808 2390 3056 2458 perfectae
3088 2399 3113 2425 ⁸·
3148 2390 3291 2457 pacis
3322 2389 3516 2445 indicia
3546 2389 3643 2443 de-

2050 2498 2375 2553 monstrare,
2402 2487 2533 2541 dicit
2560 2504 2575 2542 :
2606 2486 2791 2539 Pacem
2820 2501 2982 2538 meam
3015 2486 3248 2551 relinquo
3278 2483 3434 2548 vobis,
3465 2500 3642 2555 parem

2050 2597 2214 2636 meam
2251 2582 2315 2633 do
2363 2581 2502 2633 vobis
2531 2595 2553 2634 :
2583 2594 2687 2632 non
2724 2579 2975 2646 quomodo
3022 2578 3244 2631 mundus
3288 2576 3398 2642 dat,
3435 2593 3527 2647 ego
3576 2578 3641 2629 da

2049 2678 2190 2731 vobis
2219 2673 2646 2747 (Joan.xtv,27).
2678 2672 2900 2739 Qualem
2932 2671 3074 2726 enim
3110 2669 3337 2723 mundus
3362 2668 3491 2724 dare
3521 2685 3639 2738 pos-

2050 2771 2141 2833 sit,
2166 2771 2280 2840 ipse
2306 2784 2405 2826 nos
2436 2769 2653 2825 instruit
2680 2783 2772 2837 per
2796 2768 3108 2837 prophetam
3131 2766 3219 2836 qui
3244 2767 3317 2818 ait
3341 2782 3353 2818 :
3385 2764 3639 2833 Dic-entes,

2050 2878 2172 2931 pax,
2196 2877 2323 2930 pass,
2347 2876 2464 2913 cum
2500 2874 2599 2912 non
2631 2868 2758 2911 esset
2788 2874 2888 2925 paa:
2913 2855 3044 2926 (Jer.
3082 2873 3154 2922 γι,
3181 2857 3291 2923 li).
3320 2856 3383 2910 Et
3413 2855 3540 2909 illud
3570 2854 3638 2911 si-

2051 2955 2162 3009 mili
2205 2956 2411 3009 ratione
2456 2966 2763 3021 pensemus,
2794 2949 2915 3019 quia
2961 2950 3013 3017 in
3059 2950 3426 3018 apostolorum
3470 2948 3638 3005 actio-

2050 3047 2209 3108 nibus
2255 3046 2323 3101 de
2372 3042 2607 3114 pellecta
2662 3057 2792 3113 pace
2840 3043 2917 3098 sic
2964 3052 3048 3096 est
3086 3041 3154 3098 de
3202 3041 3549 3098 credentibus
3586 3043 3640 3097 in

2050 3140 2278 3195 Domino
2313 3137 2666 3199 declaratum,
2698 3133 2839 3203 quod
2869 3143 2987 3189 erat
3031 3135 3082 3189 in
3130 3134 3236 3189 illis
3270 3149 3364 3189 cor
3394 3149 3558 3190 unum
3588 3142 3636 3193 el

343 3227 468 3282 site
498 3227 1023 3298 Constantinopolim
1063 3229 1390 3299 congregati,
1439 3238 1495 3282 ut
1537 3229 1656 3285 illos
1695 3231 1937 3283 omittam
1971 3234 2016 3293 C
2049 3234 2223 3286 anima
2254 3245 2354 3285 una
2382 3230 2516 3299 (Act.
2551 3244 2619 3292 iv,
2651 3225 2765 3293 52).
2799 3226 2958 3280 Muita
2983 3241 3110 3295 ergo
3140 3235 3262 3280 sunt
3293 3243 3411 3297 qua:
3440 3226 3507 3282 de
3536 3236 3638 3282 ter-

340 3319 431 3388 qui
460 3328 585 3375 ante
615 3320 1071 3388 subscripserant,
1106 3320 1499 3377 condemnasse
1528 3335 1649 3376 eum
1676 3322 1940 3390 approbas

342 3411 549 3464 toribus
584 3412 697 3466 suis
742 3412 1026 3481 epistolam
1057 3427 1089 3467 a
1119 3412 1546 3469 Chalcedonensi
1587 3415 1816 3469 concilio
1844 3430 1940 3482 ap-

343 3504 657 3572 probatam?
680 3514 733 3560 et
755 3506 905 3560 illum
934 3506 1270 3575 episcopum,
1294 3506 1449 3575 cujus
1470 3507 1728 3563 doctrina:
1750 3508 1937 3563 laudes

340 3599 392 3651 in
441 3607 741 3652 memorato
788 3597 1215 3653 Chalcedonensi
1258 3599 1490 3653 concilio
1537 3600 1775 3655 recitatae
1812 3608 1937 3655 sunt

338 3687 553 3741 nemine
581 3690 888 3757 resistente,
915 3703 1035 3744 cum
1064 3689 1179 3745 suis
1210 3690 1549 3760 dogmatibus
1570 3689 1934 3749 anathemati-

335 3795 491 3833 zasse
536 3787 657 3847 post
695 3788 947 3847 mortem,
982 3781 1276 3837 scientibus
1310 3783 1547 3846 caeteris,
1578 3792 1633 3838 et
1662 3783 1717 3837 in
1749 3798 1933 3837 eorum

333 3873 716 3929 communione
757 3871 1134 3933 manentibus?
1167 3872 1249 3927 οι)
1281 3874 1381 3929 hoc
1410 3888 1539 3959 euge
1567 3875 1933 3930 necessarium

334 3961 432 4023 fuit
463 3979 567 4017 non
600 3963 759 4017 modo
799 3963 865 4025 ab
900 3974 1089 4021 eorum
1143 3978 1243 4021 nos
1289 3965 1671 4021 communione
1714 3965 1933 4021 subtra-

333 4052 486 4119 here,
540 4070 723 4110 verum
772 4056 961 4121 etiam,
1013 4057 1134 4126 quia
1193 4057 1457 4126 potiorem
1506 4056 1828 4113 videbantur
1877 4056 1931 4111 in

330 4146 573 4202 Ecclesia
602 4156 787 4203 tenere
822 4147 1024 4215 locum,
1048 4148 1139 4217 qui
1167 4149 1325 4218 primi
1355 4148 1479 4203 huic
1506 4148 1817 4218 praeiudicio
1838 4148 1933 4203 im-

330 4246 580 4305 peratore
620 4236 847 4307 jubente
888 4248 1192 4309 cesserunt,
1237 4255 1305 4294 ne
1346 4240 1586 4309 ipsorum
1641 4241 1809 4310 magis
1849 4251 1931 4295 te-

329 4331 507 4385 nenda
538 4334 802 4386 sententia
830 4333 1126 4399 videretur,
1157 4348 1606 4400 commemorare,
1631 4335 1774 4404 quod
1800 4336 1927 4391 alibi

329 4419 575 4489 fecimus,
610 4425 879 4492 quomodo
910 4427 1024 4479 sive
1063 4424 1247 4480 Menas
1276 4425 1924 4495 Constantinopolitanus,

328 4513 446 4567 sive
473 4513 658 4567 Zoilus
698 4515 1118 4580 Achandrinus,
1152 4516 1268 4571 sive
1308 4516 1679 4572 Antiochenus
1721 4518 1928 4590 Ephre-

2046 3340 2173 3380 rena
2204 3334 2256 3379 et
2284 3322 2492 3379 caelesti
2527 3336 2653 3390 pace
2681 3320 3033 3375 discernenda
3068 3321 3397 3374 inveniamus
3421 3323 3637 3389 scripta.

2045 3418 2173 3485 Quae
2204 3418 2324 3484 quia
2358 3433 2452 3470 vos
2485 3430 2591 3471 non
2635 3418 2905 3475 credimus
2957 3418 3226 3486 ignorare,
3274 3414 3505 3470 sufﬁciat
3534 3428 3639 3470 οισι

2042 3510 2309 3577 carpsisse
2352 3523 2518 3577 pauca
2566 3508 2634 3564 de
2673 3508 2945 3577 plurimis,
2977 3517 3036 3562 ut
3067 3507 3234 3577 magis
3265 3516 3369 3564 tua
3398 3505 3636 3560 fraterni-

2045 3602 2167 3653 tatis
2214 3598 2385 3665 possit
2428 3599 2700 3654 aestimare
2758 3598 3020 3668 judicium
3068 3613 3189 3667 qua:
3238 3611 3339 3666 pax
3393 3596 3568 3666 potius
3609 3609 3636 3647 a

2040 3688 2416 3745 sacerdotibus
2444 3691 2513 3745 sit
2546 3688 2798 3744 tenenda.
2836 3707 2857 3741 ι
2889 3689 3077 3744 Nonne
3105 3689 3445 3757 perspicuum
3476 3696 3560 3745 est
3586 3697 3637 3745 et

2039 3781 2318 3836 evidenter
2342 3790 2567 3849 apparet
2597 3797 2661 3835 ex
2693 3781 2775 3836 his
2805 3796 2924 3850 quae
2954 3780 3390 3845 inemoravimus,
3416 3782 3556 3851 quod
3586 3788 3635 3836 et

2040 3871 2140 3941 ipsi
2163 3871 2417 3926 contrarii
2443 3870 2531 3940 qui
2560 3887 2587 3929 a
2622 3871 2775 3927 nobis
2803 3872 2855 3937 in
2888 3871 3067 3930 multis
3090 3872 3435 3937 dissentiunt,
3460 3873 3511 3927 in
3538 3873 3647 3928 hoc

2041 3974 2219 4025 tamen
2264 3964 2625 4043 consentiant,
2655 3964 2799 4034 quod
2840 3963 2893 4017 in
2933 3962 3128 4018 talibus
3168 3962 3349 4019 causis
3379 3964 3633 4032 praevari-

2038 4068 2277 4113 catorum
2321 4058 2395 4112 sit
2435 4056 2647 4112 vitanda
2695 4055 3036 4111 communio?
3077 4063 3133 4115 ct
3168 4055 3309 4126 quod
3344 4056 3429 4111 illa
3472 4071 3574 4125 pax
3605 4072 3633 4109 a

2038 4148 2131 4204 Dei
2160 4148 2533 4204 saterdotibus
2561 4148 2614 4201 in
2646 4146 2887 4201 Ecclesia
2916 4146 2989 4201 sit
3025 4145 3252 4203 tenenda
3281 4161 3399 4216 qua:
3434 4155 3635 4201 statum

2037 4241 2205 4312 ipsius
2236 4257 2342 4294 non
2370 4239 2649 4295 subvertat
2678 4238 2968 4293 Ecclesiae?
2998 4238 3331 4294 subvertitur
3360 4247 3562 4304 autem,
3587 4240 3634 4295 si

2033 4336 2152 4405 eius
2201 4336 2269 4390 de
2315 4334 2419 4389 fide
2465 4332 2735 4403 generalia
2786 4334 3081 4389 constituta
3125 4333 3361 4389 decretis
3404 4335 3634 4390 aliorum

2034 4430 2372 4485 sacerdotum
2415 4427 2655 4498 qualibet
2701 4429 2991 4489 occasione
3024 4428 3363 4500 frangantur.
3403 4430 3634 4502 Propter

2033 4522 2175 4591 quod
2222 4532 2275 4576 et
2316 4521 2438 4576 illos
2474 4522 2563 4589 qui
2606 4520 2801 4575 talibus
2829 4523 3363 4583 cotnmuoicaverant
3409 4525 3632 4580 veniens

326 4606 500 4671 mins,
550 4615 603 4661 et
657 4608 845 4662 Petrus
891 4610 1447 4680 llierosolymitanus,
1502 4620 1789 4680 antequam
1840 4612 1926 4665 vel
1953 4620 2009 4680 Β
2035 4614 2085 4668 in
2125 4614 2326 4682 regiam
2366 4614 2633 4667 civitatein
2663 4627 2692 4667 a
2724 4615 3106 4669 communione
3144 4617 3424 4685 snspendit
3452 4615 3501 4671 ι».
3531 4614 3632 4684 Qui

326 4698 699 4753 consentirent
725 4701 806 4755 vel
835 4702 1117 4767 cederent,
1151 4704 1332 4758 testati
1371 4714 1497 4759 sunt
1539 4702 1653 4759 ﬁeri
1694 4720 1801 4759 non
1828 4704 1930 4760 de-

324 4785 476 4845 bere.
508 4791 589 4845 Ob
618 4792 718 4847 hoc
746 4794 908 4847 etiam
937 4795 1006 4850 de
1031 4796 1200 4867 ipsius
1229 4796 1466 4866 episcopi
1500 4796 1724 4851 Romani
1748 4797 1931 4851 chiro-

327 4882 581 4951 graphis,
636 4884 717 4939 vel
768 4888 915 4954 prius
963 4889 1271 4943 ambitionis
1325 4889 1591 4959 impulsu,
1638 4905 1760 4944 cum
1816 4891 1926 4945 fieri

325 4973 546 5029 arderet
589 4977 898 5045 episcolius,
933 4981 1013 5033 vel
1048 4991 1232 5049 postea
1276 4981 1570 5037 venalilate
1601 4983 1740 5052 parti
1772 4983 1926 5038 alteri

320 5062 503 5129 factis,
538 5069 905 5122 necessarium
950 5068 1208 5125 duximus
1250 5086 1357 5126 non
1398 5082 1602 5141 tacere,
1640 5088 1708 5128 ne
1745 5082 1929 5128 aucto-

321 5155 484 5212 ritate
510 5158 740 5213 nominis
769 5159 888 5229 eius
923 5160 1290 5230 prmiudicium
1314 5163 1455 5218 ﬁdes
1483 5178 1609 5219 vera
1651 5165 1923 5221 sufferrct.

322 5246 476 5316 Quod
508 5250 550 5305 si
581 5249 683 5305 hoc
712 5267 816 5308 non
839 5250 1055 5323 fuisset,
1084 5268 1261 5325 neque
1292 5256 1410 5327 ipse
1437 5258 1923 5327 priusuniversam

394 5454 420 5522 ᾗ
461 5446 593 5522 god.
625 5464 761 5522 unus
788 5452 914 5513 m's.,
948 5451 1197 5522 prazfataz.

391 5514 429 5601 1³.
468 5519 710 5601 Hennam
745 5520 796 5573 in
826 5514 1149 5591 priniisfqui
1184 5523 1340 5577 trium
1369 5524 1736 5595 Capitulorum
1765 5524 1912 5579 dam-

318 5596 524 5643 nationi
568 5596 772 5659 primus
822 5602 1195 5661 consenserat,
1243 5607 1471 5665 quatuor
1512 5598 1777 5653 mensium
1820 5612 1914 5652 cx-

327 5788 427 5912 ”:
455 5788 586 5914 Sed.
624 5790 842 5860 Veron”
874 5804 919 5849 ct
962 5797 1085 5867 quid
1116 5799 1177 5853 de
1205 5799 1308 5854 illis
1342 5809 1520 5871 agant,
1554 5800 1652 5872 ipsi
1681 5803 1797 5873 jam
1832 5817 1923 5855 no-

344 5872 351 5885 '
383 5871 407 5905 I'
431 5876 460 5913 η
492 5896 504 5914 .

344 5871 504 5914 ’τῖὐιι.

2034 4706 2114 4763 sic
2142 4720 2330 4763 rursus
2362 4706 2414 4761 in
2450 4707 2763 4765 memoratis
2792 4706 2903 4763 suis
2930 4706 3122 4767 litteris
3151 4708 3280 4763 dicit
3310 4727 3324 4763 :
3359 4730 3378 4761 ι
3407 4709 3631 4776 Quando

2038 4798 2190 4852 nobis
2239 4813 2343 4852 non
2393 4799 2463 4853 sit
2504 4799 2834 4868 incognitum
2874 4800 2997 4870 quia
3028 4800 3286 4857 diaconus
3323 4801 3629 4870 Stephanus

2035 4900 2160 4945 tunc
2186 4890 2519 4959 responsalis
2542 4899 2761 4956 nostrae,
2785 4890 2869 4945 cui
2893 4905 2989 4960 per
3014 4890 3105 4944 Dei
3129 4891 3351 4960 gratiam
3374 4892 3628 4960 praeside-

2035 4997 2171 5044 mns,
2207 4980 2484 5045 Ecclesiae,
2538 4996 2661 5035 cum
2716 4980 2961 5049 plurimis
3019 4978 3341 5036 Christianis
3387 4984 3626 5053 quandiu

2031 5073 2163 5126 vixit
2178 5088 2207 5126 a
2234 5080 2320 5126 tua
2339 5087 2397 5126 se
2414 5071 2794 5127 communione
2808 5071 3177 5140 suspenderit;
3207 5082 3260 5127 et
3283 5073 3334 5126 in
3355 5073 3624 5129 Siciliensi

2031 5167 2200 5220 insula
2244 5165 2541 5231 constituti,
2585 5165 2747 5220 fratre
2785 5173 2840 5219 et
2883 5166 3206 5235 coepiscopo
3249 5174 3435 5221 nostro
3468 5167 3625 5221 Datio

2031 5258 2324 5323 referente,
2357 5257 2643 5313 didicimus
2675 5256 2817 5326 quod
2847 5266 2899 5312 ct
2927 5258 3041 5327 ipse
3070 5268 3123 5314 et
3153 5258 3243 5319 alii
3270 5259 3623 5321 consacerdo-

2023 5451 2510 5506 communicatione
2558 5452 2840 5514 multavit.
2879 5462 2936 5507 ut
2978 5452 3178 5507 dictum
3211 5461 3294 5511 est
3321 5455 3387 5511 ad
3421 5455 3513 5512 lib.
3547 5473 3619 5513 Iv.

2022 5525 2377 5594 Theophanes
2402 5524 2454 5577 in
2483 5522 2752 5579 Chronico
2780 5541 2794 5580 :
2826 5537 2909 5587 Ὠς
2940 5529 3020 5579 καὶ
3053 5526 3415 5586 ἀκοινωνησίαν
3434 5533 3621 5585 resad-

3519 5622 3628 5675 ρων

2101 5804 2119 5834 ²
2160 5802 2305 5861 idem
2334 5802 2482 5870 eod.,
2515 5802 2606 5859 ita.
