4094 6508
454 328 560 389 863

1559 319 1852 377 FACUND!
1896 316 2115 375 EPISC.
2159 310 2662 373 llERMlANENSiS

3653 312 3766 368 86L

458 458 542 502 tes
574 445 768 511 nostri,
797 451 857 498 et;
882 442 1031 498 multi
1062 441 1153 497 fiiii
1189 437 1447 494 Ecclesia:
1475 433 1793 497 Christiani,
1821 448 1850 485 a
1882 441 1970 485 tua
2002 444 2061 484 se
2091 433 2139 491 Α
2167 439 2329 495 atque
2371 425 2437 479 ad
2467 440 2567 480 nos
2599 423 2908 477 intaminata
2943 421 3219 491 pervenit;
3250 422 3292 475 si
3325 420 3569 491 displicet
3594 425 3760 479 etiam

462 538 811 592 nihilominus
846 534 1223 588 communione
1264 528 1662 590 sublraxcrim;
1691 534 1745 578 et
1775 524 1899 576 dum
1931 536 2058 575 can-

461 648 549 687 sas
591 630 761 685 exorti
806 640 1172 698 quaereremus
1213 624 1473 685 scandali,
1510 632 1633 673 ante.
1677 622 1761 672 die
1789 634 1851 671 ns
1895 618 2060 673 frater

461 737 513 777 et
540 724 888 791 coepiscopus
913 728 1097 774 noster
1129 716 1359 785 re-pond
1388 725 1406 768 t
1451 715 1553 768 hoc
1578 712 1928 766 fraternitatis
1957 720 2062 763 tua:

464 814 653 868 fecisse
692 826 998 878 personam,
1032 809 1173 879 quod
1206 824 1233 861 a
1265 808 1410 861 nullo
1456 806 1805 859 deces~orum
1848 813 2061 854 tuorum

460 902 918 971 decessorumque
957 910 1261 954 nostrorum
1304 897 1640 965 temporibus
1669 895 1906 964 qualibet
1931 894 2063 947 fuis-

462 996 777 1051 setratione
805 994 1176 1050 commissum.
1216 1011 1237 1047 ι
1269 990 1459 1046 Cernis
1491 990 1631 1057 quod
1664 1004 1768 1042 non
1801 987 1948 1042 solus
1980 985 2065 1041 hic

462 1088 623 1158 jadex
668 1087 888 1156 ejusque
932 1087 1193 1140 diaconus
1242 1086 1284 1149 ί,
1337 1082 1430 1138 sed
1484 1088 1542 1137 et
1585 1082 1770 1135 Datius
1817 1078 2068 1135 Mediola-

466 1179 649 1233 ttensis
692 1179 1014 1248 episeopns,
1070 1191 1192 1231 eum
1254 1176 1374 1229 aliis
1425 1174 1835 1239 Sacerdotibus,
1882 1172 2066 1225 talium

466 1271 943 1339 prmvaricatorum
984 1268 1422 1323 communionem
1472 1265 1745 1321 ferendam
1793 1278 1915 1319 esse
1959 1279 2068 1317 non

465 1362 724 1417 duxerit?
759 1362 895 1429 Quid
946 1363 1105 1431 igi'ur
1155 1362 1330 1415 adhuc
1380 1360 1537 1413 nobis
1580 1358 1647 1413 de
1696 1358 1797 1413 hoc
1842 1356 2068 1428 quaestio

465 1466 860 1518 commovetur,
892 1455 1029 1507 unde
1060 1468 1161 1508 nec
1194 1454 1332 1507 inter
1365 1451 1800 1507 contradicentes
1839 1448 2066 1503 invicem

467 1548 574 1601 ulla
630 1555 715 1602 est
772 1545 1167 1610 contradictio,
1230 1560 1329 1599 nec
1383 1544 1523 1599 inter
1578 1542 1963 1597 dissentientes
2015 1540 2067 1594 in

470 1640 655 1692 multis
705 1638 930 1692 habetur
979 1639 1082 1691 ulla
1133 1636 1433 1690 dissensio?
1483 1635 1613 1689 Nam
1662 1633 1826 1703 judex
1876 1632 2072 1687 asserit.

470 1730 613 1800 quod
647 1728 845 1784 invitus
875 1730 999 1782 illud
1034 1727 1318 1797 protulerit
1344 1726 1635 1796 judicatutn
1664 1735 1712 1778 ⁸.
1746 1725 1853 1779 Nos
1881 1735 2066 1777 contra

2160 517 2465 573 Sollicitudo
2493 526 2545 571 et
2575 517 2786 571 cautela
2831 515 3002 569 sancti
3048 524 3206 583 atque
3233 514 3527 569 doctissimi
3569 516 3761 571 ortho—

2162 611 2284 664 doxi
2318 610 2421 663 viri
2458 607 2800 678 Hieronymi;
2845 607 2890 660 si
2923 606 3169 673 displicet
3206 606 3257 660 in
3303 606 3767 663 Chalcedonensis

2164 719 2374 771 quoque
2425 703 2636 757 concilii
2693 717 2852 755 causa
2912 701 3110 755 dudum
3176 702 3332 756 nobis
3382 702 3657 770 prccbitnni
3702 706 3766 759 in

2166 799 2363 851 Acacio
2408 812 2439 850 a
2491 796 2653 850 ianuis
2688 796 3004 865 praesulibus
3037 796 3347 863 apostolica:
3391 796 3535 850 sedis
3577 812 3765 851 exem-

2167 890 2337 959 plum,
2370 890 2697 944 universalis
2722 889 2978 943 Ecclesia:
3005 889 3363 943 consensione
3394 887 3689 952 firmatum;
3714 893 3769 944 si

2168 980 2416 1051 displicet
2464 981 2604 1050 quod
2665 981 2717 1034 in
2768 979 3021 1047 prmsenti
3068 993 3283 1050 quoque
3332 979 3498 1047 ipsius
3543 982 3769 1036 concilii

2167 1072 2565 1140 oppugnatione
2604 1079 2908 1125 statuerunt
2955 1070 3209 1124 Africana
3250 1072 3517 1139 concilia;
3561 1072 3608 1127 si
3652 1073 3768 1129 dis-

2171 1163 2330 1231 pliret
2378 1163 2525 1232 quod
2567 1163 2793 1217 aliarum
2839 1178 3052 1232 quoque
3102 1162 3491 1231 provinciarum
3523 1164 3762 1234 episcopi

2171 1254 2479 1310 faciendum
2512 1268 2633 1309 esse
2659 1254 2931 1319 viderunt,
2963 1254 3103 1308 eicnt
3132 1254 3327 1325 Illyrici
3364 1264 3518 1323 atque
3551 1254 3763 1309 Dalma-

2174 1348 2301 1400 tiae:
2336 1346 2547 1414 placeat
2600 1346 2683 1400 vel
2733 1346 2876 1415 quod
2926 1346 3039 1410 ipse
3072 1346 3310 1417 Vigilius,
3340 1346 3422 1401 vel
3464 1346 3605 1416 quod
3650 1349 3770 1418 ipse

2172 1438 2394 1493 Sorcius
2419 1438 2612 1493 sensit.
2642 1441 2789 1507 quod
2817 1438 2869 1491 in
2904 1437 3207 1507 Imjusmodi
3239 1438 3414 1493 causis
3456 1441 3769 1495 communio

2175 1529 2361 1582 talitm
2404 1529 2878 1597 praevaricatoruin
2932 1530 3152 1583 vitanda
3192 1529 3281 1584 sit.
3334 1529 3533 1584 Idcirco
3579 1530 3772 1585 beatus

2174 1636 2388 1690 quoque
2418 1621 2721 1687 Stephanus
2747 1622 2938 1689 pracsul
2971 1620 3279 1688 apostolicae
3303 1621 3468 1686 sedis,
3497 1637 3616 1677 cum
3646 1638 3771 1678 sau-

2177 1724 2318 1767 etum
2367 1711 2692 1782 Cyprianum
2738 1720 2899 1781 atque
2948 1714 3085 1769 alios
3139 1715 3297 1767 Afros
3353 1716 3653 1782 episcopos,
3704 1716 3773 1770 de

474 1821 865 1888 rc..l,0..d.-mus
923 1820 1063 1890 qum]
1108 1819 1250 1874 unm
1295 1835 1391 1889 per
1425 1818 1779 1873 ambitionem.
1811 1816 2071 1884 ροιιίοῑιει-
2105 1817 2148 1874 Β
2178 1806 2512 1875 baptizandis
2549 1807 2801 1861 omnibus
2830 1806 3097 1861 hmreticis
3137 1806 3443 1862 decrevisse
3480 1822 3777 1877 cognosce-

476 1914 623 1967 tione
652 1913 789 1966 facta
819 1914 1144 1981 peccaverit,
1172 1926 1272 1965 nec
1306 1911 1413 1965 ulla
1442 1910 1756 1964 sustinui-rit
1780 1915 2071 1971 tormenta,

477 2005 671 2070 quibus
699 2002 931 2058 cessisse
960 2003 1234 2057 credatur.
1260 2002 1507 2071 Cumque
1530 2001 1633 2055 hoc
1662 1999 1885 2054 invitum
1911 2013 1969 2052 se
2001 1997 2075 2051 fe-

482 2100 624 2151 cisse
654 2106 881 2159 asserat,
914 2110 1102 2150 rursus
1131 2094 1329 2149 ibidem
1361 2092 1492 2148 dicit
1537 2093 1677 2164 quod
1711 2093 1961 2162 ignorans
2001 2089 2076 2144 fe-

483 2189 640 2245 crrit.
672 2188 777 2243 Nos
803 2176 1239 2258 vero‘probamus
1270 2204 1374 2243 non
1408 2204 1530 2242 eum
1559 2188 1797 2257 potuisse
1829 2187 2077 2255 ignoran-

479 2292 588 2332 tem
625 2279 821 2345 facere,
861 2280 1003 2349 quod
1032 2279 1255 2334 invitum
1297 2296 1355 2332 se
1382 2280 1575 2334 asserit
1603 2277 1906 2332 admisisse.
1952 2278 2078 2330 Post

484 2372 594 2425 lut-c
625 2374 786 2427 etiam
817 2372 988 2427 videri
1032 2373 1141 2427 vult
1190 2372 1319 2427 nihil
1364 2372 1417 2427 in
1448 2371 1819 2442 pracjudicium
1852 2369 2077 2426 Chalce-

478 2466 728 2519 donensis
777 2467 953 2537 egisse
991 2465 1227 2521 concilii.
1272 2467 1367 2519 Cui
1404 2482 1503 2519 nos
1532 2481 1658 2520 suas
1703 2466 2077 2519 excusationes

477 2557 799 2622 imponimus
827 2573 838 2607 :
869 2558 994 2624 quia
1026 2555 1125 2609 nisi
1152 2557 1255 2609 hoc
1276 2555 1474 2624 egisset
1496 2555 1636 2622 quod
1675 2555 2075 2625 prajudicaret,

478 2664 815 2719 nequaquam
848 2664 908 2703 se
939 2648 1021 2702 vel
1049 2649 1113 2702 de
1139 2649 1439 2717 principum
1475 2648 1750 2714 violentia,
1783 2647 1865 2701 vel
1891 2647 1959 2702 de
1982 2660 2077 2700 sua

479 2738 779 2808 ignorantia
825 2754 1050 2810 purgare
1097 2750 1258 2809 atque
1290 2740 1572 2795 absolvere
1621 2740 1906 2795 niteretur.
1944 2740 2077 2794 Cum

481 2831 643 2901 ig1tnr
683 2832 849 2884 multa
894 2832 1034 2886 inter
1076 2847 1176 2885 nos
1205 2831 1272 2885 de
1304 2831 1387 2885 bis
1417 2840 1580 2900 atq-ue
1625 2832 1744 2885 aliis
1773 2831 2080 2886 inveniatur

482 2938 605 2979 esse
638 2924 925 2993 dissensio,
966 2922 1092 2977 inde
1126 2934 1303 2977 tamen
1333 2923 1583 2978 convenit
1621 2922 1765 2977 inter
1798 2933 1994 2992 partes,
2025 2934 2080 2977 et

482 3015 622 3083 apud
652 3030 841 3070 omnes
885 3016 1003 3070 sine
1047 3015 1153 3069 ulla
1184 3015 1553 3070 controversia
1591 3024 1823 3082 constat,
1852 3014 1993 3085 quod
2026 3017 2077 3069 in

482 3106 679 3161 talibus
700 3109 877 3160 causis
900 3106 1372 3176 prtevaricatorum
1404 3105 1476 3160 sit
1503 3106 1810 3160 communio
1839 3106 2075 3161 vitanda.

485 3198 723 3267 Denique
754 3213 853 3252 nec
896 3199 1118 3254 Sorcius
1162 3200 1488 3268 praecipuum
1521 3199 1684 3253 decus
1725 3198 1891 3266 partis
1936 3199 2081 3267 ipso.
2110 3194 2155 3256 (ἶ

487 3307 629 3355 inm,
679 3303 731 3344 et
782 3306 942 3359 quem
998 3305 1118 3345 esse
1151 3292 1249 3347 nisi
1288 3307 1409 3346 cum
1461 3292 1657 3345 talibus
1690 3306 1793 3345 non
1841 3290 2078 3357 deceret,

485 3385 606 3436 huic
633 3392 755 3437 Sent
791 3383 917 3437 ntite
948 3383 1290 3449 centradicit,
1331 3384 1437 3437 imo
1469 3398 1597 3437 vero
1635 3394 1690 3438 et
1731 3383 1930 3449 aliquid
1962 3399 2077 3437 am-

485 3474 626 3545 plius
658 3474 770 3543 ipse
797 3473 945 3528 dicit.
994 3473 1123 3528 Nam
1156 3476 1402 3530 scribens
1443 3477 1599 3530 beato
1638 3476 1750 3530 seni
1802 3474 2008 3530 Boetho
2030 3473 2080 3541 δ,

486 3567 794 3638 priusquam
831 3567 1124 3637 navigaret,
1150 3583 1269 3636 quae
1300 3568 1653 3623 damnaverat
1681 3580 2078 3638 resumpturos,

486 3658 768 3713 anathema
793 3658 934 3728 quod
958 3658 1207 3715 Africana
1233 3660 1457 3714 concilia
1484 3674 1587 3715 non
1620 3660 1878 3727 fecerunt,
1910 3662 1961 3715 in
1988 3675 2081 3715 eos

429 3762 436 3771 '
486 3753 708 3822 protulit
730 3752 914 3806 dicens
948 3770 961 3804 :
1000 3771 1019 3804 ι
1051 3751 1462 3808 Anathema'izo
1488 3752 1780 3824 Entycln-m
1812 3767 1934 3806 eum
1967 3767 2083 3805 om-

487 3843 645 3897 nibus
693 3844 1052 3900 sectatorihns
1083 3845 1202 3916 ejus
1248 3846 1690 3915 adjutnribusque
1733 3845 1933 3915 ipsius,
1967 3844 2084 3917 qui-

486 3953 695 4006 cunque
743 3946 1010 3993 conantur
1059 3950 1261 3993 tomum
1310 3940 1478 3992 sancti
1521 3939 1733 3993 concilii
1780 3937 2080 3992 Chalcedo-

486 4031 665 4084 nensis
702 4029 753 4084 in
795 4031 976 4101 aliquo
1007 4032 1325 4101 infringere;
1365 4040 1421 4086 et
1448 4033 1752 4100 quicunque
1794 4032 2079 4101 epistolam

488 4121 593 4176 Iba:
634 4137 792 4191 quam
844 4122 973 4177 illud
1017 4132 1264 4177 sanctum
1308 4124 1594 4178 concilium
1638 4122 2079 4179 Chalcedonense

488 4215 742 4284 suscepit,
777 4214 1111 4279 anathemat,
1144 4215 1425 4270 anathema
1461 4216 1589 4270 mihi
1640 4226 1742 4272 Cal.
1777 4237 1794 4270 ι
1849 4217 2081 4272 Proinde

490 4307 536 4360 si
579 4305 833 4360 Muciano
852 4306 1101 4377 displicet
1130 4309 1181 4363 in
1222 4308 1385 4363 simili
1429 4309 1629 4365 Nicaeni
1676 4310 1891 4365 concilii
1921 4325 2082 4365 causa

490 4394 829 4450 observantia
861 4396 1050 4452 llilarii
1100 4406 1156 4452 et
1185 4398 1415 4453 aliorum
1444 4400 1771 4470 collegarum
1815 4399 1957 4469 eius,
1991 4415 2085 4468 per

492 4498 625 4554 quos
664 4486 973 4543 orthodoxa
1022 4487 1158 4546 fides
1202 4490 1254 4546 in
1286 4491 1375 4545 illa
1410 4480 1730 4562 tempestate
1761 4500 1971 4547 servata
2002 4502 2085 4547 est

2180 1905 2282 1962 ret,
2317 1897 2583 1965 quamvis,
2619 1907 2675 1951 ut
2723 1897 2928 1952 dictum
2974 1906 3078 1961 est,
3114 1898 3259 1950 nullo
3304 1898 3617 1965 interposito
3645 1912 3772 1951 atta-

2182 1988 2437 2052 themate,
2473 2004 2650 2056 neque
2685 1988 2941 2043 adversus
2973 1989 3079 2043 ulla
3105 1990 3319 2043 concilii
3347 1990 3607 2059 generalis
3637 1990 3774 2045 anti-

2177 2080 2365 2149 quiora
2395 2082 2609 2136 decicta
2640 2092 2735 2137 aut
2783 2080 3132 2136 conniventes
3164 2081 3431 2137 lia-reticis
3463 2084 3618 2138 talem
3651 2099 3776 2138 sen-

2191 2175 2390 2227 cntiam
2418 2174 2800 2242 protulissent,
2841 2172 3115 2228 continuo
3154 2182 3333 2228 tamen
3365 2175 3413 2228 ci
3440 2174 3616 2229 denuo
3648 2174 3780 2230 iavit

2180 2265 2322 2335 quod
2357 2265 2401 2319 si
2433 2266 2522 2335 qui
2556 2264 2658 2320 hoc
2697 2262 2988 2330 auderent,
3018 2264 3086 2317 ab
3133 2264 3370 2319 Ecclesia
3403 2264 3728 2331 pellerentur
3760 2283 3774 2319 :

2180 2366 2236 2412 et
2267 2357 2526 2426 Stephani
2563 2356 2741 2426 potius
2786 2372 2945 2425 quam
2976 2356 3232 2428 Cypriani
3278 2356 3595 2412 sententiam
3629 2367 3784 2413 tenet

2186 2456 2445 2519 Ecclesia,
2485 2470 2589 2508 non
2626 2457 2798 2509 so'um
2830 2455 2897 2507 de
2926 2469 3029 2508 non
3062 2454 3456 2522 rebaptizandis
3485 2454 3777 2518 haereticis,

2183 2566 2367 2603 verum
2416 2550 2581 2603 etiam
2615 2549 2680 2603 de
2724 2548 3178 2616 rebaptizautibus
3224 2563 3328 2603 non
3362 2548 3613 2602 ferendis.
3666 2549 3777 2605 Se-l

2182 2644 2264 2719 vir
2297 2644 2751 2713 prudcmissitnus
2781 2646 3024 2713 Augusti.
3051 2659 3132 2710 us,
3163 2644 3227 2697 ad
3259 2645 3559 2714 arguendos
3585 2646 3653 2699 de
3679 2660 3780 2699 suo

2183 2738 2473 2792 schismate
2504 2737 2836 2801 Donatistas,
2866 2736 2955 2806 qui
2997 2737 3314 2790 aueoritatc
3347 2736 3486 2790 beati
3524 2736 3780 2805 Cypriani

2185 2831 2365 2883 saerih
2385 2831 2529 2897 gium
2551 2845 2656 2899 quo
2682 2830 2941 2897 baptisma
2962 2830 3155 2883 iterant
3178 2840 3441 2883 conantur
3458 2827 3780 2896 defendere,

2182 2922 2434 2978 sufficere
2484 2922 2714 2977 credidit
2759 2922 2876 2993 ejus
2904 2924 3208 2992 exemplum
3259 2942 3273 2977 :
3319 2924 3440 2992 quia
3469 2939 3587 2979 eum
3625 2924 3783 2979 aliter

2183 3031 2343 3083 quant
2384 3016 2564 3084 plures
2595 3016 2821 3070 aliarum
2856 3016 3251 3085 provinciarum
3281 3017 3521 3085 episcopi
3548 3016 3615 3071 de
3647 3018 3784 3086 hap.

2186 3107 2348 3162 tismo
2377 3119 2613 3177 saperet,
2645 3124 2748 3162 non
2784 3118 2961 3164 tamen
2989 3123 3048 3163 se
3071 3109 3516 3177 quemadmodum
3549 3111 3651 3178 ipsi
3680 3111 3785 3165 Do-

2188 3203 2397 3255 natista:
2425 3202 2493 3255 ab
2526 3201 2765 3256 Ecclesia
2797 3202 3116 3271 segregavit.
3153 3201 3469 3271 Segregarct
3506 3214 3709 3268 autem,
3738 3205 3785 3258 si

2186 3294 2324 3367 inter
2363 3306 2422 3346 se
2461 3307 2526 3347 ac
2554 3292 2932 3367 dissentientes
2959 3292 3244 3346 anathema
3287 3292 3567 3348 definisset
3591 3295 3634 3346 ε.
3672 3294 3785 3350 lloc

2186 3356 2346 3451 igitur
2377 3366 2695 3452 exemplum
2735 3384 2872 3438 beati
2922 3383 3175 3455 Cypriani
3227 3383 3384 3454 hujus
3428 3388 3787 3443 assertionem

2187 3473 2320 3526 nihil
2354 3474 2440 3543 adj
2468 3487 2591 3541 .vat,
2621 3484 2679 3529 ut
2705 3475 2915 3538 videtis,
2941 3476 3033 3529 sed
3062 3478 3330 3544 quomodo
3358 3492 3456 3531 nos
3485 3478 3664 3545 potius
3690 3480 3789 3532 ad-

2179 3564 2348 3634 juvet,
2395 3568 2579 3622 videre
2627 3568 2859 3624 debetis.
2908 3569 3141 3624 Dicimus
3186 3585 3312 3638 ergo
3344 3572 3591 3636 ιιυυηίςιηι
3647 3572 3789 3629 sicut

2186 3658 2430 3723 quamvis
2463 3660 2654 3727 reliapt
2678 3669 2861 3714 zantcs
2894 3658 3199 3714 Donatistas
3229 3659 3546 3715 damnemus
3574 3661 3643 3714 ab
3682 3662 3790 3717 Ec-

2187 3749 2349 3803 clesia
2397 3763 2695 3818 separatos,
2732 3766 2835 3805 non
2883 3763 3059 3804 tamen
3094 3755 3411 3806 damnamus
3453 3751 3790 3823 Cyprianum

2188 3850 2241 3893 et
2271 3842 2449 3895 socios
2478 3842 2619 3910 ejus,
2643 3842 2732 3912 qui
2766 3843 2960 3898 nullius
2990 3842 3349 3898 auatlicmatis
3380 3844 3794 3911 interpositione

2188 3934 2257 3987 ab
2286 3934 2523 3988 Ecclesia
2555 3948 2616 3988 se
2645 3934 2963 4000 diviserunt,
2997 3950 3117 3990 cum
3145 3938 3212 3991 de
3243 3935 3561 4005 bapzisinate
3589 3936 3794 3993 defini-

2190 4034 2309 4079 rcnt
2359 4025 2501 4095 quod
2548 4040 2690 4081 nunc
2745 4028 2956 4081 videtur
2999 4027 3337 4082 occasionem
3387 4028 3793 4085 Donatistarum

2187 4118 2357 4174 errori
2389 4120 2623 4175 dedisse.
2676 4121 2749 4175 Ita
2793 4121 3038 4190 quamvis
3068 4120 3386 4176 damnemus
3435 4121 3798 4179 Nestorianos

2189 4214 2256 4265 ah
2300 4212 2538 4267 Ecclesia
2579 4222 2879 4280 separatos.
2916 4229 3022 4267 non
3056 4222 3233 4266 tamen
3266 4212 3583 4267 damnamus
3631 4212 3800 4283 Mop-

2189 4317 2499 4361 suestenum
2531 4307 2900 4373 Theodorum,
2933 4307 3022 4376 qui
3069 4307 3268 4362 nullius
3315 4306 3677 4362 anatliematis
3712 4308 3801 4364 in-

2194 4401 2540 4471 terpositione
2571 4399 2639 4453 ab
2676 4400 2909 4456 Ecclesia
2935 4400 2955 4430 ³
2991 4399 3192 4465 divisit,
3228 4399 3310 4452 vel
3343 4400 3388 4453 si
3416 4398 3613 4467 aliquid
3658 4401 3807 4456 scri-

2198 4495 2325 4563 psit,
2369 4494 2510 4563 quod
2544 4493 2680 4549 forte
2711 4508 2853 4549 nuuc
2894 4493 3105 4549 videtur
3145 4493 3481 4548 occasionem
3512 4492 3804 4548 Nestoria-

493 4688 591 4753 poi?
632 4675 795 4753 μηνῷν
829 4665 1021 4753 δοῦ-θαι
1057 4675 1199 4740 Μηνᾷ
1245 4678 1318 4743 τῷ
1356 4674 1925 4735 Κωνσταντινουπό).εως
1979 4675 2078 4753 ξπι-

2202 4685 2333 4753 t_um,
2368 4692 2511 4753 nunc
2547 4676 2898 4753 constitutum
2931 4685 3115 4742 vocat;
3152 4672 3807 4753 prolatumquenostendi:

493 4740 666 4811 ὸκόπῳ
713 4742 779 4799 εἰς
818 4742 1099 4813 ἐπιτίμιον.
1148 4740 1317 4805 Quem
1365 4754 1541 4797 tamen
1570 4756 1753 4813 postea
1787 4740 2085 4799 Theodora:

493 4822 699 4878 rogatur,
726 4812 1154 4883 ut'l‘heophaues
1183 4813 1324 4867 idem
1357 4815 1540 4883 refett,
1566 4812 1618 4869 in
1651 4818 2083 4871 communionem

497 4883 699 4950 recepit
729 4882 815 4936 die
843 4882 913 4937 ‘29
940 4882 1103 4936 Junii.

566 4960 591 4988 ⁸
631 4953 707 5024 De
734 4968 839 5022 quo
869 4955 1114 5022 proxime
1138 4953 1248 5024 jam
1274 4956 1473 5011 dictum
1502 4966 1606 5011 est.
1629 4955 1826 5010 Clerici
1854 4957 2082 5011 Romani

492 5022 558 5077 ad
606 5023 932 5079 Francorum
980 5022 1183 5094 legatos
1223 5031 1571 5081 constitutum
1632 5028 1925 5094 appellant.
1973 5029 2086 5083 [loc

494 5094 635 5169 enim
668 5105 750 5149 est
780 5096 1030 5169 quodAab
1072 5097 1394 5163 imperatore
1423 5110 1606 5167 postea
1639 5100 1909 5165 recepisse
1941 5098 2085 5169 Vigi-

494 5166 623 5218 lium
647 5178 883 5225 narrant.
918 5166 1190 5232 I’rrcstitit,
1221 5166 1484 5236 inquiunt,
1522 5169 1658 5223 Deus
1687 5178 1742 5221 ut
1765 5173 1861 5223 hac
1883 5166 2085 5223 ratione

491 5246 698 5309 sanctus
727 5253 877 5309 papa,
912 5237 1127 5308 Vigilius
1165 5242 1497 5293 constitutum
1532 5240 1671 5309 quod
1704 5240 1759 5293 in
1788 5242 1903 5306 ipsa
1931 5257 2088 5294 causa

493 5306 703 5379 fecerat,
737 5308 938 5379 publica
969 5306 1021 5363 in
1054 5320 1298 5363 conventu
1326 5306 1595 5379 reciperet,
1629 5310 1937 5366 denuntians
1960 5313 2084 5377 quia

495 5378 540 5429 si
577 5378 689 5447 quis
732 5376 1029 5433 Graecorum
1076 5376 1443 5448 episwporum'
1478 5376 1637 5450 usque
1674 5382 1742 5434 ad
1784 5376 2084 5437 universalis

494 5450 699 5522 concilii
711 5458 995 5522 tractatum
1023 5454 1085 5504 de
1108 5452 1217 5506 istis
1248 5451 1496 5519 Capitulis
1521 5454 1717 5517 aliquid
1749 5455 1967 5522 fecisset,
1999 5464 2087 5507 aut

495 5517 792 5593 facientibus
823 5524 1171 5590 acquievisset,
1197 5540 1228 5576 a
1255 5517 1609 5579 communione
1635 5517 1769 5578 sedis
1791 5526 2088 5593 apostolica:

499 5586 695 5668 alienus
725 5586 999 5668 existeret._
1023 5595 1095 5647 De
1126 5597 1226 5649 hoc
1258 5595 1417 5668 etiam
1446 5610 1610 5664 agens
1634 5586 1858 5664 Vigiliu's
1885 5597 2007 5668 ipse
2036 5598 2085 5649 in

498 5662 719 5727 epistola
750 5668 815 5715 ad
852 5665 1129 5719 Rusticum
1167 5675 1221 5719 et
1257 5662 1653 5735 Sebastianum,
1697 5662 1839 5721 nunc
1878 5666 2087 5737 judca-

569 5797 585 5875 ξ
624 5798 755 5875 Cod.
792 5800 1008 5875 Verum.
1040 5805 1283 5875 diaconus
1311 5804 1623 5875 Stephanus.

566 5869 586 5901 ¹
628 5870 773 5925 Idem
803 5872 945 5939 (κάη
984 5874 1256 5939 deﬁxisset.

2194 4748 2284 4824 die
2310 4743 2536 4824 Sabgbato
2559 4758 2771 4824 sancto,
2792 4749 3123 4824 missumque
3152 4743 3219 4802 ad
3250 4746 3493 4824 Mennam
3526 4743 3808 4824 Constan-

2197 4821 2633 4889 tinopolitanum.
2667 4820 2774 4875 Sed
2805 4821 2960 4889 longe
2988 4814 3271 4874 diversum
3314 4818 3380 4869 ah
3412 4816 3511 4889 hoc
3547 4814 3809 4889 iudicato

2193 4886 2338 4945 aliud
2390 4892 2487 4945 fuit
2531 4886 3073 4961 constitutum—quod
3125 4888 3460 4961 Vigiliusde
3498 4886 3695 4940 eadem
3740 4903 3809 4961 re

2194 4964 2398 5035 aliquot
2426 4973 2548 5033 post
2575 4979 2767 5027 annos,
2799 4978 2919 5017 cum
2949 4958 3250 5035 'synodusiv
3283 4958 3808 5035 inchoareturleiti-

2193 5028 2364 5087 ditad
2394 5028 2750 5089 Justiniannm
2775 5035 2948 5103 pridie
2975 5028 3090 5088 idus
3121 5034 3284 5086 Maias
3313 5032 3369 5085 Ι).
3398 5029 3460 5103 (ἶγ.
3493 5028 3674 5081 Basilii
3708 5028 3806 5082 1:2.

2270 5107 2294 5144 δ
2338 5107 2448 5161 lloc
2493 5117 2577 5180 est
2622 5102 2853 5180 priiuaii.
2898 5106 2988 5180 Sic
3024 5104 3169 5180 enim
3214 5103 3284 5157 ob
3309 5102 3483 5180 anatis
3521 5114 3810 5180 prteroga-

2199 5176 2357 5229 tivam
2390 5178 2646 5246 appellari
2704 5176 2893 5230 solitos
2942 5177 3007 5246 in,
3046 5175 3224 5229 Africa
3272 5175 3525 5246 primates
3570 5175 3809 5246 pravita-

2196 5249 2403 5301 ciarum
2426 5242 2559 5303 alibi
2590 5247 2943 5302 ostendimus.
2985 5245 3197 5300 Primas
3221 5255 3400 5299 autem
3433 5242 3669 5296 Boethus
3699 5242 3808 5297 fuit

2194 5318 2486 5388 Byzaccnze
2515 5319 2823 5387 provinciar.
2861 5318 3042 5372 Victor
3072 5318 3123 5371 in
3151 5315 3420 5371 Chronico
3451 5312 3563 5388 :_P.
3594 5310 3658 5365 C.
3693 5310 3808 5365 Ba-

2191 5385 2293 5443 silii
2355 5390 2413 5443 V.
2466 5385 2527 5445 CQ
2578 5406 2715 5444 anno
2761 5389 2828 5443 12
2884 5388 3172 5443 Primnsins
3211 5402 3408 5453 quoque
3462 5385 3806 5438 Acremetensi

2192 5463 2502 5514 monasterio
2550 5463 2827 5531 relegatur.
2880 5460 2984 5516 Sed
3035 5458 3215 5513 Boetio
3267 5458 3485 5531 primatc
3535 5453 3803 5523 Byzoceni

2192 5533 2395 5586 concilii
2422 5541 2583 5585 morte
2630 5529 2905 5600 p'rwvento,
2954 5541 3008 5584 ut
3052 5532 3097 5585 ei
3138 5529 3452 5595 succederet,
3499 5537 3800 5581 memorata:

2192 5604 2513 5657 damnationi
2544 5605 2778 5671 protinus
2804 5604 3041 5657 assensit.

2283 5808 2299 5839 ³
2341 5807 2469 5864 Cod.
2509 5806 2724 5875 \"c1‘0n.,
2760 5824 2808 5861 se
2834 5813 2894 5859 att
2926 5803 3176 5861 Ecclesia.
