4094 6470
327 308 430 361 865

1485 314 1680 370 LIBER
1721 316 1988 373 CONTRA
2039 318 2148 371 Mtff
2161 320 2333 374 IMNU
2348 318 2411 373 id.

3494 326 3599 383 εδει

324 438 516 477 uorum
547 424 713 478 errori
741 424 976 481 dedisse.
1013 425 1080 479 Et
1118 424 1255 480 sicut
1282 426 1433 480 nobis
1468 429 1665 484 sufﬁcit
1692 440 1907 484 sentt‘u-
1942 439 1981 492 Α
2018 443 2167 499 trem,
2197 442 2242 485 et
2288 433 2469 500 stt/ficit
2513 431 2657 485 nobis
2704 430 2888 501 (Joan.
2932 448 3042 500 Juv,
3075 433 3153 505 8),
3186 433 3402 506 impune
3437 441 3600 496 cessit

323 518 423 570 tias
452 517 518 570 de
548 516 816 585 baptismo
838 518 1087 589 Cypriani
1118 528 1168 575 cl
1196 520 1464 573 sociorum
1489 523 1605 590 ejus
1633 538 1908 591 reSpuere,

323 626 420 664 nec
467 610 568 665 sub
606 612 954 666 anathemate
987 611 1371 674 condemnare,
1417 614 1485 666 ita
1534 615 1577 667 si
1608 616 1732 683 quid
1777 613 1912 669 forte

320 703 496 755 minus
542 702 855 771 intelligens.
894 702 1211 757 Theodorus
1262 704 1403 758 male
1448 704 1683 771 scripsit,
1714 705 1908 760 sulﬁcit

321 792 475 847 nobis
525 807 803 862 respuere,
839 807 938 848 nec
989 795 1091 847 sub
1121 782 1463 848 anathemate
1493 795 1853 849 condemnare
1892 813 1908 850 :

320 886 569 952 quoniam
618 887 753 941 hanc
802 888 1161 941 reverentiam
1190 903 1404 956 semper
1438 889 1674 942 Ecclesia
1720 887 1913 941 detulit

321 979 373 1031 in
406 980 609 1047 gremio
641 979 788 1046 pacis
814 992 925 1033 Suae
954 987 1115 1048 atque
1145 980 1350 1034 honore
1379 978 1667 1045 defunctis,
1701 988 1759 1031 ut
1802 993 1910 1033 non

320 1071 489 1122 solum
517 1084 609 1123 eos
636 1071 725 1139 qui
759 1069 894 1124 forte
922 1070 973 1123 iu
1004 1071 1198 1124 taLbus
1220 1070 1606 1138 quaestion'bus
1637 1085 1730 1138 per
1760 1070 1910 1140 igno-

320 1162 547 1215 rantiam
596 1160 841 1214 humana:
888 1161 1212 1214 inﬁrmitatis
1246 1171 1545 1227 Verrasseut,
1578 1176 1762 1215 verum
1811 1175 1910 1215 nec

320 1254 434 1323 ipsa
468 1269 662 1308 eorum
710 1254 875 1318 dicta,
925 1256 1061 1308 sicut
1112 1253 1507 1317 hmreticorum,
1540 1253 1642 1307 sub
1688 1253 1910 1307 anathe-

322 1359 462 1402 mate
506 1348 911 1402 condemnaret.
944 1348 1265 1402 llcereticum
1312 1348 1454 1403 enim
1506 1361 1613 1400 non
1662 1348 1909 1402 humana:

321 1440 648 1494 inﬁrmitatis
697 1440 1015 1509 ignorantia,
1066 1440 1157 1493 sed
1213 1436 1511 1507 pervicacia
1558 1437 1699 1493 facit.
1755 1437 1909 1493 Unde

299 1529 511 1606 .beatus
534 1530 862 1601 Augustinus
887 1524 1097 1584 iu'lbro
1120 1529 1607 1611 deCatechizandis
1630 1530 1902 1586 Rudibus:

325 1642 342 1674 ι
380 1622 717 1690 Quanquam,
752 1622 942 1690 inquit,
991 1631 1044 1676 rt
1069 1623 1141 1676 illi
1173 1624 1262 1692 qui
1292 1618 1540 1677 catholici
1570 1637 1637 1679 ex
1669 1625 1769 1678 bac
1796 1624 1903 1677 vita

319 1714 635 1784 migrarent,
665 1723 719 1768 et
749 1714 949 1781 aliquid
984 1714 1280 1769 litterarum
1326 1711 1750 1768 Christianarum
1780 1726 1907 1781 pos-

2014 534 2163 578 tanto
2184 535 2425 594 tempore
2444 525 2712 579 Christum
2738 540 2843 580 non
2866 528 3203 597 cognovisse.
3231 530 3452 585 Anauia
3472 547 3600 587 vero

2014 624 2063 669 et
2096 615 2823 683 Sappbim-subtrahentium
2844 617 2914 672 de
2942 618 3113 686 pretio
3135 619 3219 673 sui
3245 621 3427 688 praedii
3449 637 3601 675 cum—

2015 706 2235 759 mit~um
2279 707 2439 776 paulo
2486 719 2609 762 ante
2639 708 2890 763 delictum
2929 711 3116 764 mortis
3168 727 3321 779 pmna
3350 724 3434 769 est
3476 729 3597 782 pro—

2013 796 2154 850 tinus
2184 808 2493 853 consecuta.
2550 800 2721 855 Aliter
2766 800 2947 871 itaque
2986 802 3248 870 iudicatur
3293 819 3321 858 a
3374 806 3599 862 Domino

2012 886 2241 954 simplex
2290 890 2502 957 pietatis
2547 891 2867 960 ignorantia,
2916 901 2971 947 et
3017 893 3173 949 aliter
3224 895 3419 965 duplex
3463 912 3593 953 con-

2013 977 2240 1033 scientia
2274 981 2571 1048 pravitatis.
2620 982 2682 1035 Et
2713 982 3006 1051 apostolica
3038 983 3252 1052 quidem
3298 987 3455 1040 sedes
3505 1003 3600 1054 per

2014 1067 2226 1123 beatum
2275 1069 2544 1125 Gelasium
2591 1072 2743 1127 nefas
2785 1071 2992 1143 judicat
3037 1083 3156 1142 post
3198 1088 3423 1130 mortem
3463 1092 3596 1132 con-

2012 1158 2268 1216 demnare
2297 1170 2319 1196 "
2364 1162 2667 1230 quempiam
2714 1164 2766 1218 in
2817 1164 3073 1219 Ecclesia:
3106 1180 3232 1234 pace
3261 1165 3592 1233 defunctum,

2013 1266 2131 1305 cum
2161 1251 2333 1308 dicit:
2372 1270 2391 1304 ι
2429 1254 2581 1320 Quod
2631 1269 2793 1323 super
2822 1265 3020 1310 nostra:
3051 1256 3313 1312 facultatis
3354 1270 3433 1313 est
3474 1252 3615 1313 mo?

2012 1341 2216 1408 dnbnn,
2249 1343 2428 1398 divino
2452 1345 2658 1416 judicio
2686 1347 3070 1417 telinquanuts.
3096 1349 3211 1403 Non
3241 1360 3418 1405 autem
3444 1352 3597 1408 nobis

2011 1445 2263 1503 poterunt
2287 1438 2552 1505 imputare
2574 1441 3026 1507 praevaricationis
3049 1441 3327 1504 ull‘cnsam,
3351 1445 3395 1497 si
3419 1446 3601 1499 viven-

2011 1527 2153 1582 tibus
2183 1529 2540 1597 remittamus,
2575 1532 2713 1599 quod
2755 1534 3007 1587 Ecclesia:
3041 1536 3148 1589 Deo
3176 1535 3435 1607 largiente
3476 1551 3601 1607 pos-

2008 1620 2165 1676 sibile
2196 1630 2300 1687 est,
2326 1623 2417 1691 qui
2444 1639 2540 1678 nos
2567 1625 2726 1678 etiam
2756 1628 2977 1681 mortuis
3002 1637 3090 1681 aut
3121 1629 3327 1683 veniant
3356 1640 3445 1683 aut
3472 1645 3600 1683 cou-

2009 1711 2408 1768 dcmnatiouem
2458 1716 2588 1769 dare
2647 1727 2894 1785 poscunt,
2947 1719 3087 1787 quod
3145 1719 3298 1774 nobis
3349 1720 3602 1789 possibile

320 1806 450 1858 teris
491 1806 859 1873 reliquerunt,
905 1805 957 1857 in
999 1804 1321 1873 quihusdam
1357 1803 1488 1857 locis
1525 1804 1902 1871 opusculorum
1936 1807 1983 1866 Β
2011 1816 2116 1857 non
2140 1817 2263 1859 esse
2286 1805 2631 1860 manifestum
2657 1821 2733 1862 εει
2764 1825 2778 1864 :
2806 1811 2926 1875 quia
2953 1825 3073 1864 cum
3104 1811 3300 1866 dictum
3326 1814 3391 1865 sit
3422 1828 3437 1867 :
3473 1814 3601 1879 Qum

317 1911 559 1961 suorum,
587 1895 671 1949 vel
704 1912 809 1950 non
843 1895 1120 1958 intellecti,
1148 1896 1252 1961 vel,
1279 1896 1433 1949 sicuti
1458 1905 1539 1949 est
1564 1894 1802 1949 humana
1827 1894 1908 1948 in-

319 1989 564 2051 ﬁrmitas,
601 1988 774 2042 minus
805 1989 1042 2041 valentes
1079 1987 1193 2041 acie
1225 1987 1420 2042 mentis
1450 1986 1710 2040 abditiora
1743 1999 1906 2054 pene-

318 2091 481 2149 trare,
511 2091 565 2135 et
592 2079 1058 2134 verisimilitudine
1088 2097 1115 2132 a
1150 2080 1370 2134 veritate
1397 2079 1733 2145 aberrantes,
1765 2093 1903 2148 prte-

316 2172 681 2242 sumptoribus
708 2182 759 2229 et
798 2173 1091 2228 audacibus
1129 2172 1345 2227 fuerunt
1385 2174 1653 2228 occasioni
1690 2173 1756 2227 ad
1802 2173 1903 2227 ali-

314 2279 472 2332 quam
514 2264 760 2317 limrcsim
803 2263 1124 2318 moliendam
1166 2274 1327 2334 atque
1374 2264 1716 2334 gignendum.
1750 2283 1767 2316 ι
1798 2264 1903 2320 Ca-

315 2357 542 2410 tholicus
575 2358 752 2425 itaque
790 2356 918 2411 dicit
948 2373 1010 2410 ex
1049 2355 1147 2411 hac
1173 2356 1280 2411 vita
1321 2358 1581 2427 migrasse
1609 2358 1786 2413 eatbol
1810 2372 1905 2412 cus

313 2446 662 2517 Augustinus,
698 2446 789 2517 qui
822 2450 875 2501 in
915 2448 1155 2503 Ecclesia
1183 2449 1458 2504 constituti
1490 2464 1586 2519 per
1614 2450 1902 2505 humanam

312 2539 674 2594 inﬁrmitatem
725 2543 902 2594 minus
930 2541 1214 2596 valuerunt
1248 2542 1364 2597 acie
1409 2543 1604 2596 mentis
1636 2542 1902 2598 abditiora

311 2641 615 2698 penetrare,
649 2640 705 2684 et
742 2631 1217 2686 verisimilitudine
1262 2645 1293 2684 a
1346 2632 1570 2686 veritate
1612 2632 1904 2687 aberrare-

313 2731 472 2777 ruut:
504 2738 601 2777 nec
625 2723 738 2778 vult
777 2738 871 2778 eos
900 2724 1181 2778 baircticos
1211 2724 1335 2790 dici,
1365 2724 1605 2793 quamvis
1644 2739 1905 2793 praesum-

312 2814 557 2880 ptoribus
598 2824 652 2868 ot
679 2813 969 2870 audacibus
1000 2801 1269 2870 occasioni
1322 2815 1535 2871 fuerunt
1565 2817 1631 2870 ad
1670 2817 1900 2887 aliquam

310 2906 558 2961 bmresint
592 2909 913 2963 moliendam
946 2920 1103 2979 atque
1130 2909 1469 2980 gignendam.
1509 2910 1574 2965 Et
1619 2911 1742 2967 ideo
1772 2911 1902 2966 bea-

311 3008 420 3055 tum
450 3000 777 3071 Cyprianum
811 3001 1033 3072 ejusque
1062 3003 1322 3073 collegas,
1355 3004 1444 3070 qui
1491 3020 1583 3072 per
1614 2995 1900 3060 humanam

311 3093 671 3149 inﬁrmitatem
699 3094 749 3148 in
780 3095 1076 3164 quzestione
1096 3095 1435 3165 baptismatis
1456 3107 1792 3163 erraverunt,
1818 3098 1901 3154 vel

2012 1892 2288 1964 ligattert'tis
2310 1912 2462 1964 super
2489 1907 2692 1962 terram,
2724 1910 2869 1952 erunt
2896 1900 3053 1970 ligata
3078 1912 3124 1953 et
3148 1903 3206 1954 .t'tt
3234 1904 3357 1955 caelo
3383 1901 3600 1972 (Matth.

2013 1987 2438 2057 xvut,18),quos
2488 2003 2591 2041 non
2631 2003 2751 2043 esse
2776 1990 2887 2060 jam
2936 2000 3145 2045 constat
3187 2006 3346 2061 super
3376 2001 3596 2055 terram,

2011 2090 2116 2129 non
2149 2076 2404 2143 humano,
2432 2078 2525 2133 sed
2572 2093 2669 2131 suo
2712 2077 2917 2148 judicio
2957 2082 3272 2135 reservavit.
3305 2081 3415 2135 Nec
3442 2084 3600 2139 audet

2011 2168 2251 2225 Ecclesia
2282 2172 2499 2226 sibimet
2528 2172 2800 2227 vindicare
2832 2172 2971 2242 quod
2995 2174 3125 2242 ipsis
3152 2174 3321 2230 beatis
3346 2176 3600 2245 apostolis

2009 2261 2272 2329 conspicit
2303 2277 2409 2316 non
2443 2262 2608 2316 fuisse
2645 2277 2985 2317 concessum.
3027 2265 3084 2320 Si
3112 2267 3251 2318 enim
3287 2266 3411 2320 licet
3453 2266 3599 2336 ligari

2011 2361 2273 2420 mortuos,
2314 2353 2439 2409 licet
2465 2362 2520 2408 et
2549 2352 2714 2418 Solvi;
2743 2364 2799 2408 et
2824 2356 2867 2408 si
2894 2355 3018 2409 licet
3047 2358 3270 2410 mortuis
3298 2356 3599 2411 damnatio.

2010 2461 2131 2501 nem
2176 2446 2397 2508 inferre.
2447 2446 2571 2501 licet
2619 2456 2675 2502 et
2723 2449 2934 2502 veniam
2964 2447 3118 2503 dare.
3154 2467 3173 2501 ι
3208 2449 3316 2506 Sed
3370 2451 3413 2505 si
3465 2451 3599 2507 forte

2008 2541 2255 2607 cuiquam
2291 2539 2501 2593 videtur
2541 2539 2684 2593 illam
2719 2548 2899 2597 tenere
2934 2550 3147 2596 sentent
3169 2557 3255 2596 am
3300 2557 3403 2612 qua
3444 2544 3599 2597 dam-

2004 2633 2170 2686 nandi
2201 2632 2489 2688 creduntur
2520 2632 2682 2702 aliqui
2727 2633 2777 2686 in
2820 2634 3074 2689 Ecclesia:
3105 2651 3233 2703 pace
3265 2636 3520 2702 d--functi,
3547 2649 3600 2692 et

2009 2742 2113 2780 non
2145 2727 2316 2795 magis
2342 2726 2478 2779 banc
2505 2727 2817 2794 apostolicm
2844 2727 2990 2781 sedis
3017 2742 3137 2797 qua:
3165 2728 3264 2782 soli
3298 2729 3413 2783 lure
3440 2729 3600 2784 intel-

2006 2819 2123 2889 ligit
2147 2818 2328 2873 divino
2352 2820 2553 2887 judicio
2596 2829 2945 2886 reservatum,
2975 2830 3030 2875 et
3064 2821 3435 2876 concesserit‘
3462 2837 3598 2892 quo-

2008 2911 2148 2964 niam
2179 2909 2224 2964 si
2254 2910 2378 2965 licet
2410 2911 2560 2979 ligari
2591 2924 2853 2978 mortuos,
2884 2910 3012 2966 licet
3044 2921 3099 2967 et
3126 2912 3288 2979 solvi,
3322 2926 3375 2968 et
3406 2916 3448 2967 si
3477 2915 3597 2970 licet

2008 3005 2237 3059 mortuis
2260 3004 2657 3059 damnationem
2689 3006 2904 3071 inferre,
2939 3005 3064 3060 licet
3087 3015 3148 3075 et
3174 3006 3385 3061 veniam
3429 3006 3595 3060 dare:

2006 3111 2346 3167 consequens
2378 3113 2483 3150 non
2524 3106 2608 3151 est
2645 3105 2702 3150 ut
2747 3096 2797 3152 ei
2843 3107 3124 3166 propterea
3167 3097 3409 3152 videatur
3438 3098 3598 3154 etiam

310 3184 649 3240 Theodorum
695 3187 1153 3255 Mopsuestenum,
1186 3188 1231 3240 si
1280 3203 1309 3241 a
1352 3188 1574 3241 veritate
1616 3187 1669 3242 in
1723 3189 1902 3258 aliquo
1930 3185 1975 3248 C
2010 3189 2418 3257 Mopsuestenus
2447 3190 2761 3244 'l'ltcodoms
2788 3206 2907 3245 esse
2933 3190 3286 3246 damnandus.
3316 3190 3432 3247 Non
3456 3192 3597 3247 enim

310 3278 446 3329 forte
476 3277 762 3333 aberrasse
807 3287 1155 3342 monstretur,
1199 3287 1254 3332 et
1283 3278 1352 3332 de
1393 3278 1493 3333 hac
1521 3280 1628 3333 vita
1676 3280 1734 3335 itt
1785 3280 1905 3349 ipso

310 3371 517 3438 positus
567 3383 753 3423 errore
802 3371 1092 3437 migrasse,
1143 3370 1431 3423 haereticos
1484 3383 1592 3423 non
1643 3370 1902 3435 dicimus,

310 3474 441 3527 quos
471 3462 684 3528 usquc'
712 3460 765 3515 in
811 3460 915 3515 ﬁne
964 3462 1226 3516 mansisse
1258 3461 1309 3515 in
1356 3460 1595 3515 Ecclesia
1640 3462 1902 3518 catholica

311 3564 417 3603 non
452 3564 729 3618 negamus.
766 3551 983 3605 Frustra
1018 3552 1181 3620 igitur
1211 3552 1393 3606 nescio
1422 3565 1524 3620 qua
1557 3551 1750 3606 iste'ad
1777 3568 1904 3607 catt-

312 3656 426 3694 sam
460 3656 562 3694 non
596 3642 917 3711 pertinentia
961 3643 1119 3697 solite
1167 3643 1270 3697 sibi
1317 3643 1603 3713 colligebat
1637 3646 1902 3713 exempla,

305 3732 506 3803 quibus
522 3734 752 3803 probare
784 3736 1054 3789 nitebatur
1074 3749 1219 3804 smpe
1242 3735 1438 3791 dictum
1469 3734 1901 3805 Mopsuestenum

309 3825 652 3881 Theodorum
690 3827 833 3896 juste
881 3843 945 3882 ac
988 3828 1305 3898 regulariter
1355 3828 1518 3883 fuisse
1567 3832 1902 3883 damnatum.

310 3918 423 3974 Non
453 3920 618 3987 enim,
667 3921 709 3974 si
741 3921 1019 3991 quisquam
1052 3921 1389 3977 damnandus
1417 3921 1436 3951 ³
1467 3920 1774 3990 episcopus,
1813 3922 1903 3990 qui

310 4012 549 4067 moriens
593 4012 906 4067 haereticum
956 4013 1009 4067 in
1051 4015 1163 4068 suis
1214 4012 1554 4067 facultatibus
1582 4022 1905 4068 testamento

308 4105 432 4158 fecit
471 4104 761 4171 haeredcm,
786 4106 901 4161 acie
947 4105 1145 4162 mentis
1177 4113 1235 4159 ut
1277 4105 1380 4160 hoc
1411 4106 1610 4162 faceret
1637 4107 1901 4163 abditiora

309 4207 591 4262 penetrare
623 4211 728 4251 non
768 4197 955 4261 valuit,
997 4206 1089 4252 aut
1118 4197 1589 4253 verisimilitudine
1619 4214 1649 4252 a
1681 4200 1904 4254 veritate

308 4288 610 4352 aberravit;
651 4288 747 4343 sed
791 4287 1133 4343 manifestum
1170 4288 1380 4343 facinus
1423 4304 1529 4343 non
1573 4288 1903 4345 inﬁrmitatis

308 4382 628 4453 ignorantia,
662 4383 757 4437 sed
800 4382 1089 4437 voluntatis
1133 4383 1399 4450 pravitate
1443 4384 1738 4437 commisit.
1777 4382 1903 4438 Inde

306 4484 389 4528 est
415 4473 557 4544 quod
586 4474 830 4544 Philippo
852 4473 1050 4529 dicenti
1075 4490 1088 4528 :
1120 4472 1357 4540 Domine,
1382 4474 1589 4528 ostende
1617 4474 1762 4528 nobis
1792 4473 1900 4528 Pa-

2009 3294 2104 3335 eos
2135 3280 2340 3348 impetit
2370 3280 2459 3333 illa
2486 3282 2750 3335 sententia
2801 3280 2911 3350 qui,
2934 3282 3075 3336 sicut
3096 3281 3282 3336 beatus
3303 3280 3598 3353 Cyprianus

2008 3374 2232 3441 ejusque
2261 3372 2417 3436 socii,
2463 3388 2557 3441 per
2587 3373 2872 3427 bumauant
2904 3372 3269 3429 inﬁrmitatem
3304 3376 3480 3428 minus
3507 3389 3599 3443 po-

2010 3472 2226 3517 tuerunt
2255 3466 2369 3517 acie
2401 3466 2594 3519 mentis
2625 3464 2888 3519 abditiora
2916 3473 3223 3533 penetrare,
3256 3478 3310 3519 et
3338 3464 3600 3520 verisimi-

2007 3555 2235 3610 litudine
2265 3570 2293 3608 a
2329 3557 2553 3611 veritate
2596 3557 3006 3621 aberrat-erunt,
3039 3558 3130 3611 sed
3160 3571 3256 3611 eos
3303 3559 3479 3627 potius
3508 3560 3598 3625 qui

2008 3652 2303 3717 probantur
2333 3650 2567 3703 scientes
2611 3650 2959 3719 volentesque
2986 3663 3255 3718 peccasse.
3291 3649 3515 3719 Insuper
3545 3660 3599 3704 et

2009 3750 2192 3792 notum
2222 3747 2302 3793 est
2342 3738 2483 3807 quod
2536 3739 2604 3793 de
2650 3738 2748 3792 bac
2775 3738 3045 3792 Theodori
3087 3752 3245 3792 causa
3293 3750 3400 3793 tum
3442 3738 3598 3794 fuert

2002 3812 2324 3898 judicatum,
2352 3845 2471 3883 cum
2523 3830 2897 3899 Apolinatistm
2946 3831 3313 3900 progenitores
3352 3832 3598 3900 Acepba-

2010 3924 2208 3987 lorum,
2240 3936 2361 3976 cum
2396 3921 2711 3990 quibusdam
2746 3921 3008 3975 dictorum
3052 3921 3169 3989 ejus
3198 3921 3445 3988 capitulis
3475 3936 3597 3976 eum

2007 4024 2309 4083 qumrcrent
2354 4014 2493 4067 abdit
2512 4015 2611 4077 ari,
2647 4027 2700 4068 et
2752 4031 2779 4066 a
2812 4014 3017 4067 Joanne
3062 4012 3399 4067 Antiocheuo
3437 4023 3598 4083 atquo

2008 4104 2255 4158 orientali
2297 4084 2549 4169 concilio,
2592 4117 2689 4157 nec
2733 4118 2836 4156 non
2868 4103 3068 4173 Cyrillo
3115 4101 3502 4169 Alexandrino,
3545 4112 3598 4158 et

2009 4194 2201 4249 Proclo
2230 4192 2823 4263 Constantinopolitano
2864 4195 3062 4262 repulsi
3115 4202 3259 4252 sunt.
3302 4193 3408 4248 Sed
3458 4207 3599 4247 nunc

2008 4288 2060 4342 iu
2095 4286 2464 4356 prmjudicium
2494 4300 2700 4353 magna:
2724 4284 2911 4355 synodi
2937 4284 3395 4339 Chalcedonensis
3421 4299 3597 4338 resus-

2006 4379 2199 4435 citatur
2229 4378 2346 4449 ejus
2391 4379 2620 4448 quaestio
2668 4387 2793 4433 ante
2837 4386 3051 4431 centum
3102 4386 3156 4431 et
3201 4376 3385 4445 viginti
3430 4390 3599 4429 annos

2008 4472 2151 4525 ﬁnita
2182 4480 2237 4526 ct
2285 4470 2540 4526 oblivioni
2582 4469 2693 4539 jam
2739 4470 2954 4523 tradita.
2986 4468 3084 4523 Cui
3124 4468 3436 4540 prtejudlcio
3466 4483 3597 4538 quo-

377 4748 402 4773 "
443 4742 641 4798 Gelasii
672 4745 829 4798 verba
862 4752 990 4798 sunt
1014 4759 1045 4799 e
1074 4743 1281 4813 synodo
1314 4744 1550 4798 Romana
1576 4744 1627 4797 in
1661 4757 1765 4813 qua
1796 4744 1889 4795 ab-
1917 4748 1965 4807 D
1995 4745 2235 4800 sliltttttm
2272 4744 2445 4811 Vigilii
2477 4758 2598 4800 cum
2627 4744 2863 4813 iudicato
2894 4743 3170 4809 confundi,
3221 4753 3274 4799 et
3322 4743 3422 4797 alia
3467 4757 3589 4811 per-

304 4818 509 4871 solutus
541 4824 623 4868 est
655 4815 889 4869 Misenus
915 4815 1222 4883 episcopus.
1257 4816 1419 4883 Cujus
1449 4816 1551 4868 alia
1595 4832 1804 4883 quoque
1836 4817 1887 4869 iu

304 4887 548 4942 cannlem
578 4888 899 4939 sententiam
948 4886 1138 4939 similia
1181 4894 1395 4940 exsmnt
1440 4887 1490 4939 in
1532 4886 1733 4954 aliquot
1775 4888 1891 4953 ejus

304 4957 565 5026 epistolis.
616 4956 757 5009 Idem
808 4958 969 5026 etiam
1012 4966 1404 5025 argumentum,
1452 4957 1639 5010 eodem
1694 4957 1891 5010 Gelasii

305 5025 462 5084 utens
493 5026 822 5092 testimonio,
865 5025 1086 5079 uberius
1117 5035 1307 5079 tractat
1337 5027 1559 5091 Vigilius
1599 5028 1648 5079 in
1692 5029 1894 5079 consti-

307 5110 439 5153 tuto.
488 5098 540 5150 ltt
586 5112 691 5165 quo
732 5106 1013 5166 propterea
1060 5096 1328 5151 Theodori
1368 5096 1726 5164 Mopsuesteni
1759 5100 1893 5151 alio-

304 5185 491 5224 rumve
536 5169 674 5222 dicta
714 5179 767 5221 et
810 5182 1024 5221 errores
1070 5168 1155 5234 qui
1187 5167 1597 5235 objiciebantur,
1646 5169 1713 5220 ita
1762 5183 1894 5221 cun-

304 5243 544 5304 detnnat,
577 5249 633 5290 ut
660 5239 806 5307 ipsos
854 5250 1027 5289 tamen
1073 5246 1321 5291 auctores
1369 5240 1418 5290 in
1450 5253 1577 5302 pace
1611 5237 1895 5291 defunctus

303 5313 525 5366 minime
553 5308 886 5364 damnandos
915 5308 1191 5365 decernat.
1224 5307 1332 5363 Sed
1380 5309 1630 5378 quoniam
1671 5319 1723 5363 ct
1767 5322 1893 5363 cou-

375 5535 395 5565 ¹
442 5532 607 5587 idem.
641 5532 786 5599 cod.,
818 5546 1098 5601 quousque.

376 5604 396 5634 ³
440 5604 580 5658 ldetn
611 5602 759 5669 cod.,
783 5602 1107 5656 damnandus
1135 5607 1229 5655 est.

2000 4819 2207 4872 turbate
2234 4818 2284 4869 in
2318 4819 2415 4870 bac
2443 4826 2553 4869 tota
2602 4832 2762 4871 causa
2794 4815 2985 4870 referri
3016 4816 3177 4883 vulgo
3206 4816 3398 4876 solent,
3445 4814 3587 4868 haud

1997 4890 2091 4943 abs
2139 4904 2197 4942 re
2246 4890 2414 4941 visum
2459 4896 2562 4949 ett,
2619 4887 2886 4955 praecipua
2936 4900 3112 4939 rerum
3156 4885 3352 4952 capita,
3384 4892 3492 4936 tum
3523 4900 3586 4938 ea

2000 4960 2293 5028 praesertim
2342 4974 2459 5027 qua;
2509 4959 2575 5011 ad
2610 4957 2854 5028 Vigiliutn
2902 4964 3165 5022 Spectant,
3219 4966 3474 5028 quantum
3508 4968 3585 5028 es

2000 5022 2129 5084 cleri
2166 5022 2387 5082 ltomani
2429 5030 2495 5082 ad
2536 5022 2736 5097 legatus
2764 5026 3010 5097 epistola,
3065 5022 3243 5093 atque
3282 5040 3346 5077 ex
3407 5022 3587 5097 Vigilii

2001 5101 2169 5169 ipsius
2199 5100 2491 5170 encyclica,
2524 5094 2815 5170 constituto
2842 5106 2895 5151 et
2924 5095 3065 5160 aliis,
3086 5105 3391 5170 pnservare
3416 5094 3586 5170 licuit,

1999 5164 2116 5225 suis
2146 5164 2536 5238 annis’singula
2578 5174 2595 5193 ¹
2644 5169 2791 5225 brevi
2841 5164 3161 5235 compendio
3202 5166 3455 5220 distincta
3486 5165 3588 5217 sub

2000 5243 2185 5299 oculos
2219 5241 2304 5296 hic
2334 5254 2553 5309 ponere.

2071 5522 2093 5553 ⁸
2134 5523 2275 5604 idem
2326 5527 2483 5604 cod.,
2522 5531 2568 5575 et
2618 5536 2730 5590 qua
2781 5528 3113 5593 (apostouca
3152 5525 3349 5589 sedes)
3405 5520 3587 5576 asserit

1998 5602 2259 5663 quoniam,
2288 5602 2391 5647 etc.

365 5822 387 5845 ‘
410 5800 545 5874 illam
567 5820 809 5882 synopsim
835 5824 1061 5880 tanquam
1085 5814 1237 5868 facem
1272 5817 1497 5869 omnibus
1533 5814 1746 5867 Facundi
1763 5819 1974 5877 scriptis,
2001 5814 2050 5869 iu
2070 5811 2166 5865 fine
2190 5811 2422 5865 librorum
2446 5809 2506 5863 l2
2528 5807 2888 5864 collocuturum,
3263 5856 3365 5885 Μ’,
