4094 6520
471 336 575 394 867

1538 337 1832 396 FACUNDI
1880 340 2090 396 EPISC.
2135 321 2637 401 manumissis

3673 344 3784 399 368

475 457 618 531 niain
657 454 1051 509 communicare
1085 453 1374 508 timuerunt
1417 456 1582 510 beata:
1630 455 1908 510 memoriae
1955 455 2064 508 Ma-
2092 461 2144 520 Α
2171 459 2356 511 eadem
2388 460 2650 528 sequitur,
2702 461 2952 528 quoniam
2985 466 3125 511 Sicut
3175 457 3366 512 videtis
3395 458 3664 514 actionem
3700 461 3781 514 illi

476 549 691 602 rianus‘
724 548 1030 602 Doracenus
1071 554 1126 602 et
1168 546 1454 601 Basiliscus
1491 545 1828 603 Serdicensis
1858 547 2069 617 episco-

477 655 595 712 pus,
629 639 722 694 sed
751 648 801 693 et
834 637 1172 707 Lampridius
1213 639 1493 708 presbyter
1521 649 1575 694 et
1603 639 1774 695 abbas
1819 638 2071 694 Hieroso-

476 731 720 801 tymitani
747 731 1083 797 monasterii,
1127 730 1401 785 Mucianus
1446 744 1539 786 eos
1577 730 2068 801 ConStantinOpoli,

477 834 536 878 ut
572 838 632 879 se
675 824 1104 889 commendaret,
1137 825 1187 878 in
1236 825 1535 897 gehennam
1587 823 1790 880 abiisse
1835 824 2070 880 dicebat.

476 918 581 972 Sed
615 931 721 972 non
765 919 864 972 hac
892 917 972 972 via
1009 919 1251 988 pergitur
1285 918 1334 972 iu
1380 919 1704 990 gehennam,
1737 934 1896 988 quam
1933 917 2073 972 Hila-

473 1007 588 1062 rius
627 1019 747 1062 cum
779 1009 889 1062 suis
917 1009 1160 1078 collegis,
1204 1023 1364 1080 quam
1406 1007 1766 1079 Hieronymus
1810 1009 1979 1064 tenuit
2017 1007 2070 1062 in

475 1113 637 1154 causa
670 1100 871 1155 Nic'eni
903 1100 1136 1165 concilii,
1169 1117 1329 1169 quam
1361 1109 1436 1155 tot
1467 1101 1777 1170 apostolica:
1808 1100 1950 1156 sedis
1978 1115 2074 1154 an-

479 1193 672 1248 tistites
704 1203 886 1262 postea
919 1192 1089 1249 secuti
1139 1201 1281 1259 sunt,
1313 1207 1435 1248 cum
1467 1194 1797 1263 temporibus
1839 1191 2073 1249 Zenonis

477 1287 722 1343 viderent
771 1287 1220 1343 Chalcedonense
1270 1288 1553 1342 concilium
1605 1287 1854 1342 similiter
1900 1287 2074 1356 impu-

476 1379 651 1448 gnari.
684 1378 788 1434 Sed
817 1378 902 1432 illa
931 1379 1191 1448 gehennae
1222 1387 1305 1434 est
1343 1380 1449 1444 via,
1482 1393 1641 1449 quam
1668 1392 1767 1448 pro
1797 1378 2074 1434 voluntate

477 1469 775 1525 Constantii
805 1470 946 1538 apud
991 1471 1292 1526 Ariminum
1331 1483 1383 1526 ct
1415 1471 1713 1526 Seleuciam
1745 1469 1963 1526 lsaurim
1993 1471 2074 1526 in-

478 1576 664 1631 gressa
705 1571 788 1617 est
821 1563 1153 1628 temporibus
1184 1562 1493 1618 Sirmiensis
1525 1561 1811 1618 multitudo
1855 1581 1868 1616 :
1911 1577 2069 1632 quam

475 1667 530 1709 et
562 1644 664 1710 iste
689 1664 905 1708 secutus
927 1666 1028 1718 est,
1058 1655 1148 1725 qui
1172 1653 1446 1709 Wandalis
1472 1653 1816 1725 regnantibus
1841 1653 2073 1710 Arianus

478 1746 612 1812 luit;
647 1746 841 1802 deinde
868 1748 1094 1815 imperio
1123 1746 1448 1802 succedente
1480 1747 1741 1816 Romano,
1776 1759 1897 1800 cum
1930 1753 2071 1801 tem-

2171 548 2467 604 consiliarii
2499 545 2870 619 praestiterunt
2902 565 2916 602 :
2949 564 3053 618 qua
3084 564 3190 603 non
3237 557 3546 613 contentus,
3593 551 3784 606 adhuc

2170 642 2377 696 ambire
2399 658 2504 696 non
2537 650 2714 698 cessat
2751 657 2816 696 ex
2847 641 3076 698 aliorum
3109 655 3321 710 qunque
3352 642 3651 711 perditione
3678 642 3785 695 aii-

2171 735 2298 804 quid
2348 733 2633 789 sublimius
2683 732 2929 802 adipisci.
2988 733 3080 788 Sic
3128 733 3327 804 qiiippe
3383 742 3625 802 tempore
3672 738 3784 789 isto

2175 826 2482 896 proficitur;
2506 837 2558 881 et
2587 826 2759 882 sicubi
2789 833 2990 896 potest,
3023 839 3118 894 per
3145 827 3280 878 tales
3307 824 3576 894 adjutores
3596 827 3618 856 ²
3642 841 3784 880 cun...

2171 929 2325 974 sueta
2373 918 2635 988 nequitia,
2684 915 3011 972 testimoniis
3058 916 3557 970 inconvenientihus
3601 917 3784 971 unde-

2173 1023 2386 1079 cunque
2413 1011 2681 1072 collectis,
2711 1010 2870 1064 etiam
2902 1008 3004 1064 hoc
3033 1007 3242 1071 suadet,
3273 1007 3414 1077 quod
3449 1008 3571 1062 licet
3611 1006 3780 1061 Chal-

2175 1103 2480 1158 cedonense
2521 1103 2808 1157 concilium
2860 1111 3198 1155 retractetur.
3251 1102 3351 1155 L‘bi
3397 1116 3527 1156 vero
3572 1101 3622 1154 id
3667 1117 3782 1154 nou

2176 1202 2354 1262 potest
2392 1193 2645 1257 suadere,
2676 1203 2767 1245 aut
2799 1191 3088 1246 nefandum
3133 1191 3261 1245 illud
3286 1193 3581 1262 iudicatum
3608 1209 3780 1247 excu-

2175 1294 2280 1350 sat,
2304 1295 2395 1338 aut
2416 1283 2924 1338 condemnationem
2948 1283 3188 1338 defendit
3208 1283 3570 1353 Mopsuesteni
3591 1285 3778 1338 Theo-

2175 1377 2323 1443 dori;
2357 1385 2448 1430 aut
2474 1376 2516 1430 si
2547 1375 2679 1429 nihil
2714 1376 2900 1429 horum
2935 1383 3134 1445 potest,
3167 1376 3267 1430 sub
3295 1377 3509 1431 nomine
3541 1377 3690 1446 pacis
3716 1387 3780 1432 et

2176 1468 2318 1536 regis
2345 1509 2360 1532 ,
2407 1469 2474 1519 ad
2545 1466 2799 1537 pollutam
2840 1465 3278 1520 communionem
3331 1467 3414 1521 vel
3460 1469 3778 1536 temporalis

2175 1559 2429 1614 utilitatis
2451 1559 2696 1628 cupidos,
2723 1560 2805 1613 vel
2829 1559 3073 1613 indoctos
3099 1567 3156 1614 et
3188 1559 3518 1629 improvidos
3543 1571 3785 1616 conatur

2175 1652 2434 1707 inducere
2468 1671 2482 1705 :
2514 1652 2632 1707 illos
2679 1651 2911 1707 invitatis
2948 1651 3423 1720 prumissionibus,
3456 1653 3584 1708 istos
3627 1655 3775 1708 veri-

2176 1743 2443 1798 similibus
2473 1743 2769 1800 rationibus
2808 1746 3019 1812 fallens,
3063 1743 3154 1813 qui
3204 1740 3388 1812 legunt
3436 1752 3639 1797 tantum
3681 1747 3772 1800 vel

481 1855 613 1910 pore
641 1855 830 1897 versus
857 1849 942 1895 est
977 1843 1034 1895 ut
1063 1839 1360 1894 catholicus
1387 1839 1691 1903 videretur;
1739 1853 1880 1892 nunc
1906 1838 2066 1893 etiam
2100 1852 2149 1912 Β
2175 1838 2397 1890 audiunt
2442 1851 2559 1906 quae
2617 1839 2813 1906 seripta
2862 1848 3006 1902 sunt,
3060 1851 3280 1896 causam
3333 1851 3462 1892 vero
3513 1853 3606 1908 pro
3656 1853 3771 1906 qua

476 1934 546 1989 de
594 1933 795 2004 palatio
845 1932 1171 2003 praeiudiciis
1219 1931 1416 1988 catholi
1452 1947 1498 1988 te
1549 1929 1828 2002 religionis
1869 1929 2070 1986 exortis

551 2135 563 2164 ¹
604 2133 742 2186 Cod.
781 2134 1000 2197 ναΐ-θεὴ,
1032 2133 1380 2187 Mur-’iiiwius.

480 2356 1392 2384 :——~.—-———.—_—_..___—

2172 1930 2371 1999 Scripta
2401 1939 2524 1983 sunt
2551 1944 2656 1984 non
2686 1929 2982 1998 reqiiirii..t.

2251 2124 2274 2160 ³
2314 2127 2458 2183 Idem
2490 2125 2634 2192 cnd.,
2668 2127 2792 2179 tales
2819 2125 3008 2180 invenit
3034 2126 3310 2180 auditores.

2883 2353 2957 2372 τ
2965 2353 3236 2374 ::“_::
3239 2349 3771 2377 Z:.‘:::.‘~".—-.=-—‘
3717 2377 3724 2381 .

1740 2547 2566 2668 FACUNDI

740 2826 1651 2954 EPISTOLA
1741 2821 2230 2952 FIDEI
2326 2817 3446 2959 CATHOLICI‘E

1009 3117 1124 3192 IN
1203 3115 1890 3189 DEFENSIONE
1963 3111 2328 3187 TRIUM
2407 3114 2744 3187 CAPIT
2758 3111 3233 3190 ULOBUM.

1489 3336 1572 3391 Ex
1596 3345 1732 3390 tanta
1760 3331 1856 3388 III
1886 3332 2152 3405 Spicilegii
2178 3333 2354 3386 damni
2386 3332 2541 3388 Luca:
2564 3332 2803 3393 Duc/ierit

1973 3545 2270 3560 ———

549 3713 725 3768 Movet
748 3712 1006 3782 quosdam
1057 3722 1113 3768 et
1165 3713 1444 3783 requirunt
1472 3728 1592 3783 quae
1618 3713 1691 3768 sit
1722 3715 1879 3768 trium
1908 3710 2070 3783 Capi-

2181 3730 2541 3800 circnmsepta
2573 3732 2641 3785 ab
2667 3733 2922 3788 omnibus
2954 3733 3252 3790 intres-ibus
3272 3737 3608 3805 denutanda,
3651 3756 3720 3796 cu
3748 3761 3783 3799 ιι

478 3804 712 3859 tulorum
739 3821 924 3872 causa,
975 3821 1072 3875 pro
1094 3820 1197 3876 qua
1232 3807 1476 3860 universa
1503 3815 1672 3860 totum
1700 3822 1835 3874 pene
1866 3821 1960 3875 per
1983 3822 2072 3860 or-

477 3897 596 3950 bem
624 3895 1052 3949 scandalizantur
1085 3895 1287 3954 Christi
1320 3898 1558 3950 momina
1585 3913 1598 3962 ;
1625 3896 1914 3966 dicuntque
1942 3896 2071 3966 quid

476 3996 653 4056 potest
681 3986 960 4041 catholicae
985 3985 1239 4041 Ecclesiae
1271 4002 1466 4041 nocere
1489 3987 1762 4042 damnatio
1793 4003 1910 4057 qua:
1935 3991 2072 4042 facta

476 4088 556 4132 est
582 4079 970 4148 Capituliirum,
1024 4079 1137 4134 sive
1170 4093 1518 4148 personarum
1545 4080 1619 4133 sit
1639 4081 1752 4134 sive
1781 4080 2074 4134 dictorum?

477 4171 809 4238 Pi'arsertim,
839 4173 1105 4242 inquiunt,
1137 4186 1256 4227 cum
1288 4184 1342 4228 et
1365 4172 1464 4242 ipsi
1492 4174 1833 4228 damnatores
1857 4189 1915 4228 se
1948 4189 2074 4244 pro-

481 4265 730 4319 titeantur
777 4279 898 4319 cum
929 4251 1034 4318 rion
1064 4264 1442 4320 damnantibus
1492 4265 1650 4320 iidem
1702 4275 1909 4332 tenere,
1965 4282 2072 4322 uno

478 4355 726 4425 symbolo
752 4356 1045 4424 baptizare,
1081 4372 1293 4427 unoque
1322 4357 1425 4412 ritu
1460 4367 1564 4412 tam
1597 4358 1859 4413 solemnia
1885 4359 2072 4414 lectio-

479 4462 628 4513 num,
657 4463 813 4518 quam
845 4450 1009 4502 etiam
1053 4451 1299 4504 sacriticii
1332 4450 1579 4506 ordinem
1610 4452 1909 4508 celebrare.
1943 4453 2073 4520 Qui-

479 4542 598 4605 lius,
629 4543 879 4608 quoniam
909 4543 1294 4610 compendiose
1325 4545 1585 4599 rationem
1615 4546 1714 4598 sibi
1737 4544 1888 4600 reddi
1918 4546 2070 4616 flagi-

477 4640 614 4697 tant,
636 4635 714 4686 sic
739 4633 970 4688 breviter
989 4634 1211 4689 Domino
1233 4634 1492 4705 largiente
1515 4638 1946 4707 rcSpondeudum
1965 4649 2068 4706 est,

478 4734 538 4776 ut
595 4725 681 4778 isti
723 4724 822 4794 ipsi
874 4729 1034 4779 trium
1065 4725 1430 4794 Capituliirum
1461 4730 1826 4802 damnatores,
1855 4731 1944 4802 qui
1976 4746 2071 4785 ne-

476 4829 603 4884 gare
654 4831 760 4869 non
793 4827 1014 4883 possunt
1063 4833 1277 4872 causam
1328 4836 1514 4874 eorum
1565 4823 1615 4874 in
1646 4822 2070 4876 Clialci-doucnsi

477 4917 664 4960 sancto
717 4909 945 4962 concilio
988 4919 1114 4963 ante
1153 4921 1369 4964 centum
1426 4922 1482 4965 et
1514 4911 1694 4980 viginti
1743 4911 1858 4966 fere
1901 4927 2072 4966 annos

479 4998 640 5056 fuisse
663 4999 1098 5068 determinatam,
1117 5003 1301 5058 dicere
1323 5004 1568 5073 primitus
1589 5014 1869 5074 cogantur,
1895 5015 2070 5060 utrttm

2177 3837 2273 3892 per
2303 3831 2378 3876 tet
2401 3838 2662 3876 annorum
2694 3824 2960 3878 curricula
2993 3827 3244 3892 nescivit,
3276 3842 3446 3897 neque
3471 3830 3781 3900 intelligere

2175 3915 2369 3983 potuit,
2393 3915 2532 3983 quod
2558 3914 2644 3968 isti
2673 3925 2798 3970 ante
2830 3916 2897 3970 15
2916 3927 3004 3970 aut
3034 3917 3101 3972 16
3126 3933 3318 3984 annos,
3351 3922 3510 3974 variis
3537 3935 3583 3975 et
3609 3938 3781 3992 pere-

2173 4009 2342 4076 grinis
2373 4017 2560 4062 contra
2593 4009 2943 4077 apostolicum
2972 4021 3296 4079 [incoeptum
3322 4011 3538 4066 abducti
3568 4012 3782 4070 doetri-

2175 4099 2258 4156 ttis
2284 4109 2340 4153 et
2367 4098 3073 4170 obsequendojussionibus
3103 4103 3352 4171 palatinis
3381 4117 3782 4174 cognoverunt.

2174 4192 2254 4246 Ae
2310 4206 2405 4261 per
2448 4191 2550 4246 hoc
2597 4203 2652 4246 et
2705 4193 2805 4260 ipsi
2855 4193 3093 4248 limrctici
3123 4203 3268 4259 sunt,
3298 4204 3353 4249 et
3397 4197 3466 4251 ab
3506 4196 3782 4254 hazreticis

2176 4281 2453 4350 baptizati,
2490 4297 2666 4352 neque
2687 4284 2865 4338 adhuc
2896 4284 2965 4339 ab
2993 4285 3177 4354 aliquo
3209 4287 3539 4341 reconciliati
3571 4304 3585 4341 :
3633 4305 3781 4356 quo-

2177 4376 2339 4442 niam,
2375 4375 2714 4429 sicutdicuut
2741 4375 2863 4444 ipsi,
2895 4387 3020 4430 sunt
3043 4377 3295 4432 catholici
3334 4380 3423 4448 qui
3457 4394 3625 4448 nuper
3671 4383 3779 4437 tria

2175 4465 2418 4535 Capitula
2443 4467 2854 4533 damnaverunt,
2891 4471 2973 4524 vel
3016 4469 3311 4538 damnant,
3359 4473 3592 4542 ipsisque
3620 4474 3782 4530 dam-

2175 4559 2456 4614 natoribus
2501 4563 2930 4629 communicant;
2993 4564 3230 4620 lmretici
3281 4575 3460 4620 autem
3517 4568 3607 4637 qui
3669 4586 3780 4627 nec

2175 4652 2590 4722 damnaverunt,
2637 4669 2736 4708 nec
2763 4654 3052 4723 damnant,
3078 4673 3180 4712 nec
3204 4658 3580 4715 danmautibus
3607 4675 3776 4717 eain-

2176 4745 2474 4800 muuicant.
2498 4745 2627 4813 Qua-
2651 4762 2771 4801 cum
2805 4750 2875 4801 ita
2901 4751 3027 4817 sint,
3056 4759 3150 4804 aut
3172 4751 3262 4804 illa
3275 4753 3457 4818 utique
3483 4751 3602 4821 fuit,
3631 4755 3779 4811 sicut

2178 4852 2304 4890 vere
2332 4837 2447 4902 l'nii,
2477 4846 2655 4905 etest,
2699 4841 2911 4910 eritque
2933 4842 3194 4898 catholica
3233 4844 3490 4911 Eoi-lesia,
3519 4861 3638 4916 qua:
3669 4849 3778 4902 tria

2176 4931 2420 5000 Capitula
2453 4949 2549 4988 nec
2582 4934 2880 5000 damnavit,
2913 4951 3012 4992 nec
3043 4937 3286 5003 damnat,
3319 4955 3416 4994 nec
3456 4940 3567 4994 istis
3594 4942 3787 4998 scele-

2179 5023 2431 5078 sxissiniis
2461 5025 2870 5082 daiunatoribus
2891 5042 3187 5098 eorumque
3216 5034 3773 5090 communicatoribus

475 5095 753 5149 catholica:
785 5094 1040 5150 Ecclesia:
1069 5100 1124 5150 in
1164 5113 1267 5166 qua
1309 5099 1556 5166 baptizari
1611 5107 1736 5152 sunt
1784 5109 2069 5168 antequam

2181 5118 2277 5170 nisi
2335 5120 2432 5172 sub
2489 5120 2674 5173 merita
2728 5122 3093 5178 satisfactione
3144 5127 3538 5192 communicat;
3586 5137 3646 5182 et
3673 5129 3772 5184 isti

475 5200 666 5241 eorum
697 5185 972 5241 damnatio
1003 5187 1166 5257 impie
1192 5190 1519 5259 proveniret,
1551 5191 1830 5245 nocuerint
1860 5207 1927 5244 an
1963 5207 2067 5247 non

474 5281 781 5336 nocuerint.
811 5281 865 5335 Si
921 5282 1171 5336 nocuisse
1222 5281 1490 5350 dixerint,
1555 5293 1734 5338 notam
1789 5289 1991 5340 erroris
2014 5294 2070 5340 et

470 5376 722 5430 criminis
770 5376 1053 5430 catholicae
1097 5376 1354 5433 Ecclesiae
1411 5381 1804 5434 convincuntur
1871 5381 2069 5449 impor-

475 5474 592 5519 tare
625 5484 638 5518 :
673 5477 730 5520 ut
757 5476 848 5521 aut
877 5469 1148 5533 haeretica,
1199 5469 1339 5538 quod
1373 5470 1474 5523 diei
1503 5472 1684 5547 “nefas
1732 5479 1838 5537 est,
1882 5471 2066 5538 fuerit,

476 5572 598 5612 cum
647 5574 783 5628 quos
842 5563 926 5615 isti
970 5561 1116 5618 velut
1166 5561 1454 5619 litereticos
1502 5543 1919 5633 damnaverunt,
1977 5557 2066 5621 illa

477 5666 588 5704 non
609 5653 782 5706 solum
825 5671 929 5708 non
979 5656 1279 5725 damnavit,
1309 5657 1408 5713 sed
1435 5659 1654 5729 insuper
1708 5669 1764 5714 et
1806 5659 2066 5724 laudavit,

472 5741 730 5812 dictaque
775 5761 960 5800 eorum
1005 5763 1074 5803 ex
1121 5748 1829 5808 decretisChalcedonensis
1873 5753 2064 5825 synodi

478 5835 779 5894 orthodoxa
807 5840 1174 5906 pronuntiavit
1197 5861 1213 5898 :
1236 5853 1506 5901 aut'ccrte
1537 5843 2049 5922 ignorantizenubilo

2177 5209 2361 5276 procul
2416 5209 2579 5265 dubio
2633 5213 2915 5280 haeretici,
2987 5214 3075 5284 qui
3137 5217 3346 5270 novitcr
3409 5218 3774 5288 admiserunt,

2176 5302 2319 5368 quod
2371 5302 2423 5355 iu
2450 5303 2684 5358 Ecclesia
2712 5319 2837 5374 qua:
2884 5319 2978 5360 eos
3029 5309 3373 5375 regeneravit
3405 5327 3508 5364 nou
3540 5325 3775 5378 accepe-

2177 5405 2298 5446 runt
2333 5410 2348 5446 :
2398 5403 2490 5448 aut
2535 5397 2578 5448 si
2607 5397 2714 5458 illa,
2749 5397 2891 5466 quod
2925 5397 3110 5452 audire
3156 5400 3472 5471 sacrilegum
3518 5411 3621 5467 est,
3658 5419 3772 5459 non

2176 5481 2272 5538 luit
2297 5485 2558 5539 catholica
2595 5487 2855 5552 Ecclesia,
2904 5487 2989 5542 isti
3021 5488 3180 5543 simili
3209 5493 3369 5546 modo
3401 5492 3618 5547 remotis
3652 5509 3771 5547 ani-

2179 5577 2402 5646 bagibus
2423 5578 2659 5634 haireIici
2685 5589 2831 5645 sunt,
2870 5581 3023 5657 quia,
3048 5589 3108 5636 ut
3135 5581 3336 5637 dictum
3368 5595 3474 5648 e5t,
3526 5585 3638 5654 ipsa
3669 5601 3770 5641 eos

2178 5667 2419 5723 Ecclesia
2451 5669 2738 5740 baptizavit
2765 5686 2883 5741 quin
2900 5670 3144 5742 Capitula
3177 5675 3274 5728 ista
3307 5691 3573 5744 nunquam
3603 5675 3768 5729 dam-

2174 5759 2337 5814 navit.
2388 5761 2532 5828 Quas
2584 5762 2654 5818 ob
2707 5778 2793 5817 res
2824 5763 3076 5818 utrolibet
3126 5763 3336 5836 olijecto
3377 5765 3763 5835 I'CSpOlldcaiil,

2174 5851 2410 5909 haeretici
2440 5855 2826 5912 convincantur
2857 5869 3078 5913 necesse
3105 5868 3208 5914 cst.
3259 5857 3313 5914 Si
3350 5869 3548 5927 autem,
3609 5860 3758 5932 quod
