4094 6468
323 325 429 383 3t?!)

1480 318 1806 376 ENSTOLA
1849 319 2025 375 FlDEl
2064 322 2474 378 (ῙΔΤΠΟῌΡΕ

3512 330 3614 383 870

322 456 506 498 rerum
534 422 641 506 est,
700 438 831 493 nihil
860 435 1110 492 nocuisse
1153 434 1338 491 eadem
1362 435 1605 505 Capitula
1649 452 1743 504 per
1781 449 1907 490 cen-
1938 440 1987 497 Λ
2019 437 2183 491 Deum
2216 440 2299 492 cui
2334 436 2897 508 credidit,perdidisse
2928 439 3286 495 convincitur.
3314 439 3414 508 Qui
3434 453 3617 498 autem

322 543 433 588 tum
463 540 518 585 et
542 529 793 597 amplius,
851 539 907 583 ut
939 527 1250 597 praedictum
1280 536 1382 591 est,
1436 542 1606 581 annos
1632 528 1911 582 catholicae

322 622 578 678 Ecclesiae
600 621 863 691 dixerint,
892 621 1060 675 multo
1085 620 1254 690 magis
1286 621 1563 689 magisque
1590 636 1651 676 se
1678 636 1799 675 reos
1832 621 1912 675 in-

320 720 564 788 te'liga'nt
626 715 1062 770 inexcusabiliter
1105 731 1117 766 :
1170 715 1596 769 animadvertant
1652 724 1909 781 quantum

319 812 444 866 ntali
485 816 673 864 contra
726 807 842 876 ejus
896 806 1110 861 decreta
1168 806 1547 860 commiserint
1603 806 1911 861 damnando

320 904 458 973 quod
489 902 576 957 illa
609 914 716 956 non
741 900 1020 956 damnavit
1044 918 1057 966 ;
1081 909 1412 972 cognoscant
1435 901 1562 970 quid
1593 904 1821 973 egerint,
1854 911 1906 957 et

320 997 553 1053 sentiant
582 1008 641 1048 se
667 994 736 1049 ab
778 1008 841 1049 ea
874 995 1149 1063 praecisos,
1200 993 1357 1063 cujus
1406 992 1620 1049 decreta
1653 1004 1909 1064 quantttm

323 1092 375 1146 in
407 1089 538 1159 ipsis
560 1096 645 1141 est
674 1088 1066 1153 convelleutes,
1090 1086 1467 1141 haereticorum
1496 1102 1556 1141 se
1577 1089 1812 1143 catervis
1838 1088 1912 1141 fa-

323 1182 495 1237 vendo
522 1194 711 1236 eorum
734 1180 878 1234 votis
929 1178 1276 1249 pertinaciter
1318 1188 1694 1250 aggregarunt.
1728 1179 1910 1249 Siqui-

319 1276 437 1330 dem
460 1274 529 1329 ab
558 1270 844 1341 Acephalis
871 1269 1161 1336 hzereticis,
1210 1269 1261 1323 id
1290 1280 1371 1323 est
1392 1270 1908 1339 Semicutychianis.

320 1366 577 1434 exquisita
606 1375 657 1419 et
685 1362 866 1419 elicita
889 1363 1255 1434 Capitulornm
1288 1364 1597 1430 damnatio;
1641 1376 1693 1420 et
1730 1364 1909 1431 Vigilii

319 1468 477 1528 atque
504 1457 699 1526 Pelagii
736 1459 1103 1511 Romanorum
1146 1457 1639 1526 prawaricatorum,
1692 1469 1745 1513 et
1782 1459 1896 1512 Pri-

320 1549 472 1604 tnasii
533 1548 793 1618 Byzaceni
847 1547 1104 1618 praecipui
1188 1546 1423 1604 doctoris
1480 1550 1904 1618 Acephalorum,

316 1637 456 1694 edita
505 1647 695 1693 eontra
736 1638 1032 1693 Ecclesiam
1082 1638 1283 1709 scripta
1338 1648 1721 1707 protestantur.
1782 1641 1909 1708 Qua:

316 1747 437 1785 cum
471 1731 537 1784 ita
571 1732 700 1800 sint,
730 1730 1121 1799 quomodojam
1145 1741 1199 1783 et
1229 1730 1358 1785 illud
1379 1730 1458 1786 eis
1479 1733 1670 1799 poterit
1695 1741 1910 1786 consta-

2015 530 2223 598 siutqtti
2245 530 2343 584 hoc
2354 532 2668 585 violaverint
2686 542 2895 601 paetum
2916 548 3039 586 mox
3053 532 3374 603 videbimus,
3393 548 3514 588 cum
3536 536 3616 604 ip-

2015 620 2125 674 sius
2155 624 2379 692 symholi
2399 623 2579 688 verba,
2604 640 2708 677 non
2739 625 2957 693 quidem
2987 624 3038 679 in
3072 625 3617 695 ordinemprolixita-

2018 715 2083 767 tis
2101 715 2327 769 vitanda:
2344 718 2535 785 gratia,
2549 718 2642 771 sed
2661 718 2943 774 admodum
2960 719 3240 773 delibauth
3254 721 3611 789 posuerimus.

2018 806 2342 876 Principium
2376 810 2552 879 itaque
2570 812 2799 881 symboli
2822 810 3050 879 hoeest:
3077 811 3345 867 Credimus
3374 814 3427 865 in
3455 830 3616 867 unum

2018 897 2181 951 Deum
2209 897 2413 953 Patrem
2434 902 2861 971 omnipotentem;
2893 912 2941 956 et
2971 904 3022 956 in
3046 920 3201 956 unum
3221 903 3497 956 Dominum
3522 905 3612 958 Je-

2013 1006 2126 1043 sum
2149 989 2406 1043 Christum
2439 989 2637 1045 Filium
2667 996 2798 1064 ejus,
2831 1005 3007 1047 natum
3031 1012 3093 1049 ea:
3124 994 3324 1064 Spiritu
3345 1006 3521 1049 sancto
3560 1005 3609 1051 et

2016 1080 2190 1135 Maria
2220 1080 2461 1153 Virgine,
2492 1085 2577 1152 qui
2606 1085 2696 1138 sub
2729 1084 2917 1139 Pontio
2944 1085 3118 1139 Pilato
3154 1088 3431 1156 cruciﬁxus
3462 1098 3535 1141 est
3562 1097 3610 1142 rt

2013 1174 2272 1241 sepultus;
2295 1175 2447 1227 tertia
2478 1176 2558 1228 die
2580 1177 2802 1230 surrexit
2823 1193 2855 1229 a
2879 1177 3088 1231 mortuis
3114 1192 3133 1240 ,'
3183 1179 3411 1233 ascendit
3438 1180 3488 1233 in
3514 1196 3613 1233 ca:-

2014 1265 2141 1329 Ium,
2173 1266 2312 1316 sedet
2335 1265 2403 1316 ad
2430 1266 2693 1321 dexteram
2719 1265 2919 1332 Patris,
2942 1268 3075 1322 unde
3106 1279 3341 1322 venturus
3367 1280 3440 1323 est
3462 1272 3597 1340 judi-

2012 1371 2128 1408 care
2178 1356 2313 1410 vivos
2368 1369 2415 1409 et
2470 1370 2715 1424 mortuos,
2774 1367 2826 1413 et
2861 1360 3086 1427 reliqua.
3138 1360 3214 1414 En
3246 1369 3393 1415 certe
3422 1361 3473 1415 in
3509 1364 3610 1416 hoc

2018 1464 2158 1501 nunc
2202 1452 2379 1503 omnis
2429 1451 2675 1505 cnitsisdt
2702 1454 2928 1521 qttzcstio
2977 1454 3042 1508 (lc
3088 1454 3326 1507 vivorum
3363 1466 3607 1509 mortuo-

2011 1557 2239 1610 rumque
2295 1543 2557 1611 judicio:
2614 1545 2757 1612 quod
2819 1552 3006 1599 contra
3072 1546 3273 1600 nullam
3326 1546 3610 1614 aliquando

2013 1635 2286 1703 hmresim,
2321 1648 2378 1689 ut
2406 1635 2537 1695 illud
2568 1636 2634 1690 de
2656 1638 2964 1706 aequalitate
2994 1638 3168 1691 Patris
3208 1648 3264 1692 et
3297 1637 3411 1691 Filii
3443 1640 3494 1692 in
3519 1638 3609 1692 Ni-

2012 1740 2165 1779 creno
2212 1725 2445 1781 concilio
2494 1738 2682 1782 contra
2714 1730 2923 1795 Arium,
2981 1731 3063 1783 Vel
3108 1729 3177 1785 de
3220 1730 3608 1799 omnipotentia

316 1838 395 1888 re,
439 1822 579 1892 quod
606 1823 671 1876 di.
697 1832 785 1876 unt
811 1838 967 1876 unam
994 1838 1051 1877 se
1074 1837 1194 1876 cum
1220 1838 1323 1876 non
1347 1822 1725 1877 datnnantibus
1752 1824 1905 1876 fidem
1942 1821 1984 1878 Β
2014 1818 2243 1883 ςρὶτῑῑιιεθι
2275 1823 2447 1872 sancti
2498 1820 2550 1873 in
2591 1821 3190 1889 Constantinopolitano
3219 1833 3403 1877 contra
3430 1823 3607 1877 Mace-

318 1917 539 1972 tcnere?
569 1916 699 1969 Cum
726 1931 823 1971 nos
847 1917 895 1968 iu
928 1931 1035 1969 uno
1069 1917 1292 1969 Domino
1323 1926 1505 1970 nostro
1535 1917 1660 1971 Jesn
1684 1914 1903 1971 Christo

319 2007 409 2062 Dei
437 2016 490 2061 et
518 2007 749 2060 hominis
783 2007 941 2070 Filio,
987 2009 1210 2059 duarum
1245 2018 1557 2061 naturarum
1604 2009 1903 2077 proprieta-

317 2110 419 2152 tem
446 2100 497 2151 in
530 2097 734 2151 unitate
759 2113 1002 2166 personae
1043 2097 1417 2163 confiteamur,
1465 2098 1605 2168 quod
1638 2100 1902 2155 catholica

316 2205 529 2259 semper
570 2191 810 2245 custodit
855 2199 910 2245 et
955 2191 1111 2246 docet
1158 2190 1417 2247 Ecclesia.
1448 2191 1538 2245 lsti
1578 2203 1756 2247 autent
1811 2210 1904 2262 pa-

316 2284 482 2338 rendo
507 2283 818 2352 Acepltalis,
853 2291 907 2337 et
953 2284 1001 2336 in
1045 2283 1244 2349 scripto
1288 2281 1571 2337 dicentes:
1606 2303 1630 2336 ι
1664 2287 1899 2339 Anothe-

316 2378 634 2431 tnatizamus
680 2374 900 2444 impiam
956 2377 1239 2443 epistolam
1275 2376 1377 2431 Iba:
1424 2393 1582 2445 quam
1611 2378 1676 2432 ad
1719 2378 1900 2431 Marini

321 2467 540 2521 Persam
572 2467 811 2533 scripsit,
848 2481 967 2522 Cum
1004 2468 1086 2520 his
1116 2469 1203 2537 qui
1242 2467 1513 2522 vindicant
1539 2484 1683 2533 eam,
1720 2481 1771 2523 et
1813 2486 1900 2525 re»

314 2570 450 2613 ctam
483 2572 602 2615 esse
630 2560 838 2627 dicunt,
875 2561 959 2615 vel
994 2571 1197 2631 partem
1226 2562 1383 2631 ejus:
1418 2582 1436 2614 ι
1472 2578 1684 2618 omnem
1716 2566 1903 2634 procul

314 2651 480 2723 dubio
529 2651 1018 2707 anathematizasse
1063 2653 1361 2722 probantur
1416 2655 1734 2719 Ecclesiam,
1784 2674 1903 2727 quae

315 2761 433 2801 eam
457 2745 744 2803 vindicavit
774 2755 827 2802 et
850 2745 1104 2813 vindicat,
1153 2756 1463 2820 vectamque
1489 2765 1610 2804 esse
1654 2750 1809 2815 dixit,
1850 2760 1903 2806 et

313 2837 543 2893 dicit:ut
568 2847 689 2908 pote
715 2854 833 2909 qua:
858 2838 959 2894 hoc
987 2842 1053 2895 de
1077 2840 1446 2897 lncarnatione
1467 2841 1690 2910 Christi,
1718 2846 1769 2898 in
1797 2859 1901 2914 qua

312 2930 500 2985 salutis
528 2938 725 2985 nostra:
749 2944 1145 2987 sacramentum
1167 2934 1434 2998 consistit,
1460 2934 1745 2989 confitetur
1759 2936 1901 3007 quod

312 3026 498 3079 eadem
556 3040 652 3095 per
699 3024 879 3078 omnia
931 3026 1173 3081 continet
1213 3026 1463 3094 epistola.
1506 3027 1681 3081 Verba
1706 3030 1903 3100 quippe

312 3119 551 3187 ejnstem
582 3117 844 3188 epistolre,
872 3117 961 3171 ubi
992 3120 1192 3172 sanitas
1221 3119 1493 3173 catholicae
1525 3120 1896 3188 confessionis,

2011 1906 2260 1975 donium,
2297 1908 2348 1962 in
2390 1910 2637 1981 symbolo
2684 1920 2766 1965 est
2809 1911 2915 1965 add
2941 1920 3075 1977 tum,
3115 1929 3143 1964 a
3177 1914 3319 1967 nulla
3370 1928 3604 1983 unquam

2011 2001 2225 2064 haeresi,
2287 2002 2389 2056 nisi
2420 2003 2487 2057 ab
2518 2003 2615 2057 hac
2647 2003 2954 2058 novissimis
2996 2005 3327 2073 temporibus
3352 2007 3496 2060 velut
3535 2020 3605 2062 ex

2012 2108 2290 2165 comparta
2339 2098 2578 2153 omnium
2612 2099 2985 2155 luereticorum
3020 2100 3150 2156 fauce
3180 2114 3390 2172 exorta,
3443 2100 3608 2158 viola-

2010 2198 2119 2241 tum
2153 2202 2263 2254 est;
2313 2207 2407 2259 per
2428 2192 2830 2248 damnationem
2862 2196 3073 2250 scilicet
3098 2196 3339 2251 vivorum
3366 2209 3607 2253 mortuo-

2008 2296 2236 2349 rumque
2264 2297 2424 2350 quam
2458 2283 2617 2361 sicjtt
2643 2286 2845 2355 scripto
2877 2286 3230 2353 proutlernnt,
3261 2288 3502 2344 dicentes
3529 2288 3607 2343 in-

2009 2370 2089 2424 ter
2118 2374 2218 2423 alta
2251 2389 2263 2425 :
2312 2390 2336 2422 ,ι
2358 2372 2414 2427 Si
2460 2372 2583 2442 quis
2612 2374 2852 2429 defendit
2903 2376 3123 2444 impium
3176 2377 3520 2432 Tln-odorum
3552 2385 3605 2433 et

2005 2463 2165 2530 impia
2196 2464 2311 2534 ejus
2338 2468 2661 2534 conscripta,
2723 2468 2818 2523 sed
2853 2484 2958 2522 non
3007 2469 3429 2524 anathematizat
3476 2487 3601 2527 cum

2005 2564 2061 2608 et
2087 2555 2247 2625 impia
2277 2556 2396 2627 ejus
2422 2559 2755 2629 conscripta,
2786 2569 2840 2614 et
2867 2574 3056 2615 omnes
3082 2562 3169 2631 qui
3194 2562 3489 2631 suscipiunt
3519 2562 3601 2621 vel

2007 2648 2304 2704 defendunt
2325 2666 2471 2716 eum,
2497 2661 2548 2705 et
2580 2652 2765 2706 dicunt
2791 2652 3086 2706 orthodoxa
3106 2668 3226 2709 eum
3250 2656 3597 2723 exposuisse;

2007 2749 2061 2795 et
2090 2741 2179 2810 qtti
2209 2742 2543 2811 scripserunt
2577 2758 2672 2812 pro
2694 2760 2784 2808 eo,
2842 2753 2897 2799 et
2924 2744 3112 2799 eadem
3167 2744 3242 2799 illi
3286 2755 3599 2814 sapuernnt,

2006 2834 2091 2889 vel
2114 2834 2357 2887 scribunt
2384 2849 2477 2901 pro
2503 2850 2568 2889 eo
2600 2835 2680 2889 vel
2707 2836 2880 2902 impiis
2897 2834 3013 2905 ejus
3039 2837 3383 2907 conscriptis,
3408 2845 3462 2891 et
3490 2851 3587 2891 eos

2005 2924 2094 2996 qui
2123 2926 2315 2980 sim'lia
2346 2927 2419 2981 illi
2450 2928 2666 2996 sapiunt
2695 2929 2777 2981 vel
2808 2928 3093 2996 aliquando
3122 2939 3445 2997 eapucrunt,
3476 2931 3597 2984 talis

2007 3018 2288 3072 anathema
2317 3020 2408 3074 sit.
2428 3020 2480 3099 ὃς
2506 3021 2625 3090 quis
2650 3020 2892 3075 defendit
2918 3020 3078 3090 impia
3093 3020 3417 3075 Theodoreti
3443 3022 3589 3075 seri.

2010 3117 2118 3177 pta,
2145 3108 2239 3163 sed
2265 3124 2369 3163 non
2392 3110 2810 3164 anathetnatizat
2840 3126 2924 3178 ea,
2949 3120 3004 3165 et
3028 3126 3122 3166 eos
3148 3110 3238 3182 qui
3269 3111 3461 3165 similia
3479 3111 3599 3181 ejus

314 3221 432 3278 ρυςι
471 3211 569 3264 alia
618 3211 696 3265 sic
724 3227 782 3265 se
812 3209 1048 3265 habent:
1098 3230 1117 3263 ‹
1153 3212 1391 3269 Ecclesia
1421 3223 1596 3269 autem
1624 3216 1702 3270 sic
1736 3213 1899 3270 dicit:

2011 3211 2305 3270 saptterunt
2334 3202 2417 3257 vel
2441 3203 2674 3271 sapiunt,
2704 3204 2823 3258 talis
2846 3207 3132 3260 anathema
3162 3205 3252 3260 sit.
3274 3204 3328 3262 Si
3358 3208 3476 3275 quis
3505 3204 3598 3261 dc-

315 3303 437 3355 Dure
469 3314 695 3367 naturae,
725 3317 827 3356 una
857 3304 1048 3368 virtus,
1079 3318 1180 3356 una
1214 3319 1463 3372 persona,
1490 3305 1630 3374 quod
1655 3315 1736 3359 est
1765 3322 1902 3362 unus

312 3392 479 3448 Filius
506 3394 764 3448 Dominus
790 3404 974 3448 noster
1012 3394 1169 3449 Jesus
1202 3394 1465 3451 Christus.
1498 3413 1516 3447 ι
1562 3398 1902 3468 Quapmpter

312 3490 355 3541 si
390 3488 508 3542 haec
544 3489 772 3541 duarum
802 3497 1109 3541 naturarum
1152 3488 1361 3541 Domini
1397 3489 1562 3542 nostri
1596 3489 1720 3543 Jcsu
1746 3490 1900 3544 Chri-

310 3580 377 3632 sxi
412 3580 462 3632 in
511 3578 720 3632 unitate
753 3594 994 3646 persona:
1022 3577 1333 3644 confessio,
1388 3589 1444 3633 ut
1494 3578 1579 3633 isti
1626 3581 1895 3649 dixerunt,

311 3667 468 3738 impia
502 3680 582 3723 est
612 3676 663 3722 et
693 3668 812 3723 sine
845 3669 971 3731 Dco,
1036 3669 1217 3722 dicant
1268 3669 1365 3739 ipsi
1398 3670 1605 3723 noviter
1651 3672 1773 3740 quid
1830 3674 1899 3726 sit

312 3763 458 3829 pium
495 3772 765 3827 rectaeque
788 3759 1211 3814 Christianorum
1241 3760 1361 3814 ﬁdei
1389 3763 1735 3817 conveniens.
1772 3765 1899 3817 Pro-

311 3852 449 3907 fecto
482 3868 632 3921 ego,
685 3854 823 3905 sicut
857 3854 1050 3905 \critas
1077 3868 1169 3907 eos
1197 3870 1261 3907 ex
1305 3855 1556 3923 operibus
1588 3864 1641 3908 ct
1685 3856 1897 3924 scriptis

310 3962 495 4001 eorum
529 3946 855 4015 redargncns
888 3944 1038 3998 fateri
1069 3946 1231 4013 cegit,
1276 3957 1364 3999 aut
1414 3963 1573 4000 umm
1602 3948 1653 4001 in
1685 3948 1897 4002 llhristo

310 4045 589 4101 naturam,
645 4038 783 4091 sicut
836 4036 1148 4107 Eutychiani
1199 4037 1280 4091 vel
1330 4038 1622 4107 Acephali,
1669 4055 1893 4109 quorum

309 4128 445 4181 votis
469 4135 769 4192 cesserunt,
814 4137 866 4181 et
913 4128 978 4182 ab
1007 4125 1249 4181 Ecclesia
1286 4139 1645 4194 recesserunt,
1689 4130 1894 4196 dicunt,

308 4228 397 4273 aut
424 4221 623 4273 nullam
651 4236 665 4275 :
702 4219 844 4290 quod
872 4236 1031 4289 quam
1062 4224 1130 4275 sit
1156 4220 1378 4292 impium
1411 4231 1465 4276 et
1492 4223 1893 4292 blaSphetuum,

310 4322 467 4381 atque
487 4327 515 4365 a
541 4312 799 4365 ratholica
825 4314 1051 4367 veritate
1074 4313 1331 4377 alienum,
1386 4314 1626 4385 quisquis
1653 4332 1783 4371 sana
1816 4331 1898 4373 est

310 4407 560 4474 praeditus
643 4416 822 4460 mente
898 4408 1103 4476 absque
1177 4406 1512 4462 dubitatione
1584 4424 1891 4479 coanoscet.

307 4499 457 4553 Nunc
483 4498 680 4552 deinde
713 4501 839 4553 illud
875 4492 1282 4567 pertractemus,
1318 4501 1459 4570 quod
1487 4502 1668 4555 dicunt
1690 4505 1889 4571 verbis,

2009 3293 2178 3349 feudit
2214 3295 2429 3364 impiam
2459 3295 2745 3365 epistolam
2780 3312 2938 3367 quam
2956 3296 3151 3351 dicitur
3178 3296 3298 3352 lbas
3323 3297 3389 3351 ad
3411 3299 3598 3353 Marini

2010 3385 2229 3441 Persam
2266 3389 2579 3444 hmreticum
2606 3390 2915 3460 scripsisse,
2936 3390 3027 3445 sed
3051 3407 3156 3445 non
3183 3390 3598 3447 anathematizat

2006 3493 2121 3531 eam
2146 3486 2200 3533 et
2225 3478 2538 3536 defensores
2558 3480 2697 3550 ejus,
2723 3492 2772 3536 et
2800 3496 2897 3537 eos
2927 3485 3015 3552 qui
3038 3482 3225 3537 dicmtt
3246 3498 3364 3538 eant
3393 3492 3594 3538 rectam

2004 3588 2144 3638 esse,
2174 3574 2255 3628 vel
2288 3585 2495 3643 partem
2524 3575 2663 3642 ejus,
2691 3586 2742 3631 et
2772 3591 2864 3631 eos
2894 3577 2982 3644 qui
3008 3579 3361 3645 scripserunt,
3397 3577 3477 3631 vel
3503 3578 3594 3645 qui

2003 3665 2244 3718 scribunt
2270 3678 2366 3733 pro
2396 3677 2481 3729 ea,
2514 3668 2594 3719 vel
2622 3680 2717 3733 pro
2746 3666 3020 3735 impietate
3050 3682 3168 3736 quae
3192 3667 3244 3719 itt
3273 3682 3331 3721 ea
3358 3668 3596 3722 contine-

2006 3766 2109 3818 tur,
2126 3764 2178 3810 et
2197 3768 2523 3823 praesumunt
2546 3756 2989 3821 eamdefendcre,
3011 3758 3132 3810 talis
3152 3760 3433 3812 anathema
3457 3759 3546 3811 sit.
3570 3776 3591 3811 ι

2002 3848 2115 3916 Qua
2162 3848 2469 3919 blasphcma
2525 3851 2788 3905 sententia
2832 3861 2886 3906 et
2938 3850 3058 3905 illus
3096 3860 3335 3905 mortuos
3376 3868 3511 3920 quos
3538 3852 3592 3906 iu

2002 3956 2231 4010 corpore
2259 3944 2577 3998 constitutos
2608 3959 2764 3998 nemo
2793 3943 3089 4011 damnavit,
3151 3959 3251 3999 nec
3282 3944 3590 3999 ltzereticam

2003 4050 2034 4088 c
2058 4050 2188 4088 trum
2222 4024 2518 4089 doctrinam
2550 4037 2828 4106 quisquam
2853 4035 3146 4107 jud¥cavit,
3178 4037 3285 4091 imo
3312 4052 3458 4103 vero,
3491 4038 3593 4092 sic-

2006 4137 2062 4182 ut
2103 4128 2517 4183 evidentissimis
2548 4129 2881 4184 documentis
2927 4130 3136 4197 probari
3184 4139 3377 4198 potest,
3408 4130 3593 4184 ortho-

2002 4220 2194 4275 doxam
2227 4221 2482 4292 synodica
2516 4222 2731 4275 Patrum
2767 4223 3125 4291 pronuntiavit
3151 4223 3445 4277 auctoritas
3475 4265 3492 4289 ,
3534 4234 3589 4277 ct

2000 4317 2192 4372 dwota
2223 4318 2483 4371 hactenus
2509 4317 2843 4370 conservavit
2868 4326 3259 4386 conservatque
3284 4317 3590 4386 posteritas,

1999 4418 2053 4463 ct
2082 4411 2224 4478 ipSns
2251 4408 2435 4463 Patres
2463 4410 2548 4479 qui
2581 4425 2674 4464 eos
2702 4410 2951 4479 dictaque
2984 4424 3172 4464 eorum
3210 4408 3587 4474 laudaverunt,

2003 4512 2057 4556 et
2091 4516 2189 4555 nos
2215 4502 2455 4556 viventes
2488 4503 2597 4569 pari
2622 4517 2742 4556 cum
2773 4502 2849 4555 cis
2880 4501 3223 4557 anathemate
3253 4511 3516 4572 quantutn
3540 4502 3591 4559 in

307 4606 415 4645 uno
445 4605 504 4644 se
536 4590 782 4661 symbolo
809 4592 1080 4660 baptizare
1104 4636 1117 4659 ,
1151 4601 1327 4644 utrum
1357 4593 1516 4647 rebus
1539 4602 1592 4647 et
1614 4593 1893 4649 elfectibns
1922 4586 1970 4645 D
1999 4594 2126 4662 ipsis
2152 4602 2256 4657 est,
2311 4593 2669 4649 involverunt.
2725 4594 2827 4649 Ubi
2856 4604 2936 4649 est
2963 4610 3092 4665 ergo
3115 4593 3254 4665 quod
3302 4594 3591 4649 Chri~tiani

307 4698 497 4736 verum
530 4683 607 4736 eis
663 4697 783 4736 esse
832 4693 1059 4737 constet.
1117 4683 1269 4749 Quod
1330 4693 1387 4738 ut
1426 4685 1626 4753 liquido
1670 4689 1893 4752 clareat,

307 4772 473 4839 ipsius
501 4770 732 4842 symlioli
767 4771 1009 4840 primitus
1042 4773 1430 4826 consideranda
1465 4782 1546 4827 est
1573 4784 1734 4844 atque
1766 4791 1896 4845 peu-

305 4864 470 4919 sanda
524 4866 603 4917 vis
666 4863 1084 4931 magnitudoque
1138 4864 1419 4929 veritatis;
1482 4870 1735 4934 quoniam
1792 4866 1891 4919 ι]ἰηὶ

308 4954 649 5024 przecesserit
677 4968 770 5021 per
792 4954 935 5023 quod
966 4953 1223 5019 creditur,
1253 4956 1420 5009 virtus
1444 4972 1747 5025 munusque
1772 4972 1893 5011 cre-

303 5045 562 5110 dulitatis,
594 5045 733 5111 quod
761 5043 1122 5112 subsequitur.
1170 5060 1505 5114 nequaquam
1553 5049 1890 5115 conceditur,

302 5140 438 5191 situt
467 5141 724 5207 scriptum
750 5148 826 5191 est
855 5153 868 5189 :
908 5135 1028 5189 Nisi
1053 5140 1394 5205 credideritis,
1448 5157 1548 5194 non
1596 5140 1891 5211 intefligetis

302 5230 438 5293 (lsa.
476 5246 565 5294 vn,
599 5231 652 5294 9,
684 5233 835 5300 juxta
860 5227 1054 5299 LXX).
1087 5229 1403 5299 Symbolum
1438 5233 1635 5302 itaque,
1669 5235 1890 5288 collatio

302 5323 414 5374 slxc
445 5331 656 5386 pactum
686 5322 827 5391 quod
853 5322 910 5373 lit
944 5319 1144 5374 homini
1167 5337 1285 5376 etim
1322 5322 1455 5387 Deo,
1504 5334 1685 5393 pitres
1718 5328 1887 5381 nostri

301 5413 549 5467 cnliolici
578 5414 824 5467 doctores
859 5414 1199 5482 interprrtari
1252 5413 1569 5470 docuerunt.
1623 5417 1885 5484 Quoniam

300 5524 427 5579 ergo
463 5518 670 5578 pactum
694 5525 814 5564 cum
848 5511 958 5565 Deo
984 5508 1231 5576 fecimus,
1270 5521 1323 5565 ct
1353 5511 1429 5565 sic
1466 5512 1518 5564 in
1550 5529 1655 5567 uno
1684 5524 1886 5569 sancta:

298 5600 575 5655 Trinitatis
602 5602 813 5657 nomine
839 5599 1086 5671 baptizati
1106 5618 1312 5667 sumus,
1350 5603 1392 5656 si
1420 5604 1537 5672 quis
1582 5620 1747 5659 unum
1779 5605 1887 5659 iota

297 5693 381 5747 vel
411 5708 572 5746 ttnum
594 5692 797 5761 apicem
830 5709 893 5747 ex
927 5704 1081 5762 pacto
1104 5693 1389 5764 quodcum
1420 5695 1527 5750 Deo
1551 5694 1668 5751 iniit
1688 5695 1889 5751 dissol-

300 5784 454 5849 νιιὶι,
484 5785 599 5840 sine
629 5784 791 5841 dubio
816 5784 972 5841 ﬁdem
1010 5802 1113 5855 qua
1155 5787 1263 5843 Deo
1317 5787 1582 5857 credidit,
1620 5800 1669 5845 ct
1708 5790 1883 5857 ipsum

2004 4684 2170 4739 videri
2194 4686 2397 4749 volunt,
2431 4694 2521 4738 aut
2546 4684 2670 4749 dici,
2701 4684 3034 4755 symbolique
3058 4700 3117 4741 se
3136 4686 3409 4741 custodire
3432 4685 3596 4739 ﬁdem

2006 4776 2147 4829 inani
2181 4775 2519 4844 multiloquio
2562 4774 2835 4843 jactitant,
2889 4775 3255 4844 quijttdicium
3297 4775 3399 4829 sibi
3448 4774 3598 4844 quod

2003 4867 2104 4920 soli
2132 4866 2263 4921 Filio
2290 4867 2444 4922 Pater
2489 4867 2655 4927 dedit.
2713 4867 2942 4936 Superba
2968 4866 3099 4920 satis
3124 4866 3455 4935 nimiumque
3480 4864 3579 4921 d0-

2004 4959 2157 5035 lenda
2188 4960 2501 5014 temeritatis
2525 4959 2743 5013 audacia
2778 4969 3195 5027 usurpaverant,
3219 4974 3339 5013 cum
3369 4972 3465 5027 per
3492 4958 3589 5012 ltu-

1996 5049 2231 5121 jnstnodi
2293 5052 2760 5120 prmsumptiouem
2799 5054 2962 5105 etiam
3022 5050 3221 5105 diaboli
3278 5046 3588 5119 supergredi

2001 5148 2290 5215 probentur
2347 5144 2659 5199 insaniam?
2731 5144 3007 5211 Siquidem
3052 5146 3145 5199 ille
3200 5145 3589 5215 superbiSsimu

2000 5238 2179 5291 cordis
2233 5238 2468 5307 appetitu
2530 5236 2706 5289 dixit:
2765 5234 2870 5289 Ero
2914 5235 3097 5289 similis
3126 5236 3393 5291 A'tiisimo
3451 5234 3589 5307 (lsa.

1999 5343 2107 5392 λιν,
2162 5326 2285 5395 Η).
2336 5326 2397 5380 Ili
2448 5336 2626 5382 autem
2677 5326 3051 5395 praeveniendo
3088 5326 3347 5394 judit'inm
3375 5329 3493 5394 Dei,
3533 5339 3587 5385 et

1998 5417 2456 5495 opere‘mortifero
2474 5418 2867 5473 damnationem
2892 5428 3223 5473 mortuorum
3242 5418 3591 5493 vivorumque

1996 5528 2098 5563 non
2128 5511 2228 5563 sibi
2252 5510 2701 5565 consentientimn
2731 5512 3106 5581 perpetrando,
3143 5526 3247 5565 non
3276 5512 3386 5582 jam
3409 5528 3588 5582 mqua-

1994 5601 2073 5672 les
2099 5609 2189 5654 aut
2210 5600 2429 5665 similes,
2466 5600 2605 5654 sicut
2634 5602 2721 5656 ille
2749 5604 2925 5658 adhuc
2954 5604 3020 5657 de
3046 5603 3225 5658 futuro
3254 5604 3415 5669 dixit,
3456 5604 3588 5672 Ero,

1996 5694 2088 5749 sed
2133 5693 2438 5761 superiores
2461 5708 2582 5749 esse
2640 5710 2738 5749 stto
2764 5694 2991 5753 Domino
3018 5707 3274 5770 quantum
3306 5697 3589 5767 adenrum

1993 5786 2181 5847 attinet
2210 5783 2585 5856 intentionem,
2638 5788 3056 5847 constituerunt.
3121 5792 3185 5847 Et
3233 5807 3339 5848 non
3383 5791 3581 5847 eruhev
