4094 6480
475 260 571 325 871

1574 263 1877 322 FACUNDI
1911 263 2124 320 EPISC.
2165 261 2668 320 HERMIANBNSIS

3653 259 3770 315 879.

477 390 635 442 scunt
665 379 850 437 m‘iscri
877 395 971 436 ore
1000 378 1260 447 sacrilego
1308 386 1462 448 atque
1490 378 1788 449 impudenti
1820 381 2061 450 procaci-
2093 385 2143 444 Α
2171 381 2336 435 Deum
2415 379 2679 448 superbiat
2744 375 2934 430 cristas
2991 382 3319 438 erexerunt,
3403 373 3768 443 praeripiendo

479 484 587 530 tate
608 475 786 529 dicere
834 487 892 526 se
918 486 1074 524 unam
1104 485 1224 523 cum
1247 469 1621 522 tlamnantibus
1646 471 1804 524 fidem
1834 473 2055 524 tenere!

480 570 642 637 Quasi
685 582 813 622 vero
855 580 962 619 non
1008 572 1062 617 et
1110 563 1386 618 daemones
1428 562 1650 616 credant
1689 573 1742 616 et
1782 564 2065 633 contremi-

482 670 669 725 scant,
719 659 812 712 sed
861 656 1228 726 operationem
1281 671 1386 709 non
1438 654 1537 709 uiri
1574 657 1797 721 erroris,
1829 671 1987 725 quam
2017 665 2070 709 et

486 757 599 814 istae
628 753 840 806 noviti:e
873 761 1051 820 pestes
1073 759 1350 816 exercent,
1403 750 1602 805 habere
1628 760 1921 803 noscuntur
1967 748 2068 818 ipsi

487 857 732 904 errantes
764 854 818 900 et
865 847 996 900 alios
1027 844 1078 898 in
1127 859 1368 899 errorem
1412 845 1707 898 mittentes.
1739 843 1922 912 Neque
1951 852 2071 894 tan-

489 939 759 993 tummodo
789 936 966 991 verbis
987 935 1333 990 mendacibus
1362 936 1414 988 ln
1444 949 1682 989 errorem
1712 934 2072 997 traducentes,

487 1033 580 1089 sed
611 1031 860 1085 violentis
883 1031 1104 1098 insuper
1134 1027 1595 1097 persecutionibus
1628 1024 1693 1078 ad
1718 1025 2073 1078 consentien-

490 1127 614 1180 dum
643 1125 746 1178 sibi
778 1123 861 1177 vel
887 1121 1392 1177 communicandum
1418 1133 1550 1188 quos
1581 1117 1853 1186 potuerint
1879 1125 2078 1184 pertra-

492 1217 670 1272 ltcndo
719 1223 996 1283 cogentes.
1067 1214 1132 1266 Et
1163 1227 1264 1266 non
1298 1211 1580 1265 intendunt
1608 1208 1852 1262 infelices
1899 1219 2078 1274 neque

493 1305 1116 1375 animadvertmrt,quod
1150 1321 1252 1358 non
1276 1319 1370 1359 eos
1393 1305 1565 1372 jnvet,
1591 1303 1700 1355 imo
1731 1311 1786 1355 et
1805 1300 1934 1355 satis
1955 1314 2076 1368 gra-

496 1410 602 1464 vet,
622 1400 779 1453 dictis
808 1398 1045 1467 polliceri
1069 1411 1224 1452 nosse
1250 1396 1438 1456 Deum,
1471 1394 1622 1450 factis
1645 1399 1819 1445 autern
1846 1391 2081 1459 negare?

499 1491 753 1560 Quoniam
789 1505 976 1544 revera
1028 1491 1070 1544 si
1109 1488 1372 1544 veraciter
1407 1485 1662 1550 confessi,
1713 1485 1826 1539 sive
1851 1484 1940 1537 alii
1981 1496 2082 1553 pro

500 1585 581 1640 eis
609 1600 727 1638 cum
757 1583 1158 1651 baptizarentur
1199 1578 1424 1649 profeSsi
1475 1585 1600 1631 sunt
1664 1575 1888 1656 credere
1935 1587 1994 1628 se
2029 1573 2080 1626 in

503 1678 667 1731 Deum
697 1676 902 1728 Patrem
933 1675 1379 1742 omnipotentem,
1429 1678 1484 1723 ct
1511 1670 1561 1721 in
1593 1667 1774 1722 Jesum
1809 1663 2081 1719 Christum

2166 476 2423 545 judicium
2445 475 2586 542 ejus,
2639 486 2943 539 novumque
2964 486 3204 525 errorem
3235 486 3331 540 per
3361 470 3768 526 damnationem

2170 567 2418 620 vivorum
2458 580 2520 619 ac
2557 577 2886 618 mortuorum
2928 564 3238 627 condendo,
3291 574 3346 617 et
3384 574 3620 618 veterem
3676 578 3768 616 re-

2173 659 2497 724 staurando,
2544 672 2666 712 cum
2713 665 2764 710 et
2797 655 3190 724 Aeephalorutn
3240 653 3480 709 fautores
3535 669 3762 725 consor-

2173 760 2357 822 tesque
2379 751 2557 806 effecti
2586 758 2730 812 sunt,
2761 758 2816 804 et
2844 749 3058 802 caeteris
3117 747 3389 802 haereticis
3417 747 3644 800 dextras
3668 745 3768 798 de-

2172 845 2388 909 derunt,
2410 852 2466 898 ut
2482 843 2636 898 liceat
2659 843 2737 896 eis
2758 841 2971 911 quoties
2997 839 3215 894 libuerit
3234 838 3568 908 etquomodo
3594 839 3770 890 libue-

2175 938 2249 992 rit
2291 924 2716 990 ortltodoxorum
2760 933 3070 1002 pontificum
3100 931 3322 986 decreta
3347 928 3652 985 rescindere
3686 929 3774 981 vel

2175 1028 2450 1081 damnare.
2490 1026 2672 1095 Neque
2701 1024 2864 1085 enim,
2895 1031 2954 1076 ut
2977 1023 3284 1092 ignorantes
3311 1019 3525 1089 quidam
3559 1019 3772 1076 dieunt,

2179 1121 2339 1174 trium
2369 1119 2738 1188 Capitulorum
2766 1117 2969 1187 geritur
2993 1129 3180 1179 causa,
3199 1115 3293 1169 sed
3319 1113 3554 1166 omnium
3588 1113 3775 1179 penti—

2182 1210 2362 1275 ficutn,
2392 1209 2508 1279 qui,
2551 1206 2904 1276 abapOstolis
2942 1204 3420 1276 apostolornmque
3438 1201 3778 1257 successori-

2181 1303 2281 1357 bus
2311 1317 2483 1370 usque
2505 1302 2571 1355 ad
2610 1299 2876 1372 synodum
2913 1289 3432 1361 ChalcedonenSem,
3480 1296 3531 1348 in
3559 1309 3661 1364 qna
3683 1309 3783 1349 ea-

2183 1394 2306 1448 dem
2335 1392 2576 1462 Capitula
2621 1391 2918 1446 orthodoxa
2953 1397 3079 1444 sunt
3118 1388 3378 1458 judicata,
3405 1401 3468 1442 ac
3513 1385 3776 1452 deinceps

2189 1485 2254 1540 ad
2280 1495 2462 1540 nostra
2486 1499 2654 1554 usque
2680 1494 2918 1552 tempora
2942 1483 2995 1537 in
3020 1498 3122 1536 una
3147 1481 3443 1549 eademque
3462 1477 3784 1534 defensione

2191 1587 2351 1646 atque
2375 1576 2754 1631 communione
2778 1575 3154 1645 perdurantes,
3177 1572 3424 1627 catholici
3451 1587 3517 1625 ex
3546 1570 3646 1625 hac
3670 1571 3785 1623 vita

2191 1668 2545 1738 emigrarunt,
2579 1673 2889 1737 perpetrata
2915 1666 3130 1722 doletur
3159 1665 3453 1719 damnatio.
3488 1663 3639 1730 Quod
3672 1663 3789 1716 evi-

505 1768 695 1823 Filium
733 1765 868 1836 ejus,
917 1777 970 1820 et
993 1766 1044 1819 in
1090 1763 1350 1832 Spiritum
1377 1769 1646 1822 sanctum,
1686 1756 1826 1827 quod
1859 1753 2087 1824 symboli
2121 1747 2168 1806 Β
2197 1760 2530 1815 dentissimis
2560 1759 2894 1816 documentis
2925 1769 2978 1812 et
2999 1755 3248 1812 veridicis
3280 1753 3571 1810 rationibus
3599 1763 3786 1822 pater-

505 1869 651 1914 teuet
677 1857 968 1912 auctoritas
985 1899 999 1921 ,
1023 1855 1282 1908 veraciter
1301 1867 1514 1922 quoque
1540 1850 1760 1905 credere
1792 1847 2091 1901 debuerunt

508 1959 561 2004 et
588 1949 852 2018 patienter
875 1955 1190 2012 exspectare
1218 1943 1468 1997 eumdem
1497 1941 1684 1995 Filium
1717 1939 1806 1992 Dei
1833 1946 1889 1991 et
1920 1937 2093 1990 homi-

511 2042 591 2094 nis
643 2039 828 2093 Jesum
881 2035 1152 2087 (Inristum
1211 2031 1498 2085 Dominum
1548 2039 1792 2084 nostrum
1851 2035 2095 2095 tempore

510 2126 775 2197 prcctinito
797 2135 1082 2180 venturum
1115 2124 1180 2178 de
1202 2123 1353 2178 ccelis
1383 2121 1450 2175 ad
1480 2120 1825 2190 judicandunt
1857 2118 2008 2172 vivos
2043 2126 2100 2173 et

514 2229 753 2274 mortuos
781 2236 794 2284 ;
831 2227 886 2273 et
908 2234 1010 2271 non
1045 2217 1142 2286 ipsi
1168 2230 1309 2270 nunc
1336 2215 1497 2284 impia
1525 2213 1874 2269 vehementer
1903 2213 2095 2266 atroci-

515 2321 641 2376 tate,
673 2319 727 2365 et
748 2311 986 2364 viventes
1010 2324 1127 2376 nos,
1159 2318 1214 2362 et
1235 2318 1476 2363 mortuos
1502 2307 1627 2363 ol'hn
1652 2306 1948 2360 catholicos
1972 2320 2104 2374 pon-

515 2403 684 2458 titit-es
707 2417 810 2456 non
839 2403 1012 2455 solum
1035 2401 1298 2470 judicare,
1330 2415 1518 2456 verum
1542 2398 1702 2453 etiam
1728 2397 1884 2469 quasi
1914 2412 2105 2466 perpe-

516 2501 621 2546 tute
668 2492 951 2548 sententia)
996 2493 1339 2547 anathemate
1369 2491 1753 2546 condemnare.
1806 2489 1914 2546 Sed
1948 2489 2108 2544 forsi-

518 2593 604 2635 tan
655 2598 752 2651 pro
775 2599 866 2636 sua
894 2583 1179 2636 sanctitate
1207 2590 1262 2636 et
1305 2582 1626 2636 mirabilium
1676 2596 1898 2650 operum
1924 2579 2107 2634 eflit-a-

519 2675 625 2737 cia,
660 2685 726 2726 ur
747 2683 867 2742 pete
891 2672 1105 2744 judices
1131 2673 1374 2728 vivorum
1397 2681 1451 2728 et
1475 2681 1831 2735 mortuorum,
1855 2686 1884 2725 a
1913 2679 2111 2726 semet-

521 2766 671 2835 ipsis,
699 2766 826 2835 quin
859 2765 967 2820 imo
1006 2781 1035 2820 a
1067 2776 1220 2836 patre
1249 2779 1348 2820 suo
1396 2765 1611 2820 diabolo
1659 2763 1956 2829 constituti,
2013 2761 2112 2815 hos

524 2859 669 2928 ipsos
695 2866 935 2911 mortuos
963 2872 1100 2928 quos
1131 2857 1520 2912 damnaverunt
1550 2857 1903 2911 resuscitasse
1944 2869 2004 2909 se
2031 2853 2115 2908 di-

527 2958 679 3014 cunt,
715 2958 772 3003 et
792 2948 871 3004 sic
919 2949 1100 3003 audita
1130 2963 1318 3004 eorum
1343 2963 1524 3014 causa,
1581 2949 1722 3002 sicut
1751 2947 2008 3000 Dominus
2060 2944 2114 2999 in

527 3041 817 3109 Evangelia
840 3039 1000 3096 dicit:
1022 3039 1133 3112 Ego
1165 3043 1292 3094 sicut
1317 3041 1472 3094 audio
1487 3039 1675 3114 judico
1703 3037 1880 3110 (Joan.
1910 3053 1961 3104 ν,
1996 3037 2113 3107 50).

529 3131 709 3200 iudicii
752 3133 1072 3186 sententiam
1104 3131 1357 3185 adversus
1387 3145 1481 3185 eos
1512 3132 1872 3198 protulerunt.
1904 3128 2109 3194 aneri-

533 3238 650 3276 mus
670 3237 798 3292 ergo
821 3222 886 3275 ab
915 3222 993 3276 eis
1020 3220 1233 3291 quando
1256 3220 1525 3275 redivivos
1549 3233 1735 3274 eorum
1769 3218 1981 3272 cineres
2010 3217 2120 3271 col—

532 3313 778 3382 legerint,
819 3327 1018 3383 eosque
1054 3313 1514 3382 resuscitaverint,
1541 3321 1636 3367 aut
1665 3312 1755 3366 ubi
1786 3310 2122 3380 adjudican-

533 3403 659 3457 dum
683 3403 943 3458 sederint.
1000 3404 1202 3474 Nempe
1249 3405 1300 3459 in
1332 3405 1468 3459 valle
1510 3401 2124 3473 Josapliatjudicaturus

535 3504 617 3549 est
649 3495 904 3549 Dominus
925 3511 1113 3550 omnes
1135 3504 1343 3566 gentes,
1379 3495 1622 3566 quamvis
1649 3503 1703 3550 et
1731 3495 1894 3548 alium
1927 3493 2125 3548 habent

535 3588 888 3642 intellectum.
913 3589 1158 3660 Nunquid
1193 3599 1368 3644 tamen
1404 3588 1553 3643 vallis
1577 3589 1838 3656 Josaphat
1858 3587 2124 3641 Constan—

536 3678 807 3747 titwpolis,
867 3681 954 3735 ubi
1006 3683 1108 3738 hoc
1161 3681 1472 3737 inchoatum
1531 3679 1928 3752 sacrilegium?
1975 3679 2125 3734 Nun-

536 3769 663 3839 quid
693 3770 845 3825 vallis
872 3769 1128 3842 Josaphat
1167 3785 1376 3829 cetera:
1406 3775 1482 3827 uri
1505 3788 1565 3828 es
1597 3784 1650 3827 et
1678 3774 1945 3837 civitates,
2006 3786 2126 3841 qua:

538 3857 827 3914 nefandum
888 3861 945 3916 in
995 3862 1340 3918 damnatione
1401 3863 1645 3916 vivorum
1695 3873 1750 3916 et
1792 3871 2125 3915 mortuorum

538 3953 802 4020 prolatum
831 3953 1206 4021 subscripsere
1250 3968 1641 4022 suscepereque
1680 3953 1957 4008 decretum
1985 3953 2008 4006 ?
2042 3953 2128 4006 Di—

537 4051 662 4096 cant
688 4044 850 4098 etiam
873 4052 927 4098 et
947 4044 1229 4098 ostendant
1255 4044 1342 4098 ubi
1365 4046 1645 4098 damnatos
1676 4059 1802 4099 suos
1832 4045 2128 4099 constitue-

539 4144 684 4202 runt,
707 4147 765 4190 ut
794 4150 826 4189 a
851 4136 998 4190 nullo
1017 4151 1122 4190 non
1150 4136 1460 4200 damnante,
1495 4135 1596 4190 nisi
1621 4145 1825 4190 tantum
1853 4151 1884 4190 a
1908 4136 2130 4190 damna-

544 4228 773 4294 toribus,
807 4229 1008 4283 sciatur
1033 4243 1100 4282 an
1125 4228 1257 4297 ipsis
1279 4229 1409 4282 solis
1437 4228 1614 4281 aditus
1647 4236 1915 4284 reseratus
1945 4237 2027 4282 est
2052 4228 2129 4282 in-

541 4319 774 4376 ferorum
807 4320 991 4376 lucus?
1026 4321 1214 4376 Dicant
1240 4321 1436 4376 deinde
1466 4322 1620 4376 nobis
1644 4321 1972 4387 virentibus,
1992 4337 2129 4391 quos

541 4426 661 4466 cum
716 4413 920 4478 pridem
979 4415 1209 4468 mortuis
1263 4414 1704 4480 damnaverunt,
1765 4413 1979 4483 quando
2033 4414 2130 4468 hos

2197 1865 2383 1904 narum
2409 1847 2751 1903 traditionum
2796 1849 2880 1904 hic
2912 1848 3072 1903 latius
3101 1846 3388 1904 ostendere
3415 1860 3716 1915 possemus,
3741 1844 3789 1897 si

2197 1941 2454 2011 castigata
2481 1941 2682 1995 sineret
2707 1939 2963 1994 brevitas.
2991 1938 3196 2005 Quibus
3227 1938 3508 2008 diligenter
3541 1935 3793 1990 COIhidc-

2199 2034 2329 2088 ratis
2375 2043 2536 2102 atque
2582 2032 2813 2098 libratis,
2851 2031 3054 2102 judicet
3099 2030 3340 2101 quisquis
3383 2029 3644 2100 judicium
3696 2027 3792 2081 Dei

2202 2127 2415 2193 metuit,
2455 2125 2696 2195 quisquis
2746 2126 2839 2179 Dei
2889 2125 3084 2179 Filiutn
3115 2134 3353 2192 tempore
3383 2130 3687 2191 opportuno
3738 2121 3797 2172 in

2205 2217 2381 2272 forma
2408 2217 2551 2272 servi
2581 2229 2740 2287 quam
2766 2229 2864 2284 pro
2892 2215 3049 2269 nobis
3078 2213 3314 2284 suscepit
3365 2221 3647 2267 venturum
3677 2225 3798 2264 cre-

2205 2310 2284 2364 dit
2304 2318 2358 2364 et
2377 2307 2919 2375 confiteturjudicem
2948 2306 3313 2370 inanifestum,
3337 2319 3494 2374 quem
3523 2301 3799 2358 credendo

2204 2399 2394 2454 didicit
2436 2398 2491 2452 in
2512 2397 2852 2467 plenitudine
2883 2397 3143 2466 temporis
3169 2396 3384 2450 venisse
3411 2393 3701 2456 occultum,
3751 2391 3802 2445 si

2212 2489 2263 2543 hi
2291 2489 2422 2543 tales
2445 2489 2532 2556 qui
2555 2488 2900 2558 superbiores
2925 2496 2980 2541 et
3006 2486 3423 2541 excellentiores
3449 2485 3667 2538 audacia
3686 2483 3802 2536 dia-

2212 2582 2360 2645 bolo,
2397 2581 2731 2636 Antiehristo
2761 2595 2973 2651 quoque
3002 2581 3242 2635 existunt
3285 2579 3611 2645 deteriores,
3643 2577 3802 2632 Chri-

2212 2672 2388 2728 stiauo
2413 2672 2604 2727 saltem
2632 2673 2850 2728 nomine
2891 2671 3170 2738 censendi,
3201 2681 3255 2726 et
3286 2686 3392 2725 non
3433 2669 3610 2740 potius
3641 2670 3801 2725 Anti-

2214 2766 2402 2821 christi
2444 2766 2674 2820 ministri
2723 2765 3050 2835 appellandi,
3081 2764 3363 2835 modisque
3407 2764 3654 2818 omnibus
3693 2763 3806 2817 sint

2216 2857 2471 2929 fugiendi.
2505 2859 2634 2926 Qua:
2661 2873 2781 2912 cum
2817 2858 2888 2911 ita
2910 2858 3036 2923 sint,
3070 2856 3342 2926 quomodo
3366 2856 3476 2925 jam
3505 2857 3588 2911 eis
3611 2855 3806 2924 poterit

2217 2963 2467 3009 constare
2496 2952 2636 3023 quod
2661 2953 2883 3008 credere
2927 2967 2988 3008 se
3013 2952 3199 3007 dicunt
3239 2952 3290 3005 in
3321 2951 3486 3006 Deum
3514 2951 3726 3005 Patrem
3754 2961 3807 3004 et

2223 3045 2274 3097 in
2304 3042 2496 3097 Filium
2528 3043 2668 3111 ejus,
2697 3043 2835 3111 quod
2867 3043 3123 3110 praecedit
3153 3043 3206 3096 in
3245 3042 3511 3111 symbolo,
3545 3057 3670 3096 eum
3703 3057 3806 3096 non

2145 3119 2188 3180 C
2221 3135 2303 3189 eis
2330 3142 2542 3188 constet
2572 3133 2713 3203 quod
2749 3135 2858 3187 illic
2903 3134 3250 3202 sitb-cquitur
3281 3133 3347 3187 de
3373 3147 3481 3187 uno
3507 3133 3808 3202 eodemque

2195 3252 2197 3254 ·
2223 3226 2434 3281 Christo
2462 3226 2770 3295 specialiter
2808 3225 3006 3279 dictttn
3031 3267 3045 3290 ,
3073 3225 3159 3294 qui
3189 3234 3428 3280 venturus
3475 3236 3549 3280 est
3571 3227 3809 3296 judicare

2223 3318 2358 3371 rivos
2389 3327 2435 3370 et
2465 3325 2716 3370 mortuos.
2752 3316 3012 3384 Quoniam
3041 3316 3151 3382 isti,
3175 3319 3314 3371 sicut
3341 3318 3590 3386 superius
3610 3317 3809 3371 dictum

2225 3421 2610 3479 ostensutnque
2639 3418 2742 3474 est,
2770 3418 2822 3464 et
2854 3407 2904 3461 in
2936 3408 3162 3462 mortuis
3193 3407 3320 3463 olim
3350 3417 3406 3462 et
3429 3409 3480 3461 in
3512 3408 3812 3462 viventibus

2226 3501 2382 3554 nobis
2410 3499 2770 3554 damnationis
2809 3514 2921 3553 sum
2957 3497 3135 3569 jaeula
3183 3499 3548 3555 vibravertmt.
3595 3498 3702 3555 Sed
3734 3500 3814 3552 his

2229 3589 2518 3658 praemissis
2547 3588 2691 3643 aliud
2741 3588 2918 3642 adhuc
2947 3587 3247 3643 videamus.
3279 3588 3334 3643 Si
3380 3591 3522 3643 enim
3575 3597 3815 3642 mortuos

2229 3699 2361 3752 quos
2388 3680 2776 3734 dantnaverunt
2802 3695 2963 3749 prave
2994 3679 3245 3734 docuisse
3293 3688 3346 3734 et
3377 3678 3635 3734 bzeretico
3659 3692 3815 3734 sensu

2231 3776 2394 3830 libros
2425 3772 2815 3843 conscripsisse
2863 3771 3068 3836 dicunt,
3100 3772 3392 3842 qurerimus
3432 3774 3499 3827 ab
3535 3771 3614 3826 eis
3641 3781 3816 3827 utrum

2229 3880 2350 3918 cum
2382 3864 2624 3917 viverent
2673 3861 2928 3916 admoniti
2982 3864 3084 3917 sint
3109 3863 3260 3932 juxta
3300 3877 3505 3918 morem
3544 3862 3819 3917 catholica:

2231 3946 2587 4010 observantiae
2618 3969 2681 4010 ac
2712 3954 3035 4025 disciplina,
3070 3965 3126 4009 ut
3155 3969 3342 4009 sanum
3374 3965 3691 4024 rectumque
3728 3970 3819 4009 sa-

2233 4056 2442 4118 perent.
2476 4048 2819 4116 pertinaciter
2844 4048 3162 4116 restiterint,
3193 4049 3533 4117 convictique
3549 4048 3616 4102 de
3639 4062 3822 4102 errore

2233 4155 2350 4205 suo,
2386 4139 2469 4195 vel
2501 4140 2554 4193 in
2593 4140 2770 4208 aliquo
2800 4139 3029 4193 concilio
3058 4139 3327 4206 accersiti,
3363 4147 3420 4193 ut
3449 4139 3613 4193 Arius
3653 4139 3705 4193 in
3728 4138 3824 4192 Νῖ-

2233 4245 2404 4296 c-.eno,
2438 4229 2776 4285 Macedonius
2807 4231 2858 4284 in
2890 4231 3506 4299 Constantinopolitano,
3538 4231 3822 4286 Nestorins

2235 4323 2286 4378 itt
2307 4323 2574 4392 Ephesin
2599 4323 2789 4391 primo,
2811 4323 3078 4394 Eutyehes
3099 4333 3260 4393 atque
3279 4324 3567 4378 Dioscorus
3583 4323 3637 4378 in
3662 4324 3825 4380 Chal-

2235 4414 2548 4480 cedonensi,
2572 4414 2911 4469 condemnati
2934 4416 3127 4469 fuerint
3147 4430 3337 4472 necne.
3363 4416 3420 4470 Si
3449 4415 3646 4470 factum
3669 4415 3828 4471 dixe-

546 4505 678 4556 mori
708 4503 948 4568 fecerint,
1005 4506 1354 4574 protinusque
1385 4505 1846 4571 resuscitaverint,
1911 4505 2048 4558 sicut
2076 4503 2128 4556 in
2161 4499 2211 4557 D
2239 4508 2364 4572 rint,
2395 4523 2517 4561 mox
2562 4507 2689 4561 ferri
2718 4507 2993 4578 synodalia
3041 4517 3186 4575 gesta
3218 4507 3651 4577 ﬂagitaverimus,
3691 4507 3829 4563 sicut

545 4597 660 4664 illo,
716 4597 801 4651 vel
832 4608 956 4652 ante
987 4597 1120 4651 illud
1161 4597 1370 4652 Domini
1405 4597 1665 4667 judicium
1711 4615 1839 4670 erga
1867 4601 1964 4653 hos
1995 4613 2130 4667 qttos

547 4689 599 4742 itt
645 4703 807 4743 carne
854 4690 1098 4742 viventes
1126 4688 1240 4758 ejus
1291 4689 1549 4744 adventus
1595 4692 1859 4745 invenerit
1892 4689 2129 4744 futurum

546 4779 812 4832 catholica
855 4778 1144 4832 confitetur
1180 4779 1445 4834 Ecclesia.
1523 4781 1675 4848 Quod
1708 4783 1750 4834 si
1786 4782 1900 4854 haec
1927 4779 2129 4844 'etalia,

544 4887 663 4938 qua:
693 4883 932 4940 tempore
958 4873 1058 4927 soli
1095 4873 1205 4927 Deo
1233 4875 1448 4943 cognito
1479 4885 1703 4928 ventura
1725 4875 2018 4939 credimus,
2047 4875 2124 4928 fa-

543 4979 668 5020 cere
692 4965 1062 5034 nequiverunt,
1104 4982 1224 5036 qua:
1247 4967 1512 5021 dementia
1560 4965 1720 5021 corda
1753 4982 1938 5020 eorunt
1986 4966 2136 5020 inva-

546 5056 647 5122 sit,
695 5058 988 5125 oculosque
1033 5072 1221 5114 eorum
1276 5061 1484 5113 fumosa
1530 5073 1628 5113 sua
1685 5059 1936 5126 vanitas,
1990 5059 2138 5112 velut

545 5147 836 5203 densarum
858 5148 1310 5220 palpabiliumque
1336 5151 1677 5204 tenebrarum
1701 5165 1864 5220 opaca
1889 5165 2015 5217 nox,
2042 5152 2136 5206 ob-

545 5241 786 5305 ctecavit,
817 5249 875 5294 ut
903 5257 1007 5294 non
1037 5241 1282 5296 viderent
1307 5258 1403 5296 nec
1455 5255 1864 5311 perseveranter
1894 5254 2139 5299 tenerent

545 5332 687 5399 quod
733 5333 782 5386 in
806 5333 1058 5402 symbolo
1080 5334 1295 5402 quando
1328 5334 1580 5404 baptizati
1604 5347 1731 5390 sunt
1758 5347 2082 5406 acceperunt
2113 5337 2136 5391 ἲ

547 5425 651 5478 Sed
680 5441 777 5494 pro
799 5440 898 5480 suo
927 5425 1101 5490 libitu,
1150 5426 1312 5481 modo
1344 5427 1658 5481 muneribus
1679 5429 1940 5498 corrupti,
1974 5415 2136 5483 modo

550 5517 841 5571 horroribus
876 5525 932 5571 et
955 5517 1340 5573 ambitionibus
1381 5517 1566 5587 illecti,
1607 5518 1766 5573 modo
1789 5521 1950 5574 etiam
1977 5534 2136 5588 pere-

549 5607 714 5676 grinte
744 5609 856 5663 sive
898 5609 1070 5677 potius
1115 5610 1435 5680 serpentium
1480 5611 1730 5666 versutia:
1759 5611 2005 5666 doctrina
2031 5614 2138 5666 cir-

550 5699 844 5766 cnmducti,
869 5712 1131 5774 ventoque
1157 5707 1422 5775 superbia:
1443 5707 1606 5762 afﬂati
1635 5715 1690 5763 et
1719 5706 1909 5774 inflati,
1947 5713 2135 5760 contra

2238 4597 2428 4650 hormn
2462 4597 2837 4666 proferuntur,
2871 4597 2957 4651 ubi
2996 4596 3380 4651 condemnatus
3421 4612 3604 4652 eorum
3637 4613 3827 4663 error,

2239 4689 2324 4743 ubi
2350 4689 2549 4758 prolata
2573 4689 2831 4744 adversus
2861 4703 2954 4744 eos
2986 4690 3249 4745 sententia
3268 4690 3542 4744 doceatur.
3566 4690 3622 4746 Si
3646 4699 3825 4745 osten-

2237 4781 2436 4847 derint,
2463 4797 2648 4836 rursus
2669 4782 2959 4850 quterimus
2977 4782 3247 4851 quomodo
3276 4797 3373 4851 per
3393 4791 3605 4838 centum
3635 4794 3690 4838 et
3709 4799 3828 4838 am-

2237 4875 2377 4944 plius
2401 4888 2661 4926 annorum
2686 4874 2879 4926 seriem
2907 4873 3210 4927 universam
3230 4872 3551 4927 catholicam
3575 4873 3831 4928 latuerint

2243 4965 2559 5028 Ecclesiam,
2591 4979 2709 5018 cum
2740 4973 2792 5017 et
2820 4963 3067 5017 humana:
3114 4963 3263 5031 leges
3295 4954 3505 5033 triginta
3541 4964 3694 5018 annis
3733 4965 3835 5017 ltu-

2241 5072 2426 5109 manas
2455 5056 2692 5110 adimant
2725 5045 3072 5123 quaestiones,
3101 5063 3159 5108 et
3181 5053 3440 5107 Dominus
3465 5064 3650 5108 noster
3675 5053 3772 5109 Jes
3792 5069 3832 5108 τε

2241 5148 2488 5204 Christus
2515 5149 2770 5217 apostolis
2800 5149 2913 5202 suis
2943 5156 3264 5218 poteStatem
3296 5147 3493 5217 ligandi
3523 5156 3687 5217 atque
3713 5154 3793 5202 so?
3812 5178 3826 5189 -

2241 5243 2399 5296 vendi
2433 5240 2802 5296 tantummodo
2832 5254 2952 5308 qua)
2991 5253 3151 5307 super
3203 5247 3402 5293 terram
3433 5247 3560 5293 sunt
3595 5237 3832 5294 divinam

2243 5333 2451 5388 dederit
2496 5332 2688 5400 legem.
2720 5335 2824 5385 Aut
2875 5331 2963 5385 ubi
3004 5339 3252 5399 putamus
3299 5329 3488 5383 eadem
3520 5328 3837 5386 delituerint

2242 5438 2420 5498 gesta,
2453 5437 2510 5480 ut
2563 5442 2732 5495 nuper
2780 5424 2846 5478 ad
2897 5423 3269 5478 damnantium
3316 5421 3698 5490 solummodo,
3728 5438 3836 5477 neu

2243 5520 2403 5576 etiam
2433 5518 2498 5574 ad
2528 5534 2632 5573 non
2659 5517 3027 5572 damnantium
3057 5515 3299 5571 notitiam
3325 5517 3605 5586 pervenire
3633 5516 3831 5584 potuis-

2243 5614 2405 5670 sent?
2433 5612 2488 5668 Si
2528 5622 2706 5666 autem
2729 5651 2745 5677 ,
2775 5610 2916 5681 quod
2949 5611 3117 5680 magis
3146 5624 3328 5664 verum
3372 5617 3686 5680 certumque
3716 5616 3834 5674 est,

2245 5706 2489 5776 proferre
2506 5702 2706 5774 aliquid
2730 5703 2833 5759 tale
2855 5702 3148 5773 antiquitus
3163 5711 3368 5772 gestum
3391 5712 3686 5770 nequeunt,
3710 5703 3832 5768 quia
