4094 6466
294 226 407 284 875

1440 231 1765 288 EPISTOLA
1807 228 1985 286 FIDE]
2024 226 2464 289 CATHOLICJE.

3461 230 3566 287 87L

291 358 340 407 in
367 352 589 405 veritatis
616 346 757 418 quod
796 344 1066 413 proferant
1096 358 1203 399 non
1251 343 1473 411 habent,
1531 361 1630 400 nos
1660 353 1877 419 econtra
1910 347 1954 404 A
1992 343 2185 396 Vimus.
2221 342 2508 412 Epistolam
2540 354 2698 411 quam
2747 342 3074 398 venerabilis
3103 341 3190 397 Iba
3223 342 3350 399 Mari
3391 344 3566 399 Persae

293 443 614 512 proferimus
641 438 927 510 synodicas
952 436 1206 506 epistolas
1236 436 1556 493 Antioclieni
1586 437 1799 492 concilii
1827 438 1878 490 in

293 533 660 590 defensionem
682 529 950 586 Theodori
978 528 1355 599 dictorumque
1379 529 1516 599 ejus,
1547 530 1634 600 qui
1665 530 1734 584 ab
1766 527 1882 584 istis

292 600 433 681 novo
458 624 567 694 jam
595 621 817 678 hrcresis
858 621 1076 675 nomine
1098 621 1429 691 crimineqtte
1474 624 1804 687 canteriatis,
1830 621 1880 675 id

292 726 377 773 est
419 712 789 771 Necrodioctis
836 712 950 767 sive
996 710 1342 766 Porcianistis
1374 719 1426 776 α,
1451 710 1734 765 damnatus
1776 719 1877 764 est.

294 811 642 877 Congregata:
681 802 877 859 deinde
908 812 1105 856 sancta}
1149 802 1604 857 Chalcedonensis
1651 802 1881 872 synodi,

297 902 447 969 cujus
476 897 779 952 auctoritati
828 895 1005 948 nullus
1050 894 1151 947 nisi
1200 896 1483 949 haereticus
1534 894 1882 961 contradicit,

299 1000 447 1063 gesta
492 990 959 1050 demonstramus;
985 985 1071 1040 ubi
1104 1001 1207 1039 non
1239 988 1409 1039 solum
1444 984 1584 1039 beati
1618 985 1882 1069 Theodori

300 1081 482 1134 Iaudes
505 1088 766 1142 susceptae
797 1085 853 1129 et
881 1076 1135 1142 recitatae,
1163 1083 1363 1129 etcum
1394 1074 1689 1130 admirabili
1720 1074 1883 1145 gloria

301 1171 599 1238 praedicata:
620 1176 763 1235 sunt,
785 1183 969 1221 verum
1002 1166 1158 1219 etiam
1178 1167 1401 1234 cpistola
1421 1167 1741 1221 venerabilis
1761 1167 1882 1230 Ibat,

301 1277 419 1333 qua:
450 1261 515 1316 ah
543 1259 659 1315 istis
684 1269 740 1312 ut
764 1257 922 1326 impia
945 1260 1304 1312 condemnata
1322 1267 1425 1322 est,
1456 1256 1755 1311 orthodoxa
1779 1256 1890 1311 illic

304 1355 640 1425 pronuntiata
678 1350 903 1407 docetur
931 1360 1090 1420 atque
1130 1349 1361 1403 laudata.
1394 1348 1722 1403 Theodoreti
1756 1364 1890 1416 quo—

301 1462 406 1516 que
432 1446 727 1499 doctrinam
753 1442 952 1497 dudum
1001 1452 1055 1496 et
1079 1457 1107 1494 a
1132 1441 1395 1511 principio
1421 1440 1737 1495 orthodoxa:
1766 1438 1887 1492 ﬁdei

301 1536 589 1592 concinere
640 1535 693 1587 in
738 1533 924 1587 eadem
970 1534 1176 1602 synodo
1225 1531 1608 1593 acclamatum.
1648 1538 1703 1583 et
1744 1527 1888 1597 digni

303 1626 534 1695 utrique,
559 1624 661 1678 hoc
691 1632 773 1677 est
800 1622 1169 1677 Theodoretus
1198 1630 1253 1675 et
1281 1621 1387 1687 Iba,
1414 1621 1725 1688 episcopatu
1744 1617 1888 1687 judi-

1985 433 2230 500 scripsit,
2260 431 2513 486 relecta-m
2542 444 2571 483 a
2594 432 2750 486 nobis
2777 432 3133 503 orthodoxam
3162 448 3283 488 esse
3304 433 3569 505 judicavi-

1987 532 2209 588 mus,et
2234 524 2496 591 judicium
2529 533 2768 579 nostrum
2804 526 3148 581 concorditer
3182 527 3568 582 subscribendo

1984 613 2438 668 conﬁrmavimus.
2467 613 2575 668 Nos
2603 614 2906 668 Nestorium
2946 625 3069 669 ante
3103 616 3318 684 quidem
3350 615 3569 668 damna-

1987 711 2096 761 tum
2122 703 2308 757 iterata
2337 705 2681 758 damnatione
2702 720 2821 758 cum
2840 690 3084 775 Eutyche
3108 714 3266 774 atque
3293 706 3567 769 Dioscoro,

1987 806 2173 850 saneto
2204 797 2358 851 nobis
2400 796 2602 865 Spiritu
2644 797 2984 867 praesidente,
3025 801 3447 868 prostravimus:
3481 803 3570 870 qui

1984 887 2242 955 judicium
2269 897 2511 942 nostrum
2543 889 2745 945 violare
2776 890 2981 955 nititur,
3024 891 3306 946 haereticus
3339 901 3453 957 est;
3483 894 3574 961 qui

1987 979 2203 1032 decreta
2226 985 2407 1033 nostra
2438 982 2489 1032 in
2522 980 2698 1049 aliquo
2724 982 3028 1036 convelle°e
3056 992 3345 1049 pertentat,
3368 984 3575 1040 alienus

1988 1082 2015 1120 a
2048 1061 2322 1122 catholica
2360 1069 2499 1138 ﬁde,
2532 1070 2740 1125 alienus
2778 1085 2807 1125 a
2848 1070 3157 1127 Christiano
3205 1074 3427 1129 nomine
3470 1086 3573 1130 est.

1988 1154 2087 1222 Qui
2118 1155 2259 1209 enim
2292 1155 2391 1210 hos
2422 1142 2557 1226 quos
2582 1159 2879 1214 catholicos
2904 1162 3310 1228 pronuntiantes
3339 1164 3578 1219 laudavi-

1991 1262 2111 1300 mus
2143 1246 2394 1312 damnat,
2430 1248 2549 1301 illos
2593 1258 2647 1302 et
2701 1253 3005 1305 econtrario
3034 1267 3167 1321 quos
3211 1262 3270 1307 ut
3296 1253 3578 1310 haereticos

1990 1335 2466 1391 condemnavimus
2498 1329 2674 1393 laudat
2697 1381 2709 1403 .
2756 1350 2811 1395 et
2852 1342 2971 1396 ideo
3002 1342 3285 1397 haereticus
3316 1354 3397 1399 est
3434 1346 3579 1415 quis-

1991 1428 2111 1497 quis
2143 1428 2277 1484 bene
2304 1445 2331 1482 a
2365 1431 2518 1486 nobis
2549 1420 2786 1490 deﬁnitis
2828 1452 2932 1492 non
2979 1440 3306 1509 acquiescit,
3341 1442 3580 1511 quisqu‘s
3615 1424 3619 1497 ί

1992 1530 2231 1602 legitimo
2268 1540 2323 1586 et
2347 1533 2611 1591 catholico
2662 1537 2852 1594 ordine
2898 1538 3268 1597 determinatis
3318 1545 3583 1611 superbus

1995 1626 2238 1681 resultat.
2276 1625 2400 1681 lltec
2422 1627 2702 1684 audientes
2732 1631 2884 1701 quid,
2908 1649 3195 1703 rogamus,
3224 1635 3416 1690 dicturi
3450 1639 3583 1691 estis

304 1718 407 1772 cati
439 1724 598 1781 sunt,
627 1722 680 1768 et
708 1714 1006 1783 gubernare
1060 1712 1198 1766 sicut
1244 1711 1446 1779 pridem
1483 1709 1747 1764 Ecclesins
1790 1706 1891 1762 sibi
1924 1712 1970 1772 B
2000 1724 2077 1768 tot
2120 1716 2385 1785 praeclaris
2432 1718 2770 1786 pontiﬁcibus
2820 1727 2899 1777 vel
2951 1727 3216 1781 universa:
3268 1743 3358 1795 per
3410 1736 3579 1784 totum

306 1808 537 1863 creditas
558 1805 805 1860 ordinati.
826 1805 1027 1871 Quibus
1045 1804 1389 1874 prmostensis
1408 1801 1754 1870 preponimus
1777 1800 1894 1854 istis

307 1898 674 1969 Capitulorum
734 1895 1037 1963 nostrisque
1104 1894 1544 1958 damnatorihus,
1602 1906 1895 1959 eorumque

306 1987 881 2055 communicatoribus,
910 1986 1034 2055 quid
1066 1985 1134 2040 de
1160 1985 1347 2039 eodem
1378 1996 1571 2053 magno
1596 1982 1676 2036 Ch
1698 1981 1894 2036 alcedo-

308 2081 461 2137 nensi
493 2078 722 2134 concilio
764 2078 1026 2141 sentiant,
1062 2085 1237 2129 utrum
1276 2074 1593 2129 catholicum
1637 2072 1764 2127 illud
1808 2073 1894 2128 di-

307 2179 453 2235 cant,
476 2185 543 2224 an
575 2168 715 2223 non?
738 2168 793 2225 Si
820 2166 1047 2222 dixerint
1073 2183 1086 2218 :
1114 2164 1446 2221 Catholicum
1479 2174 1583 2228 εει,
1604 2163 1895 2232 responde-

308 2276 463 2317 mus:
496 2259 605 2317 Vos
629 2273 756 2329 ergo
781 2260 964 2328 procul
988 2258 1149 2312 dubio
1179 2256 1414 2311 haeretici
1448 2257 1599 2312 estis.
1630 2255 1892 2322 Quoniam

308 2353 395 2409 vel
434 2351 614 2423 quod,
644 2350 724 2405 vel
774 2364 909 2419 quos
950 2349 1027 2402 illi
1074 2346 1259 2403 Patres
1300 2348 1497 2403 ibidem
1546 2348 1895 2416 praesidentes

310 2449 681 2511 laudaverunt,
701 2452 754 2499 et
769 2443 1047 2498 catholica:
1072 2442 1191 2496 ﬁdei
1214 2444 1500 2496 convenire
1520 2438 1895 2508 pronuntiare.

310 2547 453 2603 runt,
482 2552 576 2593 vos
601 2548 655 2591 ut
690 2536 975 2589 haereticos
997 2543 1049 2589 et
1079 2533 1272 2602 impios
1299 2530 1728 2587 condemnastis:
1755 2529 1895 2584 unde

311 2629 630 2694 conﬁcitur,
657 2626 833 2682 velitis
877 2626 1087 2688 uolit's,
1122 2625 1262 2680 sicut
1301 2623 1683 2693 consequentia
1731 2623 1896 2692 exigit

312 2721 560 2784 rationis,
594 2726 649 2772 ut
680 2717 803 2771 illos
827 2731 960 2777 quos
987 2716 1378 2770 damnaverunt
1406 2715 1703 2781 htrreticos,
1740 2714 1788 2769 id
1814 2723 1898 2770 est

312 2811 640 2875 Nestorium,
670 2808 965 2880 Eutychem
998 2817 1157 2878 atque
1197 2808 1533 2872 Dioscorum,
1562 2822 1655 2862 vos
1684 2822 1776 2863 eos
1809 2823 1897 2862 or-

313 2902 606 2968 thodoxos,
637 2905 736 2959 etsi
772 2919 875 2957 non
905 2903 1083 2957 verbis
1115 2916 1211 2972 pro
1253 2903 1528 2956 hominum
1561 2900 1780 2955 forsitan
1822 2902 1897 2954 ti-

311 3008 485 3059 more,
528 2998 780 3063 operibus
811 3002 976 3056 ccrte,
1009 3004 1061 3049 et
1090 2993 1359 3050 effrenatis
1400 2993 1893 3063 persecutionibus,

2000 1806 2253 1861 mundum
2282 1808 2488 1864 diffusae
2511 1812 2788 1867 Catholicae
2822 1814 3096 1883 Ecclesiae,
3141 1817 3231 1887 qui
3261 1833 3445 1874 eorum
3475 1830 3584 1873 sta-

2001 1906 2109 1951 tuta
2140 1899 2335 1957 devote
2383 1918 2597 1975 semper
2625 1907 2909 1963 custodivit
2930 1952 2945 1975 ,
2974 1910 3341 1982 hactenusque
3373 1914 3426 1968 in
3470 1914 3583 1968 suis

2000 1988 2242 2058 reliquiis
2272 1992 2471 2061 ubique
2494 2005 2799 2065 propagatis
2824 2000 3082 2067 custodit;
3114 2000 3165 2055 ni
3197 2003 3211 2056 i
3237 2003 3372 2058 forte
3394 2019 3582 2059 verum

2000 2079 2179 2136 dicere
2228 2084 2529 2151 volueritis,
2587 2098 2640 2142 et
2679 2092 2949 2159 quomodo
2990 2092 3163 2149 futura
3204 2106 3322 2171 erat
3367 2096 3587 2152 haeresis

1999 2170 2465 2232 Necrodioclarum
2503 2179 2614 2235 sive
2640 2182 3128 2245 Porciaui~tarum?
3152 2187 3206 2241 Si
3228 2197 3407 2242 autem
3437 2190 3587 2245 dixe—
3618 2236 3623 2240 .

2000 2265 2144 2319 rint:
2180 2267 2500 2325 Hmreticum
2549 2283 2631 2329 est
2661 2275 3101 2333 Chalcedonense
3129 2282 3447 2348 concilium,
3481 2298 3587 2340 non

1999 2364 2080 2408 est
2104 2356 2213 2425 jam
2245 2362 2610 2417 necessarium
2645 2377 2828 2420 contra
2880 2382 2976 2423 eos
3015 2372 3227 2426 noviter
3272 2372 3584 2444 decertare,

2000 2448 2098 2501 nisi
2132 2457 2191 2502 ut
2215 2447 2512 2506 habeantur
2542 2454 2609 2507 ab
2641 2456 2903 2512 universis
2931 2460 2980 2513 in
3024 2462 3250 2517 veritate
3304 2465 3585 2520 catholicis

1998 2536 2137 2592 sicut
2185 2539 2278 2596 ille
2322 2542 2410 2612 qui
2452 2558 2477 2596 a
2524 2544 2749 2602 Domino
2796 2550 2847 2603 in
2888 2550 3181 2623 Evangelio
3222 2554 3587 2627 interrogatus

2000 2631 2139 2700 quod
2171 2634 2218 2687 ei
2250 2648 2448 2689 nomen
2499 2648 2663 2703 esset,
2710 2642 2985 2709 reSjiondit
3018 2660 3031 2698 :
3068 2644 3245 2715 Legio,
3287 2648 3408 2717 quia
3438 2650 3589 2704 multi

2000 2739 2173 2776 sumus
2220 2723 2410 2795 (Marc.
2444 2746 2495 2793 ν,
2523 2730 2599 2797 Sf).
2635 2732 2898 2797 Quoniam
2952 2751 3133 2791 revera
3166 2740 3256 2808 qui
3296 2751 3496 2796 sancta:
3534 2753 3589 2797 et

2002 2827 2206 2884 magna:
2243 2815 2697 2876 Chalcedonensis
2740 2826 2931 2893 synodi
2961 2830 3264 2883 auctoritati
3310 2832 3588 2887 contradi-

2002 2916 2125 2957 cere
2148 2902 2202 2957 in
2229 2904 2407 2974 aliquo
2432 2910 2707 2976 praesumit
2733 2922 2821 2966 aut
2843 2923 3129 2983 perteutat,
3154 2927 3207 2972 et
3229 2918 3457 2976 Ariauus
3480 2933 3585 2988 est,

2003 3003 2056 3047 et
2087 2993 2520 3063 Macedonianus,
2551 3010 2602 3054 et
2641 3002 3011 3074 Nestorianus,
3036 3015 3091 3061 et
3136 3008 3503 3079 Eutychianus
3531 3022 3586 3067 ct

311 3092 365 3138 et
386 3084 774 3139 catholicorum
803 3085 1110 3153 pontiﬁcum
1144 3085 1569 3153 depulsionibus,
1601 3094 1654 3139 et
1682 3081 1897 3140 hatreti~
1925 3087 1972 3152 C
2005 3089 2329 3163 Acephalus,
2352 3095 2435 3149 vel
2458 3096 2713 3168 quidquid
2733 3114 2797 3153 ex
2821 3100 2980 3157 variis
3004 3103 3293 3173 impieta'is
3318 3105 3588 3162 litercticce

311 3190 501 3233 corum
526 3177 1019 3247 sul-rogationibus,
1044 3178 1349 3247 scriptoque
1372 3177 1423 3231 in
1454 3177 1747 3233 catholicos
1779 3193 1901 3247 pro-

314 3266 441 3322 latis
495 3269 927 3323 damnationibus
974 3268 1335 3336 pronuntiatis
1378 3276 1539 3337 atque
1574 3268 1896 3338 praedicatis.

314 3358 555 3427 Denique
580 3357 633 3412 in
656 3374 759 3413 una
784 3359 1078 3429 eademque
1095 3359 1517 3413 Chalcedonensi
1535 3359 1740 3429 synodo
1761 3359 1901 3415 inter

312 3447 414 3503 alia
440 3449 555 3503 haec
580 3465 791 3519 quoque
823 3448 1048 3504 deﬁnita
1086 3452 1333 3504 consistit
1361 3464 1545 3517 causa,
1578 3450 1899 3521 approbatio

311 3542 523 3596 scilicet
544 3552 598 3597 et
614 3543 887 3597 damnatio
912 3544 1090 3597 trium.
1124 3543 1263 3598 Ecce
1285 3544 1429 3598 enim
1449 3553 1623 3597 astant
1647 3545 1901 3612 quodam-

313 3630 479 3686 modo
497 3646 562 3685 ex
580 3648 681 3686 una
707 3644 856 3701 parte
879 3633 1118 3703 ejusdem
1141 3635 1351 3689 concilii
1370 3635 1702 3699 Theodorus,
1722 3650 1902 3706 quam-

312 3723 396 3775 vis
422 3724 531 3791 jam
586 3722 905 3791 defunctus,
935 3725 1028 3779 sed
1079 3728 1129 3779 in
1176 3725 1449 3798 synodicis
1497 3728 1741 3795 epistolis
1783 3727 1900 3796 ejus

314 3813 501 3870 laudes
518 3817 939 3882 coiitinentibus,
956 3818 1260 3887 ibidemque
1275 3820 1480 3873 relictis
1497 3827 1550 3872 et
1570 3835 1652 3888 ap;
1675 3822 1828 3874 robat
1851 3835 1894 3885 s,

314 3906 523 3973 vivens,
553 3907 923 3962 'l‘heodmetus
951 3924 1160 3978 quoque
1206 3919 1258 3963 et
1284 3910 1372 3963 Iba
1406 3910 1605 3963 laudati
1634 3919 1688 3964 et
1717 3912 1900 3965 ortho-

315 3998 441 4053 doxi
470 4001 826 4069 pronuntiati;
860 4009 913 4055 et
934 4018 997 4056 ex
1030 4004 1128 4055 alia
1160 4002 1501 4056 nihilominus
1531 4013 1680 4071 parte
1706 4003 1901 4057 Nesto—

312 4088 424 4143 rius
455 4090 506 4143 in
536 4090 991 4161 EpheSo'quidem
1044 4093 1213 4161 primo
1244 4094 1551 4162 damnatus,
1585 4096 1677 4150 sed
1708 4095 1900 4148 iterato

314 4179 678 4237 damnationis
703 4183 918 4237 vinculo
958 4184 1300 4239 Chalcedone
1329 4187 1597 4254 illigatus:
1633 4187 1898 4256 Eutyeties

312 4272 475 4325 etiam
505 4282 664 4341 atque
696 4272 981 4328 Dioscorus
1012 4276 1118 4329 illic
1150 4276 1397 4331 similiter
1427 4285 1484 4331 ut
1511 4278 1746 4332 haeretici
1773 4296 1900 4333 cnn-

310 4362 567 4416 demnati.
586 4364 722 4429 Quid
747 4365 961 4418 dicitis?
986 4366 1229 4436 Nunquzd
1256 4384 1358 4421 non
1390 4369 1458 4422 ita
1483 4371 1600 4424 est?
1622 4372 1892 4441 Nunquid,

311 4452 646 4520 quantolibet
674 4454 815 4507 callo
847 4454 1061 4509 duritia:
1089 4456 1236 4511 frons
1269 4468 1444 4511 vestra
1468 4462 1640 4514 solitis
1671 4463 1892 4518 menda-

310 4544 407 4599 ciis
428 4544 655 4600 obducta
683 4548 774 4612 sit,
801 4563 996 4617 negare
1022 4552 1269 4618 poteritis
1301 4551 1371 4606 ita
1401 4555 1566 4608 esse?
1596 4554 1747 4622 Q'uod
1771 4560 1812 4612 si
1841 4570 1895 4613 et

311 4651 508 4705 negare
536 4651 645 4706 prae
672 4638 991 4695 confusione
1019 4652 1191 4696 vestra
1216 4645 1411 4712 duplici
1443 4647 1737 4713 volueritis,
1765 4665 1894 4706 ecce

309 4730 506 4785 adsunt
550 4738 697 4798 gesta
733 4730 1188 4789 Chalcedonensis
1218 4737 1451 4801 concilii,
1483 4753 1609 4794 ecce
1637 4742 1894 4797 assistunt

311 4821 553 4874 sexcenti
585 4832 640 4875 et
672 4822 885 4892 triginta
913 4826 1193 4892 pontiﬁces
1224 4828 1335 4881 illic
1365 4831 1671 4900 congregati
1700 4848 1712 4884 :
1749 4834 1893 4887 voci-

311 4913 484 4968 ferant
534 4917 785 4969 nimirum
842 4933 934 4984 per
981 4934 1134 4985 eam,
1183 4930 1237 4975 et
1278 4922 1466 4977 dictmt
1503 4941 1516 4976 :
1552 4924 1661 4979 Nos
1707 4926 1893 4981 Iaudes

309 5005 576 5059 Theodori
611 5008 661 5060 in
692 5022 822 5077 pace
846 5017 899 5061 et
922 5013 1298 5068 communione
1325 5016 1606 5071 catholicae
1636 5019 1891 5074 Ερειετίω

307 5094 544 5150 ὁρῶμαί
570 5097 795 5151 relectas
835 5098 998 5152 ρωιυί
1046 5112 1233 5154 nostro
1262 5105 1596 5173 suscepimus
1619 5117 1669 5160 et
1697 5123 1890 5177 appro-

309 5186 578 5241 bavimus.
602 5187 711 5242 Nos
735 5203 863 5242 vero
887 5191 1219 5245 venerabiles
1242 5192 1636 5249 Theodoretum
1667 5206 1721 5250 et
1747 5199 1888 5252 Ibam

306 5277 639 5333 orthodoxos
681 5282 1171 5352 prenuntiavimus,
1213 5295 1374 5354 atque
1416 5287 1469 5339 in
1522 5286 1887 5346 deﬁnitionem

305 5369 589 5429 catholica
629 5373 753 5429 ﬁdei
785 5375 1067 5432 nobiscum
1095 5378 1475 5449 subscripsisse
1501 5385 1761 5438 veraciter
1791 5402 1885 5441 no.

2004 3184 2336 3253 germinibus
2376 3188 2636 3256 derivari,
2670 3191 2854 3262 eisque
2878 3197 3113 3265 coaptari
3148 3200 3374 3268 peterit,
3399 3209 3589 3257 contra

2003 3289 2135 3346 quas
2158 3280 2433 3351 utriusque
2457 3292 2636 3353 pestes
2666 3288 2833 3354 ipsius
2865 3291 3053 3360 synodi
3079 3291 3315 3362 vigilavit
3339 3296 3587 3361 intentio,

2002 3376 2063 3421 ut
2099 3379 2154 3422 et
2177 3374 2477 3439 praeteritos
2523 3375 2809 3433 haereticos
2860 3382 3049 3437 iterata
3079 3383 3427 3440 damnatione
3464 3402 3588 3456 per-

2002 3457 2245 3526 celleret,
2297 3473 2351 3517 et
2400 3477 2694 3533 praesentes
2742 3459 3253 3545 anathematizaret,
3286 3486 3339 3531 ct
3382 3479 3590 3533 futuros

2003 3562 2242 3621 praesago
2265 3552 2354 3608 Dei
2380 3554 2583 3624 Spiritu
2614 3557 2971 3618 damnationis
2998 3566 3221 3620 vinculis
3246 3582 3363 3622 cum
3397 3584 3586 3625 eorum

2002 3645 2320 3712 sequacil-us
2350 3650 2615 3720 modoque
2662 3654 2903 3720 quolibet
2960 3657 3309 3726 participibus
3353 3661 3625 3731 innectes

2002 3742 2105 3787 ret.
2136 3733 2250 3789 Jam
2282 3752 2441 3806 porro
2464 3739 2531 3795 de
2563 3744 2664 3795 hoc
2690 3744 2829 3812 quod
2854 3745 3038 3800 dicunt
3061 3750 3250 3807 eodem
3281 3749 3383 3803 ritu
3408 3752 3589 3809 lcetio-

2002 3838 2130 3878 num
2161 3827 2442 3896 solemnia,
2472 3831 2554 3885 vel
2586 3834 2830 3889 sacrificii
2864 3837 3109 3892 ordinem
3137 3840 3430 3907 celebrare,
3468 3860 3591 3911 pos-

2002 3930 2184 3972 semus
2215 3918 2453 3976 breviter
2484 3925 2830 3993 respondere,
2865 3932 3117 3997 quoniam
3168 3933 3426 3999 praecisis,
3454 3935 3590 3991 sicut

2002 4008 2303 4077 docuimus,
2335 4013 2401 4067 ab
2425 4017 2628 4070 unitate
2653 4016 2915 4073 catholica
2948 4021 3079 4076 nihil
3114 4024 3277 4091 prosit
3300 4024 3469 4078 divini
3495 4042 3589 4080 no-

2003 4101 2162 4156 minis
2192 4104 2370 4158 verbis
2399 4106 2539 4161 ﬁctis
2568 4107 2703 4163 facta
2728 4111 3017 4181 invocatio,
3041 4130 3139 4169 nec
3162 4126 3413 4185 usurpata
3436 4128 3490 4172 et
3521 4120 3589 4171 ab

2007 4195 2248 4252 Ecclesia
2273 4210 2437 4253 tracta
2465 4202 2787 4271 celebratio;
2812 4221 2930 4260 cum
2959 4217 3012 4260 et
3039 4208 3280 4263 diabolus
3309 4211 3590 4267 Dominum

2005 4299 2218 4346 tentans
2242 4295 2640 4365 Scripturarttm
2666 4298 2949 4367 protulerit
2971 4303 3297 4369 testimonia,
3324 4306 3415 4359 sed
3448 4306 3589 4361 unde

2003 4382 2391 4455 destrueretur,
2436 4405 2543 4443 non
2574 4390 2713 4445 unde
2742 4394 3080 4453 miniretur:
3116 4396 3352 4464 ipsaeque
3391 4410 3590 4451 sanctze

1922 4459 1974 4518 D
2002 4478 2291 4549 Scriptum
2314 4497 2418 4535 non
2450 4484 2500 4537 in
2533 4484 2777 4555 legendo,
2811 4486 2906 4540 sed
2936 4487 2989 4540 in
3028 4459 3374 4558 intelligendo
3406 4493 3589 4545 enusi-

1998 4578 2160 4635 stant,
2194 4580 2249 4626 et
2287 4573 2483 4627 diversi
2514 4575 2747 4630 haeretici
2777 4579 2918 4646 quod
2968 4579 3104 4635 bene
3131 4590 3185 4634 et
3225 4581 3512 4637 salubriter
3535 4584 3587 4637 in

1998 4661 2257 4717 catholica
2276 4668 2840 4736 acceperant,pra2cisi
2864 4668 2971 4739 jam
3002 4672 3299 4739 perniciose
3328 4683 3381 4727 et
3412 4674 3587 4726 letha-

1999 4753 2121 4808 liter
2153 4758 2507 4812 retinuerunt.
2542 4759 2827 4813 Possemus
2856 4771 2908 4815 ct
2938 4762 3067 4816 illud
3101 4762 3167 4817 de
3212 4763 3478 4817 sacriﬁcio
3507 4765 3588 4817 di-

1999 4858 2121 4898 cere
2164 4846 2303 4914 quod
2336 4848 2487 4901 initio
2531 4847 2715 4903 mundi
2764 4850 3024 4904 Dominus
3051 4853 3114 4904 ad
3148 4851 3276 4905 Cain
3314 4851 3447 4906 dixit
3477 4870 3489 4905 :
3524 4854 3587 4907 Si

1998 4948 2132 4991 recte
2158 4939 2361 5006 o/feraa,
2409 4953 2541 4995 recte
2576 4954 2739 4997 autem
2772 4960 2871 4996 non
2894 4945 3115 5011 dividas,
3139 4945 3378 5015 peccasti.
3405 4944 3508 5000 Sed
3532 4955 3588 4999 et

2001 5029 2126 5084 illud
2155 5033 2295 5102 quod
2329 5036 2862 5103 praevaricatoribus.
2896 5047 3217 5108 pactumque
3251 5039 3343 5092 Dei
3379 5038 3587 5092 violan-

1998 5121 2161 5187 tibus,
2209 5125 2580 5179 sacerdotibus
2628 5127 2768 5181 idem
2823 5128 3078 5182 Dominus
3122 5146 3218 5199 per
3268 5130 3583 5199 prophetam

1995 5212 2160 5266 dit-it:
2192 5213 2319 5269 Cum
2372 5218 2826 5288 multiplicaveritis
2874 5237 3045 5290 preces
3095 5232 3286 5275 vestras
3310 5262 3325 5285 ,
3357 5233 3582 5275 avertam

1994 5306 2177 5376 faciem
2221 5324 2383 5362 meam
2410 5315 2621 5366 avobt's.
2672 5310 2733 5364 Et
2780 5328 2899 5365 eum
2946 5312 3231 5367 obtulerilt's
3275 5315 3584 5383 sacriﬁcium

1994 5400 2141 5465 mihi,
2168 5416 2269 5454 non
2292 5405 2567 5474 suscipiam
2596 5405 2727 5458 illud
2760 5404 2824 5459 de
2863 5407 3096 5460 manibus
3127 5411 3326 5475 vestris,
3359 5425 3450 5462 nec
3471 5410 3573 5479 pla-

381 5626 407 5715 ςξ
448 5615 1331 5716 Ξοηνξξῗίδίξξᾲέωευτεῑο
1372 5621 1455 5677 vel
1496 5622 1710 5692 Sorcio,
1751 5626 1902 5697 cujus
1943 5633 2144 5687 mentio
2192 5632 2247 5689 in
2276 5634 2366 5690 lib.
2398 5645 2580 5692 contra
2630 5640 2951 5705 Mociannm,
3000 5642 3104 5695 col.
3147 5642 3244 5697 86I
3281 5644 3343 5711 C,
3385 5642 3489 5701 869
3519 5646 3579 5716 Β,

308 5687 408 5743 nisi
451 5686 585 5743 forte
612 5688 889 5756 legendum
926 5689 1162 5745 Porcius.

588 5784 858 5845 Ρηιιοι..
896 5783 1150 5847 LXVII.

3104 5801 3183 5865 28
