4094 6486
560 235 689 294 "875

1548 242 1841 301 FACUNDI
1885 244 2214 304 EPISTOIA
2264 250 2439 306 FIDE!
2482 250 2914 312 CATIIOLICIE.‘
3721 270 3796 328 876

580 351 932 421 cabor'oobis,
960 354 1202 425 quoniam
1232 354 1394 424 iniqui
1436 366 1556 409 sunt
1588 367 1746 412 coetus
1785 361 1937 413 vestri
1968 360 2099 431 (Isa.
2136 378 2172 424 t,
2207 367 2251 423 Α
2284 350 2371 432 plo
2395 363 2693 419 ostenditur
2715 375 2766 419 ct
2802 366 3089 435 probatur,
3116 366 3374 426 obnoxios
3412 387 3579 431 omnes
3603 381 3799 451 ριευιρω

584 444 674 511 15,
721 443 854 515 45);
886 445 1158 515 multaque
1195 446 1392 500 similia
1429 461 1550 515 quae
1599 463 2028 506 commemorare
2071 452 2178 506 lon-

581 550 709 606 gum
736 546 837 592 est.
873 536 981 592 Sed
1025 549 1385 608 opportunum
1409 538 1767 611 jndicavimus
1792 543 1953 598 etiam
1983 543 2177 611 glorio-

579 627 778 684 sissimi
809 629 1060 700 martyris
1088 638 1143 685 et
1172 628 1412 702 episcopi
1452 631 1731 703 Cypriani,
1779 635 1864 690 vel
1894 650 2058 689 unum
2089 647 2179 691 aut

579 721 687 776 duo
706 728 890 776 contra
914 736 1008 777 eos
1036 738 1134 790 pro
1156 722 1316 779 simili
1338 737 1496 781 causa
1528 725 1727 795 scripta
1756 725 2000 796 proferre
2024 728 2176 783 testi-

582 811 760 868 monia
778 828 794 877 ;
812 814 939 882 quia
960 812 1247 885 diligenter
1268 818 1453 872 cordis
1474 816 1643 871 oculis
1658 818 1994 873 considerata
2016 827 2178 889 atque

577 913 861 972 perspecta
885 905 1280 963 animadvertet
1297 909 1541 978 quisquis
1561 910 1726 966 corde
1745 910 2053 981 intelligens
2074 920 2176 977 est,

580 997 789 1052 si'uitra
812 1012 1077 1054 novorum
1105 1000 1484 1057 hmreticorum
1514 1002 1776 1058 sacriﬁcia
1808 1011 2063 1074 appetere
2089 1004 2180 1059 de-

575 1088 723 1147 beat.
766 1087 865 1146 Hic
915 1106 1149 1162 namque
1195 1093 1248 1146 in
1274 1093 1498 1163 epistola
1553 1110 1652 1164 pro
1695 1107 1885 1152 sancto
1928 1097 2179 1153 Cornelio

579 1181 830 1237 similiter
850 1190 1089 1253 martyre
1118 1192 1174 1239 et
1198 1184 1454 1254 episcopo
1478 1185 1626 1241 urbis
1650 1186 1859 1251 Romae,
1888 1202 2047 1257 quem
2075 1186 2179 1242 No-

578 1266 829 1324 vatianus
855 1267 1141 1326 haereticus
1168 1270 1471 1340 expulerat,
1494 1280 1550 1327 et
1576 1285 1635 1326 se
1654 1272 1774 1329 loco
1798 1273 1935 1344 ejus,
1964 1274 2102 1329 sicut
2125 1283 2180 1330 et

579 1370 725 1413 nunc
755 1372 783 1412 a
814 1359 1042 1436 novellis
1087 1360 1357 1416 haereticis
1398 1359 1597 1417 factum
1626 1371 1738 1426 est,
1772 1365 2175 1436 subrogaverat,

578 1446 646 1502 ad
676 1430 921 1519 Magnum
943 1449 1146 1520 scripta
1175 1460 1295 1522 post
1317 1452 1418 1507 alia
1435 1452 1603 1508 dicit:
1641 1461 1665 1490 δ
1701 1472 1719 1505 ι
1755 1452 1809 1509 Si
1839 1430 2015 1509 autem
2049 1470 2178 1525 grex

578 1556 718 1596 unus
749 1552 862 1608 est,
897 1543 1170 1614 quomodo
1202 1553 1376 1613 potest
1412 1545 1560 1618 gregi
1600 1548 1947 1602 annumerari
1992 1549 2081 1618 qui
2124 1547 2179 1604 in

577 1649 806 1691 numero
835 1639 1011 1708 gregis
1036 1652 1142 1693 non
1189 1648 1272 1694 est
1292 1636 1317 1693 ‘l
1354 1638 1461 1693 Aut
1492 1640 1883 1709 pastor‘haberi
1905 1641 2178 1711 quomodo

577 1736 778 1798 potest,
805 1729 898 1800 qui
928 1741 1177 1787 manente
1203 1746 1332 1787 vero
1367 1742 1604 1803 pastore,
1635 1742 1689 1790 et
1712 1733 1765 1789 in
1797 1733 2039 1790 Ecclesia
2068 1733 2175 1790 Do—
2208 1735 2251 1795 Β
2281 1762 2379 1806 rem
2401 1753 2554 1807 odisti
2586 1756 2937 1827 disciplinam,
2970 1770 3017 1813 ει

574 1821 709 1876 ιηῐηί
751 1822 998 1880 ordinate
1045 1824 1375 1881 succedente
1404 1835 1428 1863 ⁸
1460 1841 1525 1881 ac
1564 1826 1924 1896 praesidente,
1970 1826 2173 1882 nemini

574 1912 691 1981 ipse
712 1911 740 1951 ιι
770 1914 1071 1970 succedens
1111 1924 1167 1971 et
1194 1931 1223 1969 a
1250 1918 1430 1985 seipse
1463 1916 1756 1987 incipiens.
1798 1918 2005 1972 alienus
2039 1917 2097 1972 lit
2123 1925 2179 1973 et

575 2003 858 2074 profanus,
876 2005 1167 2062 dominica:
1183 2007 1331 2077 pacis
1354 2022 1417 2062 ac
1439 2006 1637 2064 divinae
1657 2009 1877 2064 unitatis
1900 2008 2172 2077 inimicus,

574 2112 679 2154 non
709 2098 961 2156 habitans
990 2099 1046 2155 in
1073 2099 1237 2158 domo
1256 2100 1371 2167 Dei,
1407 2101 1460 2157 id
1510 2111 1595 2159 est
1626 2105 1675 2157 in
1708 2102 1946 2159 Ecclesia
1977 2103 2095 2165 Dei,
2123 2105 2174 2157 in

573 2205 677 2259 qua
709 2206 814 2246 non
856 2191 960 2247 nisi
999 2193 1301 2250 concordes
1342 2205 1504 2265 atque
1553 2196 1835 2250 unanimes
1888 2193 2176 2249 habitant?

574 2280 816 2351 Denique
835 2297 995 2353 quam
1018 2283 1087 2338 sit
1116 2283 1477 2353 inseparabile
1508 2286 1733 2340 unitatis
1750 2299 2170 2352 sacramentum,

572 2382 625 2430 et
654 2389 812 2445 quam
836 2376 957 2431 sine
986 2390 1084 2445 spe
1122 2375 1253 2443 sint,
1285 2388 1338 2433 et
1366 2377 1723 2447 perditionem
1748 2378 1850 2434 sibi
1884 2380 2170 2434 maximam

572 2465 641 2521 de
667 2466 1036 2538 indignatione
1063 2469 1153 2525 Dei
1180 2470 1463 2539 acquirant
1492 2471 1583 2542 qui
1606 2471 1843 2527 scliisma
1867 2471 2085 2538 faciunt,
2119 2481 2174 2528 et

572 2556 762 2612 relicto
793 2557 1052 2629 episcopo
1080 2559 1244 2615 alium
1284 2561 1384 2616 sibi
1421 2570 1444 2598 ε
1478 2561 1998 2631 pseudoepiscopum
2037 2577 2171 2618 con-

572 2649 799 2703 stituunt
820 2646 848 2687 ⁴
868 2688 883 2705 .
910 2687 925 2703 .
943 2689 958 2704 .
981 2689 998 2706 .
1026 2649 1179 2718 Quod
1204 2651 1251 2706 si
1278 2651 1472 2722 aliquis
1501 2652 1630 2707 illud
1669 2651 1914 2722 opponit,
1949 2662 2001 2707 ut
2030 2642 2174 2708 dicat

573 2740 817 2797 eamdem
844 2740 1205 2799 Novatianum
1238 2743 1411 2810 legem
1463 2753 1671 2811 tenere,
1697 2751 1857 2814 quam
1903 2742 2171 2799 catholica

572 2832 814 2890 Ecclesia
841 2842 1012 2903 tenet,
1037 2843 1093 2892 et
1120 2836 1310 2892 eodem
1349 2836 1598 2907 symbolo
1629 2850 1739 2907 quo
1763 2848 1817 2892 et
1855 2850 1955 2892 nos
1992 2836 2168 2906 bapti-

562 2940 713 2994 zare,
736 2927 985 2985 eumdem
1010 2943 1171 2986 nosse
1200 2928 1367 2985 Deum
1411 2928 1657 2998 Patrem,
1691 2929 1938 2985 eumdem
1973 2928 2168 2986 Filium

570 3016 866 3087 Christum,
891 3020 1143 3075 eumdem
1189 3020 1449 3091 Spiritum
1478 3029 1724 3075 sanctum
1746 3036 1760 3085 ;
1786 3021 1919 3075 sciat
1944 3022 2034 3091 qui
2070 3021 2171 3077 hoc

568 3111 947 3185 opponendum
988 3122 1165 3200 putat,
1212 3112 1316 3169 hoc
1368 3110 1624 3183 adjuvare
1664 3114 1799 3169 tales

569 3202 701 3260 Nam
724 3215 779 3261 et
805 3203 944 3261 Core
965 3247 980 3272 ,
1010 3215 1066 3263 et
1115 3206 1347 3272 Dathan,
1378 3217 1434 3263 et
1476 3207 1680 3262 Abiron
1701 3253 1714 3274 ,
1742 3221 1864 3263 cum
1891 3209 2172 3266 sacerdote

571 3298 751 3354 Aaron
779 3307 836 3356 et
862 3299 1048 3372 Moyse
1076 3300 1328 3357 eumdem
1374 3300 1547 3356 Deum
1578 3310 1875 3366 noverant,
1901 3303 2014 3372 pari
2056 3303 2172 3375 lege

571 3398 625 3444 et
649 3391 913 3461 religione
958 3390 1235 3459 viventes,
1268 3407 1432 3448 unum
1462 3403 1517 3449 et
1543 3408 1730 3447 verum
1763 3394 1927 3448 Deum
1959 3396 2047 3465 qui
2080 3410 2172 3451 co-

570 3480 762 3538 lendus
788 3493 951 3553 atque
990 3483 1326 3540 invocandus
1367 3485 1561 3554 luerat,
1592 3484 1957 3553 invocabant;
1991 3498 2168 3543 tamen

570 3579 693 3650 quia
739 3578 844 3635 loci
881 3581 965 3637 sui
1010 3581 1370 3638 ministerium
1403 3584 1729 3656 transgressi
1777 3596 1964 3643 contra
1990 3589 2169 3645 Aaron

569 3671 935 3733 sacerdotem.
969 3674 1060 3744 qui
1105 3675 1468 3731 sacerdotium
1518 3676 1815 3747 legitimum
1858 3677 2171 3749 dignatione

568 3765 663 3821 Dei
694 3774 854 3838 atque
875 3768 1217 3825 ordinatione
1240 3778 1578 3841 perceperat,
1609 3771 1953 3827 sacrificandi
1982 3773 2084 3829 sibi
2109 3775 2170 3830 li-

567 3858 798 3913 centiam
846 3859 1288 3929 vindicaverunt,
1348 3863 1607 3919 divinitus
1657 3867 1942 3935 percussi,
1982 3881 2170 3938 ptenas

566 3951 746 4007 statim
779 3968 880 4022 pro
900 3953 1101 4010 illicitis
1128 3956 1412 4012 conatibus
1437 3959 1824 4027 rependerunt,
1856 3975 1955 4016 nec
1981 3970 2172 4031 potue-

568 4051 694 4098 runt
744 4051 859 4100 rata
904 4060 1026 4101 esse
1071 4054 1126 4102 et
1160 4046 1423 4117 prolicere
1468 4048 1733 4105 sacrificia
1773 4051 2073 4122 irreligiose
2117 4065 2171 4109 et

567 4135 752 4192 illicite
777 4145 966 4191 contra
984 4136 1077 4208 jus
1119 4137 1316 4194 divinae
1354 4139 1727 4211 dispositionis
1756 4141 1959 4198 oblata.
1994 4144 2171 4212 Quare

568 4227 656 4299 qui
681 4229 997 4297 Novatiano,
1024 4231 1141 4288 sive
1163 4233 1377 4288 caeteris
1401 4234 1711 4304 hujusmodi
1740 4237 2167 4306 patrocinantnr,

569 4321 765 4375 frustra
808 4324 1164 4379 contundunt.
1199 4327 1376 4395 Atque
1427 4336 1485 4381 ut
1516 4327 1684 4397 magis
1731 4328 1955 4400 intelligi
1990 4339 2171 4400 posset

569 4425 756 4468 contra
788 4412 1099 4483 hujusmodi
1127 4416 1429 4485 audaciam,
1456 4433 1577 4488 quae
1609 4421 1679 4474 sit
1709 4434 1935 4475 censura
1964 4420 2166 4489 divina,

2285 466 2339 507 et
2363 468 2538 523 poenae
2570 463 2592 490 ι·
2621 455 2711 524 qui
2740 472 2797 511 se
2838 459 3194 515 schismatiris
3230 472 3413 519 contra
3460 470 3732 537 prazposiws
3758 487 3800 530 et

2286 548 2601 603 sacerdotes
2626 549 2721 604 Dei
2754 550 3048 623 irreligiosa
3083 556 3381 612 temeritate
3400 561 3696 631 miscuerint,
3721 568 3797 622 sic-

2284 640 2522 693 utetiam
2558 655 2654 710 per
2677 641 2871 697 Oscam
2902 645 3221 715 prophetam
3253 647 3476 719 Spiritus
3496 666 3686 712 sanctus
3707 669 3803 713 con-

2286 737 2543 799 testatur,
2577 740 2632 789 et
2671 733 2806 791 dicit
2840 753 2852 789 :
2887 734 3165 807 Sacrificia
3202 756 3374 795 eorum
3422 752 3643 816 tanquam
3687 752 3802 819 partit

2285 824 2485 892 luctus;
2509 841 2681 883 omnes
2703 829 2791 900 qui
2810 832 3128 887 manducant
3154 849 3213 889 ea
3234 837 3797 905 contaminabunturwsr.

2284 931 2359 986 ut,
2387 916 2475 989 4):
2503 918 2706 976 docens
2748 922 2955 980 scilicet
3003 933 3059 981 et
3086 925 3377 982 ostendens
3419 942 3594 986 omnes
3629 935 3799 987 omnino

2281 1022 2404 1065 cum
2433 1013 2745 1069 auctoribus
2768 1016 3035 1087 supplicio
3058 1020 3331 1092 conjungi,
3354 1022 3438 1093 qui
3462 1023 3638 1079 iuerint
3656 1042 3799 1082 eorum

2284 1121 2507 1180 peccato
2565 1112 2936 1168 contaminati.
2989 1133 3008 1167 ι
3064 1115 3203 1184 Quid
3263 1117 3361 1173 hoc
3408 1119 3684 1176 testimonio
3715 1124 3799 1177 eri-

2281 1197 2499 1256 dentius
2524 1201 2547 1254 ξ’
2577 1200 2715 1269 Quid
2750 1203 3015 1260 lucidius?
3044 1202 3184 1271 Quid
3229 1203 3336 1262 dici
3366 1210 3593 1265 veracius
3624 1214 3799 1280 potest?

2285 1291 2427 1347 Ecce
2457 1293 2599 1348 enim
2639 1308 2830 1350 omnes
2867 1297 3089 1352 omnino
3127 1298 3242 1368 pari
3273 1306 3417 1354 reatu
3459 1300 3655 1371 parique
3678 1316 3799 1372 plena

2282 1384 2605 1439 constrictos
2628 1384 2807 1449 docet,
2832 1397 3093 1458 quotquot
3120 1388 3319 1445 fuerint
3340 1392 3584 1446 malorum
3611 1408 3799 1449 commu-

2282 1472 2444 1530 nione
2476 1477 2682 1557 polluti.
2716 1477 2854 1544 Quid
2881 1494 3011 1550 ergo
3061 1490 3164 1540 est.
3197 1482 3339 1553 quod
3369 1484 3570 1554 quidam
3607 1490 3730 1557 quasi
3755 1502 3799 1544 so

2281 1554 2840 1637 excusantes'dicunt;
2870 1572 2984 1642 ipse
3027 1573 3124 1629 scit
3156 1576 3435 1647 cpiscopus
3470 1593 3607 1634 meus
3631 1581 3667 1634 si
3685 1580 3798 1635 dam-

2285 1660 2431 1713 navit
2461 1666 2764 1729 quempiam
2791 1664 2985 1720 talibus
3014 1668 3396 1735 comminetur,
3418 1669 3625 1725 dicens:
3650 1671 3713 1725 Tu
3730 1690 3799 1726 au-

3049 1760 3286 1832 abjecisti
3319 1779 3559 1818 sermones
3606 1781 3720 1819 meos
3739 1782 3797 1820 re-

2279 1852 2377 1897 tro.
2421 1844 2485 1899 Si
2523 1846 2727 1901 videbas
2767 1848 2951 1918 furem,
2996 1852 3235 1907 currebat:
3275 1852 3340 1921 ci,
3380 1863 3427 1909 et
3462 1871 3568 1909 cum
3602 1856 3798 1911 adulteris

2279 1942 2563 2010 portionem
2591 1950 2733 1996 tuam
2760 1943 2980 2015 ponebas
3006 1943 3178 2015 (Psal.
3207 1961 3355 2014 ηιξ,
3378 1948 3459 2012 17,
3485 1950 3587 2017 18).
3616 1949 3674 2004 Et
3693 1948 3796 2004 inira

2280 2034 2590 2091 manifestat
2609 2045 2664 2091 et
2692 2036 3009 2105 comprobat
3050 2037 3246 2094 Paulus
3288 2042 3549 2109 apostolus
3577 2041 3731 2114 (llam.
3757 2055 3795 2110 t,

2278 2126 2372 2196 52)
2403 2135 2576 2183 morte
2602 2127 2793 2199 dignos
2822 2143 2943 2184 esse
2969 2137 3025 2184 et
3049 2129 3114 2186 ad
3140 2147 3353 2201 pmnam
3383 2133 3573 2200 venire,
3597 2150 3683 2189 non
3708 2144 3796 2189 tan-

2279 2228 2389 2273 tum
2434 2218 2554 2275 illos
2583 2220 2677 2291 qui
2704 2221 2845 2277 male
2885 2220 3124 2289 faciunt,
3154 2227 3251 2280 sed
3295 2227 3452 2283 etiam
3491 2242 3574 2284 eos
3599 2229 3675 2298 qui
3702 2227 3797 2282 talia

2276 2312 2559 2381 agentibus
2575 2315 2947 2370 consentiunt:
2966 2315 3058 2386 qui
3081 2332 3203 2372 cum
3231 2320 3387 2376 malis
3406 2330 3455 2375 et
3474 2322 3798 2389 peccatoribus,

2276 2412 2332 2457 et
2352 2403 2721 2474 ptenitentiam
2746 2420 2850 2461 non
2869 2408 3150 2476 agentibus
3173 2409 3361 2465 illicita
3384 2412 3799 2467 communicatione

2277 2496 2595 2567 miscentur,
2620 2499 2932 2554 nocentium
2963 2502 3305 2558 contactibus
3326 2503 3797 2572 pollnuntur,ettlum

2270 2586 2573 2657 junguntur
2612 2589 2668 2645 in
2708 2590 2888 2660 culpa,
2917 2591 2994 2647 sic
3025 2607 3125 2648 nec
3164 2594 3217 2648 in
3253 2610 3405 2664 paena
3436 2605 3729 2666 separantur.
3750 2598 3798 2650 At

2279 2679 2401 2734 isti:
2426 2678 2533 2735 Sed
2555 2694 2661 2735 non
2686 2684 3074 2749 consentimus,
3090 2684 3364 2755 inquiunt,
3385 2687 3681 2743 damnationi
3700 2701 3798 2740 mor-

2278 2780 2511 2827 tuorum.
2544 2773 2589 2828 Ο
2620 2772 2965 2831 intolerabile
3003 2777 3237 2833 malum!
3269 2779 3312 2836 0
3341 2781 3617 2836 inauditum
3649 2792 3798 2849 unpro-

2276 2864 2485 2922 brium!
2519 2881 2627 2923 non
2657 2868 2967 2924 consentire
3004 2873 3156 2940 quasi
3189 2874 3391 2942 verbis,
3422 2872 3709 2929 damnationi
3738 2870 3798 2925 di-

2275 2967 2426 3025 cunt,
2453 2968 2509 3015 et
2535 2960 2883 3017 consentiunt
2908 2964 3186 3033 operibus,
3209 2967 3354 3036 quod
3372 2967 3596 3023 deterius
3617 2975 3703 3034 est,
3727 2980 3798 3022 ex-

2276 3052 2526 3108 secrabili
2548 3054 2949 3121 communioni;
2978 3070 3099 3111 cum
3120 3060 3293 3129 magis
3314 3060 3619 3116 cumulatior
3635 3065 3801 3115 maneat

1840 3129 1945 3192 ηοη
1987 3129 2166 3221 β”ῗδῗλ
2201 3134 2247 3201 C
2281 3132 2437 3210 mena
2454 3144 2533 3199 eis
2549 3144 2713 3216 quiet
2740 3160 2846 3202 non
2869 3147 3440 3221 ignorantveritatem,
3456 3162 3506 3209 et
3523 3164 3676 3210 tamen
3693 3166 3802 3208 cont-

2282 3235 2560 3290 municant
2575 3237 2818 3294 veritatis
2836 3239 3088 3297 inimicis.
3105 3240 3164 3298 Si
3181 3245 3325 3299 enim
3343 3246 3578 3300 haeresim
3592 3242 3802 3306 iecerant,

2275 3325 2417 3380 sicut
2442 3326 2748 3396 docuimus,
2784 3329 2837 3383 hi
2873 3331 3067 3401 quibus
3096 3335 3528 3404 communicatis,
3554 3332 3801 3389 datnnamlo

2274 3416 2426 3471 vivos
2448 3426 2503 3472 et
2528 3425 2803 3486 mortuos;
2837 3420 2882 3475 si
2917 3420 2985 3475 ad
3016 3421 3304 3481 haereticos
3333 3427 3589 3493 exierunt,
3611 3420 3803 3479 faciendo

2273 3508 2417 3577 quod
2446 3510 2708 3579 Acephali
2738 3512 3050 3578 voluerunt.
3075 3515 3321 3574 hatretici
3349 3518 3581 3588 profecto
3613 3517 3804 3585 utrisque

2272 3600 2520 3658 admissis
2549 3613 2943 3660 remanserunt.
2987 3605 3273 3674 Quomodo
3320 3624 3447 3681 ergo
3471 3610 3555 3681 qni
3584 3605 3804 3663 haereticis

2272 3693 2696 3759 communicant,
2743 3693 2967 3751 haeresis
3013 3697 3243 3756 crimine
3302 3702 3471 3759 teneri
3498 3696 3802 3773 negabuntarl

2274 3792 2365 3839 aut
2391 3800 2492 3855 qua
2525 3785 2701 3842 fronte
2729 3788 3007 3844 catholicae
3048 3793 3448 3850 communicare
3466 3794 3559 3848 sibi
3578 3789 3804 3847 videntur!

2273 3880 2356 3933 Au
2384 3877 2510 3948 quia
2558 3877 2894 3936 manufactas
2914 3880 3175 3938 ecclesias
3201 3885 3435 3954 palatino
3460 3885 3638 3942 sull‘ulti
3658 3881 3803 3938 sullrao

2271 3971 2359 4041 gio
2404 3972 2642 4041 depulsis
2671 3976 2955 4033 catholicis
3003 3989 3386 4049 pervaserunt,
3432 3980 3546 4038 ideo
3566 3993 3649 4033 vos
3684 3976 3804 4030 ﬁdem

2271 4063 2589 4121 catholicam
2625 4082 2920 4138 pacemque
2951 4069 3317 4128 Christianam
3359 4070 3699 4143 in'parietibns
3717 4078 3804 4120 esse

2271 4159 2648 4217 arbitramini?
2691 4162 2748 4218 Si
2778 4164 2881 4219 hoc
2930 4164 3251 4235 epinamini,
3292 4168 3471 4224 audite
3514 4164 3641 4237 quod
3684 4161 3805 4218 etiam

2271 4262 2491 4308 sanctus
2524 4253 2763 4310 Hilarius
2791 4255 3079 4326 episcopus
3118 4259 3400 4316 confessor
3422 4268 3475 4315 et
3494 4258 3666 4313 doctor
3685 4264 3805 4323 egre-

2269 4340 2391 4411 gius
2417 4341 2740 4412 quibusdam
2791 4344 3058 4417 episcopis
3104 4358 3352 4421 tempore
3379 4348 3653 4406 Constantii
3680 4347 3805 4411 impia

2270 4434 2489 4504 ratoris,
2533 4451 2641 4505 quo
2689 4438 2768 4493 sic
2816 4439 3000 4495 Ariani
3052 4441 3154 4497 sub
3210 4444 3425 4500 nomine
3453 4443 3589 4514 pacis
3614 4449 3662 4496 et
3699 4433 3805 4504 regis

569 4506 871 4561 invenimus
899 4507 949 4561 in
983 4508 1075 4563 tali
1104 4509 1343 4566 facinore
1366 4527 1473 4565 non
1503 4512 1675 4567 solum
1700 4512 1866 4571 duces
1890 4522 1945 4570 et
1975 4526 2162 4573 aucto-
2194 4520 2248 4581 Β
2273 4536 2620 4595 pervaserant
2662 4531 2943 4587 universas
2970 4547 3106 4602 pene
3125 4534 3291 4592 ιοιίυε
3304 4506 3653 4592 οτωείοοειεε
3672 4530 3803 4587 eccle-

569 4615 678 4669 res,
712 4598 808 4655 sed
835 4610 888 4655 et
911 4601 1203 4673 participes
1231 4605 1407 4673 ptenis
1430 4604 1711 4674 destinari,
1738 4607 1839 4662 nisi
1869 4623 1928 4663 se
1955 4623 1984 4662 a
2014 4622 2166 4664 eom-

569 4694 828 4749 munione
882 4695 1145 4750 malorum
1204 4698 1618 4766 separaverint,
1672 4702 2018 4770 praecipiente
2072 4717 2170 4773 per

568 4785 785 4855 Moysen
821 4786 1071 4853 Domino,
1110 4796 1166 4843 et
1206 4788 1463 4846 dicente:
1492 4790 1825 4860 Separamini
1865 4810 1897 4848 a
1935 4795 2168 4850 taberna-

567 4882 696 4937 culis
726 4883 989 4937 hominum
1018 4883 1237 4939 istorum
1259 4885 1675 4951 durissimorum,
1701 4894 1749 4940 et
1775 4887 1931 4941 nolite
1961 4898 2167 4960 tangere

565 4973 628 5027 ab
658 4974 893 5029 omnibus
938 4992 1054 5047 quae
1079 4986 1197 5031 sunt
1226 4978 1320 5045 eis,
1355 4991 1416 5032 ne
1445 4979 1604 5033 simul
1635 4980 1853 5049 pereatis
1877 4980 1931 5033 in
1961 4991 2167 5052 peccato

567 5083 741 5121 eorum
784 5066 975 5140 (Nam.
1017 5084 1125 5135 xvt,
1166 5069 1294 5139 26)..
1348 5069 1415 5123 Et
1453 5071 1596 5140 quod
1662 5073 2025 5128 comminatus
2073 5089 2168 5144 per

569 5158 787 5233 Moysen
830 5159 1085 5215 Dominus
1126 5160 1303 5216 fuerat
1347 5162 1592 5231 implevit
1628 5181 1640 5216 :
1676 5173 1733 5218 ut
1770 5164 2011 5235 quisquis
2038 5181 2097 5222 se
2135 5182 2166 5221 a

568 5251 725 5317 Core,
772 5261 828 5307 et
863 5253 1101 5323 Dathan,
1132 5262 1186 5309 et
1217 5253 1427 5325 Abiron
1472 5271 1577 5310 non
1614 5266 1951 5326 separasset,
1982 5274 2167 5330 pinnas

568 5344 746 5398 statim
775 5358 872 5415 pro
890 5345 1051 5416 impia
1071 5348 1451 5404 communione
1474 5349 1831 5419 persolveret.
1855 5351 1971 5419 Quo
1992 5367 2167 5409 exem-

640 5558 667 5587 α
690 5549 749 5625 In
777 5550 880 5625 hoc
898 5549 1153 5625 Cypriani
1185 5553 1496 5609 testimonio
1512 5552 1796 5609 Facundus
1820 5553 1997 5625 aliqua
2025 5571 2160 5625 pra:-

567 5622 840 5684 termittit,
869 5624 1036 5678 verba
1066 5625 1227 5678 etiam
1247 5635 1437 5679 mutat.

642 5701 668 5768 ξι
697 5692 883 5768 93pm,
902 5694 1237 5768 ordinatione
1257 5696 1561 5754 succidanea
1582 5697 1910 5768 prtesidenlc,

641 5760 669 5804 δ
694 5762 975 5821 Redundat
1003 5766 1133 5830 ipse.

2276 4622 2405 4686 sias,
2433 4620 2573 4677 sicut
2605 4638 2747 4680 nunc
2776 4624 3101 4698 Eutychiani
3121 4630 3236 4686 sive
3264 4631 3540 4702 Acepbali,
3584 4629 3645 4683 de
3663 4625 3744 4680 hac
3762 4633 3803 4674 re

2275 4712 2500 4783 scribat,
2547 4724 2664 4785 post
2689 4716 2792 4771 alia
2845 4718 3061 4775 dicens:
3111 4740 3131 4774 ι
3161 4723 3269 4777 Oro
3323 4739 3436 4790 vos,
3481 4712 3803 4793 ερίεοορίναυί

2277 4806 2379 4862 hoc
2399 4821 2520 4863 esse
2542 4823 2640 4864 vos
2668 4810 2914 4877 creditis,
2946 4813 3269 4882 quibusnam
3294 4816 3557 4888 suffragiis
3573 4814 3631 4870 ad
3656 4809 3803 4884 praedi-

2273 4898 2501 4955 candum
2534 4898 2887 4971 Evangelium
2916 4906 3144 4974 apostoli
3192 4908 3273 4962 nsi
3307 4906 3661 4977 sunthnibus
3677 4897 3804 4970 adjnii

2275 4993 2631 5060 potestatibus
2658 4994 2931 5050 Christum
2960 5000 3410 5067 prmdicaverunt,
3435 5011 3701 5071 gentesque
3721 4993 3805 5047 fere

2272 5096 2464 5138 omnes
2511 5099 2580 5138 ex
2628 5084 2788 5140 idolis
2809 5087 2876 5141 ad
2929 5087 3212 5144 Dominum
3245 5088 3649 5146 transtulerunt?
3687 5086 3805 5139 Anne

2271 5174 2503 5245 aliquam
2557 5177 2655 5232 sibi
2688 5179 3038 5235 assumebant
3068 5196 3099 5236 e
3140 5182 3342 5251 palatio
3369 5176 3691 5254 dignitatem?
3722 5173 3803 5226 »ΕΙ

2270 5265 2437 5322 infla:
2475 5286 2493 5320 ι
2528 5268 2702 5325 Unum
2730 5285 2945 5336 moueo,
2978 5273 3169 5342 inquit,
3216 5284 3409 5330 cavete
3435 5271 3800 5328 Antichristum;

2271 5358 2411 5415 male
2432 5360 2575 5417 enim
2606 5376 2700 5416 vos
2731 5364 2997 5432 parietum
3023 5380 3175 5423 amor
3203 5365 3371 5437 cepit,
3397 5365 3531 5422 male
3560 5357 3803 5418 Ecclesiant

2349 5558 2583 5631 sCypr.,
2616 5564 2711 5615 sibi
2742 5567 2888 5631 foris.

2340 5628 2365 5666 ⁴¹
2394 5624 2524 5697 olm:
2556 5632 2640 5685 hic
2663 5624 2875 5703 deéunt,
2909 5636 3111 5694 videsis
3138 5636 3277 5710 apud
3314 5636 3474 5709 Cypr.
3504 5634 3645 5707 epist.
3670 5624 3742 5684 76.

2343 5712 2365 5739 ⁸
2398 5703 2521 5770 Λίδη
2557 5704 2782 5774 futuros.
