4094 6466
367 251 464 304 877

1188 250 1368 308 FER“
1399 253 1601 309 .NDUS
1643 253 1982 309 UIACUNUS
2021 253 2371 309 CAliTllAG.
2415 284 2481 293 —-
2520 253 2815 309 ΝΟΤΙΊΊᾹ.

3541 251 3645 306 {.78

365 364 456 417 Dei
481 363 531 415 in
564 363 716 418 tectis
763 363 1108 434 :edificiisque
1153 369 1504 436 veneramini,
1539 368 1674 421 male
1718 367 1819 420 sub
1869 366 1952 420 his
1981 371 2027 424 Α
2057 366 2135 420 sic
2165 366 2390 421 tenenda
2415 375 2472 421 ut
2493 366 2558 422 ad
2581 366 2699 422 illos
2725 380 2822 420 nos
2852 379 3131 431 exeamus,
3157 365 3367 436 etquod
3396 366 3470 420 illi
3497 378 3644 433 sunt,

362 457 506 522 pacis
539 467 734 510 nomen
756 455 1016 527 ingeritis.
1045 458 1197 510 Anne
1220 458 1526 526 ambiguum
1559 467 1640 512 est
1662 459 1713 512 in
1735 457 1815 510 his
1841 457 1947 512 An-

359 548 664 604 ticltristum
711 564 832 604 esse
879 551 1194 606 sessurum‘l
1247 551 1454 606 Montes
1482 553 1611 606 mihi
1642 561 1696 606 ct
1723 552 1871 606 silva:
1897 560 1954 608 et

358 642 526 710 lacus,
557 652 612 699 et
639 659 912 710 carceres,
957 655 1012 700 et
1041 646 1326 715 voragines
1359 654 1483 700 sunt
1507 646 1750 700 tutiores.
1780 645 1834 699 In
1867 645 1950 701 his

357 737 500 790 enim
527 735 804 805 prepheta:
833 747 987 792 erant
1029 746 1331 802 manentes,
1380 745 1434 789 et
1472 737 1662 806 spiritu
1713 736 1802 789 Dei
1829 751 1950 805 pro-

358 827 672 900 phetabant.
707 846 726 880 ι
764 828 890 882 llatc
918 827 1132 883 interim
1165 844 1260 898 pro
1295 828 1558 883 brevitate
1604 829 1806 896 prolata
1836 827 1950 885 suf-

359 921 541 975 ficiant
571 916 897 985 testimonia,
925 920 1177 990 quoniam
1199 921 1244 974 si
1272 922 1502 989 amplius
1520 935 1841 977 coacervare
1863 922 1948 976 vel

356 1013 666 1068 ratiocinari
695 1014 980 1080 vellemus,
1041 1015 1332 1085 legentium
1384 1014 1604 1068 forsitan
1635 1013 1945 1070 memoriam

355 1119 730 1161 oncraremus.
754 1104 906 1160 Nunc
928 1105 1037 1174 jam
1061 1105 1190 1160 illud
1218 1117 1431 1174 quoque
1453 1102 1687 1158 breviter
1708 1118 1951 1158 eorume-

356 1211 576 1252 morarev
610 1197 891 1262 debemus,
913 1196 1054 1266 quod
1104 1211 1168 1251 ex
1198 1196 1338 1250 beati
1365 1194 1645 1264 Augustini
1677 1193 1950 1261 cpusculis

354 1297 540 1342 contra
584 1287 888 1342 Donatistas
939 1287 1152 1356 scriptis
1198 1285 1306 1356 obji
1345 1285 1483 1352 iunt,
1510 1285 1782 1338 dicentes:
1809 1283 1951 1338 Dixit

354 1391 568 1435 sanctus
595 1371 922 1450 Augustinus
951 1395 963 1431 :
999 1379 1142 1432 Bona
1171 1387 1255 1433 est
1306 1391 1440 1446 pax,
1491 1375 1682 1430 habete
1727 1389 1946 1444 pacem;

355 1472 494 1526 bona
524 1481 606 1526 est
631 1457 827 1536 unitas,
863 1470 1068 1541 diligite
1091 1471 1372 1534 unitatem,
1407 1483 1512 1523 non
1536 1466 1807 1524 scindatur
1832 1466 1950 1522 uni-

353 1571 454 1616 tas.
487 1560 595 1616 Sed
636 1561 753 1617 haec
805 1569 863 1616 et
907 1563 1030 1616 talia
1077 1561 1278 1632 egregii
1331 1559 1569 1615 ductoris
1618 1559 1947 1624 teStimonia,

353 1662 608 1721 quantum
639 1668 732 1708 eos
759 1652 1104 1724 supplodant,
1135 1667 1231 1707 nos
1265 1667 1394 1707 vero
1421 1651 1712 1717 stabiliant,
1740 1666 1946 1720 nequa-

353 1761 510 1814 quam
555 1746 906 1816 perspiciunt.
954 1746 1010 1803 Si
1060 1747 1205 1801 enim
1261 1746 1348 1800 isti
1394 1743 1485 1812 qui
1529 1745 1644 1799 hzec
1672 1753 1860 1800 contra
1885 1760 1946 1800 se
1978 1745 2027 1805 Β

353 1835 531 1903 potius
551 1847 850 1906 opponunt,
894 1835 1153 1890 nolebant
1180 1835 1430 1890 scindere
1455 1835 1745 1900 unitatem;
1770 1837 1813 1890 si
1849 1850 1948 1890 no-

354 1927 534 1980 lebant
578 1927 776 1981 bellum
805 1927 1007 1983 inferre
1048 1927 1329 1982 catholica
1377 1926 1653 1993 Ecclesiae,
1685 1941 1781 1996 per
1804 1927 1947 1998 quod

354 2033 457 2087 pax
504 2017 829 2086 violaretur;
857 2019 1021 2089 -quod
1079 2019 1130 2074 in
1169 2019 1598 2085 eainvenerunt,
1634 2019 1734 2072 hoc
1769 2019 1951 2089 utique

353 2126 564 2167 scrvare
593 2121 648 2166 ct
671 2112 901 2168 viriliter
937 2113 1230 2177 custodire,
1281 2113 1417 2168 sicut
1460 2127 1625 2181 supra
1670 2120 1946 2166 ostensum

353 2213 453 2267 est,
496 2203 817 2258 debuerunt.
867 2203 1020 2272 Quod
1075 2213 1258 2260 autem
1288 2204 1399 2270 illa,
1455 2212 1547 2257 aut
1575 2202 1644 2258 ab
1696 2203 1784 2257 illa
1840 2217 1946 2259 non

352 2301 697 2362 acceperunt,
747 2301 999 2365 tanquam
1035 2309 1162 2350 vere
1194 2294 1414 2349 noxium
1460 2304 1514 2350 et
1535 2293 1734 2349 lethale
1764 2292 1948 2364 fugere

352 2399 653 2456 cavereque
680 2385 999 2441 debuerunt.
1036 2384 1168 2440 Nam
1201 2383 1448 2440 habenda
1479 2395 1562 2442 est
1594 2399 1716 2456 pax,
1751 2400 1949 2441 secun-

351 2477 477 2533 dum
533 2479 886 2548 apostolicam
930 2478 1256 2544 doctrinam,
1299 2493 1418 2534 cum
1453 2477 1724 2545 omnibus,
1754 2474 1799 2531 si
1833 2477 1947 2533 fieri

351 2579 554 2641 potest,
586 2573 915 2639 hominibus,
947 2587 1051 2626 non
1078 2581 1255 2627 tamen
1279 2586 1401 2626 cum
1419 2569 1669 2625 omnibus
1696 2568 1946 2624 tenenda.

352 2663 629 2732 Siquidem
650 2664 808 2733 longe
823 2662 966 2717 aliud
997 2662 1066 2718 sit
1093 2661 1293 2717 habere
1320 2661 1541 2731 aliquid,
1571 2660 1716 2715 aliud
1739 2669 1944 2718 tenere.

351 2753 464 2809 Non
497 2755 673 2809 solum
697 2753 864 2825 igitur
893 2769 1014 2809 cum
1047 2751 1410 2808 schismaticis
1440 2761 1496 2808 et
1535 2751 1824 2816 barreticis,
1850 2751 1947 2807 sed

352 2847 512 2900 etiam
535 2861 656 2900 cum
686 2845 886 2901 ludatis
916 2845 1224 2901 carnalibus
1262 2853 1424 2916 atque
1445 2845 1666 2916 paganis
1705 2842 1947 2898 habenda

351 2945 435 2991 est
465 2950 586 3004 pax.
609 2937 715 2994 Sed
747 2939 832 2994 illa
864 2936 1103 3007 profecto
1132 2952 1258 3008 pax,
1291 2952 1386 3008 per
1422 2951 1578 3007 quam
1611 2949 1704 2991 eos
1727 2944 1949 3004 exopta-

353 3043 470 3083 mus
495 3037 551 3084 et
574 3030 821 3100 cupimus
848 3029 960 3086 Deo
984 3031 1281 3099 acquirere,
1324 3036 1378 3085 et
1408 3027 1617 3083 veritati
1651 3025 1948 3096 unitatique

2055 457 2158 514 hoc
2203 475 2300 514 nos
2330 475 2540 530 quoque
2590 457 2912 515 efficiamur.
2967 459 3208 528 Denique
3257 459 3398 526 qttnd
3462 459 3645 514 beatus

2055 561 2387 630 Augustinus
2430 560 2645 615 dicebat
2685 569 2740 615 et
2787 558 3046 614 suadebat
3097 559 3411 628 Donatistis,
3446 559 3647 616 habere

2055 668 2263 724 pacem,
2303 655 2530 723 diligere
2562 653 2844 716 unitatem,
2869 651 3082 723 egregie
3115 651 3250 706 satis
3277 661 3334 705 et
3358 651 3648 706 salubriter

2051 749 2298 807 dicebat:
2339 750 2482 820 ipsos
2509 749 2652 804 enim
2688 748 2959 818 cupiebat,
2992 745 3444 818 quemadmodum
3467 757 3521 801 et
3545 761 3645 802 nos

2053 846 2209 913 istos,
2239 844 2493 898 damnato
2520 858 2707 899 errore
2728 857 2828 897 suo
2857 841 2925 896 ad
2955 840 3273 895 catholicam
3306 838 3502 904 redire,
3535 839 3643 893 sic-

2053 947 2110 991 ut
2142 937 2196 991 in
2240 936 2422 991 multis
2452 935 2722 1005 opusculis
2761 939 2950 989 contra
3009 946 3195 986 eorum
3243 929 3475 987 schisma
3507 930 3644 983 scri-

2052 1030 2157 1099 ptis
2180 1026 2602 1084 luculentissinte
2634 1027 2843 1082 edocet.
2869 1023 2985 1079 Neu
3009 1034 3066 1077 ut
3088 1024 3224 1093 ipse,
3251 1020 3639 1090 autquisqnam

2051 1123 2475 1178 orthodoxorum
2528 1120 2733 1182 relicta,
2763 1118 2905 1188 quod
2953 1117 3114 1181 absit,
3145 1114 3429 1177 catholica,
3468 1112 3645 1167 err0'i

2050 1227 2238 1271 eorum
2269 1213 2647 1267 communione
2678 1210 2932 1278 sacrilega
2961 1208 3297 1263 misceretur.
3332 1205 3442 1260 [loc
3464 1212 3518 1258 et
3546 1219 3648 1259 nos

2053 1306 2168 1360 istis
2200 1320 2320 1359 cum
2368 1319 2557 1372 magna
2605 1316 2737 1372 pace
2789 1301 3046 1355 dicimus:
3102 1299 3360 1353 Damnate
3407 1310 3648 1351 errorem

2052 1415 2211 1469 quem
2267 1398 2574 1464 induxistis,
2623 1395 2829 1451 auferte
2857 1392 3218 1450 damnationis
3260 1390 3458 1445 malum
3501 1389 3642 1457 quod

2052 1490 2329 1555 intulistis,
2379 1503 2474 1559 per
2525 1488 2666 1557 quod
2709 1497 2764 1541 et
2807 1484 3045 1539 haeretici
3093 1482 3241 1546 facti,
3277 1489 3332 1536 et
3357 1480 3646 1534 haeretico-

2053 1597 2170 1636 rum
2203 1582 2441 1635 fautores
2468 1577 2783 1645 exstitistis;
2818 1587 2872 1632 et
2917 1576 3194 1632 nobiscum
3228 1589 3416 1644 pacem
3449 1573 3648 1628 haben-

2053 1680 2154 1736 tes,
2215 1681 2269 1726 et
2313 1671 2453 1726 sicut
2491 1670 2698 1741 pridem
2733 1677 2998 1736 tenentes,
3055 1668 3338 1724 universos
3365 1667 3648 1721 haereticos

2054 1762 2390 1829 confudistis,
2419 1773 2473 1818 et
2499 1761 2779 1817 catholica:
2805 1776 2900 1816 vos
2922 1761 3112 1814 unitati
3135 1759 3462 1814 reddidistis.
3486 1757 3648 1824 Quis-

2055 1857 2176 1924 quis
2230 1855 2408 1924 itaque
2458 1855 2574 1908 haec
2605 1853 2757 1921 legis,
2815 1851 3087 1921 eloquium
3119 1850 3230 1905 noli
3259 1864 3520 1919 qua-rere,
3554 1848 3648 1904 sed

2053 1963 2140 2003 res
2171 1949 2486 2017 pondusque
2511 1944 2751 2000 veritatis
2770 1945 3054 2015 diligenter
3084 1945 3314 1998 intuere.
3349 1942 3415 1996 Et
3440 1943 3483 1996 si
3510 1956 3647 2011 praa~

2051 2037 2410 2094 varicatorum
2442 2035 2823 2092 communione
2853 2034 3090 2104 pollutus
3110 2049 3217 2087 non
3243 2046 3326 2098 es,
3350 2046 3446 2088 ora
3476 2031 3648 2088 Deum

2053 2140 2111 2185 ut
2153 2144 2494 2200 perseveres.
2536 2129 2595 2185 Si
2624 2142 2754 2185 vero
2799 2138 2890 2182 aut
2933 2128 3244 2196 ignorantcr
3273 2133 3366 2180 aut
3392 2126 3650 2180 violenter

2053 2222 2247 2290 lapsus.
2269 2235 2347 2288 es,
2382 2234 2635 2290 reparare
2662 2220 2728 2274 ad
2769 2219 3090 2275 catholicam
3135 2219 3418 2273 veritatem
3467 2233 3653 2273 recur-

2051 2311 2221 2369 rendo
2251 2311 2463 2377 festina,
2493 2313 2929 2368 communionem
2959 2311 3076 2379 ejus
3093 2309 3450 2366 resumendo:
3477 2310 3652 2364 omni-

2051 2406 2152 2461 bus
2173 2404 2436 2476 siquidem
2468 2404 2854 2473 ptenitentibus
2894 2405 3156 2472 promissa
3182 2412 3265 2457 est
3285 2404 3462 2458 venia.
3482 2403 3652 2457 Nemo

2051 2498 2428 2568 desperatione
2469 2497 2762 2566 frangatur.
2795 2494 2984 2550 Nullus
3023 2494 3347 2565 serpentinis
3374 2494 3651 2562 deceptio-

2053 2591 2210 2646 nibus
2249 2590 2476 2646 ulterius
2507 2589 2812 2644 irretiatur:
2848 2588 3125 2658 quoniam,
3168 2587 3307 2640 sicut
3345 2594 3653 2655 transgres-

2051 2683 2264 2739 soribus
2294 2692 2348 2738 et
2383 2680 2747 2751 impmnitenti
2785 2680 2952 2735 corde
2980 2677 3425 2748 permanentibus
3452 2676 3653 2745 sempi-

2053 2785 2264 2831 ternum
2297 2789 2419 2830 cum
2454 2773 2668 2828 diabolo
2698 2782 3058 2842 praeparatum
3098 2780 3182 2826 est
3213 2770 3552 2840 supplicium,
3574 2770 3652 2825 sic

2052 2883 2080 2921 a
2121 2867 2349 2922 Domino
2390 2867 2500 2922 Deo
2539 2875 2750 2936 pactum
2788 2863 2903 2932 ejus
2933 2862 3399 2926 conservantibus,
3445 2869 3500 2915 et
3528 2859 3652 2917 ﬁdei

2051 2957 2330 3012 catholicae
2379 2956 2724 3011 fundamenta
2759 2953 3208 3019 custodientiltus,
3276 2950 3651 3019 nuvitatesque

2053 3050 2304 3119 profanas
2331 3047 2713 3108 devitantibus.
2742 3054 2999 3101 aeternum
3028 3051 3083 3100 et
3109 3045 3224 3099 sine
3257 3042 3362 3098 fine
3408 3054 3652 3097 reserva-

353 3125 562 3180 sociarc
588 3125 897 3192 catholicae;
931 3133 1150 3195 propter
1172 3123 1314 3193 quod
1349 3123 1512 3179 etiam
1543 3130 1600 3176 ut
1625 3128 1949 3176 convertan-
1979 3127 2026 3190 ο
2059 3155 2168 3199 tum
2195 3153 2274 3199 es,
2309 3143 2585 3213 pmmium
2610 3141 2924 3212 gloriosum.

353 3227 456 3285 tur,
501 3220 801 3273 secundum
831 3218 1138 3272 mandatum
1175 3216 1270 3272 Dei
1299 3231 1397 3286 pro
1427 3215 1504 3270 eis
1549 3225 1800 3268 oramus:
1842 3226 1947 3265 non

353 3364 3651 3442 ψιθ-

1660 3545 1832 3589 ANNO
1857 3545 2086 3591 DOMINI
2119 3546 2365 3590 DXLVII.

921 3766 1930 4002 FULGENTIUS
2001 3760 3065 4038 FEBMNDUS,

770 4144 1848 4235 CARTHAGINIENSIS
1923 4141 2516 4226 ECCLESI/E
2591 4138 3235 4222 DIACONUS.

1595 4514 2423 4648 NOTITIA.

1784 4728 1885 4789 [Ex
1925 4724 2226 4788 Callttttdio.)

429 4894 470 4949 1.
507 4891 816 4961 Fulgentius
846 4887 1172 4955 Fcrrandns,
1204 4888 1254 4961 si
1276 4879 1818 4961 Cltiflletiutnuaudias
1845 4880 1947 4961 _(a),
1981 4882 2028 4942 D
2057 4883 2755 4961 :frasatnundiregisjussu
2787 4884 3105 4961 deportatos
3127 4895 3362 4961 secutus.
3394 4884 3446 4940 in
3470 4899 3652 4942 cmun-

358 4966 529 5024 sancti
561 4952 820 5034 Fulgentii
853 4961 1145 5027 Ruspensis
1160 4952 1409 5026 episcopi
1443 4954 1762 5034 autaflincm
1787 4952 1951 5034 fuisse

359 5022 453 5093 aut
476 5022 1035 5104 consanguineumfet
1066 5022 1376 5098 praenomen
1403 5037 1460 5081 et
1484 5027 1654 5104 sancti
1702 5022 1949 5093 praesulis

360 5108 601 5164 tnodeste
622 5097 707 5159 ab'
735 5119 802 5158 eo
827 5097 1305 5158 commemoratum
1343 5113 1513 5168 genus
1561 5097 1766 5152 illustre
1789 5107 1952 5168 pene

361 5179 670 5250 persuadet.
698 5176 839 5230 Inter
867 5171 1164 5250 discipulos
1186 5164 1369 5226 sancti
1393 5169 1598 5250 Fulgen
1612 5164 1947 5250 tli‘i‘eminuit,

361 5237 523 5319 quem
553 5237 1339 5319 preptereasuum'magistrum
1359 5237 1594 5319 appellat
1616 5239 1695 5319 (b_)
1718 5254 1731 5289 :
1758 5237 1952 5305 dignus

365 5311 522 5392 plane
550 5311 695 5374 tanto
723 5317 1029 5392 institutore
1078 5312 1391 5392 discipulus:
1424 5311 1499 5392 De
1518 5324 1584 5365 eo
1627 5311 1776 5392 plura
1809 5321 1949 5392 prat-

361 5375 528 5452 clare.
553 5400 612 5444 ut
639 5390 858 5461 assolet,
885 5387 1114 5461 scriptor
1134 5375 1595 5461 eminentissimus
1623 5375 1696 5461 (ε)
1723 5397 1736 5431 :
1770 5396 1801 5461 μ’
1823 5375 1957 5458 er-

363 5450 585 5531 randtts,
637 5450 1158 5530 inquit,'Africanos
1195 5458 1480 5524 episc0pos
1539 5453 1594 5508 in
1635 5450 1952 5507 Sardiniam

437 5682 514 5752 (ιι)
553 5679 732 5735 Cltifll.
762 5679 967 5752 praefat.
993 5677 1059 5752 ad
1087 5677 1224 5752 Opp.
1259 5674 1518 5752 Ferrand:

435 5746 514 5827 (ὁ)
555 5746 812 5810 Ferrand.
838 5751 995 5822 epist.
1018 5749 1072 5817 ‘2,
1108 5750 1266 5812 intra,
1301 5762 1420 5818 pag.
1456 5746 1580 5803 889.

1875 5870 1972 5891 ,.ut‘

2061 4955 2149 5009 bin
2175 4956 2242 5008 ab
2273 4956 2556 5009 exsulante
2576 4955 2769 5008 ibidem
2797 4969 2984 5011 sancto
3013 4957 3290 5023 Fulgentio
3317 4968 3650 5025 constructo,

2061 5026 2380 5079 monaclmm
2412 5026 2603 5079 induit.
2638 5026 2911 5080 llildcrico
2931 5025 3214 5080 mitissimo
3237 5042 3360 5096 rege
3382 5042 3523 5081 anno
3545 5029 3652 5084 59.3

2059 5097 2343 5168 episcopos
2375 5097 2440 5152 ab
2464 5097 2657 5152 exsilio
2679 5107 2986 5162 revocante,
3011 5113 3114 5152 una
3145 5113 3266 5152 cum
3292 5097 3572 5168 Fnlgentio
3597 5101 3651 5155 in

2063 5167 2296 5221 Africam
2329 5183 2602 5239 reversus,
2629 5183 2658 5221 a
2689 5168 2961 5222 Bonifacio
2991 5167 3650 5239 arcltiepiscupu’Cartha-

2058 5239 2316 5308 giniensis
2349 5238 2609 5293 Ecclesia:
2638 5241 2707 5295 ob
2735 5240 2984 5294 eximiam
3042 5256 3250 5293 murum
3282 5238 3345 5293 ac
3389 5239 3650 5295 doctrina:

2061 5310 2432 5381 excellentiam
2461 5312 2719 5365 diaconus
2749 5311 3116 5381 inauguratus,
3151 5314 3388 5364 omnium
3441 5326 3651 5365 sermu-

2062 5395 2131 5434 ne
2176 5379 2372 5446 ubique
2417 5381 2812 5452 celebrabatur.
2863 5379 2954 5436 Ille
3001 5383 3169 5436 sancti
3204 5383 3483 5452 Allgllalilll
3541 5399 3652 5450 prae

2059 5453 2273 5507 caeteris
2306 5452 2472 5506 libros
2516 5451 2707 5507 diurna
2755 5463 3123 5524 nocturnaque
3152 5451 3312 5508 manu
3362 5455 3653 5521 versabat;

2132 5669 2420 5748 (_c)._Noris.
2455 5671 2960 5748 llis_t_._cmttrov.__t_le
2991 5692 3096 5733 uno
3145 5692 3211 5735 ex
3251 5676 3446 5734 Tt'inil.
3473 5689 3654 5748 passo,

2055 5756 2105 5798 c.
2139 5745 2192 5812 9,
2216 5742 2350 5812 Opp.
2385 5752 2515 5798 tam.
2547 5741 2637 5810 ΙΙΙ,
2663 5758 2779 5813 pag.
2815 5743 2940 5800 855.
