4094 6514
286 433 391 492 889

1481 427 1838 488 EPISTOLJE
1878 426 1965 482 ΕΤ
2004 426 2387 488 OPUSCULA.

3476 442 3587 503 ευο

282 547 533 617 cipiendo
564 545 699 613 patri
733 544 1015 616 Fulgenlio
1045 545 1319 615 episcopo,
1356 545 1663 601 Ferrandus
1700 546 1880 601 d’ico-
1915 544 1966 603 Δ
1994 546 2103 600 nito
2139 548 2247 602 Deo
2272 549 2451 604 carnis
2476 565 2587 605 sua:
2614 553 2895 613 materiam
2940 554 3299 626 ministrasse,
3346 565 3583 619 consuh~

283 655 384 695 nus
420 639 470 690 iu
505 638 729 692 Dotniuo
752 638 1005 692 salutem.

356 733 407 787 1.
440 731 540 798 Qui
574 732 803 786 terrenis
848 731 1083 799 indigent
1113 730 1474 795 facultatibus,
1509 748 1605 786 nec
1645 732 1881 788 diuturni

283 825 465 893 operis
509 824 817 877 continuato
862 823 1064 886 labore.
1114 823 1200 878 vel
1250 823 1491 878 honestae
1543 828 1677 878 artis
1724 825 1884 879 indu-

284 914 436 978 stria,
469 926 574 967 etc.
606 943 676 954 —
708 914 924 984 Reliqua
982 914 1165 969 videris
1220 914 1355 968 inter
1404 914 1573 985 Opera
1614 914 1884 987 Fulgentii

284 1013 409 1061 tom.
442 1006 610 1075 LXV,
652 1006 753 1062 col.
782 1006 910 1061 378.

883 1140 1215 1197 EPISTOLA
1260 1141 1328 1197 ll.

359 1296 661 1353 Ferrandus
714 1297 1012 1368 Fulgenlio.
1064 1297 1367 1363 qurestiones
1421 1302 1642 1369 quinque
1696 1315 1816 1366 pro-

973 1385 1186 1439 ponens.

359 1524 585 1578 Domino
617 1524 926 1579 beatissimo
950 1532 1007 1579 et
1036 1539 1154 1578 cum
1183 1523 1329 1579 omni
1355 1522 1703 1579 veneratione
1731 1523 1891 1590 inSpi-

283 1604 714 1673 ciendotsancto
752 1619 887 1687 patri
930 1617 1212 1690 Fulgentio
1250 1619 1526 1690 episcopo,
1570 1616 1876 1675 Ferrandus

285 1713 546 1766 diaconus
570 1710 623 1763 iu
658 1709 882 1765 Domino
920 1711 1171 1765 salutem.

365 1804 416 1855 1.
450 1800 607 1869 Saepe
639 1801 805 1855 multa
837 1802 979 1856 volui
1012 1799 1206 1856 affectu
1232 1802 1564 1871 interrogare
1590 1799 1833 1855 discendi
1867 1817 1880 1852 :

292 1892 383 1947 sed
415 1893 693 1947 absentem
725 1893 1038 1961 magistrum
1071 1891 1437 1961 frequentibus
1463 1890 1709 1960 epistolis
1734 1905 1881 1944 com-

292 1985 510 2053 pellae,
560 1985 878 2052 portitorum
922 1983 1114 2036 raritas
1142 1998 1208 2038 ex
1252 1981 1465 2037 itineris
1494 1981 1881 2051 longinquitate

292 2077 583 2145 prohibuit,
614 2086 719 2131 etc.
754 2107 817 2117 —
846 2076 1060 2145 Reliqua
1084 2076 1270 2131 videsis
1291 2077 1423 2131 inter
1448 2075 1616 2147 Opera
1656 2072 1886 2145 Fulgen—

295 2169 373 2235 lii,
400 2179 520 2222 tom.
551 2168 710 2237 LXV,
736 2170 834 2222 col.
866 2168 994 2225 592.

855 2331 1191 2389 EPISTOLA
1234 2325 1319 2386 Ill.

537 2461 605 2500 AD
632 2460 938 2501 ANATOLIUII
965 2461 1227 2502 DIACONUM
1259 2460 1408 2502 URBIS
1436 2460 1616 2501 κοκιε.

295 2560 373 2615 De
400 2560 595 2614 duabus
635 2561 689 2613 in
732 2559 937 2614 Christo
966 2561 1163 2615 naturis
1187 2576 1207 2614 :
1228 2570 1275 2615 et
1301 2563 1434 2630 quod
1465 2576 1600 2614 unus
1626 2559 1681 2613 in
1714 2557 1882 2613 Trini-

619 2640 738 2698 tate,
772 2641 918 2684 natus
940 2648 1218 2701 passusque
1245 2632 1349 2685 dici
1379 2634 1555 2701 possit.

367 2766 421 2819 1.
461 2764 587 2820 Post
612 2765 898 2835 epistolam
928 2764 1067 2819 beati
1100 2780 1251 2835 papa:
1298 2763 1514 2834 Leonis,
1555 2772 1610 2819 et
1648 2762 1884 2819 salubria

294 2853 750 2910 Chalcedonensis
787 2854 1007 2910 decreta
1045 2856 1281 2921 concilii,
1314 2870 1501 2911 sancte
1530 2858 1694 2911 frater
1743 2858 1887 2910 Ana-

295 2947 416 3009 toli,
445 2962 551 3001 non
583 2947 785 3018 indiget
819 2947 1133 3019 Eutychetis
1163 2947 1309 3015 .olim
1357 2946 1610 3002 damnata
1660 2947 1885 3018 perﬁdia

295 3040 537 3108 pteniore
584 3038 949 3108 diSputatibne
992 3039 1261 3094 convinci.
1316 3038 1573 3109 Sepultus
1627 3054 1756 3110 ergo
1800 3038 1887 3111 ja-

294 3146 416 3191 ceat
445 3135 496 3190 in
519 3137 792 3191 cineribus
820 3137 932 3191 suis
963 3135 1206 3191 nefanda:
1231 3137 1502 3193 hatreseos
1526 3137 1779 3207 profanus
1800 3136 1887 3191 in-

297 3239 509 3283 ventor.
543 3228 724 3283 Semel
756 3227 910 3283 illum
959 3226 1184 3283 fulmine
1230 3228 1589 3282 anathematis
1639 3227 1885 3297 judican-

1989 640 2291 694 stantialetn
2326 641 2516 697 Filium
2548 646 2703 699 matri
2763 646 2919 702 fateri
2973 650 3219 718 nolebat;
3263 661 3317 709 et
3362 667 3589 727 proptel

1991 730 2092 787 hoc
2118 735 2368 790 saucians
2389 738 2672 793 catholica:
2698 741 2919 795 unitatis
2956 742 3343 813 integritatem,
3385 752 3577 805 retorti

1990 826 2264 879 mucronis
2310 825 2508 897 impetu
2542 830 2723 895 noxio,
2754 830 2915 887 Verbi
2963 833 3227 892 incarnati
3275 837 3406 894 duas
3451 842 3578 898 sob-

1987 916 2212 971 stantias
2241 918 2462 974 credere
2510 919 2788 991 dubitans,
2838 939 2997 978 uuam
3047 928 3257 994 penitus
3298 927 3580 987 abscinde-

1992 1009 2100 1064 bat.
2131 1011 2236 1066 Sed
2265 1011 2354 1067 ille
2382 1015 2471 1081 qui
2501 1028 2595 1081 per
2619 1030 2765 1068 arma
2789 1014 3015 1085 iustitiae
3044 1017 3233 1073 dextra
3260 1028 3317 1075 et
3358 1021 3579 1079 sinistra

1991 1115 2189 1173 pugnat
2234 1105 2287 1160 in
2324 1107 2457 1171 suis,
2490 1122 2647 1160 unam
2674 1108 2892 1177 quidem
2938 1111 3262 1165 sententiam
3310 1112 3576 1170 iethaliter

1988 1200 2286 1252 nocituram
2316 1200 2572 1255 continuo
2597 1201 2799 1256 viribus
2820 1211 3131 1259 evacuatatn
3159 1205 3234 1259 sic
3254 1204 3575 1273 debilitavit,

1989 1301 2046 1345 ut
2075 1293 2159 1346 vix
2186 1293 2416 1362 aliquem
2451 1296 2611 1350 modo
2636 1297 2874 1367 reperire
2908 1299 3104 1367 possis,
3136 1300 3225 1369 qui
3260 1315 3454 1372 negare
3482 1316 3575 1356 au-

1987 1381 2113 1437 deat
2141 1382 2366 1437 Domino
2410 1383 2536 1439 Jesn
2568 1385 2784 1441 Christo
2815 1389 3041 1443 materni
3090 1392 3336 1456 corporis
3381 1392 3576 1448 verita-

1990 1483 2120 1530 tem.
2150 1472 2414 1529 Plurimos
2444 1491 2574 1531 vero
2619 1492 2859 1546 persona:
2905 1480 3063 1534 unius
3114 1481 3453 1551 singularitas
3506 1482 3579 1539 ab

1987 1567 2240 1633 Opinione
2294 1567 2520 1624 duarum
2588 1571 3007 1627 substantiarum
3069 1580 3232 1628 terret
3309 1574 3575 1630 incautos.

1990 1656 2239 1726 Utrisque
2269 1670 2446 1711 tamen
2472 1674 2568 1713 nos
2593 1661 3068 1729 propositionibus,
3090 1678 3157 1718 ne
3180 1666 3575 1734 contempsisse

1986 1760 2219 1802 vestrum
2252 1749 2526 1805 videamur
2556 1752 2862 1821 imperitnn,
2910 1755 3337 1824 respondemus;
3380 1768 3435 1812 et
3481 1772 3574 1814 se-

1986 1851 2213 1910 quentes
2241 1842 2479 1912 reguiam
2526 1844 2764 1915 Patrum,
2811 1845 2907 1899 tibi
2941 1861 3152 1918 quoque
3183 1849 3463 1906 notissima
3498 1851 3572 1905 lo-

1914 1936 1958 1996 Β
1989 1950 2215 2005 quemur
2237 1936 2511 2006 intrepidi.

2056 2045 2112 2099 2.
2156 2047 2299 2101 Bene
2338 2048 2485 2103 enim
2525 2047 2766 2116 peritiam
2801 2054 2942 2104 tuam
2975 2065 3135 2107 nosse
3172 2051 3408 2122 confido,
3441 2070 3573 2125 quo-

1987 2138 2128 2193 niam
2158 2139 2227 2204 si,
2261 2138 2555 2193 secundum
2586 2140 2730 2209 quod
2764 2140 3050 2197 bzereticus
3088 2143 3288 2212 sapuit,
3337 2143 3450 2199 imo
3480 2162 3575 2214 po-

1988 2230 2094 2283 tius
2135 2229 2384 2297 desipuit,
2416 2244 2543 2284 caro
2577 2231 2733 2286 Verbi
2780 2233 2874 2288 Dei
2915 2235 3211 2289 secundum
3236 2251 3451 2292 carnem
3485 2254 3574 2292 na-

1986 2322 2187 2376 scentis
2214 2336 2242 2375 a
2272 2336 2433 2375 carne
2463 2321 2693 2391 Virginis
2726 2324 3103 2392 pronuntiatur
3131 2337 3412 2395 extranea,
3459 2328 3577 2385 sine

1890 2442 1896 2451 ι
1987 2425 2143 2465 causa
2187 2410 2357 2464 Filius
2409 2410 2525 2477 Dei,
2576 2411 2735 2466 etiam
2766 2412 2907 2467 ﬁlius
2951 2415 3180 2471 hominis
3217 2418 3391 2474 factus
3429 2435 3575 2475 asse-

1986 2503 2141 2559 ritur.
2169 2504 2450 2572 Quomodo
2478 2504 2620 2559 cnim
2650 2506 2963 2562 naturaliter
3004 2508 3150 2564 ﬁlius
3188 2521 3271 2564 est
3316 2509 3573 2581 hominis,

1986 2596 2073 2665 qui
2096 2596 2356 2664 originem
2405 2612 2510 2651 non
2558 2596 2719 2652 habet
2748 2614 2813 2655 ex
2870 2598 3131 2654 homine?
3180 2599 3392 2656 Nullam
3446 2618 3575 2657 vero

1987 2687 2247 2757 originem
2294 2687 2456 2743 habet.
2485 2703 2551 2742 ex
2602 2689 2845 2756 homine,
2892 2690 2940 2746 si
2984 2702 3278 2761 conceptus
3323 2693 3375 2748 in
3422 2705 3576 2748 utero

1986 2782 2233 2853 virginali
2277 2797 2490 2838 carnem
2524 2798 2630 2836 non
2660 2784 2822 2837 traxit
2862 2800 2926 2839 ex
2958 2786 3158 2841 cirne?
3187 2783 3413 2841 Constat
3442 2803 3567 2843 eum

1989 2873 2104 2930 sine
2133 2876 2338 2929 semine
2367 2875 2531 2945 patris
2557 2886 2793 2931 materna
2824 2876 3031 2932 viscera
3074 2877 3424 2946 fecundasse;
3474 2880 3573 2935 scd

1988 2970 2159 3042 qualis
2187 2970 2291 3025 erit
2332 2969 2514 3024 Maria:
2547 2967 2863 3033 fecunditas,
2907 2969 2954 3024 si
3003 2986 3105 3025 non
3137 2972 3210 3026 sit
3237 2987 3300 3026 ex
3331 2972 3421 3028 illa
3454 2988 3575 3043 quas

1990 3080 2086 3134 per
2125 3078 2245 3119 eam
2279 3062 2517 3116 nascitur
2558 3062 2721 3117 caro?
2762 3060 2978 3115 Verbum
3022 3078 3142 3118 caro
3173 3067 3361 3132 factum
3400 3072 3497 3135 est,
3526 3076 3573 3120 et

1987 3155 2232 3210 habitavit
2257 3154 2309 3209 in
2334 3154 2498 3222 nobis,
2549 3153 2784 3209 Joannes
2809 3153 2937 3208 dicit
2968 3155 3294 3224 evangelista
3334 3154 3486 3227 (Cap.
3520 3171 3565 3223 ι,

1988 3268 2038 3307 υ.
2073 3250 2183 3322 il).
2209 3249 2417 3319 Quaeris
2443 3247 2584 3304 unde
2616 3247 2811 3304 factum
2843 3256 2924 3303 est
2952 3248 3114 3303 caro?
3158 3248 3351 3305 Beatus
3381 3249 3576 3304 Paulus

297 3320 430 3415 tiu")
477 3319 817 3415 sacerdmflm
868 3319 1135 3415 percussu
1193 3319 1526 3415 aPcFWimsi
1570 3319 1699 3415 (19Ῐᾴ
1748 3335 1883 3415 Vp“?
1913 3312 1959 3374 Ο
1994 3312 2323 3415 inquisitioni
2373 3350 2476 3397 tua:
2518 3340 2878 3409 respondeat:
2927 3337 3212 3411 Postquam
3252 3341 3380 3394 venit
3411 3338 3579 3409 pleni~

296 3420 382 3464 est
407 3411 602 3466 iterum
648 3410 878 3466 cadaver
916 3412 1165 3467 exanime
1197 3410 1375 3482 gladio
1415 3411 1657 3467 veritatis
1688 3411 1885 3466 infici?

296 3502 606 3559 Doctrinam
636 3503 796 3559 simul
827 3514 1099 3559 carentem
1137 3506 1340 3561 lumine
1383 3519 1439 3558 ra
1468 3504 1607 3559 ionis
1638 3503 1886 3574 perpetui

299 3596 499 3650 silentii
556 3610 742 3651 carcer
793 3595 1108 3651 abscondat.
1154 3595 1426 3652 Interdum
1477 3595 1707 3666 pessima
1753 3594 1888 3667 dog-

297 3695 473 3751 mata,
508 3687 635 3741 dum
686 3687 838 3758 quasi
875 3688 1229 3759 expugnanda
1279 3686 1644 3758 proferuntur,
1674 3700 1887 3741 veneno

297 3780 558 3851 pestifero
595 3780 923 3848 simplicium
982 3782 1146 3839 corda
1192 3781 1529 3850 perturbant.
1575 3778 1758 3836 Satius
1802 3787 1885 3835 est

296 3873 400 3928 ista
432 3873 663 3940 nescire,
690 3873 961 3942 ﬁdemque
981 3873 1304 3929 catholicam
1339 3874 1618 3945 supplosis
1646 3872 1887 3941 profanis

296 3965 627 4020 novitatibus
677 3965 1045 4021 inviolabilem
1084 3966 1358 4022 custodire
1390 3984 1405 4021 :
1450 3966 1795 4022 manentibus
1830 3966 1884 4021 in

296 4057 521 4127 pristina
554 4057 803 4114 ﬁrmitate
834 4074 953 4129 quas
975 4068 1098 4114 sunt
1135 4041 1304 4114 etiam
1340 4058 1693 4131 synodalibus
1718 4058 1883 4114 rubo-

296 4159 407 4204 rata
448 4149 872 4207 deﬁnitionibus.
904 4154 1010 4207 Aut
1040 4151 1086 4208 si
1120 4153 1289 4223 magis
1320 4151 1685 4207 necessarium
1730 4160 1884 4217 putas

294 4242 674 4299 hzcreticorum
744 4245 1026 4301 mendacia
1092 4259 1307 4315 semper
1363 4244 1587 4312 refelli,
1648 4243 1883 4313 linguam

295 4350 470 4390 meam
499 4336 759 4406 jussionis
784 4326 890 4393 tua:
920 4339 1166 4393 clavibus
1188 4339 1336 4405 aperi
1362 4337 1684 4402 :featinabo,
1713 4351 1886 4406 quan-

297 4439 406 4485 tum
438 4432 607 4501 gratia
640 4445 799 4499 posse
829 4430 1133 4497 donaverit,
1174 4431 1397 4486 obedire
1428 4430 1667 4486 suaviter
1712 4431 1885 4499 impe-

294 4523 458 4576 ranti.
510 4521 695 4577 Prwbe
731 4520 1014 4576 dexteram
1061 4521 1189 4576 boni
1245 4519 1464 4586 favoris,
1519 4529 1573 4575 et
1623 4520 1883 4575 orationis

294 4624 448 4667 scuto
497 4612 695 4667 nudum
742 4621 1029 4682 protegens
1073 4623 1280 4681 pectus,
1340 4615 1394 4666 in
1426 4627 1675 4680 campum
1725 4611 1879 4667 liberi

1990 3438 2116 3492 tudo
2160 3438 2421 3505 temporis,
2470 3436 2607 3488 misit
2648 3432 2788 3490 Deus
2836 3430 3035 3487 Filium
3082 3450 3233 3488 suum
3281 3434 3473 3502 factum
3516 3450 3582 3489 ea:

1960 3534 1961 3537 ‘
1990 3529 2202 3583 muliere
2226 3527 2368 3596 (Gal.
2402 3541 2479 3592 tv,
2504 3525 2585 3596 4).
2637 3524 2828 3581 Filium
2879 3539 3008 3594 ergo
3036 3541 3192 3580 suum
3234 3526 3378 3580 misit
3413 3525 3575 3591 Deus,

1989 3620 2043 3676 id
2074 3629 2177 3685 est,
2210 3618 2440 3673 Verbum
2473 3633 2627 3673 suum
2658 3633 2875 3672 carnem
2908 3617 3036 3673 fecit
3067 3618 3238 3684 Deus;
3271 3620 3365 3674 sed
3397 3618 3578 3674 unde?

1989 3713 2070 3768 Ex
2123 3713 2367 3766 muliere.
2416 3711 2470 3765 Si
2502 3712 2685 3781 igitur
2729 3726 2795 3766 ex
2832 3710 3056 3767 muliere
3083 3710 3319 3767 Verbum
3347 3728 3473 3768 caro
3500 3712 3578 3768 fa-

1988 3817 2131 3862 ctum
2173 3814 2281 3871 est,
2332 3820 2461 3861 caro
2506 3804 2667 3860 Verbi
2712 3804 3076 3863 indubitanter
3118 3814 3329 3876 sumpta
3382 3814 3465 3862 est
3506 3805 3577 3863 de

1988 3897 2237 3953 muliere.
2265 3896 2451 3951 Mulier
2481 3896 2571 3951 hic
2608 3911 2823 3965 semper
2837 3895 2997 3965 Virgo
3028 3896 3215 3963 Maria,
3263 3912 3424 3953 sexus
3472 3912 3576 3953 no-

1987 3988 2133 4043 mine
2177 3987 2372 4044 mulier
2420 3996 2780 4056 nuncupatur,
2820 4002 2942 4055 qua:
2987 3997 3269 4057 propterea
3300 3987 3449 4043 salvo
3480 4002 3578 4057 pu-

1986 4079 2121 4135 dore
2145 4079 2390 4149 concepit
2418 4089 2472 4134 et
2504 4079 2709 4148 peperit
2732 4078 2921 4143 Deum,
2951 4079 3075 4149 quia
3109 4080 3176 4134 de
3206 4094 3267 4134 ea
3291 4079 3575 4135 veritatem

1986 4172 2165 4227 carnis
2196 4172 2335 4226 Deus
2377 4170 2540 4225 homo
2567 4170 2735 4225 factus
2761 4170 2990 4239 accepit.
3038 4170 3290 4240 Alioquin
3337 4170 3385 4226 si
3416 4169 3580 4226 fabri-

1986 4263 2127 4318 cavit
2155 4263 2258 4317 sibi
2280 4263 2503 4317 Creator
2525 4263 2786 4318 creandus
2819 4264 2945 4318 novi
2973 4265 3186 4334 generis
3214 4278 3456 4330 carnem,
3486 4264 3575 4321 vel

1986 4372 2051 4412 ex
2082 4355 2269 4419 nihilo,
2320 4356 2404 4410 vel
2440 4355 2583 4410 unde
2626 4356 2811 4422 voluit,
2864 4371 3124 4426 apparere
3170 4356 3349 4413 subito
3390 4357 3579 4413 debuit

1986 4447 2155 4503 oculis
2206 4446 2530 4512 mortalium,
2567 4454 2593 4482 ι
2624 4460 2783 4516 quam
2820 4445 3008 4501 decem
3040 4448 3320 4505 mensibus
3348 4449 3580 4507 tolerare

1989 4538 2135 4607 parvi
2169 4537 2373 4592 ventris
2418 4537 2732 4607 hospitium,
2767 4537 2920 4607 cujus
2948 4538 3304 4608 magnitudini
3337 4557 3446 4597 non
3467 4541 3582 4598 suf-

1994 4627 2103 4682 ﬁcit
2133 4627 2353 4684 ccelutn.
2405 4627 2543 4693 Quid
2604 4630 2966 4684 necessarium
3017 4629 3192 4685 fuerat
3240 4643 3298 4688 ut
3345 4632 3572 4704 Ioseph,

293 4703 608 4759 “ﬂammis
634 4718 867 4767 mecum,
900 4719 942 4758 ³³
979 4704 1049 4758 ila
1094 4704 1291 4773 Place"
1347 4702 1604 4773 egredere
1644 4718 1658 4757 ³
1695 4714 1882 4796 “om”
1913 4697 1966 4757 D
1991 4738 2225 4793 Sponsus
2255 4721 2447 4788 ﬁdelis,
2480 4722 2667 4777 videns
2693 4724 2976 4793 conjugem
3018 4726 3399 4792 castissimant,
3430 4727 3583 4796 prius

295 4799 441 4853 acies
487 4798 703 4868 impias,
736 4811 923 4852 eorum
956 4798 1064 4867 qui.
1087 4798 1230 4853 male
1268 4797 1434 4851 occisi
1466 4805 1732 4851 conantur
1780 4794 1885 4851 ha:-

293 4891 573 4947 rcditatem
600 4889 878 4945 vindicare
907 4888 1249 4957 damnosam,
1297 4890 1416 4945 sine
1461 4888 1645 4943 labare
1678 4902 1884 4959 pugna-

294 4982 458 5037 bitur.
493 4983 600 5037 Nec
625 4997 771 5036 arma
819 4993 944 5035 sunt
984 4981 1063 5035 eis
1098 4998 1257 5049 nova,
1304 4996 1403 5036 nec
1450 4988 1646 5034 castra.
1700 4980 1880 5035 Muros

293 5078 604 5145 apostolica:
639 5076 1037 5147 praedicationis
1086 5077 1191 5131 illis
1223 5077 1412 5131 volunt
1455 5077 1631 5131 adhuc
1661 5076 1884 5145 Spiculis

294 5168 590 5231 debellare,
620 5184 743 5235 quae
775 5166 997 5236 signifer
1043 5166 1420 5222 haereticorum
1449 5168 1679 5237 jactavit
1712 5167 1885 5221 inani-

297 5267 394 5311 ter.
430 5258 609 5327 praeda
641 5258 813 5314 factus
837 5257 1143 5312 volatilibus
1170 5260 1315 5312 cceli.
1350 5257 1466 5310 Duo
1488 5268 1691 5323 autem,
1716 5273 1887 5327 quan-

295 5359 407 5403 tum
459 5349 709 5419 legimus,
764 5350 969 5405 erroris
1015 5349 1099 5403 sui
1145 5350 1246 5403 tela
1298 5349 1542 5418 portabat
1587 5350 1879 5421 Eutychos,

295 5442 438 5497 unde
463 5454 753 5497 exeuntem
784 5445 855 5499 de
883 5443 1156 5499 dominico
1210 5443 1377 5497 latere
1425 5454 1678 5515 tanquam
1727 5445 1883 5514 perfi-

294 5532 392 5585 dus
439 5533 596 5587 miles
645 5534 927 5589 vulnerare
978 5535 1229 5603 cupiebat
1282 5534 1609 5588 Ecclesiam.
1669 5534 1885 5604 Negans

294 5626 439 5679 enim
479 5622 699 5678 Mariam
728 5640 941 5694 semper
972 5627 1085 5695 virg
1113 5642 1232 5679 nem
1274 5622 1445 5679 sancti
1482 5626 1718 5695 Spiritus
1749 5642 1883 5694 ope-

297 5723 451 5771 rante
476 5717 695 5788 virtute,
727 5719 998 5774 nascituro
1019 5735 1082 5775 ex
1108 5719 1356 5775 humanis
1379 5719 1673 5774 visceribus
1699 5721 1883 5789 unige-

1992 4830 2153 4885 quam
2204 4814 2585 4881 convenirent,
2635 4814 2773 4870 efﬁci
2820 4815 3163 4884 genitricem,
3217 4818 3582 4887 suspicaretur

1993 4910 2337 4975 adulterium,
2365 4910 2488 4979 quia
2545 4908 2819 4965 nesciebat
2871 4910 3046 4964 adhuc
3102 4908 3324 4965 calcate
3382 4918 3583 4980 myste-

1994 5003 2166 5058 rium?
2190 5003 2363 5057 Fieret
2380 5001 2683 5072 unigenitus
2704 5003 2844 5057 Deus
2870 5002 3031 5056 homo
3054 5004 3195 5058 sicut
3218 5004 3335 5060 sine
3366 5004 3583 5061 homine

1992 5107 2165 5161 patre,
2208 5096 2277 5147 ita
2310 5096 2426 5147 sine
2463 5101 2655 5156 matre,
2712 5094 2754 5146 si
2788 5093 2917 5147 nihil
2947 5094 2995 5147 ei
3049 5094 3421 5165 accipiendum
3477 5096 3577 5152 fuit

1989 5201 2054 5240 ex
2086 5196 2276 5240 matre.
2310 5185 2531 5240 Veniret
2553 5185 2617 5237 ad
2653 5184 2788 5239 filios
2813 5184 3087 5239 hominum
3119 5187 3317 5241 nullius
3347 5187 3578 5243 hominis

1992 5277 2155 5339 filius,
2186 5278 2232 5331 si
2264 5276 2393 5330 nihil
2428 5278 2710 5330 habiturus
2758 5283 2903 5330 esset
2940 5289 3229 5331 commune
3276 5291 3397 5331 cum
3454 5276 3580 5334 filiis

1990 5372 2289 5427 hominum.
2325 5370 2605 5440 chuguat
2637 5371 2800 5427 nimis
2854 5372 2952 5425 ista
2992 5370 3281 5434 sententia,
3338 5369 3577 5427 veritatis

1992 5465 2162 5534 pudor
2200 5462 2455 5531 opprimit
2485 5463 2917 5517 considerantem
2963 5461 3180 5516 diutius.
3214 5460 3375 5531 Virgo
3405 5462 3575 5517 ﬁlium

1990 5565 2210 5626 generat
2240 5552 2557 5607 mirantibus
2598 5553 2876 5619 onmibus,
2908 5561 2963 5608 et
3013 5552 3215 5608 sterilia
3252 5552 3584 5611 remansisse

1993 5658 2245 5718 putantur
2274 5647 2476 5700 viscera
2516 5648 2847 5715 generantis,
2905 5647 3029 5716 quia
3090 5646 3218 5701 nihil
3260 5661 3325 5701 ex
3368 5660 3426 5701 se
3459 5661 3585 5715 pro-

1991 5739 2221 5794 fundunt
2248 5742 2298 5792 in
2332 5737 2569 5791 membra
2621 5737 2929 5793 nascentis?
2984 5737 3153 5795 Terra
3186 5737 3380 5795 herbas
3413 5752 3580 5810 μηδ’

365 5920 389 5949 ⁸
434 5915 534 5975 llic
558 5916 1059 5991 subintelligendum
1089 5929 1170 5978 est
1200 5923 1389 5993 potius.
1425 5930 1479 5977 ut
1505 5919 1703 5992 passim
1727 5920 1867 5989 apud
1899 5918 2148 5992 antiquos
2181 5915 2495 5988 scriptores.
