4094 6482
518 303 612 361 891

1418 300 1789 360 FULGENTII
1832 296 2189 356 FERRANDI
2227 296 2499 356 DlACONl
2537 300 2889 359 CARTIIAG.

3736 309 3859 369 892

519 426 606 472 rat
646 417 1013 483 insensibiles,
1068 415 1360 487 nullusque
1390 416 1470 473 eis
1524 426 1685 489 negat
1737 424 1967 471 terrente
2004 412 2130 469 sub-
2156 414 2206 473 A
2236 428 2326 481 per
2350 412 2517 468 Deum
2543 416 2657 469 caeli
2690 414 3007 486 (Gemutv,
3035 414 3116 488 ἓ).
3141 415 3352 473 Diceret
3396 418 3577 491 utique
3611 419 3861 493 :Tange

519 514 734 567 stantia:
765 512 1078 582 qualitatem
1110 528 1124 563 :
1160 511 1327 566 Maria
1355 510 1552 567 Filium
1605 512 1698 567 Dei
1748 510 2008 580 concipit,
2040 509 2129 563 Fi-

520 601 651 659 lium
680 602 773 658 Dei
806 604 967 671 parit.
994 612 1051 658 et
1080 602 1132 656 in
1163 616 1228 657 eo
1255 617 1362 658 non
1388 602 1635 674 agnoscit
1670 619 1782 657 suae
1811 600 2128 658 substantia:

522 695 940 763 proprietatem?
969 694 1332 751 Tolerabilius
1358 698 1601 766 profecto
1649 711 1877 767 peccare
1917 694 2129 765 judica—

520 787 685 855 bitur,
718 787 857 857 quod
890 787 1181 844 Dominum
1231 788 1413 844 .lesum
1456 787 1730 842 Christum
1779 788 1915 843 nihil
1965 802 2126 843 acce-

520 878 667 949 pisse
697 881 980 949 snspicans
1001 880 1070 937 de
1099 880 1287 945 Maria,
1317 890 1458 937 tacet
1486 882 1648 936 etiam
1682 894 1902 946 natum;
1931 881 2130 936 nativi-

520 972 616 1024 tati
643 971 789 1026 enim
823 987 1069 1044 magnam
1104 972 1230 1027 facit
1278 971 1529 1042 injuriam
1551 1017 1566 1041 ,
1603 973 1849 1043 quisquis
1891 972 2127 1042 aliquam

522 1062 651 1118 facit
690 1063 830 1119 inter
857 1063 1221 1119 substantiam
1265 1064 1536 1136 gignentis
1584 1073 1640 1127 et
1669 1064 1835 1133 geniti
1866 1061 2126 1118 differen-

523 1154 688 1223 tiam;
754 1157 1123 1228 redarguente
1199 1157 1339 1212 hanc
1396 1158 1683 1226 pessimam
1742 1155 2127 1226 blasphemiam

522 1246 756 1303 Doctore
784 1249 1050 1317 gentium,
1086 1251 1177 1307 ubi
1206 1265 1351 1309 verte
1383 1251 1508 1306 ﬁdei
1541 1252 1700 1306 titulo
1721 1251 1953 1306 clariore
1980 1250 2131 1321 prin-

520 1340 658 1408 cipia
686 1341 942 1411 Epistolas
967 1343 1276 1401 decoranda
1318 1360 1679 1416 cognoscens,
1732 1345 1835 1402 hoc
1874 1359 2133 1403 sermone

519 1433 688 1498 euenit
714 1433 990 1491 ardiﬁcare
1022 1436 1332 1493 Romanos:
1366 1436 1570 1492 Paulus
1603 1455 1778 1494 seruus
1818 1437 1948 1493 Jesu
1971 1438 2124 1493 Clari-

522 1527 612 1591 sti,
643 1538 853 1583 vocatus
881 1531 1169 1599 apostolus,
1200 1542 1501 1603 segregatus
1550 1532 1604 1586 in
1635 1529 1983 1603 Evangetium
2013 1530 2131 1598 Dei,

521 1617 659 1688 quod
685 1630 803 1673 ante
831 1622 1134 1690 promiserat
1167 1638 1259 1693 per
1287 1623 1567 1691 prophetas
1591 1640 1715 1678 suos
1745 1624 1801 1677 in
1842 1620 2132 1694 Scripturis

521 1709 712 1762 sanctis
733 1711 796 1764 de
819 1709 962 1765 Filio
993 1729 1109 1777 suo,
1139 1714 1229 1783 qui
1266 1714 1435 1784 factus
1457 1724 1532 1769 est
1560 1716 1608 1769 ei
1653 1732 1716 1769 ea:
1741 1716 1936 1769 semine
1963 1714 2134 1769 David

2232 513 2419 573 pectus
2491 521 2670 560 meum
2726 497 3141 577 cogitationibus
3189 509 3396 565 sanctis
3451 512 3857 580 splendidum;

2231 603 2388 665 tange
2419 610 2608 650 manus
2634 597 2956 652 innocentiae
2980 597 3103 652 dote
3133 598 3461 669 locupletes;
3489 610 3649 673 tange
3677 614 3859 673 caput

2231 686 2427 741 nullius
2458 687 2749 742 obnoxium
2781 689 3046 745 criminis.
3076 690 3185 745 Cur
3231 692 3544 751 honestiora
3590 697 3857 752 membra

2231 781 2735 847 praetermittuntur,
2764 791 2819 837 et
2847 782 2948 837 sub
2967 784 3082 838 solo
3104 783 3314 841 femore
3329 786 3613 857 juraturus
3637 805 3856 857 ponere

2230 872 2574 939 compellitur
2604 875 2862 929 manum?
2884 877 3131 946 Magnum
3163 877 3364 949 aliquid
3391 880 3444 935 in
3474 880 3577 937 hoc
3627 881 3855 939 femore

2230 960 2430 1017 latebat
2460 979 2474 1019 :
2509 978 2634 1018 caro
2661 964 2857 1035 quippe
2882 963 3079 1021 Christi
3128 968 3201 1023 ibi
3243 969 3465 1037 latebat,
3498 988 3621 1042 qua:
3657 972 3854 1029 fuerat

2230 1069 2295 1111 es
2327 1056 2449 1124 ejus
2480 1059 2779 1128 propagine
2806 1059 3098 1116 nascitura.
3132 1060 3425 1133 Propterea
3457 1074 3603 1122 tacto
3632 1067 3855 1124 femore

2233 1148 2487 1203 terribilis
2510 1150 2780 1217 profertur
2791 1150 2995 1223 juratie
3023 1169 3117 1223 per
3147 1154 3316 1211 Deum
3349 1157 3509 1213 coeli:
3539 1158 3671 1229 quia
3703 1159 3853 1215 Deus

2231 1241 2351 1296 caeli
2372 1251 2487 1297 erat
2515 1242 2585 1296 ita
2605 1245 2897 1299 secundum
2922 1261 3137 1301 (struem
3174 1249 3498 1314 nasciturus,
3519 1250 3664 1305 sicut
3686 1252 3853 1306 nasci

2233 1334 2411 1389 solent
2434 1349 2569 1404 quos
2592 1338 2867 1406 generatio
2889 1340 3107 1394 nomine
3134 1339 3356 1396 femoris
3370 1340 3676 1412 signiﬁcata
3710 1358 3852 1399 con-

2235 1424 2435 1481 tormes
2460 1427 2643 1498 utique
2673 1428 2754 1483 his
2784 1429 2853 1484 de
2881 1430 3078 1500 quibus
3102 1430 3402 1487 formantur
3424 1434 3691 1505 assignat.

2303 1515 2359 1575 4.
2403 1517 2545 1574 Caro
2578 1520 2758 1591 itaque
2783 1520 2985 1577 Christi
3014 1522 3083 1578 de
3110 1533 3286 1579 matre
3329 1535 3542 1595 sumpta
3578 1534 3689 1591 est,
3719 1526 3850 1583 ideo

2235 1608 2462 1677 amplius
2479 1624 2605 1665 vera
2631 1621 2749 1677 est;
2783 1615 2878 1668 sed
2909 1614 3066 1683 plane
3085 1625 3270 1669 sancta
3297 1624 3400 1679 est,
3426 1616 3548 1686 quia
3578 1617 3848 1673 divinita-

2238 1701 2305 1754 tis
2334 1700 2668 1757 adunatione
2696 1704 2949 1759 mundata
2988 1714 3090 1761 est.
3117 1705 3173 1761 lu
3200 1720 3366 1763 carne
3407 1709 3609 1763 Christi
3649 1721 3848 1766 natura

522 1802 804 1855 secundum
849 1818 1099 1867 carnem;
1139 1806 1227 1873 qui
1259 1805 1659 1874 praedestinatus
1708 1815 1779 1859 est
1812 1802 1987 1858 Filius
2038 1803 2127 1860 Dei

2240 1798 2325 1844 est
2353 1801 2552 1847 nostra:
2580 1794 2783 1861 carnis,
2814 1796 2909 1851 sed
2954 1812 3062 1853 non
3102 1798 3372 1867 repetitur
3401 1801 3560 1869 culpa
3610 1810 3849 1859 natura.

522 1889 578 1943 in
604 1891 789 1945 virtute
826 1894 1113 1947 secundum
1159 1896 1399 1966 spiritum
1442 1897 1893 1959 sanctiﬁcationis,
1944 1912 2008 1952 ea:
2050 1912 2133 1950 re-

524 1984 838 2039 surrectione
887 1994 1208 2042 mortuorum
1268 1987 1396 2042 Iesu
1448 1988 1644 2044 Christi
1702 1986 1909 2043 Domini
1968 1990 2135 2044 nostri

525 2071 711 2138 (Rom.
744 2090 793 2143 ι,
839 2074 979 2153 1-4).

599 2167 653 2219 5.
720 2165 874 2223 Dicat
927 2183 1068 2225 nunc
1137 2170 1425 2227 haereticus
1483 2173 1759 2242 quomodo
1813 2172 1980 2228 Filius
2035 2175 2132 2231 Dei

526 2257 698 2323 factus
758 2271 843 2316 est
891 2276 959 2319 ex
1024 2263 1232 2320 semine
1288 2265 1453 2320 David
1527 2267 1824 2322 secundum
1886 2283 2127 2324 carnem.

524 2354 726 2422 Joseph
766 2364 915 2411 certe
964 2356 1099 2411 nihil
1132 2359 1421 2415 seminavit
1466 2360 1518 2415 in
1563 2362 1750 2427 Maria,
1801 2362 1886 2417 cui
1936 2362 2133 2420 dicitur

524 2447 595 2500 ab
650 2446 885 2517 angelo:
943 2445 1177 2516 Spiritus
1233 2458 1444 2504 sanctus
1494 2452 1811 2520 superveniet
1860 2452 1917 2506 in
1968 2462 2034 2519 te,
2081 2462 2131 2509 et

522 2536 681 2593 virtus
727 2538 979 2593 Altissimi
1009 2540 1352 2594 obrumbrabit
1401 2541 1511 2594 tibi.
1538 2540 1714 2608 Quare
1740 2541 1994 2598 Christus
2048 2559 2116 2597 ex
2158 2549 2165 2554 ’

524 2632 733 2686 semine
760 2631 927 2686 David
955 2632 1148 2687 iterum
1192 2633 1621 2705 dicituriquare
1652 2636 1743 2690 ille
1776 2648 1945 2697 gnatus
1987 2636 2132 2692 inter

524 2721 770 2778 homines
809 2724 927 2779 sine
965 2724 1201 2780 humano
1249 2726 1479 2794 semine,
1508 2727 1679 2782 factus
1707 2728 1905 2783 dicitur
1927 2744 1992 2784 ex
2036 2744 2127 2783 se-

523 2813 669 2869 mine
704 2813 905 2869 David?
935 2815 1049 2871 Non
1099 2817 1312 2885 leviter,
1343 2834 1517 2889 neque
1572 2820 1937 2890 perfunctorie
1992 2837 2131 2891 prte-

523 2903 810 2962 dicationis
863 2905 1022 2976 hujus
1063 2916 1282 2976 oportet
1323 2910 1675 2966 conxiderare
1707 2912 1987 2967 virtutem.
2012 2912 2125 2969 Me-

528 3008 649 3051 mor
698 2996 895 3067 quippe
948 2997 1239 3067 Apostolus
1282 2999 1546 3057 doctrinae
1588 3016 1701 3058 sure
1749 3003 1999 3060 similiter
2020 3006 2129 3059 alio

522 3100 744 3157 quoque
805 3089 925 3151 loco
972 3088 1317 3147 Timotheum
1371 3093 1751 3150 charissimum
1802 3094 2125 3165 discipulum

2238 1882 2327 1938 Sic
2354 1898 2482 1939 caro
2511 1886 2893 1943 Christi-carni
2924 1889 3106 1945 Mariae
3129 1901 3184 1946 et
3215 1890 3409 1946 similis
3437 1902 3521 1948 est
3540 1933 3558 1959 ,
3584 1904 3643 1949 et
3683 1894 3847 1950 dis.~i-

2237 1976 2379 2032 milis
2413 1978 2645 2035 :similis
2673 2023 2689 2049 ,
2728 1982 2852 2052 quia
2877 1982 3001 2039 inde
3025 1985 3184 2039 traxit
3205 1984 3846 2056 origincm;dissimitis,

2235 2068 2357 2137 quia
2380 2083 2487 2125 non
2515 2070 2641 2127 inde
2663 2073 2934 2128 contraxit
2952 2074 3152 2130 vitiata:
3172 2077 3396 2146 originis
3409 2079 3799 2148 contagionem
3829 2099 3844 2135 :

2234 2158 2447 2225 similis,
2470 2162 2751 2231 quoniam,
2777 2163 2904 2219 licet
2925 2164 3253 2221 voluntarias
3273 2209 3289 2234 ,
3317 2177 3495 2225 tamen
3529 2184 3689 2227 veras
3719 2186 3846 2227 sen-

2234 2248 2306 2304 sit
2335 2249 2717 2320 inﬁrmitates;
2750 2253 3033 2311 dissimilis
3055 2297 3069 2323 ,
3100 2258 3355 2327 quoniam
3394 2259 3573 2315 nullas
3627 2263 3849 2331 penitus

2232 2355 2407 2411 neque
2437 2358 2543 2421 per.
2560 2346 2915 2417 voluntatem,
2948 2363 3122 2423 neque
3162 2365 3259 2422 per
3296 2351 3659 2422 ignorantiam
3686 2369 3847 2413 cont-

2233 2440 2379 2496 misit
2408 2439 2715 2511 iniquitates
2743 2461 2756 2496 :
2785 2444 2994 2511 similis,
3027 2446 3150 2516 quia
3182 2447 3451 2521 passibilis
3480 2452 3849 2517 etmortalis;

2231 2534 2533 2603 dissimilis,
2564 2538 2689 2607 quia
2720 2538 3214 2610 incoinquinahilis,
3238 2550 3294 2596 et
3321 2540 3643 2598 viviﬁcatris
3673 2545 3845 2599 etiam

2232 2638 2569 2685 mortuorum
2600 2649 2611 2684 :
2636 2630 2832 2687 similis
2856 2640 3081 2702 genere,
3107 2631 3388 2688 dissimilis
3417 2633 3617 2689 merito
3645 2652 3661 2689 :
3690 2638 3846 2691 suni-

2232 2722 2298 2777 lis
2328 2725 2532 2793 specie,
2563 2723 2841 2780 dissimilis
2871 2724 3113 2791 virtute:
3141 2725 3358 2791 similis,
3387 2726 3512 2795 quia
3536 2727 3841 2785 similitudo

2230 2827 2315 2871 est
2344 2817 2524 2871 carnis
2574 2819 2820 2885 peccati,
2850 2817 3063 2873 dicente
3102 2818 3364 2888 Apostolo
3422 2836 3435 2872 :
3471 2818 3612 2873 Deus
3642 2820 3837 2875 Filium

2230 2924 2383 2961 suum
2408 2909 2543 2962 misit
2572 2909 2624 2961 in
2650 2909 3044 2963 similitudinem
3073 2910 3245 2963 carnis
3273 2911 3466 2977 peccati
3501 2912 3686 2981 (fiam.
3724 2926 3838 2977 \lll,

2231 3001 2310 3068 '5).
2338 2998 2479 3054 Ecce
2504 3012 2762 3070 quantum
2805 3015 2934 3056 caro
2971 2999 3170 3057 Christi
3209 3002 3430 3057 docetur
3463 3017 3492 3057 a
3524 3002 3692 3057 Maria
3715 3017 3839 3059 catt—

2232 3104 2346 3145 sam
2394 3106 2549 3146 novat
2580 3093 2884 3147 enstentia:
2914 3093 3238 3149 naturaliter
3262 3105 3508 3150 assecuta
3537 3095 3839 3151 secundum

522 3192 707 3235 monet
749 3198 763 3236 :
801 3180 1004 3236 Memor
1032 3192 1170 3249 “to,
1192 3185 1441 3255 inquiens
1461 3226 1476 3250 ,
1519 3184 1705 3241 Iesum
1754 3185 2017 3242 Christum
2039 3204 2122 3244 re-
2147 3184 2196 3248 ο
2227 3181 2630 3237 solemnitatem
2661 3193 2848 3252 partus
2879 3181 3121 3251 humani,
3144 3195 3481 3253 sequestrata
3512 3190 3839 3243 necessitate

522 3274 804 3327 surrexisse
832 3290 863 3327 a
893 3277 1108 3330 mortuis
1134 3293 1195 3331 ea:
1231 3280 1422 3332 semine
1444 3276 1613 3332 Darid
1637 3281 1919 3335 secundant
1951 3280 2124 3338 Evan-

522 3363 715 3434 getium
769 3382 937 3420 meum
967 3365 1055 3439 (11
1086 3367 1225 3423 Tim.
1251 3385 1312 3436 ll,
1345 3370 1421 3441 8).
1452 3370 1583 3438 Quis
1622 3373 1849 3442 proinde
1892 3374 2121 3431 inseruit

522 3456 787 3512 nativitati
829 3458 945 3528 eius
977 3474 1161 3516 semen
1193 3461 1359 3517 David
1392 3464 1444 3517 in
1471 3464 1770 3519 substantia
1814 3465 2125 3522 humanita-

522 3550 629 3606 tis?
662 3550 760 3606 Ubi
784 3555 957 3621 potuit
981 3553 1097 3609 ﬁeri
1126 3554 1192 3609 de
1214 3555 1422 3612 semine
1445 3555 1655 3611 David?
1683 3557 1737 3613 Si
1760 3558 1877 3613 sine
1904 3557 2124 3615 homine

522 3653 684 3698 natus
727 3654 811 3699 est
843 3654 1011 3713 patre,
1045 3662 1147 3715 qua
1196 3648 1402 3703 ratione
1450 3658 1580 3722 ergo
1635 3650 1787 3705 fieret
1817 3666 1885 3707 ex
1916 3652 2126 3710 semine

522 3730 712 3804 David,
746 3737 846 3790 nisi
890 3752 1109 3794 carnem
1160 3739 1487 3809 suscepisset
1518 3756 1584 3797 ex
1613 3750 1786 3797 matre
1806 3758 1927 3813 quae
1959 3745 2125 3814 perti-

520 3826 683 3882 nebat
703 3827 769 3881 ad
796 3843 981 3884 semen
1008 3829 1212 3885 David?
1232 3831 1307 3886 De
1330 3831 1538 3886 semine
1566 3833 1709 3885 enim
1738 3832 1904 3887 David
1930 3833 2119 3899 Maria,

521 3927 578 3973 et
630 3919 697 3973 de
736 3932 901 3976 carne
954 3921 1135 3976 Mariae
1175 3921 1456 3989 Christus;
1490 3923 1737 3991 quamvis
1767 3925 1886 3979 sine
1913 3925 2123 3982 semine

522 4011 776 4078 maritali,
810 4021 989 4069 tamen
1016 4027 1137 4069 cum
1165 4015 1493 4085 proprietate
1518 4024 1743 4071 naturtn.
1765 4016 1990 4086 Propter
2020 4017 2123 4074 hoc

520 4104 804 4161 Psalmista
836 4114 1019 4162 cantat
1057 4109 1378 4180 prephetico
1425 4109 1613 4179 spiritu
1647 4128 1659 4163 :
1690 4106 1941 4164 Dominus
1983 4111 2125 4165 dabit

520 4198 921 4270 benignitatem,
978 4209 1027 4255 et
1092 4208 1229 4256 terra
1283 4210 1459 4256 nostra
1508 4200 1647 4257 dabit
1699 4203 1928 4272 fructum
1971 4218 2124 4258 suum

520 4286 695 4363 (Psal.
716 4292 960 4358 Lxxx1v,l
974 4291 1050 4365 ⁸5),
1065 4293 1187 4363 quia
1210 4293 1262 4348 in
1286 4294 1565 4349 manifesta
1580 4293 1761 4349 carnis
1772 4309 1800 4348 a
1818 4308 1878 4350 se
1890 4304 2123 4365 acceptas

521 4385 846 4453 substantia,
878 4388 1045 4444 Maria
1097 4389 1284 4459 genuit
1338 4388 1624 4444 Dominum
1681 4405 1862 4444 suum.
1890 4388 2023 4444 Nam
2077 4389 2122 4444 si

520 4474 738 4531 aliunde
766 4491 893 4532 caro
929 4478 1128 4533 Christi
1162 4489 1498 4545 nasceretur,
1534 4490 1697 4547 terra,
1729 4483 1781 4536 id
1807 4490 1891 4538 est
1921 4481 2115 4551 Maria,

2225 3273 2544 3331 concubitus
2572 3274 2853 3342 maritalis,
2876 3282 2935 3329 ut
2961 3291 3070 3330 non
3093 3276 3165 3330 sit
3188 3277 3405 3343 quidem
3432 3292 3562 3333 caro
3598 3281 3836 3349 peccati,

2227 3367 2349 3436 quia
2377 3379 2507 3419 caro
2527 3375 2610 3420 est
2631 3365 2757 3432 Dei;
2787 3365 2857 3420 sit
2887 3376 3067 3422 tamen
3089 3366 3381 3423 similitudo
3395 3368 3574 3423 carnis
3601 3373 3836 3438 peccati,

2228 3456 2352 3524 quia
2382 3455 2651 3511 veraciter
2701 3464 2823 3510 nata
2875 3466 2957 3511 est
3012 3456 3081 3512 de
3134 3473 3298 3514 carne
3346 3459 3556 3515 mortali
3595 3477 3606 3513 :
3640 3462 3837 3517 merito

2228 3544 2390 3602 etiam
2420 3548 2696 3615 mortalis,
2726 3542 2848 3618 quia
2880 3549 3160 3604 materiam
3194 3551 3353 3604 traxit
3393 3551 3460 3605 de
3486 3566 3658 3609 carne
3687 3570 3839 3608 mor-

2231 3640 2346 3693 tali.
2376 3640 2433 3694 In
2462 3654 2629 3695 carne
2656 3639 2799 3694 enim
2839 3656 2943 3694 non
2995 3639 3242 3696 habentis
3279 3641 3499 3697 omnino
3531 3653 3839 3711 peccatum,

2231 3747 2328 3800 per
2354 3748 2514 3803 quam
2559 3732 2780 3802 januam
2825 3731 3127 3787 voluntaria
3152 3746 3297 3788 mors
3326 3733 3601 3802 introiret,
3640 3734 3747 3790 1ιὶδί
3775 3738 3840 3793 de

2227 3838 2390 3879 carne
2418 3824 2535 3895 ejus
2569 3834 2885 3880 nasceretur
2932 3825 3019 3879 cui
3057 3826 3228 3894 potuit
3256 3826 3431 3881 inesse
3464 3838 3756 3896 peccatum
3788 3838 3842 3885 et

2230 3930 2324 3985 per
2356 3923 2636 3984 peceatum
2671 3913 3098 3970 mors?-P|cnius
3128 3916 3227 3971 hoc
3258 3904 3454 3972 lucidis
3487 3919 3841 3975 sermonibus

2228 4009 2583 4078 explicemus.
2615 4006 2756 4065 Caro
2779 4007 2976 4065 Christi
3032 4026 3139 4066 non
3184 4018 3303 4064 erat
3348 4011 3405 4065 in
3448 4012 3843 4082 iniquitatibus

2227 4112 2491 4171 concepta
2523 4120 2537 4155 ;
2570 4111 2789 4171 prepter
2817 4101 2943 4172 quid
2980 4117 3108 4172 ergo
3132 4103 3497 4160 conditionem
3531 4106 3729 4163 mortis
3759 4109 3835 4162 vi-

2227 4191 2385 4249 detur
2412 4194 2670 4265 experta?
2693 4193 2970 4249 Manifeste
2992 4196 3209 4262 scimus,
3234 4211 3341 4252 non
3369 4197 3721 4264 necessitate,
3745 4196 3841 4257 sed

2228 4287 2502 4343 voluntate
2525 4302 2620 4357 pro
2643 4286 2797 4343 nobis
2827 4298 3096 4344 mortuum
3122 4288 3287 4345 fuisse
3322 4287 3509 4346 Filium
3541 4290 3659 4346 Dei.
3699 4294 3840 4348 San-

2227 4388 2347 4435 ctus
2377 4388 2555 4435 tamen
2588 4379 2743 4436 testis
2771 4381 3154 4451 cstApostolus
3186 4382 3425 4449 veritati,
3458 4384 3736 4439 veraciter
3759 4386 3840 4441 di-

2226 4487 2358 4529 cens
2388 4491 2401 4527 ε
2439 4471 2542 4527 Per
2574 4490 2731 4527 unum
2765 4473 3021 4530 hominem
3067 4484 3331 4546 peccatum
3353 4476 3562 4529 intravit
3592 4476 3648 4529 in
3681 4493 3837 4532 mun-

522 4568 834 4625 nullatenus
878 4570 1037 4626 daret
1079 4571 1307 4628 fructum
1347 4588 1527 4639 suum,
1570 4575 1666 4630 sed
1714 4575 1983 4640 alienum;
2019 4589 2118 4630 nec
2146 4575 2200 4639 ι)
2225 4567 2370 4634 dum.
2394 4575 2441 4621 et
2467 4583 2557 4638 per
2577 4576 2842 4638 peccatum
2869 4567 3412 4639 ntorstfiont.V.112).
3441 4568 3497 4624 1η
3531 4569 3635 4624 ista
3667 4585 3835 4628 carne

522 4661 718 4718 iterum
751 4672 970 4718 sanctus
997 4663 1286 4732 Apostolus
1327 4679 1511 4720 semen
1564 4665 1795 4721 Abrahae
1845 4664 2121 4722 Christum

520 4770 643 4811 esse
669 4754 1018 4824 signiﬁcaret,
1051 4754 1125 4810 ita
1145 4756 1369 4827 loquens
1399 4775 1412 4810 :
1443 4758 1662 4813 Abraha:
1686 4758 1838 4814 dicite
1856 4768 1977 4815 sunt
2006 4774 2125 4826 pro-

536 4846 817 4911 nissiones,
848 4855 897 4901 et
940 4848 1125 4903 semini
1168 4851 1302 4921 ejus.
1330 4848 1453 4904 Non
1485 4850 1612 4905 dicit
1660 4866 1679 4905 :
1724 4861 1771 4904 et
1818 4851 2120 4921 seminibus,

528 4942 674 5009 quasi
701 4940 752 4994 in
780 4940 995 5007 multis;
1023 4943 1133 5007 sed,
1160 4952 1400 5015 tanquam
1446 4945 1500 4998 in
1538 4960 1639 4997 uno
1671 4962 1690 5001 :
1721 4955 1766 4997 et
1797 4946 1977 4999 semini
2013 4955 2120 5013 tuo,

522 5031 660 5101 quod
685 5039 759 5085 est
786 5029 1017 5085 Christus
1049 5031 1195 5104 (Cal.
1225 5050 1304 5101 Ill,
1341 5033 1455 5104 16).
1512 5034 1647 5101 Quid
1680 5037 1952 5103 apertius?
1983 5036 2122 5099 Quid

523 5120 870 5177 evidentius?
895 5120 1084 5178 Nonne
1124 5124 1202 5177 sic
1244 5132 1298 5178 et
1346 5138 1532 5179 semen
1574 5124 1807 5180 Abrahre
1853 5126 2122 5195 Christus,

523 5214 795 5285 quomodo
821 5229 885 5270 es
918 5215 1127 5271 semine
1160 5215 1323 5271 David
1363 5226 1583 5286 propter
1606 5218 1853 5284 Mariam,
1891 5234 1987 5289 per
2018 5219 2126 5274 Ma-

528 5308 678 5372 riam,
704 5307 771 5363 de
801 5306 998 5362 Maria?
1024 5307 1200 5364 Tollat
1227 5309 1420 5379 impius
1441 5310 1741 5380 disputator
1767 5310 1985 5367 Christo
2013 5328 2126 5367 ma-

530 5401 715 5453 teriam
738 5399 1108 5469 carnis,quam
1134 5402 1297 5456 Maria
1323 5403 1665 5471 ministravit,
1691 5414 1745 5459 et
1776 5405 1968 5461 doceat
1992 5421 2127 5474 quo-

518 5490 687 5547 modo
707 5499 988 5546 estsemen
1005 5491 1518 5559 AbrahaeChristus,
1542 5505 1634 5550 aut
1665 5498 1938 5566 quomodo
1958 5497 2128 5553 factus

526 5587 686 5633 estex
707 5581 911 5637 semine
927 5581 1112 5638 David.
1127 5583 1374 5656 Nunquid
1386 5587 1655 5656 superﬂuo
1670 5599 2005 5645 sacramento
2019 5605 2133 5646 ver-

528 5667 776 5725 naculum
802 5673 1075 5742 proprium
1104 5674 1273 5731 ﬁdelis
1291 5678 1558 5733 Abraham
1581 5682 1952 5752 conStringere
1982 5684 2127 5738 vide-

529 5758 935 5830 batur,quando
969 5764 1156 5832 plenus
1181 5767 1306 5833 ﬁde,
1327 5772 1583 5839 praescius
1596 5773 1758 5828 etiam
1784 5772 2079 5831 futurorum
2110 5792 2123 5829 :

531 5844 701 5915 Mitte,
731 5850 929 5918 aiebat,
964 5869 1172 5909 manum
1208 5867 1349 5912 tuam
1386 5862 1477 5915 sub
1515 5874 1683 5937 [ρητιεν
1716 5892 1903 5943 ηιε-ιιγηθ
1939 5886 1981 5931 ,τι
2005 5870 2124 5940 jura

2229 4656 2429 4713 Christi
2448 4668 2728 4728 peccatum
2774 4675 2881 4713 non
2926 4660 3162 4716 intravit.
3196 4660 3351 4717 Unde
3374 4676 3545 4726 mors,
3575 4664 3831 4733 quamvis

2229 4751 2528 4807 voluntaria
2576 4751 2938 4816 suliintroivit,
2969 4753 3070 4807 nisi
3124 4754 3250 4823 quia
3294 4769 3417 4810 cum
3457 4754 3575 4811 sine
3603 4767 3833 4826 peccato

2230 4845 2380 4901 nasci
2410 4844 2588 4901 divina
2622 4845 2749 4901 fecit
2798 4847 3057 4917 potentia,
3078 4848 3197 4903 sine
3229 4858 3451 4919 peccato
3482 4864 3662 4907 autem
3688 4853 3835 4909 mori

2228 4935 2409 4991 divina
2441 4938 2566 4992 fecit
2592 4937 2998 4994 misericordia?
3032 4939 3414 4998 Verumtamen
3443 4959 3538 5012 per
3557 4945 3663 5000 hoc
3683 4946 3834 5016 quod

2231 5030 2283 5085 in
2312 5031 2403 5087 illo
2427 5029 2525 5086 fuit
2548 5040 2784 5087 materna
2806 5032 3122 5100 substantia,
3146 5035 3291 5092 nullo
3314 5037 3500 5092 meliu~
3525 5038 3833 5095 documen-

2235 5131 2289 5177 to
2346 5122 2663 5194 probabitur
2713 5124 2961 5180 Christus
2995 5124 3250 5182 habuisse
3280 5143 3500 5184 carnem
3550 5130 3619 5184 de
3659 5142 3834 5188 matre

2232 5213 2469 5279 morta‘i,
2495 5215 2599 5270 nisi
2649 5232 2745 5285 per
2786 5218 3106 5287 supplicium
3138 5219 3353 5275 mortis.
3385 5219 3563 5276 Gratia
3606 5222 3705 5287 illi,
3741 5224 3834 5294 qui

2232 5306 2409 5362 carnis
2442 5308 2689 5363 humanre
2712 5310 3056 5378 suscipiendo
3080 5322 3323 5366 naturam
3357 5314 3474 5369 sine
3505 5315 3689 5385 culpa,
3720 5332 3829 5371 non

2237 5411 2414 5457 tamen
2466 5403 2584 5458 sine
2625 5418 2783 5472 poena
2824 5406 3032 5473 culpam
3068 5408 3341 5461 removit:
3377 5423 3589 5475 poenam
3634 5410 3831 5475 ﬁnivit,

2234 5505 2287 5548 et
2336 5503 2582 5550 naturam
2627 5497 2859 5561 sanavit,
2886 5506 2943 5551 ut
2964 5499 3083 5568 quia
3137 5500 3419 5555 nobiscum
3450 5509 3533 5555 est
3556 5502 3605 5556 ei
3636 5512 3833 5559 natura

2233 5588 2553 5643 communis.
2578 5587 2872 5658 Oportebat
2893 5605 3121 5661 namque
3140 5608 3284 5658 eum,
3303 5592 3444 5649 sicut
3467 5595 3830 5662 sacer-defem,

2235 5678 2374 5748 quod
2420 5695 2514 5747 pro
2538 5679 2691 5733 nobis
2718 5681 2937 5736 oﬂ‘crret
2963 5724 2977 5749 ,
3007 5700 3034 5735 a
3081 5685 3235 5738 nobis
3264 5686 3548 5753 accipere;
3579 5685 3624 5741 si
3649 5698 3830 5742 autem

2235 5787 2341 5825 non
2370 5773 2573 5839 accepit
2610 5787 2674 5828 ex
2708 5774 2873 5829 Maria
2911 5779 3091 5830 carnis
3121 5778 3435 5841 materiam,
3473 5794 3578 5833 non
3620 5780 3831 5843 accepit

2233 5880 2262 5920 a
2294 5864 2446 5921 nobis
2473 5865 2613 5935 quod
2648 5877 2829 5937 posset
2886 5867 3079 5924 oﬁerre
3117 5882 3214 5939 pro
3254 5867 3439 5938 nobis;
3466 5877 3521 5925 et
3559 5870 3833 5940 quomodo
