4094 6466
247 321 357 378 895

1420 331 1783 392 EPlSTOLIE
1813 331 1902 388 ET
1943 333 2320 398 OPUSCULA.

3433 363 3535 420 895

246 453 387 523 fungi
441 453 613 522 potuit
656 453 974 524 sempiterni
1021 467 1246 509 munere
1277 451 1614 536 sacerdotis?
1642 451 1834 505 Sacer-
1865 450 1913 510 A
1945 451 2115 510 factus
2138 466 2222 512 est
2251 458 2410 515 homo
2435 460 2628 530 justus,
2663 471 2717 518 et
2753 462 2957 521 homini
2991 472 3258 537 peccatori
3291 479 3536 534 reconci-

241 543 352 599 doti
385 551 572 598 nostro
611 558 710 600 nos
737 545 972 611 Oportuit
999 543 1376 598 immolandam
1413 543 1523 598 Deo
1547 533 1832 597 victimam

241 635 406 700 dare;
441 633 606 690 Filius
650 644 828 691 autem
880 636 971 691 Dei
1025 635 1198 691 Patris
1228 637 1559 707 unigenitus,
1590 638 1640 690 in
1671 651 1834 691 carne

243 729 456 784 mortali
479 729 733 786 sacerdos
761 742 943 787 noster
964 730 1211 796 effectus,
1240 745 1348 786 non
1374 745 1584 798 aurum,
1611 746 1716 786 non
1747 746 1831 784 ar»

243 830 485 891 gratum,
521 838 627 876 non
657 822 924 879 hircorum
954 825 1293 894 sanguinem,
1317 824 1412 880 sed
1459 839 1652 893 corpus
1677 824 1834 878 obtu-

242 915 303 968 lit
330 916 625 984 proprium.
663 915 889 971 Victima
921 933 1054 989 ergo
1082 929 1287 988 nostra,
1320 933 1519 987 corpus
1566 927 1650 973 est
1679 916 1828 987 ejus;

242 1017 299 1064 et
325 1011 369 1063 si
399 1025 597 1079 corpus
627 1009 744 1078 ejus
773 1011 1010 1080 accepit,
1043 1027 1072 1064 a
1117 1012 1271 1066 nob's
1310 1011 1487 1077 itaque
1517 1024 1712 1078 Corpus
1743 1024 1831 1063 ac-

241 1105 417 1171 cepit;
447 1112 502 1156 et
555 1100 658 1157 hoc
683 1113 808 1158 tunc
839 1104 1067 1175 accepit,
1100 1105 1316 1172 quando
1345 1120 1465 1159 emn
1496 1110 1680 1158 sancta
1726 1101 1836 1156 Ma-

244 1194 321 1249 ria
364 1196 631 1265 concepit.
685 1194 1167 1251 Consubstautialis
1223 1196 1447 1264 proinde
1503 1196 1657 1250 matri
1710 1210 1832 1251 cre-

241 1286 448 1346 dendus
498 1298 604 1354 est,
658 1289 796 1343 sicut
851 1288 1324 1344 consubstantialis
1372 1296 1455 1341 est
1486 1286 1655 1342 Patri.
1684 1285 1832 1341 Con-

240 1378 611 1434 substantialis
665 1379 824 1433 etiam
897 1377 1051 1432 matri
1113 1379 1274 1434 etiam
1342 1378 1498 1433 nobis
1560 1377 1830 1433 diabolum

241 1473 421 1527 vicit:
473 1471 595 1529 ideo
651 1472 719 1528 de
785 1473 1107 1540 captivitatis
1175 1472 1438 1543 profundo
1507 1479 1675 1525 totum
1741 1487 1834 1540 ge-

241 1581 342 1621 nus
370 1566 646 1621 hominum
683 1565 992 1622 misericors
1018 1566 1270 1620 elevavit.
1312 1565 1492 1620 Victus
1523 1575 1607 1620 est
1633 1565 1829 1631 Adam,

243 1657 518 1713 blanditiis
573 1658 924 1713 muliebribus
968 1659 1036 1712 de
1085 1659 1230 1728 ligno
1279 1662 1444 1713 vetito
1492 1659 1655 1713 edere
1709 1673 1826 1725 per-

240 1763 458 1816 Snasus;
509 1749 636 1804 vicit
679 1749 945 1815 Christus,
979 1750 1159 1804 furore
1206 1748 1428 1804 Jadaico
1473 1759 1529 1804 et
1574 1750 1830 1804 clamori-

1941 545 2096 600 liatus
2109 560 2191 603 est
2216 549 2376 606 Deus.
2397 550 2590 609 Factus
2609 564 2690 610 est
2713 555 2852 612 Deus
2880 561 3022 628 quod
3055 577 3161 618 non
3189 574 3326 630 erat,
3347 565 3532 632 homo;

1938 645 1992 690 et
2039 637 2210 692 factus
2263 650 2346 694 eSt
2395 639 2555 696 homo
2607 643 2855 701 similiter
2899 649 3040 716 quod
3097 667 3203 705 non
3251 656 3537 726 crat,jus-

1939 737 2043 782 tus.
2076 729 2127 784 Si
2158 740 2336 786 autem
2361 734 2537 800 justus
2557 733 2696 790 Deus
2716 735 2786 791 ita
2807 737 2943 792 forte
2967 741 3117 796 fieret
3150 742 3530 818 homojustus,

1938 829 1996 874 ut
2026 837 2129 876 non
2163 823 2280 892 ejus
2318 835 2460 880 esset
2498 826 2811 883 substantia:
2830 831 2982 900 cujus
3013 831 3184 888 fuerat
3206 837 3367 892 homo
3398 854 3529 908 pec-

1936 923 2233 979 cator,nec
2263 915 2481 973 haberet
2530 918 2728 990 aliquid
2779 925 3052 991 pr0prium
3108 927 3176 982 de
3227 929 3531 988 substantia

1938 1008 2258 1073 peccatoris,
2291 1007 2344 1062 in
2392 1019 2652 1066 aeternum
2702 1027 3002 1072 remaneret
3047 1020 3207 1074 homo
3257 1035 3529 1088 peccator.

1942 1096 2093 1152 Nunc
2124 1114 2250 1155 vero
2282 1115 2380 1170 per
2407 1103 2815 1160 similitudinem
2855 1108 3174 1164 substantia
3203 1111 3378 1169 effecti
3409 1130 3534 1182 par-

1939 1190 2125 1258 ticipes
2155 1191 2339 1260 gratiae
2359 1237 2373 1261 ,
2401 1193 2677 1257 iustificati
2705 1211 2891 1252 sumus
2913 1199 2965 1253 iu
2991 1201 3080 1255 illo
3109 1203 3387 1274 unigenito
3418 1206 3531 1263 Deo

1937 1281 2027 1349 qui
2075 1297 2172 1352 pro
2215 1283 2369 1338 nobis
2401 1284 2514 1339 fieri
2551 1286 2717 1342 voluit
2749 1287 2909 1345 homo
2942 1291 3134 1347 similis
3165 1294 3341 1350 nobis.
3373 1296 3528 1354 Unde

1936 1374 2098 1430 etiam
2138 1377 2511 1433 sanctissimus
2559 1378 2756 1436 Paulus
2794 1382 3182 1442 incarnationis
3213 1393 3529 1461 mysterium

1939 1477 2174 1526 tractans
2193 1513 2206 1535 ,
2232 1471 2302 1524 ita
2335 1471 2404 1527 de
2433 1471 2651 1529 Christo
2680 1475 2916 1544 loquitur
2943 1477 3011 1532 ad
3053 1478 3345 1538 Hebraeos:
3381 1483 3530 1540 Nus-

1934 1578 2089 1632 quam
2117 1564 2252 1616 enim
2277 1564 2487 1634 angelos
2512 1565 2871 1635 apprehendit,
2889 1569 2981 1622 sed
3001 1587 3170 1627 semen
3197 1573 3418 1630 Abrahae
3443 1595 3530 1646 ap-

1937 1655 2223 1723 prehendit.
2260 1655 2410 1710 Unde
2444 1657 2618 1712 debuit
2661 1675 2751 1728 per
2789 1663 2961 1714 omnia
3001 1664 3248 1733 fratribus
3281 1669 3527 1736 similari,

1937 1756 1994 1799 ut
2020 1749 2303 1802 misericors
2334 1750 2478 1816 ﬁeret
2505 1761 2554 1805 et
2579 1751 2750 1820 ﬁdelis
2779 1753 3012 1822 pontifex
3037 1756 3106 1809 ad
3141 1755 3308 1812 Deum
3353 1770 3408 1812 ut
3447 1777 3528 1816 re-

240 1841 339 1896 bus
369 1843 424 1895 in
458 1842 694 1911 patibulo
718 1841 846 1913 ligni
877 1856 1192 1911 suspensus.
1223 1841 1360 1909 Quid
1410 1842 1631 1910 prodest
1657 1841 1824 1896 Adam
1861 1834 1905 1893 Β
1931 1843 2228 1912 propitiam
2260 1843 2446 1897 delicta
2476 1844 2657 1914 populi
2683 1845 2870 1916 (Hebr.
2914 1862 2972 1915 tt,
3004 1846 3070 1900 lli
3091 1890 3108 1916 ,
3142 1851 3251 1918 l7).
3283 1853 3413 1920 Quis
3439 1869 3526 1908 ca-

239 1935 434 1989 Christi
462 1936 701 2003 victuria,
729 1939 772 1991 si
804 1953 909 1993 non
937 1945 1019 1992 cst
1042 1937 1158 2006 ejus
1184 1937 1236 1991 in
1258 1935 1471 1991 Christo
1492 1935 1827 1990 substantia?

238 2037 290 2082 et
323 2028 596 2096 quomodo
626 2028 677 2083 id
714 2029 829 2083 fieri
881 2029 1074 2098 putuit,
1115 2028 1215 2085 nisi
1262 2043 1386 2083 eum
1432 2027 1511 2083 sic
1555 2029 1831 2099 genuisset

239 2119 401 2190 Virgo
430 2121 615 2187 Maria,
643 2132 702 2177 ut
735 2121 997 2191 praeberet
1024 2121 1073 2178 ei
1095 2123 1211 2177 sine
1239 2121 1520 2191 iniquitate
1549 2122 1826 2176 materiam

236 2216 432 2281 carnis,
468 2217 522 2271 in
552 2232 654 2287 qua
690 2218 834 2272 nasci
861 2218 1227 2286 temporaliter
1255 2231 1435 2288 posset
1464 2227 1518 2272 et
1539 2217 1685 2289 pati?

304 2307 359 2363 5.
402 2309 492 2366 Sic
520 2310 764 2377 omnino,
793 2311 871 2366 sic
920 2311 1259 2367 sentiendum
1295 2312 1426 2367 fides
1457 2311 1712 2366 admonet
1737 2325 1827 2365 ve-

234 2409 311 2464 ra,
336 2396 608 2454 Christum
657 2415 854 2470 corpus
903 2400 1155 2457 habuisse
1185 2416 1392 2467 verum,
1425 2414 1535 2456 non
1581 2415 1824 2465 aereum,

234 2507 338 2545 non
371 2492 783 2561 phantasticum,
817 2509 924 2549 non
965 2493 1180 2549 aliunde
1232 2494 1546 2560 formatum,
1567 2493 1664 2549 sed
1698 2508 1821 2548 car-

234 2599 431 2648 neum;
457 2583 522 2640 de
547 2599 712 2641 carne
736 2585 966 2656 Virginis
992 2596 1262 2657 sumptum
1289 2629 1306 2652 ,
1339 2586 1469 2641 licet
1499 2601 1606 2641 non
1632 2599 1826 2642 carna-

233 2677 353 2732 liter
379 2683 703 2736 seminatum
724 2723 738 2748 ,
771 2682 1045 2737 rationalis
1072 2683 1264 2737 animat
1304 2681 1655 2748 inspiratione
1684 2681 1822 2734 vivi-

229 2771 611 2835 ficatum;tale
655 2774 813 2844 quale
860 2788 960 2829 nos
1010 2773 1290 2839 habemus,
1322 2774 1525 2843 absque
1569 2783 1818 2842 peccato;

229 2865 334 2917 tale
365 2865 416 2918 in
447 2880 555 2934 quo
585 2864 832 2920 diabolus
860 2865 1155 2933 falleretur,
1190 2874 1248 2919 ut
1269 2873 1458 2934 putans
1485 2878 1690 2930 escam,
1722 2863 1821 2918 de-

228 2953 446 3024 glutiret
465 2955 701 3010 hamum.
718 2955 970 3012 Diabolus
989 2958 1131 3011 enim
1155 2956 1258 3011 nisi
1287 2956 1493 3012 videret
1521 2955 1573 3011 in
1597 2956 1819 3010 Christo

229 3042 505 3101 Salvatore
553 3061 741 3102 verum
789 3061 986 3118 corpus
1029 3057 1084 3102 et
1136 3048 1292 3102 matri
1339 3049 1816 3115 consubstantiale,

228 3151 330 3192 nec
385 3147 591 3195 tentare
636 3143 878 3208 auderet,
910 3155 1008 3198 nec
1032 3141 1298 3198 occidere.
1319 3141 1586 3198 Przeterea
1625 3143 1678 3198 in
1710 3158 1817 3212 quo

1934 1934 2083 2001 pituli
2109 1933 2267 2002 hujus
2287 1935 2557 2003 explicare
2585 1936 2760 2006 dignis
2782 1939 3129 1995 sermonibus
3157 1945 3335 1998 valeat
3367 1947 3526 2002 intel-

1933 2025 2168 2079 lectum?
2201 2023 2386 2079 Debuit
2446 2028 2639 2096 inquit,
2664 2044 2755 2100 per
2791 2032 2966 2084 omnia
3006 2035 3256 2103 fratribus
3281 2037 3526 2097 similari.

1929 2117 1973 2171 Ο
2002 2117 2179 2172 stulta:
2229 2118 2449 2175 haeresis
2479 2119 2729 2189 imperite
2757 2123 3038 2182 defensor!
3073 2131 3343 2198 quomodo
3372 2143 3527 2199 pote-

1930 2210 1996 2263 rit
2017 2208 2265 2265 Christus
2295 2211 2554 2267 fratribus
2593 2214 2818 2269 similari
2867 2231 2964 2284 per
2994 2221 3197 2287 omnia,
3223 2223 3268 2277 si
3299 2224 3528 2282 dissimi-

1930 2301 1994 2356 lis
2048 2299 2220 2356 fuerat
2275 2302 2326 2356 in
2376 2303 2708 2360 substantia?
2738 2307 3020 2374 Quomodo
3052 2313 3248 2368 similis
3304 2319 3526 2373 omnino

1926 2393 2027 2448 erit
2059 2393 2112 2447 in
2142 2393 2461 2460 substantia,
2506 2396 2605 2450 nisi
2659 2411 2878 2454 carnem
2935 2403 3276 2472 suscipiendo
3307 2407 3372 2462 de
3401 2409 3516 2464 Ma-

1927 2487 2040 2539 ria?
2074 2485 2295 2540 Desinat
2334 2499 2429 2540 cor
2471 2486 2755 2554 profanum
2782 2489 2905 2544 talia
2929 2493 3200 2548 meditari.
3231 2497 3332 2562 Qui
3362 2512 3526 2571 negat

1925 2578 2196 2634 Christum
2229 2581 2340 2635 veri
2370 2579 2463 2634 Dei
2491 2579 2685 2638 Filium
2716 2597 2901 2638 verum
2932 2585 3214 2642 veritatem
3244 2592 3424 2647 carnis
3453 2595 3524 2650 de

1927 2686 2049 2731 vera
2065 2681 2234 2727 matre
2256 2671 2577 2726 mirabiliter
2597 2675 2978 2744 assumpsisse,
3004 2686 3169 2733 tomm
3191 2681 3300 2734 vult
3317 2685 3522 2740 media-

1927 2766 2058 2820 toris
2104 2778 2377 2820 evacuare
2423 2765 2721 2835 negotium.
2748 2767 3010 2825 Mediator
3042 2771 3240 2842 quippe
3288 2791 3393 2828 non
3437 2785 3520 2834 est

1925 2857 2028 2911 nisi
2057 2857 2288 2912 duorum
2309 2898 2325 2922 ,
2352 2871 2490 2929 quos
2518 2871 2547 2910 a
2577 2872 2636 2913 se
2667 2858 2900 2916 invicem
2942 2872 3218 2932 separatos
3244 2875 3370 2920 tunc
3401 2868 3522 2936 ipse

1925 2949 2136 3003 medius
2177 2948 2458 3005 existendo
2496 2949 2596 3005 rite
2626 2964 2690 3004 ac
2731 2950 2957 3008 ﬁrmiter
2996 2957 3234 3024 copulat.
3267 2961 3310 3014 si
3356 2961 3516 3016 utris-

1922 3056 2029 3112 que
2078 3041 2149 3096 sit
2187 3041 2377 3096 similis
2425 3056 2520 3111 per
2557 3043 2933 3110 substantiam,
2965 3063 3100 3118 quos
3140 3051 3240 3106 sibi
3273 3051 3398 3109 facit
3425 3070 3518 3126 ap-

1924 3131 2289 3204 propinquare
2311 3147 2407 3204 per
2433 3135 2682 3203 gratiam.
2717 3136 2966 3192 Christus
2993 3150 3174 3195 autem
3205 3143 3297 3199 Dei
3333 3155 3388 3202 et
3421 3148 3518 3202 ho-

228 3229 360 3286 nihil
387 3247 541 3287 suum
573 3234 806 3307 videbat,
839 3235 955 3305 ipso
984 3235 1210 3292 Domino
1239 3235 1515 3308 discipulis
1551 3237 1661 3291 suis
1693 3253 1818 3291 ηπ-
1847 3207 1893 3269 C
1924 3225 2131 3280 minum
2178 3225 2443 3281 mediator
2469 3227 2731 3297 existens,
2773 3229 2912 3284 sicut
2944 3229 3049 3286 Vas
3079 3233 3360 3294 electionis
3387 3238 3519 3294 insi.

227 3339 382 3384 rante
414 3349 428 3382 :
457 3328 588 3384 Ecce
607 3330 767 3384 veniet
788 3329 1022 3400 princeps
1049 3330 1225 3383 mundi
1249 3329 1405 3401 hujus
1429 3372 1445 3395 ,
1473 3341 1518 3385 et
1549 3331 1604 3384 in
1633 3347 1711 3384 me
1739 3332 1819 3385 in-

225 3421 388 3475 veniet
432 3419 561 3474 nihit
611 3420 791 3487 (Joan.
825 3436 934 3484 xiv,
966 3419 1081 3492 30),
1139 3423 1327 3491 utique
1369 3422 1572 3490 peccati
1631 3438 1646 3476 :
1695 3437 1818 3479 nam

227 3516 383 3586 plena
410 3515 462 3568 in
491 3515 579 3568 illo
607 3516 704 3570 fuit
732 3525 922 3571 natura
951 3516 1157 3580 matris,
1205 3516 1258 3571 id
1303 3525 1384 3572 est
1416 3524 1631 3581 nostra;
1657 3532 1816 3585 quam

227 3607 377 3662 velut
405 3609 504 3663 sibi
536 3608 734 3677 aliquid
767 3608 1011 3674 deberet,
1037 3607 1288 3677 antiquus
1318 3609 1406 3664 ille
1433 3609 1635 3678 peccati
1670 3610 1818 3666 fene-

235 3711 389 3754 rator
435 3700 647 3767 invasit,
681 3700 963 3767 crucifixit,
991 3702 1223 3767 occidit;
1284 3711 1339 3756 et
1381 3717 1476 3771 per
1527 3702 1817 3756 indebitam

227 3790 590 3855 exactionem,
616 3790 871 3860 quidquid
899 3790 947 3846 ei
971 3791 1266 3847 debebatur
1293 3791 1473 3846 amisit
1501 3811 1514 3847 :
1551 3793 1694 3860 juste
1741 3793 1816 3848 vi-

227 3895 348 3936 ctus
389 3891 442 3937 et
467 3881 609 3950 juste
638 3883 852 3952 punitus
878 3901 894 3949 ;
927 3885 1048 3953 quia
1078 3898 1138 3938 ea
1185 3898 1313 3938 caro
1342 3883 1470 3938 vicit
1501 3883 1552 3937 in
1574 3884 1816 3952 Christo,

227 3988 348 4044 quae
385 3971 518 4028 vieta
562 3973 733 4028 fuerat
773 3975 826 4028 in
879 3974 1072 4029 Adam.
1102 3975 1229 4030 llaac
1258 3991 1490 4045 namque
1523 3975 1620 4030 fuit
1664 3976 1820 4046 justi-

227 4066 298 4119 tia
336 4065 457 4125 Dei,
496 4075 551 4119 ut
587 4080 682 4134 per
711 4067 856 4120 illam
890 4081 1107 4121 carnem
1143 4069 1330 4122 mortis
1361 4077 1547 4123 auctor
1577 4068 1820 4123 vincere-

226 4167 316 4214 tur
339 4157 392 4210 in
414 4155 628 4212 Christo
646 4173 830 4228 ,quam
853 4159 1055 4212 vicerat
1072 4158 1126 4212 in
1142 4159 1308 4214 Adam
1329 4202 1342 4224 ,
1368 4168 1421 4212 et
1443 4158 1531 4213 illa
1559 4173 1683 4214 caro
1699 4158 1818 4214 sine

226 4262 450 4318 peccato
469 4259 793 4314 moreretur,
823 4259 878 4302 ut
903 4249 1172 4304 deleretur
1192 4263 1354 4304 omne
1381 4261 1678 4318 peccatum,
1699 4266 1820 4320 quae

226 4343 404 4396 fuerat
421 4351 626 4396 mortua
651 4356 745 4410 per
763 4351 1035 4410 peccatum
1065 4340 1411 4396 :miralniliter
1425 4351 1680 4409 operante
1700 4355 1822 4410 gra-

227 4437 300 4490 tia
331 4435 648 4500 Salvatoris,
683 4443 742 4489 ut
767 4449 912 4490 mors
942 4450 1115 4502 pinna:
1139 4435 1340 4503 peccati
1371 4433 1636 4489 medicina
1669 4435 1824 4491 fieret

229 4537 416 4598 postea
462 4539 826 4597 peccatorum.
855 4527 1098 4584 Peccavit
1129 4527 1326 4594 Adam,
1357 4536 1412 4582 et
1436 4537 1680 4582 mortuus
1710 4539 1818 4593 εει,

1924 3325 2051 3371 nuat
2079 3334 2090 3370 :
2121 3315 2264 3371 Unus
2293 3316 2449 3383 Deus,
2497 3334 2632 3374 unus
2659 3329 2704 3373 et
2742 3322 2997 3376 mediator
3027 3324 3123 3379 Dei
3157 3335 3203 3380 et
3229 3328 3515 3400 hominum,

1922 3407 2074 3463 horno
2097 3407 2330 3463 Christus
2348 3408 2498 3464 Iesus
2520 3409 2570 3479 (ι
2599 3410 2730 3466 Tim.
2759 3429 2819 3481 ll,
2843 3414 2923 3483 5);
2951 3417 2995 3472 si
3020 3432 3126 3473 non
3148 3419 3228 3474 sic
3249 3431 3330 3476 e~t
3355 3423 3517 3480 homo

1923 3502 1991 3557 de
2014 3504 2252 3567 homine,
2293 3505 2566 3571 quomodo
2600 3505 2743 3562 Deus
2793 3508 2861 3563 de
2906 3509 3062 3565 Deo?
3090 3513 3133 3567 si
3166 3530 3271 3569 non
3318 3515 3398 3572 sic
3435 3526 3518 3572 Bal

1923 3595 2395 3653 consubstantialis
2426 3598 2625 3654 homini
2654 3603 2834 3667 matri,
2867 3607 3137 3673 quomodo
3167 3610 3518 3666 consubstan-

1925 3689 2067 3744 tialis
2097 3699 2182 3745 est
2212 3689 2325 3745 Deo
2350 3688 2604 3744 Patri?Si
2635 3692 2931 3746 substantia
2987 3693 3106 3764 ejus
3161 3697 3343 3752 divina
3395 3716 3516 3755 cum

1926 3781 2037 3837 Deo
2061 3783 2366 3837 communis
2395 3790 2500 3846 est,
2534 3781 2834 3837 substantia
2859 3799 2992 3840 vero
3021 3786 3252 3842 humana
3285 3807 3390 3846 non
3422 3809 3516 3861 pu-

1927 3883 2070 3931 tatur
2098 3888 2218 3933 cuut
2261 3873 2568 3935 hominibus
2596 3890 2718 3929 esse
2741 3878 3065 3944 communis,
3094 3880 3365 3936 incassum
3410 3899 3516 3939 me-

1925 3966 2148 4022 diatoris
2187 3965 2272 4022 vel
2317 3981 2596 4034 personam
2629 3977 2827 4036 portat,
2859 3969 2944 4023 vel
2966 3969 3200 4025 officium
3229 3974 3390 4042 gerit.
3419 3975 3518 4031 Ve-

1927 4069 2228 4114 rumtamen
2259 4060 2381 4129 quia
2412 4060 2491 4114 sic
2516 4069 2598 4115 est
2635 4061 2901 4116 mediator
2927 4071 2986 4118 ut
3015 4077 3174 4119 verus
3217 4064 3287 4119 sit
3315 4068 3518 4123 media-

1927 4161 2011 4208 tor
2033 4162 2086 4208 et
2120 4153 2264 4208 Patri
2287 4163 2342 4209 et
2387 4155 2569 4220 matri,
2601 4166 2656 4210 et
2696 4155 2806 4211 Deo
2850 4165 2901 4211 et
2950 4155 3258 4213 hominibus
3287 4164 3516 4216 consub-

1927 4245 2191 4300 stantialis
2220 4255 2340 4310 est;
2382 4260 2444 4302 ac
2493 4263 2586 4315 per
2638 4246 2739 4302 hoc
2789 4263 2896 4302 non
2937 4249 3128 4318 unius,
3168 4252 3262 4306 sed
3293 4252 3520 4310 duarum

1911 4337 2088 4411 plane
2112 4337 2532 4392 substantiarum
2559 4377 2575 4404 ,
2605 4339 2729 4408 quia
2775 4355 3048 4410 nunquam
3072 4342 3338 4399 mediator
3365 4347 3526 4402 unius

1929 4440 2105 4500 potest
2127 4445 2246 4486 esse
2277 4431 2610 4487 suhsmntiat.

1999 4524 2052 4578 6.
2090 4524 2223 4579 Vide
2250 4566 2265 4591 ,
2317 4524 2480 4580 frater
2531 4526 2872 4582 sanctissime
2902 4568 2917 4594 ,
2962 4542 3123 4598 quam
3169 4529 3398 4584 latenter
3447 4531 3520 4585 al.

229 4637 527 4693 omnesque
552 4631 798 4693 posteros
841 4637 969 4677 suos
1010 4633 1227 4677 aeterna:
1255 4622 1445 4676 mortis
1474 4620 1824 4689 compedibus
1852 4591 1906 4652 D
1931 4619 2094 4673 terius
2121 4618 2435 4688 quaestionis
2465 4618 2628 4674 limen
2667 4620 2984 4679 intravimus
3009 4665 3022 4688 ,
3055 4624 3169 4693 ipsa
3193 4626 3421 4680 veritate
3444 4625 3521 4694 ja-

225 4714 500 4784 alligavit;
532 4723 773 4768 mortuus
809 4722 891 4769 est
934 4713 1201 4780 Christus,
1225 4723 1279 4770 et
1328 4714 1452 4785 quia
1485 4730 1591 4770 non
1631 4729 1823 4784 pecca-

227 4817 403 4873 verat,
426 4823 613 4864 omnes
642 4818 948 4877 peccatores
999 4823 1030 4863 a
1075 4809 1265 4866 mortis
1295 4805 1532 4865 dominio
1555 4808 1819 4865 liberavit.

227 4897 286 4954 Si
310 4913 440 4968 ergo
465 4899 570 4952 alia
595 4909 739 4954 esset
770 4908 957 4953 natura
975 4902 1171 4966 carnis,
1207 4901 1260 4955 in
1289 4915 1391 4972 qua
1420 4917 1526 4956 non
1554 4917 1816 4972 peccave-

230 4999 316 5044 rat
337 4987 599 5056 Christus,
631 4999 687 5044 et
735 5000 977 5045 mortuus
1005 5000 1110 5058 est,
1145 5007 1252 5048 non
1282 5007 1376 5062 per
1401 4994 1689 5061 justitiam,
1721 4992 1818 5050 sed

231 5095 330 5148 per
361 5081 649 5149 potentiam
676 5081 917 5136 diabolus
949 5083 1272 5138 vinceretur.
1309 5083 1600 5153 Oportebat
1639 5095 1819 5141 autem

230 5188 330 5244 per
378 5173 636 5240 jttStitiam
690 5173 851 5227 vinci.
901 5173 1112 5228 iustitia
1136 5189 1262 5227 vero
1294 5174 1409 5243 ipsa
1437 5175 1557 5241 fuit,
1589 5186 1644 5229 ut
1678 5176 1730 5229 in
1759 5192 1820 5231 ea

227 5280 390 5321 carne
413 5268 617 5320 veniret
639 5265 988 5336 Redemptor,
1014 5279 1170 5335 quam
1201 5266 1400 5319 fecerat
1426 5267 1691 5334 supplicio
1719 5266 1820 5322 ob-

230 5360 446 5414 noxiam
478 5375 760 5414 remanere
790 5367 1038 5414 tentator.
1073 5357 1196 5414 Ideo
1225 5357 1367 5412 Deus
1400 5358 1560 5413 homo
1589 5359 1701 5413 fieri
1727 5374 1820 5413 vo-

230 5453 353 5520 luit,
383 5463 438 5508 ut
465 5453 617 5509 facile
642 5457 800 5510 homo
831 5462 1008 5522 posset
1037 5449 1365 5507 reconciliari
1391 5451 1499 5507 Deo
1524 5467 1614 5519 per
1644 5451 1820 5506 humi-

232 5562 356 5602 nem
399 5545 582 5601 Demn.
618 5546 758 5602 lntcr
790 5546 949 5600 Deum
981 5545 1176 5615 quippe
1210 5544 1412 5614 justum
1460 5554 1512 5599 et
1544 5545 1816 5600 hominem

235 5650 572 5708 peccatorem
621 5655 809 5710 magna
858 5638 1126 5709 separatio
1177 5638 1508 5707 contigerat;
1539 5654 1639 5693 nec
1681 5637 1820 5692 Deus

235 5735 436 5794 homini
465 5736 736 5805 proximus
767 5743 883 5789 erat
907 5737 957 5788 in
980 5734 1301 5799 substantia,
1333 5748 1430 5786 nec
1456 5732 1601 5802 justo
1636 5747 1822 5800 pecca-

238 5837 322 5887 tor
365 5827 711 5901 coeptabatur
756 5827 808 5887 in
853 5826 1045 5900 gratia.
1077 5827 1219 5882 Deus
1265 5839 1393 5898 ergo
1433 5839 1490 5881 se
1522 5825 1816 5883 humilians

1932 4725 2065 4766 uuas
2094 4720 2385 4767 reserante.
2409 4711 2540 4767 Dum
2571 4712 2820 4769 volumus
2841 4715 2984 4770 enim
3018 4729 3113 4783 per
3138 4715 3373 4771 ofﬁcium
3405 4732 3520 4771 me-

1929 4801 2153 4858 diatoris
2179 4802 2442 4872 reperire,
2479 4803 2563 4858 vel
2601 4805 2780 4873 potius
2811 4804 3040 4873 probare
3071 4807 3388 4860 substantia
3425 4805 3522 4862 hut

1929 4910 2102 4949 mana}
2155 4895 2573 4964 proprietatem,
2603 4895 3041 4960 similitudinem,
3089 4896 3407 4962 veritatem,
3455 4911 3525 4956 ne

1928 4985 2167 5056 Virginis
2189 4988 2374 5042 matris
2403 4996 2590 5056 amput
2609 5001 2806 5042 iremus
2833 4987 3220 5044 fecunditatem
3246 5029 3261 5054 ,
3295 4988 3521 5049 duarum

1927 5077 2352 5133 substantiarum
2376 5079 2652 5132 manifesta
2672 5077 2948 5136 distinctio
2969 5082 3246 5135 nominato
3268 5091 3322 5135 et
3341 5080 3519 5136 censis

1927 5170 2116 5225 derato
2147 5170 2444 5226 meiliatore
2495 5169 2846 5238 resplenduit.
2880 5170 3014 5237 Quia
3045 5172 3231 5241 utique
3259 5171 3519 5230 mediator

1927 5273 1980 5317 et
2004 5277 2139 5316 unus
2161 5272 2264 5328 est,
2294 5263 2338 5316 si
2373 5277 2656 5334 personam
2712 5263 3025 5319 consideres
3057 5265 3140 5319 cui
3182 5279 3378 5318 nomen
3408 5281 3517 5319 me-

1925 5353 2146 5410 diatoris
2200 5355 2450 5419 accessit,
2485 5363 2539 5410 et
2567 5354 2708 5411 inter
2747 5356 2880 5410 duas
2930 5371 3017 5411 res
3057 5355 3336 5411 dissimilis
3392 5356 3520 5412 sub<

1925 5449 2138 5504 stantia:
2186 5450 2447 5505 mediator
2483 5451 2756 5519 existens,
2787 5465 2891 5506 non
2947 5451 3048 5505 nisi
3093 5465 3188 5520 per
3216 5450 3351 5506 duas
3390 5450 3519 5506 sui»

1924 5541 2148 5595 stantias
2182 5539 2423 5594 ofﬁcium
2479 5550 2661 5610 potest
2715 5543 3029 5598 mediatoris
3079 5544 3320 5612 implere.
3351 5542 3520 5612 Cujus

1926 5632 2068 5688 enim
2099 5646 2326 5701 persona
2359 5648 2460 5687 una
2493 5633 2656 5689 fuerit
2685 5646 2739 5690 et
2767 5646 2977 5702 natura,
3009 5635 3314 5690 nullatenus
3345 5646 3519 5704 pmest

1928 5728 2066 5780 inter
2103 5725 2240 5780 duas
2281 5726 2620 5782 substantias
2669 5729 2932 5783 mediator
2960 5743 3084 5785 esse
3119 5729 3200 5784 vel
3234 5727 3362 5793 dici,
3392 5730 3516 5798 quia

1931 5819 2072 5892 apud
2145 5820 2286 5875 illam
2361 5820 2712 5877 substantiam
2791 5822 2876 5878 cui
2943 5821 3167 5879 minime
3236 5830 3516 5890 coaptatur
