4094 6510
533 367 636 426 895
1453 354 1816 430 remearn
1860 373 2137 432 renum
2150 374 2212 430 ot
2256 374 2534 430 nucum
2563 372 2911 430 omum.
3745 375 3864 428 suo

532 503 638 543 una
695 495 885 544 natura
929 489 1085 560 eius,
1122 481 1286 546 caret
1347 503 1571 559 prorsus
1625 473 1811 546 ofﬁcio
1865 489 2124 546 modiato-
2153 497 2202 551 Α
2229 491 2539 545 substantia:
2569 489 2862 544 secundum
2897 503 2989 543 vos
3019 490 3178 558 coepit
3210 501 3330 543 esse
3372 502 3496 542 cum
3535 485 3726 542 Verbo
3751 532 3767 554 ,
3805 493 3872 540 et

534 583 642 644 ris;
672 592 729 637 et
784 592 910 637 tunc
958 591 1042 638 est
1095 597 1257 639 verus
1312 582 1597 647 mediator,
1625 582 1842 651 quando
1895 591 1953 637 ut
2003 581 2130 637 dua-
2232 598 2329 653 per
2353 581 2584 637 Verbum
2618 582 2775 636 etiam
2804 596 2924 635 cum
2956 579 3144 647 Patre;
3177 594 3303 634 caro
3330 593 3539 648 quoque
3571 591 3770 632 nostra
3805 587 3866 632 et

531 691 652 730 rum
683 675 1026 732 dissimilium
1057 677 1480 734 substantiarum
1530 678 1748 749 copulet
1780 678 2125 747 divisionem,
2230 675 2482 730 divinitas
2515 674 2710 738 Patris,
2744 673 2901 728 υηῖυε
2951 673 3161 727 (Πυθίαν
3206 685 3326 725 οεδθ
3375 683 3579 725 "amri"
3627 686 3644 726 ἒ
3701 670 3873 740 (1³οά

531 767 941 823 substantialem
987 771 1125 841 gerit
1175 786 1300 826 cum
1356 772 1602 842 utrisque
1655 773 2127 840 communionem;
2233 766 2407 820 nullus
2437 765 2656 820 omnino
2686 763 3021 819 Christianus
3052 764 3132 817 vel
3163 763 3374 829 audire.
3407 764 3490 818 Vel
3536 762 3690 818 ῑειιυῖ
3748 763 3867 816 ⁵³1⁸·

533 875 631 927 per
669 861 842 931 ipsam
891 865 1327 920 communionem
1380 882 1665 921 removens
1693 867 2038 934 divisionem,
2071 874 2132 921 ut
2233 868 2341 915 tem
2384 859 2715 927 cegitatittne
2745 857 2904 912 debet
2953 856 3190 926 recipere
3239 855 3645 924 suspicandum.
3681 853 3860 922 Quis-

532 952 641 1005 sittt
691 964 920 1021 utraque
978 972 1184 1022 unum,
1246 970 1342 1025 per
1388 957 1538 1012 illum
1597 958 1951 1013 mediatorem
2003 972 2132 1012 con-
2232 954 2352 1022 quis
2381 952 2605 1021 proinde
2636 948 3018 1005 unam-Chrisﬁ
3067 949 3257 1003 asserit
3296 963 3416 1003 esse
3453 946 3862 1012 substantiam,

532 1044 803 1100 venientia
854 1048 908 1101 in
955 1065 1154 1118 unum,
1206 1065 1330 1105 cum
1378 1065 1484 1120 quo
1541 1052 1796 1116 luerunt,
1843 1060 2132 1120 antequam
2233 1046 2432 1111 cogitet
2457 1044 2598 1099 aliud
2630 1045 2770 1114 quod
2804 1043 2957 1098 facile
2998 1044 3165 1097 cuivis
3211 1050 3383 1110 potest
3412 1055 3705 1110 apparere,
3741 1040 3862 1094 nisi

535 1139 925 1204 convenirent,
973 1158 1164 1197 unum.
1213 1141 1632 1198 Consideremus
1686 1143 1793 1198 hoc
1841 1142 2047 1212 picnius
2079 1142 2134 1196 in
2234 1136 2419 1191 oculos
2449 1135 2628 1190 cnrdis
2672 1135 2791 1205 eius
2843 1135 3019 1188 Ῑιιιιιυε
3048 1133 3411 1189 εοηίεηιίοηίε
3441 1133 3729 1198 Obscura.
3761 1147 3866 1201 Ρετ

536 1237 723 1284 nostro
774 1230 1096 1298 mediatore,
1149 1233 1375 1289 Domino
1420 1232 1925 1298 scilicet‘Christo;
1979 1233 2136 1305 cujus

536 1321 753 1390 quidem
785 1325 1051 1380 veraciter
1077 1342 1181 1381 una
1231 1341 1458 1396 persona
1481 1328 1626 1398 (quia
1659 1343 1765 1383 non
1791 1326 1949 1383 decet
1976 1327 2139 1382 unius

539 1417 860 1473 mediatoris
887 1420 1021 1474 duas
1041 1437 1161 1478 esse
1190 1421 1494 1493 personas),
1527 1431 1903 1478 verumtamen
1925 1439 2030 1477 non
2053 1430 2139 1478 est

541 1524 643 1562 una
673 1514 1146 1582 natura,quatnvis
1177 1513 1334 1570 unius
1359 1516 1695 1572 mediatoris.
1725 1516 1860 1584 Quia
1893 1519 2009 1572 haec
2029 1531 2136 1571 una

538 1611 728 1656 natura
761 1603 1038 1676 (quoniam
1072 1608 1167 1664 Dei
1210 1618 1266 1664 et
1312 1611 1589 1664 hom'nutn
1619 1611 1886 1664 mediator
1907 1615 2014 1678 est)
2045 1619 2136 1665 aut

541 1707 662 1746 cum
709 1695 926 1752 Deoilla
977 1700 1083 1754 erit
1131 1700 1313 1770 utique
1340 1703 1663 1764 communis,
1697 1713 1929 1758 autcum
1963 1702 2140 1759 homi-

541 1787 720 1842 nibus.
751 1790 1011 1846 Absolute
1039 1807 1291 1863 namque,
1319 1794 1711 1864 quantumlibet
1737 1795 1998 1850 reclamet
2030 1795 2140 1850 hze-

2237 1232 2376 1285 Itanc
2407 1233 2562 1285 unius
2599 1232 2649 1284 in
2678 1231 2895 1284 Christo
2923 1229 3237 1282 substantia:
3268 1227 3714 1295 praadicationem
3751 1226 3863 1280 Pa-

2238 1331 2374 1376 trem
2403 1337 2614 1391 quoque
2641 1329 2820 1374 natum
2850 1318 2916 1372 de
2950 1319 3107 1372 Maria
3137 1319 3363 1388 virgine,
3396 1317 3726 1372 cruciﬁxum
3757 1320 3865 1370 sub

2240 1413 2428 1467 Pontio
2461 1412 2740 1478 Pilato,.et
2783 1410 3051 1481 sepultum
3105 1410 3289 1464 videri.
3325 1410 3456 1464 Nam
3505 1410 3558 1465 si
3607 1424 3720 1463 nun
3776 1417 3872 1463 ωε

2240 1507 2343 1561 alia
2383 1514 2607 1572 natura,
2635 1521 2794 1576 (piam
2825 1506 2903 1560 de
2924 1520 3087 1560 carne
3121 1503 3349 1574 Virginis
3381 1502 3568 1557 matris
3601 1514 3663 1558 ut
3693 1503 3852 1557 nasci

2242 1603 2612 1672 lomporaliter
2661 1609 2864 1671 posset,
2915 1601 3120 1670 accepit
3170 1598 3474 1670 unigenitus
3525 1597 3697 1664 Deus,
3749 1597 3864 1652 sed

2242 1705 2507 1765 suscepta:
2547 1696 2728 1750 carnis
2760 1704 2816 1749 et
2846 1694 3187 1762 suseipientis
3230 1691 3521 1745 divinitatis
3563 1705 3670 1745 una
3709 1689 3866 1744 {uta

2248 1797 2334 1843 est
2359 1785 2841 1857 qttomod‘ocunque
2871 1797 3092 1846 natura;
3128 1786 3240 1838 haec
3267 1800 3368 1838 una
3397 1793 3590 1836 natura
3621 1791 3720 1836 aut
3749 1799 3859 1836 non

541 1874 762 1948 retibus,
797 1899 899 1937 una
945 1893 1132 1940 natura
1178 1903 1284 1941 non
1339 1897 1516 1957 potest
1563 1888 1676 1942 Deo
1718 1889 2137 1958 hominibusque
2169 1865 2217 1926 Β
2243 1887 2346 1936 erit
2375 1882 2537 1938 etiam
2572 1879 2782 1947 Patris,
2817 1890 2871 1934 et
2901 1880 3170 1948 quomodo
3214 1878 3594 1948 prmdiCabilur
3635 1877 3848 1930 homon-

541 1987 665 2026 esse
694 1977 1016 2040 communis,
1040 1977 1164 2046 quia
1193 1977 1336 2032 Deus
1366 1989 1611 2047 creator,
1638 1995 1737 2036 nos
1764 1989 2027 2035 creaturze
2049 1996 2142 2034 su-

544 2079 702 2129 mus;
739 2065 878 2119 Deus
909 2075 1144 2124 a-ternus
1169 2110 1184 2134 ,
1219 2085 1318 2124 nos
1367 2071 1735 2140 temporales;
1769 2073 1908 2126 Deus
1933 2074 2142 2127 incom-

544 2156 948 2222 prehensibilis,
976 2174 1072 2212 nos
1105 2161 1657 2229 comprehensibiles;
1689 2163 1838 2219 Deus'
1854 2165 1971 2219 sine
1999 2165 2139 2228 loco,

546 2262 646 2302 nos
675 2247 726 2302 in
759 2249 905 2314 loco;
935 2250 1074 2305 Deus
1097 2252 1339 2309 inﬁnitus
1366 2263 1420 2309 et
1443 2255 1761 2318 immensus,
1786 2270 1884 2310 nos
1910 2255 2144 2310 (ircum-

544 2339 728 2406 scripti
751 2351 804 2393 et
836 2341 1201 2397 determinati.
1239 2344 1444 2399 Rursus
1471 2361 1601 2415 ergo
1633 2345 1947 2401 ﬁducialiter
1973 2347 2094 2403 dico
2127 2366 2140 2402 :

547 2440 734 2484 natura
763 2431 959 2487 Cbr'sti
984 2434 1028 2488 si
1059 2449 1164 2490 una
1191 2445 1295 2502 est,
1328 2447 1418 2491 aut
1446 2452 1567 2491 eum
1596 2438 1704 2493 Deo
1735 2437 1895 2493 Patre
1917 2439 2015 2505 illi,
2051 2449 2145 2494 aut

553 2539 675 2577 cum
710 2525 1019 2581 hominibus
1041 2538 1217 2597 potest
1244 2545 1365 2584 esse
1387 2530 1726 2598 communis;
1757 2531 1867 2586 Deo
1894 2541 1948 2586 et
1972 2531 2140 2587 homi-

557 2615 714 2668 nibus
753 2632 1026 2687 nunquam
1083 2627 1260 2688 potest
1312 2635 1436 2676 esse
1479 2616 1804 2677 Communis.
1838 2622 1932 2677 Est
1961 2631 2142 2678 autem

550 2707 795 2761 Christus
829 2709 986 2763 unius
1009 2711 1321 2766 substantia:
1345 2727 1466 2767 cum
1497 2714 1654 2769 Patre
1671 2756 1684 2779 ,
1711 2715 1852 2785 quod
1871 2713 2043 2770 Graeci
2065 2716 2148 2770 di—

549 2807 677 2851 cunt
702 2800 1029 2869 homousion,
1056 2805 1352 2858 secundum
1380 2803 1583 2859 Nicmni
1605 2806 1815 2860 concilii
1839 2806 2144 2862 absolutam

549 2889 968 2957 professionem.
1010 2891 1125 2948 Una
1171 2909 1300 2964 ergo
1347 2904 1537 2949 natura
1593 2894 1792 2951 Christi
1837 2896 1986 2965 Iesu,
2020 2913 2144 2953 cum

549 2979 709 3036 Patre
737 2992 822 3037 est
844 2983 919 3037 illi
943 2985 1267 3042 communis.
1298 2985 1365 3039 Et
1388 2987 1440 3040 in
1463 3000 1564 3055 qua
1591 2996 1799 3043 ratione
1831 2988 1941 3042 neri
1971 2999 2144 3058 potest

553 3081 612 3126 ut
640 3083 824 3129 noster
853 3075 925 3129 sit
953 3076 1240 3142 mediator,
1275 3077 1375 3131 nisi
1413 3077 1612 3132 habeat
1639 3078 1779 3134 unde
1810 3088 1865 3134 et
1893 3094 2016 3134 cum
2045 3080 2145 3136 Pa-

551 3175 633 3221 tre
659 3167 729 3221 sit
749 3183 936 3233 unum,
968 3179 1024 3223 et
1053 3168 1336 3224 nobiscum
1383 3171 1453 3225 sit
1481 3172 1684 3225 unum?
1714 3172 1867 3238 Quod
1918 3175 2151 3243 apertis-

2245 1975 2356 2028 sion
2389 1973 2558 2038 Patri,
2591 1973 2731 2040 quod
2761 1970 2932 2026 Graeci
2963 1971 3166 2034 dieunt,
3203 1969 3358 2022 unius
3403 1967 3729 2023 substantia:
3767 1967 3855 2020 vel

2247 2062 2536 2118 eSsentiae?
2562 2071 2653 2116 aut
2683 2062 2726 2116 si
2761 2062 2865 2116 erit
2894 2070 2949 2115 et
2979 2061 3173 2128 Patris,
3203 2069 3258 2114 et
3284 2058 3340 2112 in
3371 2059 3480 2126 ipsa
3518 2068 3701 2120 natus,
3737 2072 3858 2110 cru-

2245 2157 2437 2210 cilixus
2465 2165 2546 2210 est
2576 2151 2744 2210 Filius
2765 2195 2780 2220 ,
2811 2153 3030 2207 videant
3073 2151 3343 2222 quomodo
3377 2151 3532 2204 Pater
3561 2159 3657 2204 aut
3704 2151 3857 2204 inna-

2245 2249 2446 2303 scibilis
2465 2289 2480 2316 ,
2511 2256 2604 2302 aut
2633 2247 2975 2315 itnpassibilis
3020 2245 3356 2313 praedicetur.
3387 2243 3510 2297 imo
3531 2258 3641 2297 non
3675 2244 3857 2298 solum

2247 2340 2437 2406 Pater,
2464 2339 2558 2394 sed
2590 2339 2825 2408 Spiritus
2853 2351 3068 2408 quoque
3098 2343 3316 2390 sanctus
3346 2335 3624 2404 (quoniam
3656 2343 3715 2388 et
3745 2334 3857 2403 ipso

2247 2446 2366 2485 cum
2397 2431 2555 2486 Patre
2581 2439 2636 2485 et
2659 2429 2797 2486 Filio
2825 2430 2980 2484 unius
3009 2429 3246 2483 creditur
3269 2443 3394 2483 esse
3423 2425 3751 2480 substantia:
3777 2425 3871 2480 vel

2247 2521 2521 2593 essentiar)
2553 2523 2850 2578 sociabitur
2899 2521 3236 2591 passionibus
3271 2519 3429 2586 Fidi;
3483 2534 3544 2572 ac
3588 2520 3637 2573 si
3682 2520 3859 2572 omnis

2248 2615 2584 2682 dispensatio
2617 2614 2904 2670 dominicae
2935 2613 3320 2668 incarnationis
3361 2611 3428 2666 ad
3477 2620 3649 2665 totam
3680 2610 3852 2666 Trini-

2249 2713 2411 2759 tatem
2465 2707 2746 2774 pertinere
2786 2705 3080 2774 potabitur,
3122 2713 3180 2759 et
3227 2719 3332 2758 non
3382 2703 3555 2759 solius
3601 2702 3726 2759 Filii
3770 2703 3870 2758 Dei

2250 2806 2420 2848 mater
2465 2796 2619 2849 beata
2662 2795 2848 2864 Maria,
2878 2794 2976 2849 sed
3013 2793 3176 2849 totius
3206 2793 3490 2849 Trinitatis
3520 2796 3630 2849 erit
3662 2805 3862 2850 mater.

2251 2885 2475 2940 Planum
2529 2888 2708 2942 facere
2760 2887 2863 2941 hoc
2910 2885 3221 2956 apostolicis
3275 2888 3510 2941 nitamur
3565 2887 3862 2956 exemplis.

2255 2975 2449 3033 Beatus
2481 2979 2770 3046 Apostolus
2822 2980 2892 3033 ita
2939 2978 3172 3048 loquitur
3214 2995 3229 3033 :
3267 2979 3425 3035 Vetus
3473 2978 3633 3034 homo
3683 2991 3860 3033 noster

2250 3069 2406 3122 simul
2434 3069 2715 3136 cruciﬁxus
2737 3077 2908 3134 es!,ut
2934 3079 3208 3123 evacuatur
3235 3087 3420 3139 corpus
3452 3074 3648 3140 peccati
3679 3072 3857 3142 (ﬂatu.

2255 3173 2327 3224 vr,
2358 3157 2438 3226 6).
2465 3159 2747 3225 Quomodo
2772 3159 2929 3214 simul
2961 3172 3114 3215 vetus
3145 3160 3306 3216 homo
3333 3171 3520 3217 noster
3550 3164 3674 3218 solo
3703 3164 3857 3217 Chri-

552 3257 687 3311 sime
704 3256 756 3310 in
783 3258 1198 3327 Evangeliojam
1224 3262 1502 3330 proximus
1527 3263 1760 3330 passioni
1783 3263 2144 3330 demonstrat,

2257 3259 2342 3304 sto
2374 3250 2425 3304 in
2459 3251 2602 3320 ligno
2631 3252 2934 3320 pendente,
2965 3251 3069 3306 nisi
3099 3252 3220 3321 quia
3250 3253 3547 3310 secundum
3578 3270 3702 3308 eam
3735 3257 3857 3309 sub-

554 3363 716 3403 orans
746 3349 957 3403 Patrem
989 3350 1188 3405 talibus
1217 3351 1394 3406 verbis
1425 3367 1440 3404 :
1482 3351 1548 3405 Ut
1574 3353 1676 3406 sint
1702 3369 1885 3417 unum,
1938 3354 2068 3408 sicut
2099 3363 2148 3409 et

557 3426 649 3493 nos
678 3457 856 3494 unum.
891 3439 1005 3512 Ego
1028 3442 1080 3494 in
1101 3443 1197 3508 eis,
1225 3453 1342 3496 cttu
1361 3445 1412 3497 in
1443 3460 1522 3499 me
1547 3443 1725 3517 (Joan.
1757 3461 1886 3513 xvtt,
1907 3445 2000 3513 22,
2024 3443 2144 3518 23).

556 3528 652 3583 Dic
709 3528 864 3596 ηιὶιιί,
895 3531 984 3599 qui
1035 3547 1196 3586 unam
1257 3535 1516 3603 praedicas
1569 3538 1860 3592 essentiam
1914 3537 2144 3606 Christi,

553 3622 824 3690 quomodo
862 3633 946 3678 est
974 3623 1090 3694 ipse
1117 3625 1168 3680 in
1200 3627 1373 3695 nobis,
1403 3637 1458 3683 et
1485 3629 1755 3697 quomodo
1808 3637 1891 3685 est
1945 3631 1997 3684 in
2054 3629 2146 3687 illo

553 3709 757 3766 Pater?
783 3712 916 3778 Quia
962 3729 1066 3770 una
1098 3725 1183 3770 est
1227 3717 1527 3773 substantia
1557 3720 1728 3774 Patris
1759 3727 1813 3775 et
1849 3719 1992 3774 Filii.
2023 3720 2149 3776 Ideo

552 3801 718 3858 etiam
757 3803 873 3872 ipse
927 3805 982 3859 in
1035 3806 1191 3862 nobis
1240 3816 1344 3874 est,
1369 3809 1493 3877 quia
1525 3811 1793 3880 particeps
1823 3810 1939 3865 fieri
1972 3809 2145 3865 voluit

553 3906 753 3950 nostra:
781 3897 1118 3952 substantiae.
1143 3896 1258 3953 Non
1287 3909 1369 3954 est
1389 3913 1518 3969 ergo
1548 3901 1657 3971 iam
1681 3917 1785 3955 una
1813 3902 2142 3973 Substantia,

553 3987 648 4041 sed
672 3988 794 4042 dum
822 4006 837 4043 :
869 4004 973 4042 una
1005 3989 1058 4044 in
1087 4007 1192 4060 qua
1221 3999 1304 4045 est
1332 4005 1452 4046 cum
1484 3991 1642 4046 Patre
1673 4007 1860 4062 unum,
1891 3993 2061 4048 altera
2089 3993 2146 4049 in

554 4094 656 4146 qua
706 4091 789 4135 est
835 4081 1112 4136 nobiscum
1156 4098 1354 4148 unum;
1385 4099 1490 4138 una
1523 4099 1618 4154 per
1645 4100 1808 4156 quam
1858 4095 1940 4141 est
1977 4087 2030 4141 in
2055 4087 2148 4143 illo

555 4170 746 4238 Pater,
781 4174 950 4229 altera
982 4189 1076 4244 per
1099 4191 1258 4244 quant
1281 4186 1365 4232 est
1391 4177 1504 4247 ipse
1534 4179 1586 4232 in
1625 4178 1780 4233 nobis
1802 4195 1957 4247 vere;
1986 4196 2149 4238 verus

558 4265 842 4332 mediator,
866 4267 1068 4323 habens
1097 4269 1240 4324 unde
1265 4271 1335 4324 sit
1359 4271 1635 4340 proximus
1655 4273 1790 4340 Deo,
1807 4275 1951 4330 unde
1968 4277 2150 4344 proxi-

554 4369 673 4410 mus
725 4359 910 4424 nobis;
965 4369 1025 4415 ut
1061 4362 1220 4416 faciat
1255 4363 1416 4419 etiam
1449 4381 1548 4421 nos
1575 4367 1856 4436 proximos
1887 4369 2016 4434 Deo,
2052 4386 2151 4440 per

555 4461 615 4500 se
636 4448 821 4516 utique
842 4451 930 4518 qui
953 4451 1068 4506 fieri
1098 4454 1260 4508 voluit
1284 4457 1566 4524 proximus
1593 4458 1769 4513 nobis.
1801 4458 1907 4514 Sed
1939 4461 1982 4514 si
2009 4461 2149 4518 forte

554 4547 637 4603 tu,
667 4554 826 4607 quem
855 4544 1219 4600 consideratlo
1255 4547 1566 4604 mediatoris
1597 4549 1662 4604 ad
1703 4554 2142 4620 praedicationem

2255 3344 2506 3398 Stantiam
2539 3344 2794 3414 pependit
2823 3342 2876 3397 in
2909 3344 3075 3414 ligno,
3106 3358 3271 3416 quam
3297 3346 3528 3416 sumpsit
3555 3361 3624 3402 ex
3663 3347 3872 3403 nobis?

2251 3435 2388 3491 item.
2411 3437 2526 3491 alio
2547 3437 2667 3491 loco
2708 3449 3036 3494 memoratus
3065 3439 3338 3507 apostolus
3365 3439 3498 3494 dicit
3541 3457 3554 3492 :
3605 3439 3670 3493 Et
3702 3441 3872 3494 simul-

2247 3531 2680 3596 conresusct'tavit,
2709 3538 2756 3585 ct
2789 3531 2961 3585 sedere
2996 3531 3114 3600 fecit
3142 3533 3195 3586 iu
3221 3533 3505 3587 caestibus
3545 3534 3600 3586 iu
3639 3533 3866 3588 Christo

2249 3621 2380 3676 Jesu
2428 3621 2637 3694 (Ep/tes.
2693 3638 2756 3693 tl,
2798 3623 2876 3693 6).
2923 3623 3333 3694 Respondeatur
3375 3627 3648 3696 quomodo
3696 3627 3864 3681 simul

2252 3713 2686 3780 conresuseitati,
2719 3724 2812 3768 aut
2854 3715 3014 3770 simul
3058 3715 3406 3771 consedimus
3437 3717 3489 3770 in
3519 3719 3860 3784 cmlestibus,

2248 3803 2353 3859 nisi
2396 3818 2491 3874 per
2527 3805 2672 3860 illius
2711 3805 3028 3860 substantiae
3057 3807 3490 3862 communionem
3518 3823 3680 3879 quam
3714 3824 3860 3864 smn-

2251 3899 2356 3968 psit
2381 3913 2447 3954 ex
2478 3898 2668 3954 nobis?
2701 3897 2757 3954 Si
2782 3913 2913 3969 ergo
2940 3900 2991 3953 iu
3025 3899 3285 3955 unitatent
3312 3900 3510 3955 divinae
3536 3900 3870 3956 substantia

2249 4003 2363 4044 suae
2413 4001 2657 4046 naturam
2710 3990 2877 4046 Filius
2930 3992 3021 4047 Dei
3072 3992 3332 4063 suscepit,
3365 4005 3425 4048 ut
3465 3993 3769 4052 divinitatis
3811 4007 3867 4052 et

2251 4084 2429 4140 carnis
2469 4100 2573 4139 una
2621 4095 2802 4156 posset
2841 4099 2963 4141 esse
3007 4096 3216 4155 natura,
3249 4087 3390 4156 quod
3437 4088 3739 4143 adunatum
3783 4099 3868 4145 est

2251 4176 2515 4232 divinitati
2546 4177 2666 4248 ejus
2695 4178 2840 4232 omni
2867 4177 3113 4233 Trinitati
3143 4177 3434 4234 adunatum
3465 4189 3548 4235 est
3577 4198 3592 4235 :
3624 4182 3870 4238 maxime

2253 4272 2375 4338 quia
2401 4269 2779 4338 inseparabilia
2812 4279 2940 4324 sunt
2967 4285 3134 4340 opera
3158 4271 3458 4338 Trinitatis,
3484 4275 3610 4341 quia
3643 4289 3754 4328 una
3782 4285 3868 4330 est

2253 4362 2549 4417 subsmntia
2585 4362 2669 4416 vel
2703 4362 2939 4416 essentia
2964 4363 3259 4419 Trinitatis.
3292 4364 3533 4419 Trinitas
3561 4377 3650 4420 est
3676 4376 3865 4424 autem

2254 4451 2502 4519 Pater,et
2528 4452 2567 4507 F
2573 4453 2717 4520 ilius,
2743 4464 2796 4510 et
2819 4455 3047 4524 Spiritus
3070 4465 3285 4512 sanctus
3304 4474 3326 4524 ;v
3350 4457 3404 4511 in
3436 4460 3688 4526 personis
3724 4471 3858 4528 tres,

2255 4544 2311 4599 in
2339 4546 2640 4600 substantia
2669 4549 2751 4602 vel
2782 4549 3020 4603 essentia
3063 4564 3248 4604 unum.
3278 4549 3333 4603 in
3364 4566 3468 4619 qua
3497 4552 3738 4607 essemia
3773 4554 3858 4609 vei

556 4629 785 4684 duarum
809 4635 1227 4690 substantiarum
1246 4641 1523 4709 compellit
1549 4641 1795 4705 invitum,
1824 4646 2010 4701 volens
2038 4648 2144 4703 vim

2257 4638 2554 4693 substantia
2584 4639 2630 4693 si
2660 4627 2814 4694 natus
2841 4649 2932 4694 aut
2956 4655 3144 4710 passus
3167 4651 3249 4698 est
3274 4641 3460 4708 Filius,
3484 4645 3645 4698 simul
3675 4645 3858 4712 Pater,

557 4726 800 4782 veritatis
854 4727 1107 4798 eludere,
1159 4746 1265 4786 non
1333 4734 1555 4790 omnino
1621 4737 1783 4791 unius
1839 4738 2150 4796 mediatoris

557 4817 690 4872 duas
717 4821 980 4875 essentias
1013 4835 1199 4893 negas,
1224 4824 1320 4878 sed
1363 4839 1429 4880 ex
1475 4824 1562 4880 his
1605 4826 1812 4881 duabus
1842 4843 2004 4882 unam
2033 4830 2147 4886 ﬁeri

559 4910 798 4978 potuisse
822 4913 1367 4985 conlirmas,reqttire
1389 4916 1720 4987 diligentius,
1750 4920 1795 4973 si
1832 4918 2065 4975 Verbum
2095 4933 2149 4976 et

558 5015 686 5056 caro
725 5017 829 5057 una
876 5005 1040 5074 cmpit
1091 5020 1210 5061 esse
1254 5021 1470 5075 natura,
1525 5020 1706 5062 utrum
1754 5012 1921 5078 possit
1943 5025 2073 5067 caro
2091 5020 2148 5068 et

560 5102 702 5156 Deus
743 5103 899 5159 Pater
925 5107 1085 5161 unius
1122 5107 1373 5162 essentiaa
1405 5107 1704 5177 prmdicari.
1740 5109 2147 5181 Consequenter

563 5195 708 5249 enim
731 5196 854 5265 quia
891 5199 1120 5253 Verbum
1152 5199 1327 5254 Patris
1357 5210 1440 5254 est
1471 5199 1660 5268 Filius,
1695 5209 1748 5256 et
1777 5201 2148 5260 indubitanter

563 5302 667 5341 una
699 5296 779 5341 est
805 5287 1102 5343 substantia
1144 5290 1319 5344 Patris
1346 5300 1400 5345 et
1429 5291 1579 5356 Filii;
1612 5293 1754 5348 sicut
1808 5293 1950 5348 Deus
1991 5295 2150 5352 Pater

561 5399 681 5436 cum
711 5384 886 5439 Verbo
926 5402 1026 5440 suo
1057 5387 1216 5442 unius
1244 5397 1328 5444 est
1353 5389 1684 5455 substantim,
1717 5391 1795 5444 sic
1830 5405 1951 5446 cum
1982 5407 2146 5447 carne

571 5473 724 5528 Verbi
754 5475 836 5529 sui
867 5478 1024 5533 unius
1077 5478 1377 5534 invenietur
1407 5496 1528 5536 esse
1567 5483 1912 5549 substantia},
1947 5483 1990 5536 .~i
2022 5498 2148 5538 caro

559 5574 615 5617 et
638 5563 867 5620 Vetbum
894 5568 1011 5622 ﬁeri
1037 5570 1208 5636 potuit
1235 5586 1341 5625 una
1365 5573 1686 5628 subStanIia.

634 5659 685 5710 7.
716 5659 1170 5732 Superadjicietur
1197 5668 1318 5722 huic
1348 5671 1584 5739 Opinioni
1616 5673 1774 5726 etiam
1807 5672 1928 5727 tilis
1956 5675 2148 5729 absur-

561 5747 720 5818 ditas,
755 5761 811 5805 ut
847 5755 970 5822 quia
1001 5759 1177 5813 omnis
1207 5773 1333 5815 caro
1365 5763 1593 5817 humana
1640 5764 1880 5833 ejusdem
1908 5773 1992 5820 est
2019 5767 2148 5820 sub-

561 5840 795 5908 eunti-Le,
826 5859 952 5900 caro
979 5858 1158 5905 autem
1187 5851 1386 5910 Christi
1413 5855 1644 5910 bumma
1670 5865 1806 5924 erat,
1849 5872 1968 5928 qua:
1997 5857 2154 5915 unius

2257 4740 2312 4785 et
2337 4730 2572 4800 Spiritus
2600 4743 2817 4788 sanctus
2841 4744 2894 4787 et
2920 4744 3075 4788 natus
3113 4742 3171 4788 et
3201 4749 3389 4801 passus
3418 4747 3520 4789 εδει.
3550 4736 3661 4791 Sed
3690 4737 3739 4792 si
3771 4737 3861 4792 Fi-

2256 4826 2360 4881 lius
2403 4836 2608 4880 tantum
2654 4843 2842 4894 passus
2883 4838 2987 4895 (Si,
3015 4829 3154 4884 sicut
3195 4829 3321 4884 ﬁdei
3363 4830 3642 4886 catholicae
3671 4831 3859 4886 docuit

2251 4919 2469 4989 antiqua
2513 4919 2729 4973 traditio
2750 4963 2763 4988 ,
2808 4920 2860 4974 in
2912 4920 3014 4974 alia
3065 4931 3253 4975 natura
3285 4935 3472 4991 passus
3504 4931 3606 4977 est.
3639 4923 3704 4977 Et
3735 4937 3862 4994 qua:

2253 5021 2337 5068 est
2363 5013 2489 5078 alia,
2517 5013 2617 5066 nisi
2661 5013 2929 5067 humana?
2963 5014 3019 5069 Si
3049 5029 3179 5084 ergo
3208 5015 3308 5069 alia
3342 5025 3426 5070 est
3464 5014 3726 5084 humana,
3754 5018 3860 5072 alia

2251 5103 2431 5159 divina
2459 5115 2682 5170 natura,
2715 5121 2821 5159 non
2853 5116 2936 5160 est
2967 5120 3068 5159 una
3101 5107 3152 5160 in
3185 5107 3399 5162 Clu-isto
3434 5123 3500 5163 ex
3531 5108 3748 5164 duabus
3775 5111 3852 5164 ia.-

2253 5215 2336 5259 cta
2369 5194 2580 5259 natura.

2324 5295 2376 5352 8.
2410 5297 2600 5353 Solent
2629 5297 2813 5353 Ariani
2846 5299 3003 5354 nobis
3039 5299 3276 5366 obiicere
3319 5301 3478 5356 talem
3522 5301 3854 5370 prepositio-

2255 5402 2398 5441 nem.
2430 5387 2590 5442 Passa
2620 5401 2722 5452 est,
2755 5389 3032 5458 inquiunt,
3056 5390 3308 5445 divinitas
3337 5391 3487 5456 Filii,
3516 5399 3609 5446 aut
3640 5407 3748 5447 non
3770 5407 3854 5451 est

2257 5494 2432 5548 passa.
2492 5479 2545 5534 Si
2595 5480 3015 5550 respondeamus
3064 5498 3076 5534 :
3129 5481 3244 5536 Non
3289 5492 3373 5536 est
3407 5497 3586 5551 passa,
3615 5482 3850 5538 dicunt:

2256 5578 2392 5649 Ergo
2425 5594 2587 5648 purus
2622 5579 2781 5634 homo
2827 5579 3112 5635 cruciﬁxus
3161 5591 3262 5635 est.
3295 5580 3350 5634 Si
3397 5582 3849 5649 reSpondeatnns,

2253 5671 2394 5741 quod
2422 5671 2752 5739 respondere
2778 5670 3036 5727 debemus
3064 5689 3075 5724 :
3107 5672 3268 5727 Passa
3297 5684 3402 5738 est,
3425 5673 3517 5727 sed
3547 5673 3848 5729 secundum

2241 5779 2491 5828 carnem,
2519 5763 2632 5833 ipsa
2662 5773 2838 5819 tamen
2872 5766 2922 5820 in
2953 5764 3055 5821 hoc
3077 5766 3219 5836 quod
3245 5777 3327 5821 est
3351 5767 3701 5836 impassibilis
3733 5784 3850 5836 per-

2259 5871 2504 5926 manens,
2537 5856 2864 5928 respondent
2910 5875 2926 5920 ς
2977 5857 3117 5930 Ergo
3165 5868 3258 5917 aut
3298 5873 3455 5930 passa
3484 5869 3566 5916 est
3593 5859 3851 5916 divinitas
