4094 6540
233 383 329 437 897

1394 332 1753 416 ιςιηιςτοιηιιξ
1796 357 1879 411 ET
1920 354 2299 412 OPUSCLYLA.

3406 351 3513 411 $98

239 497 426 559 Patris,
456 494 500 549 si
535 505 689 560 passa
721 498 798 543 est
844 482 1099 541 divinitas
1132 480 1283 542 Fiiii;
1329 488 1422 531 aut
1465 491 1567 529 non
1611 485 1692 528 est
1721 487 1821 524 una
1854 477 1897 530 Α
1929 471 2144 523 nomine
2193 465 2418 522 naturali
2466 465 2724 520 duntaxat
2773 474 2992 522 censeat
3035 466 3403 535 vocitandam;
3451 478 3510 524 ut

237 591 486 647 divinitas
528 585 701 639 Patris
729 594 782 639 et
815 580 950 635 Filii.
984 571 1410 644 Proponeiuibus
1459 569 1560 622 hoc
1605 565 1819 621 Arianis

238 688 301 740 ita
346 680 600 738 convenit
640 679 819 747 lingua
867 673 1129 728 catholica
1172 666 1502 736 respondere
1534 682 1546 715 :
1581 662 1738 716 Pater
1765 667 1822 713 et

240 776 401 831 Filirs
431 770 729 828 substantia
763 782 923 821 unum
955 770 1108 826 suttt,
1140 775 1243 813 non
1279 755 1522 826 personis
1555 769 1569 805 :
1601 766 1704 805 una
1736 757 1821 803 est

234 879 417 924 natura
466 862 641 919 Patris
671 869 723 914 et
753 858 903 923 Filii;
934 854 1030 910 sed
1062 852 1164 906 alia
1211 856 1297 904 est
1340 859 1568 916 persona
1620 842 1821 907 Patris,

240 962 335 1015 alia
368 956 512 1013 Filii.
546 954 714 1010 Filius
747 964 876 1006 vero
905 946 1206 1009 suscipiens
1242 955 1479 1002 carnem,
1507 938 1557 990 id
1588 945 1689 999 est,
1721 934 1821 988 ho-

240 1055 401 1107 min's
433 1050 644 1118 plenam
677 1042 1075 1114 perfectamque
1105 1045 1369 1095 naturam,
1400 1033 1474 1086 sit-
1504 1044 1620 1084 cum
1653 1024 1823 1081 susci-

242 1158 365 1214 pere
409 1140 660 1209 dignatus
706 1142 812 1199 est,
848 1140 904 1185 ut
952 1144 1055 1183 una
1105 1139 1334 1196 persona
1386 1124 1535 1176 ﬁeret
1565 1118 1825 1171 earniset

244 1211 422 1299 Verbi,
454 1246 558 1286 non
586 1238 764 1283 tamen
794 1238 899 1277 una
930 1230 1141 1275 natura.
1173 1217 1312 1271 Deus
1341 1215 1499 1266 homo
1533 1211 1702 1265 factus
1732 1223 1827 1260 na-

240 1339 416 1383 turam
444 1324 545 1380 sibi
580 1319 843 1375 adunavit
870 1317 1185 1375 humanam,
1213 1309 1306 1363 sed
1335 1306 1388 1359 in
1419 1304 1673 1358 unitatem
1709 1314 1827 1368 per-

245 1432 392 1474 sonze
414 1428 571 1485 quam
603 1426 710 1465 non
742 1408 1044 1461 habetcum
1075 1403 1229 1455 Patre
1261 1410 1619 1456 rowmunem,
1646 1406 1749 1445 non
1775 1390 1826 1443 in

244 1513 500 1567 unitatem
534 1503 844 1561 substantia
874 1512 1029 1567 quam
1058 1494 1216 1547 habet
1243 1505 1363 1544 cum
1396 1486 1551 1541 Patre
1582 1497 1826 1538 commu-

244 1622 390 1662 nem.
419 1602 544 1655 ldeo
584 1613 690 1653 non
738 1594 993 1654 Trinitas,
1021 1586 1118 1642 sed
1160 1580 1527 1638 tantummodo
1574 1576 1736 1630 Filius
1777 1582 1831 1627 et

244 1707 404 1754 natus
431 1704 483 1748 et
514 1705 703 1761 passus
726 1686 828 1741 est.
858 1684 970 1738 Alia
1004 1689 1087 1736 est
1117 1687 1323 1739 natura,
1348 1671 1641 1729 secundum
1672 1682 1829 1737 quam

250 1806 438 1862 passus
470 1794 555 1842 est
578 1781 748 1839 Filius
798 1796 811 1831 :
858 1774 956 1831 sed
1003 1773 1124 1843 quia
1156 1784 1315 1824 unam
1347 1780 1467 1820 esse
1498 1763 1620 1816 fecit
1649 1774 1828 1829 perso-

1921 559 2189 628 qnomodo
2230 574 2295 613 ex
2344 556 2550 611 naturis
2592 556 2817 620 duabus,
2844 558 3020 610 anima
3066 567 3121 611 et
3158 573 3340 622 carne,
3369 558 3505 613 facta

1920 661 2005 705 est
2034 666 2136 704 una
2167 660 2378 713 natura,
2407 649 2491 701 cui
2524 661 2720 701 nomen
2760 655 2842 701 est
2882 649 3074 713 homo;
3104 662 3168 701 ex
3198 648 3410 702 duobus
3431 647 3505 701 sl-

1924 742 2128 795 militer
2154 739 2475 795 animalibus
2504 754 2669 791 unum
2700 739 2937 792 nascitur
2965 739 3185 802 animal,
3216 749 3269 793 et
3317 738 3511 792 dieitur

1925 832 2136 898 mulus;
2166 846 2230 885 ex
2261 831 2469 885 duabus
2495 844 2710 900 quoque
2752 829 3069 884 substantiis
3110 829 3249 899 ignis
3289 840 3339 883 et
3385 829 3511 899 ligni

1927 922 1984 976 ﬁt
2014 936 2115 975 una
2145 937 2255 985 res,
2288 931 2340 975 et
2370 931 2593 981 vocatur
2620 921 2818 987 carbo;
2851 936 3022 990 neque
3054 922 3228 974 anima
3259 921 3394 985 Sola,
3419 929 3514 974 aut

1923 1026 2141 1081 corpus,
2177 1016 2371 1077 homo;
2405 1027 2579 1086 neque
2621 1027 2793 1083 equus
2836 1012 3005 1078 solus,
3037 1022 3126 1065 aut
3155 1013 3362 1074 asinus.
3397 1028 3515 1065 mu-

1926 1103 2044 1169 lus;
2072 1118 2246 1172 neque
2276 1103 2412 1172 ignis
2437 1104 2614 1167 solus,
2641 1112 2734 1159 aut
2763 1102 2961 1172 lignum
2982 1147 2997 1172 ,
3023 1106 3188 1159 carbo
3219 1112 3391 1172 potest
3413 1118 3512 1157 na-

1930 1195 2085 1248 turali
2119 1195 2339 1248 nomine
2363 1195 2574 1259 vocari;
2605 1195 2685 1250 sic
2712 1196 3003 1250 ostendere
3024 1196 3195 1249 valeat
3220 1211 3284 1249 ex
3311 1195 3516 1250 duabus

1930 1289 2450 1353 naturis,diviuitate
2477 1289 2649 1345 scillc:
2670 1297 2689 1340 t
2712 1299 2765 1341 et
2796 1286 3149 1351 humanitate,
3174 1286 3220 1340 si
3249 1302 3352 1339 Ull'l
3380 1284 3515 1342 facta

1927 1390 2010 1434 est
2059 1391 2246 1434 natura
2267 1422 2283 1446 ,
2316 1380 2441 1449 quid
2474 1380 2651 1433 vocari
2686 1377 3003 1432 naturaliter
3028 1377 3242 1431 debeat.
3270 1378 3516 1431 Christus

1930 1470 2147 1538 quippe
2186 1484 2378 1525 nomen
2429 1478 2515 1525 est
2561 1468 2765 1533 ofﬁcii;
2820 1468 3133 1522 Emmanuel
3179 1482 3374 1521 nomen
3437 1476 3518 1523 est

1930 1568 2186 1627 utrasque
2215 1558 2546 1612 substantias
2575 1572 2707 1626 quas
2736 1556 2997 1611 adunatas
3024 1564 3358 1611 contestatur
3390 1558 3520 1613 insi-

1931 1664 2109 1703 nuans
2145 1667 2157 1701 :
2194 1659 2401 1725 natura;
2428 1658 2605 1702 autem
2641 1663 2835 1702 nomen
2868 1648 3020 1701 istius
3051 1648 3366 1702 substan'iae
3403 1663 3519 1717 qua:

1936 1756 2038 1794 una
2066 1740 2180 1794 ﬁeri
2214 1741 2450 1804 potuisse
2474 1741 2673 1794 dicitur
2720 1756 2785 1795 ex
2817 1742 3049 1807 duabus,
3080 1757 3250 1809 neque
3281 1742 3402 1810 legi,
3431 1757 3521 1796 ne-

253 1833 438 1862 ..-ss..-
472 1833 554 1842 ν--
582 1833 602 1839 -
1021 1833 1035 1843 _

248 1900 369 1938 nam
402 1894 511 1934 suae
539 1872 836 1931 divinitatis
863 1878 915 1923 et
947 1863 1148 1928 carnis,
1179 1867 1397 1930 propter
1423 1856 1682 1909 unitatem
1716 1865 1830 1916 per-

1947 1849 2038 1901 que
2072 1849 2164 1901 per
2196 1833 2431 1903 linguam
2475 1833 2760 1901 cujuslibet
2795 1833 2897 1899 dis;
2921 1835 3143 1887 utatoris
3189 1834 3389 1888 audivi.
3421 1834 3522 1889 No-

254 1990 397 2028 sona:
437 1969 688 2025 divinitas
721 1963 838 2018 Filii
867 1960 1066 2015 dicitur
1111 1969 1265 2026 passa
1310 1948 1568 2022 quidquid
1613 1945 1834 2016 piotnlit

249 2078 357 2150 [An
386 2068 657 2145 pertulit'll
687 2081 834 2122 caro.
863 2063 1097 2118 Persona
1136 2064 1313 2112 autem
1365 2052 1480 2107 F.lii
1528 2063 1630 2104 nea
1661 2058 1742 2100 est
1772 2060 1833 2099 ea

250 2143 483 2239 quaeest
513 2161 706 2224 Patris,
737 2159 859 2229 quia
890 2155 992 2209 alia
1036 2159 1120 2207 est
1162 2147 1334 2205 Patris
1380 2162 1395 2198 :
1443 2143 1561 2197 ideo
1606 2149 1835 2194 tantum-

258 2236 416 2316 modo
444 2256 612 2313 Filius
640 2264 830 2324 passus
871 2244 1096 2309 est.,lsti
1145 2251 1327 2296 autem
1364 2237 1475 2306 qui,
1508 2236 1645 2287 sicut
1674 2244 1833 2285 unam

253 2363 542 2423 personam
575 2343 783 2401 Domini
806 2340 936 2397 Jesu
962 2335 1182 2399 Christi,
1201 2333 1280 2386 sic
1304 2344 1464 2385 unam
1488 2327 1678 2381 volunt
1701 2338 1838 2392 pra:-

257 2419 443 2501 dicare
479 2448 751 2504 naturam,
781 2433 909 2503 quid
954 2426 1354 2500 respondebunt
1395 2419 1641 2477 Arianis?
1670 2420 1840 2487 Argoa

256 2546 440 2594 menta
465 2534 544 2591 eis
576 2533 693 2589 sine
719 2526 883 2585 dubio
909 2535 1096 2580 cuncta
1122 2518 1401 2581 deﬁcient;
1432 2523 1485 2568 et
1510 2521 1602 2567 aut
1627 2508 1839 2564 Arianis

255 2629 616 2688 consentient.
643 2639 710 2679 ne
735 2635 893 2676 unam
927 2614 1096 2671 Patris
1120 2622 1175 2667 et
1203 2610 1317 2665 Filii
1346 2605 1677 2662 divinitatem
1706 2615 1841 2671 pra:-

256 2723 471 2786 diernt;
502 2726 593 2773 aut
626 2709 1034 2783 Patripassianis
1063 2704 1428 2767 sociabuntur,
1458 2714 1641 2756 errore
1671 2696 1836 2751 sacri-

260 2823 380 2893 lego
421 2815 796 2874 miserabiliter
824 2806 1114 2879 obligandi.
1146 2805 1465 2860 Revertatur
1510 2799 1577 2853 ad
1622 2810 1839 2851 sensum

254 2914 561 2984 piissimum
592 2907 739 2962 furor
764 2902 1076 2967 haereticus;
1106 2906 1161 2952 et
1187 2897 1275 2966 qui
1305 2910 1368 2950 ex
1404 2892 1605 2947 naturis
1631 2888 1842 2943 duabus

256 2981 316 3063 in
350 3003 575 3060 Domino
601 3000 725 3055 Jesu
774 2995 987 3050 Christo
1023 3005 1181 3047 unam
1217 2987 1409 3043 iactam
1457 2984 1671 3049 fatetur,
1697 2981 1845 3035 dicat

255 3098 393 3154 mihi
424 3108 544 3165 quae
574 3092 760 3146 harum
793 3085 970 3157 periit,
1001 3091 1059 3138 ut
1085 3095 1187 3135 una
1222 3079 1376 3133 ﬁeret
1398 3091 1462 3131 ex
1493 3074 1719 3129 duabus.
1748 3070 1843 3125 Di-

259 3191 381 3244 vina
425 3187 602 3255 perire
647 3197 754 3236 non
799 3178 988 3246 potuit,
1014 3174 1243 3226 humana
1287 3182 1390 3222 non
1436 3163 1639 3218 debuit.
1665 3164 1770 3216 Aut
1798 3159 1844 3216 si

257 3280 462 3335 nullius
505 3275 668 3330 audet
708 3282 948 3326 asserere
977 3264 1351 3335 perditionem,
1382 3258 1525 3313 dicat
1554 3265 1730 3310 utrum
1776 3258 1846 3306 sit

261 3371 440 3423 altera
473 3368 526 3420 in
558 3365 779 3418 alteram
823 3363 1146 3414 commutata
1177 3368 1191 3405 :
1220 3362 1275 3407 et
1303 3353 1347 3405 si
1385 3349 1608 3403 alteram
1633 3346 1684 3399 in
1716 3344 1849 3397 alte-

260 3484 381 3525 ram
425 3466 662 3537 potuisse
709 3456 1023 3515 commutari
1073 3450 1452 3523 suspicabitur,
1483 3448 1625 3502 dicat
1666 3457 1852 3499 rursus

263 3574 449 3619 utrum
494 3558 751 3613 divinitas
787 3556 841 3609 in
885 3564 1124 3612 carnem,
1152 3561 1218 3600 an
1264 3544 1317 3598 in
1362 3540 1693 3597 divinitatem
1726 3550 1852 3591 caro

260 3666 532 3710 conversa
573 3651 663 3704 sit.
694 3646 750 3701 Si
791 3647 934 3700 enim
963 3640 1214 3696 divinitas
1242 3633 1307 3690 ad
1340 3633 1644 3689 inferiorem
1674 3628 1854 3684 carnis

263 3747 486 3802 redacta
531 3749 616 3797 est
655 3736 992 3808 qualitatem,
1026 3728 1347 3787 deteriorata
1388 3722 1759 3793 cognoscitur;
1799 3727 1855 3776 et

265 3840 378 3910 iam
424 3835 523 3891 sibi
566 3830 742 3902 potius
784 3836 994 3884 creator
1022 3825 1196 3879 bonus
1227 3820 1495 3875 miseriam
1528 3813 1853 3886 procuravit,

270 3948 437 4002 quam
469 3928 624 3984 nobis
651 3921 1079 3980 misericordiam
1116 3914 1385 3987 praestitit.
1412 3911 1467 3967 Si
1492 3925 1617 3964 vero
1646 3920 1854 3977 perma-

267 3999 308 4079 ιι
334 4038 409 4075 ’118
433 4018 683 4075 imiolata
709 4012 954 4069 divinitas
978 4007 1255 4064 absorbuit
1276 4003 1626 4059 substantiam
1657 3999 1856 4066 carnis,

267 4123 335 4168 ut
356 4111 462 4167 hoc
503 4122 626 4165 esse
672 4105 930 4173 inciperet
960 4115 1085 4156 caro
1115 4099 1255 4169 quod
1289 4096 1549 4160 Verbum,
1580 4093 1699 4163 quis
1727 4092 1859 4146 tnle—

266 4203 520 4262 rabiliter
544 4199 727 4255 audiat
748 4204 1046 4253 creaturam
1077 4193 1222 4261 prius
1247 4197 1434 4244 cuncta
1462 4186 1753 4241 acu-identia
1778 4199 1859 4239 re-

267 4300 568 4368 cipientem
600 4292 907 4364 pervenisse
934 4289 998 4343 ad
1039 4293 1290 4363 genset
1321 4284 1610 4352 potentiam
1651 4287 1861 4332 creato-

269 4391 379 4454 ris,
412 4398 467 4442 ut
518 4396 665 4441 es~et
708 4383 886 4439 subito
931 4382 1049 4434 sine
1095 4377 1234 4443 quali
1262 4386 1369 4439 ate,
1401 4373 1515 4427 sine
1544 4369 1860 4440 quantitate,

267 4481 402 4537 sine
430 4487 687 4545 tempore,
714 4477 829 4528 sine
856 4474 995 4536 loco,
1024 4472 1140 4524 sine
1185 4470 1310 4531 situ,
1340 4467 1454 4519 sine
1502 4462 1860 4532 passionibus,

1940 1940 2061 1978 men
2096 1926 2219 1992 hoc,
2244 1926 2386 1979 sicut
2412 1926 2542 1992 dixi,
2573 1928 2922 1980 vehementer
2955 1926 3185 1992 inquiro.
3216 1926 3317 1980 Sed
3350 1927 3523 1993 potius

1938 2017 2041 2072 hoc
2069 2033 2334 2089 propono,
2366 2021 2467 2073 hoc
2510 2019 2849 2088 cogitandum
2896 2018 3229 2086 praadieatnri
3276 2020 3431 2074 unius
3473 2020 3553 2075 in.

1937 2107 2152 2163 Chrisro
2199 2109 2534 2173 substantiae,
2562 2110 2688 2165 licet
2731 2109 2884 2173 nolit,
2914 2124 3129 2177 oppono
3175 2126 3189 2162 :
3231 2109 3284 2162 Si
3317 2126 3416 2163 una
3448 2120 3526 2166 est

1937 2195 2139 2253 Christi
2172 2207 2362 2254 natura
2391 2200 2686 2268 composita
2717 2215 2783 2254 ex
2815 2199 3041 2263 duabus,
3074 2215 3177 2253 non
3211 2200 3330 2254 talis
3361 2201 3528 2256 Patris

1940 2297 2152 2352 natura,
2188 2303 2291 2344 non
2322 2301 2405 2343 est
2434 2290 2555 2344 talis
2596 2289 2827 2356 Spiritus
2869 2290 3060 2344 sancti.
3091 2292 3372 2357 Quomodo
3403 2306 3530 2361 ergo

1939 2377 2044 2434 erit
2074 2378 2239 2434 Filius
2267 2379 2568 2433 homousion
2598 2378 2740 2433 Patri
2773 2380 2855 2434 vel
2915 2380 3137 2449 Spiritui
3164 2384 3386 2438 saneto?
3418 2384 3534 2441 Unl

1942 2468 2115 2525 Patris
2154 2469 2492 2540 Spiritnsque
2534 2471 2703 2525 sancti
2737 2479 2925 2527 natura
2956 2472 3181 2539 simplex
3224 2483 3337 2538 est,
3383 2484 3529 2532 caret

1942 2558 2364 2628 compositione;
2398 2558 2595 2613 Christi
2641 2569 2837 2626 autem,
2874 2576 2992 2631 qua:
3033 2562 3168 2617 facta
3201 2564 3439 2618 ﬁrmatur
3465 2582 3531 2622 ex

1943 2651 2152 2707 duabus
2180 2668 2283 2707 una
2314 2664 2525 2718 natura,
2544 2656 2840 2724 composita
2864 2667 2966 2724 est,
2986 2669 3133 2713 caret
3158 2660 3526 2729 simplic'tate.

1946 2743 2086 2812 Quid
2118 2760 2246 2813 ergo
2276 2744 2554 2800 dicemus?
2585 2745 2743 2813 Urget
2771 2763 2870 2802 nos
2900 2749 3021 2805 licet
3047 2751 3242 2807 invitos
3276 2754 3531 2810 violentia

1949 2835 2213 2904 veritatis,
2246 2844 2338 2891 aut
2367 2853 2525 2890 unam
2558 2836 2758 2891 Christi
2791 2849 3035 2895 naturam
3069 2858 3173 2896 non
3207 2846 3532 2914 prmdicare;

1945 2936 2036 2979 aut
2070 2925 2268 2992 Patris,
2298 2937 2352 2981 et
2387 2925 2534 2991 Filii,
2560 2936 2614 2999 et
2652 2926 2885 2997 Spiritus
2915 2931 3104 2995 sancti,
3131 2933 3179 2986 id
3214 2944 3296 2989 est
3338 2947 3539 2990 sant-ne

1944 3013 2227 3071 Trinitatis
2278 3032 2438 3070 unam
2489 3017 2840 3073 substantiam
2873 3022 2955 3075 vel
2988 3023 3271 3077 essentiam
3319 3040 3535 3095 negare.

1947 3108 2052 3165 Sed
2100 3110 2143 3163 si
2193 3125 2352 3164 unam
2407 3111 2760 3167 substantiam
2806 3115 2886 3168 vel
2931 3106 3218 3172 essentiam
3259 3120 3536 3179 Trinitatis

1874 3210 2248 3271 Cnegemus,
2310 3201 2628 3258 Arianorum
2693 3204 2929 3275 dogmati
2990 3209 3235 3264 videmur
3300 3214 3538 3281 praebere

1952 3306 2297 3347 consensum.
2324 3292 2401 3349 Ne
2428 3310 2555 3366 ergo
2584 3295 2862 3351 videamur
2890 3298 3097 3356 similes
3122 3303 3356 3369 Arianis,
3380 3320 3540 3361 unam

1951 3382 2152 3440 Christi
2186 3387 2433 3453 quamvis
2482 3403 2547 3442 ex
2596 3389 2801 3444 duabus
2834 3400 3074 3446 naturam
3126 3408 3231 3449 non
3279 3396 3545 3465 praedice-

1953 3490 2095 3542 mus,
2124 3476 2217 3531 sed
2250 3494 2412 3532 unum
2445 3479 2714 3535 Christum
2745 3483 2918 3551 potius
2943 3498 3007 3538 ex
3036 3484 3237 3539 duabus
3259 3496 3314 3541 et
3337 3489 3387 3541 in
3415 3488 3544 3543 dua-

1952 3566 2053 3622 bus
2084 3570 2290 3621 naturis
2322 3570 2719 3637 conﬁtendum;
2754 3588 2853 3626 nec
2884 3574 3206 3629 Arianorum
3237 3577 3540 3645 polluamnr

1953 3674 2193 3726 veneno,
2226 3677 2324 3714 nec
2364 3663 2634 3731 superﬂua
2664 3663 2943 3719 delirantis
2976 3666 3286 3737 Eutychetis
3314 3670 3546 3727 inebrie-

1958 3765 2081 3803 mur
2110 3749 2494 3817 disputatione.
2525 3752 2666 3806 Deus
2698 3752 3023 3822 unigenitus,
3061 3757 3150 3810 Dei
3195 3756 3357 3813 Filius
3386 3777 3546 3816 verus

1955 3848 2010 3895 et
2040 3842 2285 3911 prOprius
2320 3856 2455 3896 unus
2496 3840 2615 3909 fuit,
2650 3846 2864 3910 quando
2900 3844 2968 3898 In
2996 3848 3247 3917 principio
3276 3860 3383 3903 erat
3421 3850 3546 3906 Ver-

1960 3933 2100 3999 bum,
2125 3942 2170 3987 et
2202 3932 2423 3987 Verbum
2464 3944 2573 3986 erat
2611 3936 2750 4006 apud
2782 3934 2968 4001 Deum,
2999 3947 3048 3991 et
3095 3937 3232 3993 Deus
3277 3952 3384 3994 erat
3426 3942 3548 3997 Vera

1960 4022 2096 4076 bum.
2134 4022 2245 4077 Hoc
2283 4033 2391 4076 erat
2435 4024 2487 4077 in
2537 4025 2791 4093 principio
2838 4027 2976 4096 apud
3024 4025 3206 4083 Deum.
3241 4028 3428 4085 Omnia
3458 4044 3553 4101 per

1964 4115 2134 4185 ipsum
2161 4116 2300 4183 facta
2328 4126 2469 4180 sunt,
2491 4124 2538 4169 et
2560 4117 2669 4169 sine
2695 4117 2806 4187 ipso
2829 4118 3021 4185 factum
3048 4128 3120 4172 est
3145 4120 3276 4173 nihil
3303 4122 3483 4188 (Joan.
3508 4139 3547 4191 l,

1964 4207 2104 4277 1-5).
2140 4206 2289 4262 Unus
2318 4216 2475 4276 atque
2505 4207 2646 4261 idem
2678 4219 2781 4275 est,
2810 4210 3025 4278 quando
3054 4210 3284 4267 Verbum
3316 4228 3441 4268 caro
3470 4214 3548 4270 fa-

1963 4310 2104 4356 ctum
2157 4309 2261 4369 est,
2300 4311 2355 4356 et
2404 4303 2657 4357 habitavit
2708 4305 2761 4358 in
2810 4306 2981 4359 nobis.
3036 4305 3324 4376 PrOplel‘t‘a
3374 4312 3549 4378 prius-

1974 4409 2132 4462 quam
2165 4393 2326 4462 Virgo
2361 4393 2519 4448 Maria
2548 4395 2888 4463 conciperet,
2920 4396 3063 4453 Deus
3090 4398 3325 4454 Trinitas
3349 4404 3549 4458 creavit

1968 4499 2098 4552 nos;
2154 4494 2208 4539 ct
2238 4493 2584 4554 posteaquam
2614 4494 2801 4540 sancti
2843 4486 3045 4555 Spiritu
3092 4491 3414 4548 fecundante
3462 4511 3553 4563 pe-

268 4571 399 4627 siue
431 4565 862 4657 habitu,pergdita
893 4561 1198 4618 conditione
1226 4562 1464 4620 factum,
1489 4554 1606 4609 solo
1637 4552 1860 4607 t..cietidi
1894 4599 1942 4657 υ
1973 4577 2112 4645 pem
2144 4552 2477 4641 Emmanuel',
2509 4576 2563 4629 id
2590 4585 2695 4641 est,
2730 4552 3007 4633 nobis’cum
3038 4580 3228 4648 Deum.
3266 4584 3406 4639 DUM
3433 4552 3554 4640 ,ἱζή-

270 4659 467 4729 vigore
496 4657 614 4712 subi
641 4655 758 4709 ira?

358 4770 413 4826 9.
461 4769 651 4824 Timeo
694 4781 761 4820 ne
808 4762 1152 4834 ampliﬁcatio
1210 4769 1453 4815 .reatnraz
1494 4756 1754 4813 creatoris
1796 4754 1867 4808 sit

272 4863 468 4935 potius
499 4858 818 4920 imminutio,
848 4865 1096 4925 tanquam
1144 4852 1283 4907 Deus
1319 4848 1605 4920 indiguerit
1650 4844 1866 4901 addita-

268 4934 473 5012 rnento
513 4950 690 5007 carnis
735 4948 949 5017 augeri;
978 4946 1102 5015 quia
1133 4954 1187 5000 et
1218 4942 1385 4998 multo
1417 4940 1627 4995 facilius
1671 4934 1867 4991 mutari

268 5044 651 5123 potuisseilla
683 5051 868 5096 natura
918 5039 1147 5103 dicetur,
1191 5037 1243 5090 in
1286 5049 1443 5105 quam
1486 5030 1655 5102 potuit
1700 5028 1865 5083 altera

270 5136 628 5199 commutari.
647 5136 816 5192 Nimis
838 5132 1122 5186 absurdam
1144 5128 1464 5184 sententiam
1488 5124 1699 5180 silentio
1722 5134 1873 5175 man-

266 5235 563 5300 cipemus;
591 5237 649 5286 ut
678 5227 723 5280 si
756 5228 953 5280 nullam
983 5222 1052 5275 de
1078 5220 1282 5275 duabus
1313 5218 1396 5273 his
1424 5219 1627 5271 naturis
1659 5217 1710 5268 in
1741 5212 1875 5266 alte-

266 5341 410 5384 ram
456 5322 697 5391 potuisse
736 5316 1010 5373 transferri
1057 5314 1256 5383 liqui-lo
1302 5312 1506 5375 c‘aret,
1556 5307 1875 5377 respondeat

269 5426 473 5472 utrum
520 5413 660 5467 forte
706 5409 986 5480 permixtio
1036 5392 1345 5461 naturarum
1396 5404 1644 5466 duarum,
1679 5401 1875 5454 nullius

268 5520 483 5564 carum
516 5502 841 5571 proprietate
866 5508 1096 5564 servata,
1125 5510 1316 5550 novam
1349 5504 1603 5548 naturam
1631 5492 1751 5546 novi
1783 5505 1878 5559 ge-

267 5596 446 5657 neris
490 5593 693 5650 fecerit.
725 5592 790 5646 Et
818 5594 863 5645 si
895 5590 1033 5645 hanc
1058 5589 1211 5643 unius
1241 5586 1549 5643 mediatoris
1590 5599 1747 5640 unam
1781 5598 1878 5639 na-

265 5706 474 5751 turam
504 5686 795 5758 praedicare
821 5683 1071 5749 voluerit,
1103 5698 1209 5737 non
1249 5679 1461 5736 interim
1494 5678 1708 5750 requiro
1737 5675 1883 5747 quali

376 5832 403 5862 ⁸
428 5823 525 5880 llic
552 5822 742 5879 deesse
770 5819 977 5876 videtur
1005 5816 1318 5873 substantiw.

1972 4670 2111 4724 nitas
2140 4667 2367 4723 redemit
2394 4682 2491 4721 nos
2523 4684 2537 4719 :
2568 4675 2693 4723 ante
2719 4668 3175 4739 dispensationem
3209 4676 3385 4730 carnis
3415 4676 3554 4731 Dens

1971 4769 2154 4815 noster
2183 4758 2449 4822 Trinitas;
2484 4767 2604 4826 post
2632 4761 2899 4828 negotium
2930 4763 3125 4827 erucis,
3155 4773 3208 4819 et
3239 4774 3356 4833 post
3385 4767 3557 4833 spolia

1974 4853 2306 4907 infernorum
2331 4892 2347 4917 ,
2385 4851 2524 4906 Deus
2566 4862 2752 4907 noster
2779 4853 3032 4908 Trinitas.
3064 4855 3239 4922 Quare
3270 4858 3402 4911 hoc?
3429 4860 3553 4927 quia

1972 4949 2111 5033 sicut
2140 4960 2277 4999 unus
2304 4944 2422 5009 l‘uit,
2447 4955 2551 5014 est,
2582 4956 2634 5000 et
2660 4947 2763 4999 erit
2794 4945 2972 5010 Pater,
3002 4947 3094 5015 qui
3119 4948 3186 5001 de
3211 4948 3421 5017 Virgine
3447 4966 3554 5006 non

1974 5046 2060 5093 est
2088 5044 2277 5101 natus;
2321 5039 2460 5090 sicut
2497 5049 2632 5089 unus
2672 5035 2791 5097 fuit,
2818 5044 2921 5100 est,
2956 5045 3009 5090 et
3038 5037 3139 5090 erit
3168 5036 3398 5105 Spiritus
3427 5046 3573 5093 san-'

1973 5128 2219 5198 ctu~,qui
2250 5128 2500 5183 similiter
2521 5128 2589 5181 de
2613 5125 2829 5195 Virgine
2859 5141 2964 5182 non
2994 5138 3074 5181 est
3102 5139 3285 5194 natus;
3315 5131 3385 5185 ita
3416 5146 3555 5186 unus

1974 5231 2058 5279 est
2085 5221 2246 5277 etiam
2278 5220 2468 5284 Filius,
2499 5220 2589 5289 qui
2637 5219 2707 5273 de
2740 5218 2954 5289 Virgine
3002 5228 3159 5274 natus
3204 5233 3307 5278 est.
3337 5225 3561 5278 Assum-

1978 5319 2088 5385 ptio
2116 5315 2190 5369 illi
2225 5314 2323 5368 fuit
2351 5313 2572 5367 alterius
2599 5321 2625 5349 ι
2652 5311 2719 5366 ad
2752 5325 2910 5366 unam
2939 5326 3244 5381 personam.

2052 5406 2138 5459 10.
2167 5402 2350 5458 Crevit
2384 5416 2514 5470 ergo
2562 5416 2655 5470 per
2698 5402 3028 5455 nativitatem
3059 5398 3236 5456 Carnis
3265 5403 3316 5456 in
3347 5400 3561 5461 Christo

1983 5508 2239 5549 numeris
2288 5491 2732 5558 substantiarum,
2765 5490 3105 5562 singularitas
3142 5506 3273 5547 vero
3321 5507 3565 5561 persona

1985 5589 2376 5655 perseveravit.
2410 5580 2615 5635 Idcirco
2642 5584 2883 5651 quamvis
2910 5584 3013 5658 alia
3044 5586 3115 5638 sit
3153 5592 3339 5638 natura
3368 5583 3560 5639 divini-

1989 5676 2134 5746 tatis,
2157 5673 2263 5730 alia
2289 5671 2659 5740 humanitatis,
2688 5688 2793 5730 non
2824 5674 2885 5730 ﬁt
2912 5674 3148 5731 Trinitas
3176 5674 3264 5730 illa
3295 5676 3566 5747 quaterni-
