4094 6464
608 251 710 307 899

1530 249 1901 307 FULGENTH
1941 250 2291 308 FEBRANDI
2334 252 2607 309 DIACONI
2646 253 2990 314 CARTIIAG.

3818 263 3933 319 900

612 370 730 421 tas.
761 361 885 431 quia
935 375 1289 431 personarum
1327 372 1411 416 est
1435 359 1692 429 Trinitas,
1718 376 1838 432 qua:
1889 364 1942 419 in
1991 362 2209 421 Christo
2235 376 2287 433 Α
2316 368 2458 423 nitas
2502 381 2947 438 connumeratur,
2973 380 3029 427 et
3069 372 3436 442 unusquisque
3465 391 3653 430 eorum
3687 377 3823 432 dum
3861 382 3937 438 de

612 469 716 508 una
751 454 1065 523 permansit.
1096 454 1247 510 Unus
1292 464 1376 509 est
1417 454 1647 524 proinde
1675 456 1947 525 Christus,
1975 469 2032 515 et
2060 473 2216 547 sem--

610 560 707 614 per
733 561 894 610 unus,
915 554 1134 615 propter
1162 544 1321 601 unius
1354 559 1598 615 personm
1621 547 2067 618 singularitatem.
2087 566 2205 621 qum

612 639 664 690 in
696 652 762 692 eo
794 651 895 693 nec
922 637 1110 705 dividi,
1140 651 1240 694 nec
1267 637 1561 703 subdividi,
1588 653 1689 696 nec
1716 639 1977 710 duplicari
2005 650 2202 712 potest,

502 802 505 805 _
603 730 848 801 quamvis
876 744 943 786 ex
974 729 1182 787 duabus
1220 731 1354 787 etin
1384 731 1595 788 duabus
1614 733 1869 789 credatur
1891 748 2014 790 esse
2048 744 2205 791 natu-

607 822 702 874 ris.
738 820 933 877 Libere
966 822 1128 892 igitur
1159 822 1363 893 absque
1390 822 1502 879 ulla
1533 824 1821 882 formidine
1849 826 2205 883 eonﬁtramur

600 911 759 966 unius
787 912 987 971 Christi
1019 922 1241 970 naturas
1265 913 1423 983 duas,
1443 915 1679 971 divinam
1703 917 1916 973 scilicet
1940 927 1994 974 et
2016 918 2205 973 huma-

600 1029 758 1081 nam,
792 1014 1030 1072 Verbum
1060 1025 1117 1071 et
1142 1030 1363 1072 carnem
1386 1056 1402 1082 ,
1433 1016 1737 1073 manifestis
1765 1018 2203 1075 distinctionibus

597 1118 924 1178 apparentes
955 1127 969 1164 :
1001 1117 1057 1164 et
1082 1110 1210 1181 quid
1242 1112 1537 1167 secundum
1581 1126 1768 1168 earum
1815 1115 2199 1183 proprietatem

601 1203 706 1259 rite
738 1203 907 1272 pussit
942 1204 1190 1275 intelligi,
1224 1220 1320 1275 per
1348 1206 1529 1261 omnia
1560 1206 1738 1261 divina
1763 1200 2037 1262 volumina
2068 1208 2200 1262 sim-

595 1294 813 1364 pliciter
855 1295 1167 1361 audientes,
1213 1297 1519 1352 nullatenus
1562 1297 1906 1367 dubitemus,
1956 1298 2200 1367 quaedam

598 1386 763 1441 verba
795 1385 1084 1453 divinitati,
1116 1386 1363 1458 qutedam
1394 1403 1523 1444 vero
1565 1389 1881 1444 humanitati
1922 1388 2039 1460 ejus
2082 1392 2201 1446 sine

595 1479 941 1549 separatione
967 1494 1192 1550 prorsus
1221 1481 1416 1549 aptari.
1446 1482 1499 1535 Si
1527 1481 1648 1551 quis
1679 1482 1821 1536 enim
1853 1498 1939 1537 me
1964 1480 2199 1538 interro-

592 1579 689 1643 gat
715 1587 731 1626 :
765 1570 879 1643 Ego
907 1582 957 1627 et
985 1570 1147 1627 Pater
1174 1589 1335 1628 unum
1362 1588 1539 1628 sumus
1568 1573 1749 1645 (Joan.
1777 1590 1830 1641 ι,
1855 1574 1986 1645 50),
2018 1584 2199 1632 utrum

594 1677 700 1720 vox
734 1664 835 1721 ista
865 1665 1168 1723 secundum
1194 1667 1529 1723 divinitatem
1561 1668 1771 1738 prolata
1798 1668 1891 1735 sit,
1910 1685 1977 1723 an
2008 1684 2200 1725 secun-

593 1754 722 1811 dum
766 1755 1196 1824 humanitatem;
1242 1757 1563 1814 fiducialiter
1593 1760 1897 1829 respondeo
1931 1777 1943 1812 :
1984 1758 2190 1815 Secun-
2226 1760 2272 1821 Β
2312 1754 2496 1851 ﬁmus,
2526 1754 2630 1840 Bisi

593 1852 722 1908 dum
753 1852 1115 1921 divinitatem,
1144 1867 1250 1909 non
1281 1852 1577 1910 secundum
1611 1852 2023 1909 humanitatem.
2054 1853 2121 1908 Et
2148 1853 2196 1909 si

590 1947 718 2017 quis
746 1946 941 2003 iterum
974 1946 1214 2017 requirat
1243 1965 1258 2003 :
1292 1944 1451 2000 Pater
1479 1948 1646 2015 major
1672 1961 1752 2000 me
1775 1952 1849 2000 est
1876 1942 2055 2016 (Joun.
2084 1962 2194 2013 xiv,

590 2039 714 2112 28),
747 2049 927 2096 utrum
956 2056 1061 2095 vox
1105 2040 1204 2096 ista
1252 2039 1550 2095 secundum
1597 2040 1941 2095 divinitatem
1988 2040 2197 2110 prolata

591 2140 684 2206 sit,
714 2155 782 2195 an
822 2139 1121 2197 secundum
1169 2140 1592 2209 humanitatem;
1626 2139 1940 2196 fiducialiter
1967 2157 2197 2211 respon-

594 2230 700 2286 deo
725 2248 739 2284 :
770 2229 1078 2287 Secundum
1106 2230 1516 2298 humanitatem,
1546 2245 1652 2287 non
1679 2234 1975 2288 secundum
2003 2234 2199 2289 divini-

593 2329 760 2378 tatem
797 2340 809 2376 :
846 2337 1024 2393 neque
1071 2333 1248 2378 tamen
1281 2331 1504 2394 propter
1533 2323 1635 2379 hoc
1666 2323 1842 2393 aliqua
1874 2339 2061 2382 earum
2093 2340 2195 2381 vox

584 2414 789 2473 Christi
818 2432 924 2472 non
954 2416 1090 2483 erit;
1124 2424 1349 2484 utraque
1375 2415 1517 2470 enim
1546 2430 1649 2471 vox
1676 2415 1744 2470 ad
1769 2431 1932 2471 unum
1962 2417 2196 2486 pertinet

583 2507 885 2575 Christum,
912 2508 1065 2579 cujus
1098 2516 1183 2563 est
1212 2506 1469 2563 divinitas
1496 2516 1553 2563 et
1581 2506 1884 2564 humanitas
1926 2525 1939 2560 :
1972 2522 2195 2588 separa-

586 2599 661 2655 tio
709 2600 798 2656 bio
845 2600 990 2655 nulla
1042 2598 1349 2655 introducta
1392 2607 1497 2665 est,
1532 2600 1654 2670 quia
1687 2614 1852 2656 unam
1881 2614 2070 2657 vocem
2101 2617 2195 2659 se-

581 2699 819 2758 cundum
866 2714 1027 2755 unam
1075 2699 1434 2755 substantiam
1470 2711 1629 2770 posse
1660 2700 1889 2775 intelligi
1923 2703 2189 2771 diximus,

587 2794 882 2849 secundum
930 2794 1161 2848 alteram
1208 2805 1341 2846 vero
1393 2792 1728 2863 negavimus.
1766 2791 2004 2849 Cuilibet
2044 2794 2191 2849 enim

588 2893 800 2941 natura;
847 2899 956 2939 vox
1003 2883 1308 2950 conveniat,
1354 2881 1477 2938 ideo
1526 2883 1646 2940 sine
1692 2885 2036 2955 separatione
2082 2901 2190 2941 non

582 2978 844 3034 convenit
878 2976 1067 3046 alteri,
1110 2974 1234 3046 quia
1276 2976 1420 3033 illius
1466 2991 1713 3047 personae
1755 2987 1870 3048 est,
1914 2978 2067 3049 cujus
2109 2989 2193 3037 est

588 3077 820 3141 utraque
866 3080 1080 3125 natura.
1111 3067 1498 3125 Necessitatem
1548 3084 1707 3126 nemo
1753 3070 1910 3127 nobis
1954 3070 2213 3144 ingerat,’

2314 459 2575 517 Trinitate
2620 476 2745 519 esse
2788 464 3012 533 dicitur,
3053 481 3087 522 a
3144 470 3409 524 creaturis
3458 473 3675 526 cmteris
3718 488 3929 543 seque-

2304 561 2476 607 εει-ιω
2484 569 2529 607 I‘.

2378 665 2466 720 Η.
2498 668 2688 725 Omnis
2716 672 2859 726 enim
2888 687 2975 728 res
2999 681 3091 728 aut
3120 672 3264 731 Deus
3293 684 3397 744 est,
3428 685 3521 732 aut
3545 689 3833 736 creatura.
3866 682 3927 738 Si

2305 754 2448 812 Deus
2473 769 2578 828 est,
2597 771 2842 818 creatura
2873 778 2979 820 non
3005 775 3119 833 est;
3151 768 3197 822 si
3225 780 3470 825 creatura
3502 778 3607 836 est,
3632 772 3786 828 Deus
3814 792 3927 830 non

2304 861 2407 906 est.
2433 850 2576 909 Dens
2603 864 2780 911 autem
2807 855 3043 914 Trinitas
3072 866 3155 914 est
3181 862 3338 917 unius
3368 863 3694 921 subatantize
3722 869 3811 921 vel
3834 882 3926 924 es-

2303 946 2527 1012 sentite;
2559 958 2804 1002 creatura
2830 965 2929 1019 per
2955 952 3269 1008 multimoda
3290 955 3631 1012 diversarum
3654 960 3924 1014 substan-

2306 1039 2499 1094 tiarum
2528 1041 2865 1101 distribuitur
2888 1059 3106 1114 genera.
3132 1047 3232 1116 Qui
3262 1065 3391 1119 ergo
3416 1050 3553 1105 Deus
3578 1062 3688 1121 est,
3710 1062 3771 1108 et
3798 1070 3924 1123 pro-

2307 1133 2441 1201 prie.
2468 1133 2517 1188 id
2549 1143 2654 1202 est,
2673 1140 2940 1192 verac'ter
2970 1138 3111 1194 Deus
3141 1149 3247 1206 est,
3271 1154 3363 1196 aut
3390 1141 3569 1209 Pater,
3594 1157 3686 1198 aut
3721 1145 3785 1199 Fi
3812 1146 3919 1209 ius,

2304 1233 2399 1279 aut
2430 1224 2663 1294 Spiritus
2701 1237 2923 1285 sanctus
2953 1241 3058 1286 est.
3083 1232 3149 1287 Et
3177 1234 3299 1304 quia
3330 1250 3503 1304 neque
3532 1236 3699 1291 Pater
3730 1240 3919 1304 solus,

2305 1332 2481 1387 neque
2512 1321 2658 1375 solus
2684 1320 2873 1390 Filius,
2903 1340 3077 1394 neque
3105 1326 3256 1381 solus
3283 1327 3513 1397 Spiritus
3540 1340 3775 1386 sanctus
3796 1331 3920 1388 Tri-

2305 1409 2446 1467 nitas
2472 1421 2593 1480 est,
2618 1415 2712 1470 sed
2736 1416 2894 1471 simul
2920 1417 3099 1488 Pater,
3126 1420 3289 1479 Filius
3319 1436 3373 1477 et
3394 1422 3629 1493 Spiritus
3652 1437 3914 1495 sanctus;

2304 1509 2360 1556 et
2393 1503 2551 1579 Pater
2583 1521 2721 1560 unus
2748 1516 2831 1563 est
2862 1508 2928 1564 de
2958 1510 3253 1579 Trinitate,
3276 1523 3331 1568 et
3360 1514 3527 1569 Filius
3559 1531 3703 1571 unus
3735 1527 3822 1571 est
3850 1522 3918 1573 de

2303 1577 2592 1665 Trinitate,
2619 1607 2672 1653 et
2706 1598 2938 1668 Spiritus
2982 1612 3200 1659 sanctus
3241 1577 3378 1661 unus
3409 1617 3491 1662 est
3521 1607 3591 1663 de
3619 1608 3914 1666 Trinitate.

2303 1691 2442 1759 Quid
2469 1708 2598 1764 ergo
2627 1693 2786 1762 dicit,
2821 1697 3129 1769 quicunque
3157 1699 3287 1754 dicit
3317 1718 3331 1754 :
3365 1700 3513 1757 Unus
3538 1702 3610 1757 de
3638 1703 3915 1763 Trinitate

2665 1803 2677 1838 :
2710 1784 2829 1841 Noli
2859 1802 2981 1843 eum
3022 1804 3268 1858 quaerere
3297 1791 3435 1847 inter
3460 1797 3789 1850 creaturas?
3819 1794 3911 1850 Fi-

2305 1877 2407 1933 lius
2436 1892 2566 1948 ergo
2610 1880 2907 1936 secundum
2937 1882 3310 1951 divinitatem,
3337 1887 3459 1956 quia
3489 1902 3596 1942 non
3629 1899 3724 1943 est
3752 1905 3911 1946 crea-

2302 1979 2421 2025 tura
2439 2012 2454 2036 ,
2481 1971 2576 2026 scd
2604 1980 2839 2040 creator,
2870 1987 3012 2029 unus
3037 1983 3119 2031 est
3142 1976 3210 2031 de
3236 1976 3527 2046 Trinitate;
3550 1988 3608 2034 et
3630 1981 3761 2050 quia
3795 1983 3910 2050 ipse

2299 2065 2595 2121 secundum
2643 2066 3032 2125 humanitatem
3081 2068 3330 2140 dignatus
3379 2082 3460 2127 est
3508 2074 3639 2142 pati,
3684 2084 3908 2143 propter

2301 2159 2402 2215 hoc
2440 2175 2579 2216 unus
2623 2162 2691 2217 de
2729 2161 2992 2219 Trinitate
3020 2164 3216 2219 dicitur
3246 2180 3451 2235 passus.
3486 2166 3619 2223 Tale
3666 2180 3757 2223 est
3806 2167 3906 2224 ita-

2300 2266 2431 2320 que,
2477 2262 2736 2323 quantum
2784 2255 3046 2326 coniicio,
3093 2259 3202 2313 imo
3247 2260 3423 2330 potius
3472 2270 3740 2331 quantum
3787 2278 3905 2321 creo

2298 2341 2370 2396 do
2399 2357 2413 2395 :
2450 2342 2596 2399 Unus
2612 2352 2696 2399 est
2725 2342 2794 2400 de
2824 2343 3087 2403 Trinitate
3116 2362 3327 2417 passus,
3357 2351 3515 2420 quale
3543 2360 3630 2406 est
3656 2353 3847 2409 dicere
3880 2370 3897 2408 :

2302 2432 2442 2487 Deus
2470 2443 2553 2489 est
2581 2449 2791 2504 passus.
2825 2435 2977 2492 Sicut
3002 2446 3180 2495 autem
3229 2440 3471 2512 quisquis
3501 2442 3671 2497 Deum
3708 2446 3901 2513 praedi-

2298 2533 2387 2579 cat
2409 2539 2650 2594 passum,
2682 2544 2787 2584 non
2829 2529 3188 2605 substantiam
3222 2532 3519 2589 divinitatis
3557 2535 3695 2592 facit
3724 2539 3900 2608 passi-

2297 2615 2481 2683 bilem,
2513 2618 2606 2672 sed
2632 2617 2928 2676 divinitatis
2956 2621 3306 2692 impassibilis
3330 2633 3381 2679 et
3409 2624 3764 2683 humanitazis
3779 2645 3900 2700 qua

2295 2708 2565 2778 suhjacuit
2614 2711 2871 2780 passioni,
2905 2728 3063 2768 unam
3095 2724 3364 2770 monstrat
3406 2731 3527 2774 esse
3575 2733 3898 2791 personam,

2295 2803 2375 2857 sic
2405 2818 2568 2859 unum
2614 2804 2684 2860 de
2725 2805 2990 2863 Trinitate
3023 2822 3239 2877 passum
3266 2808 3561 2880 prtedicans
3585 2855 3599 2880 ,
3626 2816 3897 2873 unitatem

2294 2907 2540 2963 persona:
2561 2897 2905 2953 commendat
2929 2899 2983 2953 in
3013 2901 3256 2971 utrisque
3280 2904 3490 2960 naturis
3534 2924 3546 2957 :
3596 2908 3899 2965 excludcns

2294 2986 2628 3045 Nestorianas
2677 2988 2951 3047 hazreseos
2976 2992 3238 3049 nefariam
3273 2996 3644 3069 perﬁdiamque
3687 3004 3899 3059 destri-

2294 3095 2417 3136 nam
2445 3082 2582 3137 duos
2606 3080 2744 3138 filios
2768 3082 3092 3141 inducentis.
3123 3085 3290 3158 Neget
3312 3088 3469 3158 igitur
3485 3107 3651 3145 unum
3672 3093 3747 3149 de
3769 3094 3897 3150 Tri-

584 3174 749 3215 uuam
783 3159 1081 3229 praedicare
1110 3167 1382 3215 naturam.
1417 3160 1561 3217 Duos
1604 3161 1744 3218 filios
1793 3163 2007 3232 ignorat
2052 3164 2185 3221 ﬁdes
2214 3155 2263 3220 C
2296 3176 2463 3232 nitate
2494 3190 2733 3244 passum,
2760 3177 2852 3247 qui
2878 3192 3077 3248 negare
3119 3155 3235 3234 vult
3281 3155 3443 3236 Deum
3470 3197 3713 3254 passum.
3750 3186 3897 3253 Quo-

581 3251 866 3317 catholica,
900 3252 1278 3322 quaternitatis
1326 3262 1628 3310 assertores
1679 3255 1903 3311 omnino
1945 3256 2183 3312 detesta-

583 3351 708 3409 tur;
756 3350 813 3399 et
850 3342 1054 3398 idcirco
1096 3358 1260 3410 nunc,
1293 3352 1552 3414 quantum
1582 3345 1837 3416 arbitror,
1864 3349 2184 3419 quibusdam

584 3444 749 3492 recta:
778 3434 901 3491 fidei
932 3435 1367 3494 custodienlibus
1396 3440 1660 3510 regulam,
1690 3439 1889 3511 placuit
1921 3457 2086 3497 unum
2116 3444 2186 3500 de

583 3535 852 3592 Trinitate
880 3550 1100 3606 passum
1133 3536 1313 3595 fateri.
1347 3537 1489 3593 Nihil
1520 3540 1717 3610 quippe
1746 3540 1889 3596 aliud
1920 3544 2187 3599 sentent‘a

587 3625 708 3684 haec
753 3627 1031 3683 insinuare
1074 3630 1439 3699 cognoscitur,
1473 3630 1577 3686 nisi
1608 3631 1783 3701 ipsum
1815 3646 1937 3688 esse
1966 3646 2184 3703 passum

582 3718 637 3773 in
669 3732 855 3785 carne,
884 3718 978 3788 qui
1024 3719 1090 3775 de
1133 3719 1294 3776 Patre
1345 3719 1455 3776 Deo
1500 3729 1658 3778 natus
1685 3730 1789 3792 est,
1819 3722 1871 3777 id
1901 3731 2006 3791 est,
2031 3723 2187 3780 Chri-

584 3821 753 3879 stum,
781 3826 850 3868 ne
881 3821 1098 3883 putetur
1128 3811 1291 3870 homo
1322 3829 1486 3885 purus
1516 3815 1782 3873 tolerasse
1813 3818 2077 3887 passionis
2108 3823 2181 3877 in-

580 3905 771 3974 iurias.
798 3905 910 3961 Hoc
939 3922 1069 3978 ergo
1097 3906 1248 3975 dicit,
1271 3909 1362 3978 qui
1394 3924 1557 3965 unum
1584 3910 1652 3965 de
1676 3909 1931 3969 Trinitate
1969 3923 2183 3983 passum

586 4004 738 4060 dicit.
770 4004 886 4060 Non
931 4013 1017 4061 est
1044 4015 1232 4077 quarta
1267 4021 1497 4076 persona
1530 4008 1619 4079 qui
1652 4023 1840 4079 passus
1866 4019 1971 4075 est,
1996 4012 2088 4067 sed
2116 4012 2184 4068 ad

580 4111 867 4153 numerum
897 4097 1131 4167 pertinet
1154 4096 1695 4156 Triuitatis.Manens
1720 4102 1866 4157 enim
1896 4103 1993 4159 Dei
2016 4102 2185 4161 Filius

581 4188 933 4259 impassibilis
955 4189 1250 4246 secundum
1278 4190 1642 4261 divinitatem,
1669 4208 1763 4262 per
1785 4194 2183 4264 susceptionem

581 4298 791 4346 naturae
820 4290 1092 4360 passibilis
1123 4290 1363 4361 passioni
1393 4290 1681 4362 subiacuit.
1712 4292 1780 4348 Et
1808 4295 2051 4365 quamvis
2079 4295 2184 4352 alia

586 4384 659 4437 sit
685 4383 740 4438 in
773 4383 863 4440 illo
890 4393 1083 4439 natura
1116 4399 1212 4455 per
1239 4400 1401 4455 quam
1433 4399 1654 4455 semper
1682 4387 2032 4456 impassibilis
2059 4405 2182 4459 per-

586 4488 823 4545 severat,
849 4479 953 4534 alia
998 4494 1094 4549 per
1123 4495 1283 4549 quam
1314 4480 1514 4535 dicitur
1543 4482 1914 4550 temporaliter
1955 4498 2176 4555 passus,

2293 3269 2454 3324 modo
2482 3276 2662 3325 autem
2694 3269 2840 3327 Deus
2872 3285 3064 3342 passus
3098 3272 3168 3327 sit
3215 3274 3353 3329 bene
3380 3288 3568 3332 omnes
3600 3275 3795 3335 ﬁdeles
3817 3282 3897 3337 in-

2293 3360 2558 3433 telligunt,
2582 3362 2880 3418 secundum
2905 3378 3120 3420 carnem
3149 3365 3386 3431 scilicet,
3410 3369 3707 3424 secundum
3732 3386 3896 3441 quam
3990 3361 4000 3371 ’

2292 3454 2471 3523 potuit
2501 3452 2666 3509 Deus.
2702 3454 2954 3525 Alioquin
3008 3470 3072 3510 su
3103 3454 3366 3526 cipiendae
3395 3459 3573 3513 carnis
3630 3462 3778 3515 nulla
3812 3479 3897 3519 re-

2291 3548 2536 3602 maneret
2585 3560 2750 3601 causa
2804 3547 3123 3618 probabilis,
3148 3549 3193 3604 si
3218 3550 3485 3619 potuisset
3505 3566 3601 3621 per
3633 3567 3693 3608 se
3722 3555 3895 3625 ipsam

2291 3638 2533 3708 passioni
2564 3637 2846 3708 subjacere
2871 3638 3145 3695 divinitas.
3171 3639 3248 3695 Ita
3282 3651 3408 3698 nota
3447 3652 3576 3699 sunt
3606 3644 3728 3701 hac
3760 3662 3899 3717 pene

2290 3731 2541 3785 omnibus
2594 3730 2952 3800 Christianis,
3014 3740 3074 3788 ut
3120 3734 3553 3808 quandocunque
3604 3741 3898 3809 praedicari

2288 3824 2514 3880 audiunt
2558 3824 2727 3881 Deum
2778 3841 2992 3897 passum
3016 3873 3029 3897 ,
3065 3842 3175 3883 non
3214 3827 3513 3902 intelligant
3552 3833 3657 3889 nisi
3694 3834 3898 3893 Filium

2289 3916 2409 3983 Dei,
2438 3931 2538 3974 nec
2564 3918 2854 3990 opinentur
2874 3921 3031 3978 aliter
3058 3935 3276 3992 passum
3303 3965 3319 3991 ,
3351 3923 3451 3980 nisi
3475 3929 3759 3996 quomodo
3787 3931 3899 4000 pati

2288 4019 2343 4065 et
2363 4008 2547 4065 debuit
2575 4019 2629 4066 et
2659 4011 2832 4081 potuit
2855 4010 3018 4077 Deus,
3053 4013 3350 4071 secundum
3376 4016 3739 4075 substantiam
3768 4035 3898 4076 car-

2287 4102 2372 4158 nis
2397 4118 2555 4173 quam
2582 4101 2822 4173 suscepit
2869 4118 2938 4160 ex
2976 4115 3173 4162 matre.
3208 4106 3301 4163 Sic
3342 4122 3473 4179 ergo
3503 4109 3725 4180 quoties
3758 4127 3897 4169 unus

2285 4195 2356 4250 de
2384 4194 2650 4251 Trinitate
2679 4194 2877 4251 dicitur
2894 4211 3084 4269 passus
3102 4237 3118 4265 ,
3137 4212 3299 4255 nemo
3326 4199 3519 4256 saltem
3546 4200 3896 4274 interrogare

2285 4287 2632 4357 compellitur
2655 4304 2670 4345 :
2692 4287 2794 4357 Qui
2817 4290 2993 4346 unus?
3022 4299 3201 4346 utrum
3247 4290 3441 4347 Pater?
3468 4305 3537 4346 an
3589 4292 3804 4351 Filius?
3825 4312 3893 4352 an

2281 4373 2518 4451 Spiritus
2547 4382 2802 4437 sanctus?
2825 4382 2932 4439 Sed
2962 4398 3087 4440 mox
3115 4382 3319 4440 dixeris
3342 4398 3580 4454 passum,
3623 4389 3892 4445 continuo

2288 4475 2596 4546 intelligunt
2617 4475 2835 4542 Filium,
2862 4492 3019 4549 quem
3045 4478 3223 4534 solum
3248 4480 3426 4535 sciunt
3448 4484 3890 4539 contestantibus

584 4571 702 4642 ipse
730 4579 910 4626 tamen
938 4572 1288 4642 impassibilis
1310 4586 1497 4641 passus
1523 4584 1610 4630 est
1635 4590 1649 4628 :
1679 4591 1785 4630 non
1812 4550 2057 4633 alius'est
2078 4550 2181 4635 int;-
2209 4550 2262 4611 D
2287 4566 2592 4638 Ενθηεειίίε
2642 4584 2882 4638 Passum:
2936 4569 3192 4641 νίείιδηιθ
3243 4572 3297 4626 ill
3351 4572 3431 4626 θῖε
3478 4571 3642 4627 etiam
3685 4574 3759 4630 ad
3788 4575 3890 4631 hoc

588 4663 882 4735 passibilis,
911 4673 967 4719 et
994 4665 1132 4719 alius
1177 4679 1366 4732 passus
1399 4675 1501 4722 est.
1531 4667 1639 4724 Iste
1669 4679 1848 4726 autem
1876 4671 2181 4740 impassibi-

582 4757 672 4826 lis,
700 4757 816 4828 ipse
845 4767 931 4813 est
958 4757 1051 4812 Dei
1084 4756 1275 4823 Filius,
1304 4758 1446 4814 Deus
1474 4758 1800 4831 unigenitus,
1828 4770 1954 4816 ante
1982 4762 2178 4818 saecula

579 4863 649 4904 ex
684 4848 794 4906 Deo
824 4849 981 4905 Patre
1007 4849 1329 4905 naturaliter
1356 4860 1552 4919 natus;
1596 4858 1651 4906 et
1690 4850 1761 4906 de
1805 4860 1996 4917 matre,
2029 4862 2180 4922 post-

579 4955 745 5012 quam
770 4940 916 4996 venit
942 4940 1224 5009 plenitudo
1252 4950 1575 5011 temporum,
1593 4940 2037 5010 misericorditer,
2052 4932 2179 5014 quia

581 5042 767 5110 voluit,
799 5041 1015 5114 genitus
1063 5060 1077 5095 :
1126 5042 1245 5099 sine
1290 5058 1399 5115 quo
1440 5043 1679 5099 Trinitas
1726 5044 2178 5114 nunquam'fult;

577 5134 859 5206 quoniam,
890 5133 1029 5189 sicut
1065 5133 1179 5204 jam
1227 5134 1479 5205 superius
1520 5136 1911 5205 enarravimus,
1945 5137 2183 5196 Trinitas

577 5235 685 5292 est,
710 5225 891 5292 Pater,
914 5233 971 5281 et
1000 5224 1193 5294 Filius,
1218 5235 1274 5282 et
1301 5228 1530 5295 Spiritus
1562 5240 1780 5285 sanctus
1811 5247 1822 5283 :
1854 5243 1912 5285 et
1941 5232 2056 5288 sive
2082 5232 2183 5288 Pa-

579 5330 751 5383 trem,
780 5318 897 5374 sive
931 5318 1122 5374 Filium
1142 5360 1158 5385 ,
1187 5320 1301 5374 sive
1330 5318 1587 5389 Spiritum
1621 5331 1864 5379 sanctum
1894 5324 2181 5380 subtraxe-

578 5410 687 5475 ris,
716 5408 957 5465 Trinitas
982 5423 1108 5466 esse
1148 5426 1256 5465 non
1297 5421 1508 5480 potest;
1540 5427 1639 5468 nec
1666 5413 1849 5480 Pater,
1878 5430 1978 5470 nec
2006 5414 2179 5472 Filius

578 5500 879 5557 secundum
921 5500 1285 5569 divinitatem.
1316 5518 1419 5560 nec
1448 5505 1683 5576 Spiritus
1712 5518 1933 5564 sanctus
1959 5518 2175 5566 creatu-

579 5590 657 5645 ris
681 5602 1174 5662 eonnumerantur;
1210 5609 1311 5652 nec
1341 5595 1523 5664 Pater,
1552 5612 1654 5654 nec
1684 5597 1852 5655 Filius
1874 5600 2172 5657 secundum

580 5682 943 5755 divinitatem,
968 5701 1068 5744 nec
1096 5686 1331 5755 Spiritus
1357 5700 1574 5746 sanctus
1600 5691 1670 5747 de
1696 5693 1897 5749 mundo
1926 5694 2051 5765 hoc,
2080 5704 2172 5750 aut

581 5776 654 5837 de
677 5780 936 5838 creaturis
960 5794 1083 5841 esse
1113 5782 1493 5853 perhibentur;
1526 5785 1620 5843 sed
1648 5787 1763 5844 sola
1794 5788 2024 5846 invicem
2052 5790 2169 5848 Tri-

2285 4661 2511 4718 scientia
2552 4671 2716 4718 rectas
2763 4662 3161 4732 praedicationis
3197 4680 3213 4718 :
3257 4672 3315 4720 ut
3354 4667 3602 4735 quamvis
3631 4682 3889 4724 asserens

2286 4774 2450 4814 unum
2477 4759 2547 4815 de
2576 4758 2839 4815 Trinitate
2858 4773 3102 4829 passum,
3139 4775 3243 4815 non
3274 4759 3548 4830 adjiciam,
3579 4765 3885 4819 secundum

2285 4865 2537 4918 carnem;
2571 4852 2671 4921 ipsi
2698 4860 2878 4907 tamen
2910 4859 3058 4908 recte
3086 4851 3288 4925 dictum
3311 4892 3327 4918 ,
3353 4854 3506 4923 quasi
3536 4852 3641 4909 hoc
3662 4855 3886 4924 adjeceo

2283 4942 2384 4998 rim
2409 4944 2664 5009 sentiant,
2692 4945 2735 4999 si
2762 4951 2940 4999 tamen
2968 4945 3153 5011 procul
3192 4944 3492 5012 expellatur
3518 4948 3885 5002 contentionis

2285 5038 2529 5107 allectus,
2548 5036 2795 5093 universa
2825 5052 2945 5108 quae
2970 5037 3117 5094 audit
3142 5037 3309 5108 magis
3337 5039 3529 5094 solitus
3554 5038 3881 5112 impugnare

2285 5145 2444 5201 quam
2476 5130 2720 5185 credere.
2751 5129 2895 5184 Nihil
2929 5129 3083 5199 plane
3113 5128 3315 5185 diutius
3354 5130 3596 5200 cogitans
3639 5134 3882 5201 reperire

2286 5222 2456 5291 valui,
2491 5222 2632 5278 unde
2658 5223 2827 5292 possit
2854 5221 2971 5277 haec
2998 5222 3266 5277 sententia
3297 5221 3464 5294 (quod
3492 5237 3523 5276 a
3553 5223 3877 5294 quibusdam

2281 5313 2578 5387 jactitatur)
2610 5300 2959 5386 Eutychianis
3011 5313 3249 5370 favorem
3322 5315 3579 5384 prmbere.
3639 5314 3877 5372 Primum

2285 5410 2485 5481 quippe
2508 5406 2845 5463 mendacium
2862 5406 3138 5462 delirantis
3157 5404 3469 5479 Eutychetis
3491 5406 3591 5461 hoc
3614 5407 3712 5462 fuit
3733 5426 3748 5462 :
3766 5409 3879 5463 uni-

2284 5503 2525 5573 genitum
2555 5500 2745 5567 Deum,
2779 5497 2994 5570 quando
3023 5498 3143 5553 fieri
3170 5499 3333 5555 homo
3355 5499 3602 5572 dignatus
3628 5510 3735 5569 est,
3769 5518 3869 5558 mn

2281 5595 2383 5651 sibi
2400 5592 2757 5665 assumpsisse
2776 5606 2993 5649 carnem
3015 5591 3085 5647 de
3106 5600 3262 5648 utero
3279 5594 3523 5665 virg‘nali
3543 5611 3557 5663 ;
3578 5597 3872 5651 secundum

2280 5700 2409 5745 vero
2441 5706 2457 5745 :
2487 5703 2593 5743 non
2610 5701 2737 5744 esse
2764 5699 2907 5741 nunc
2928 5688 2982 5741 in
3009 5685 3225 5742 Christo
3247 5686 3573 5744 substantias
3601 5690 3760 5756 duas,
3792 5693 3876 5745 di-

2277 5785 2518 5842 vinitatis
2574 5793 2630 5841 et
2686 5781 3036 5842 humanitatis
3088 5783 3186 5844 sed
3237 5799 3304 5841 cx
3354 5783 3559 5844 duabus
3587 5786 3670 5845 his
3708 5804 3870 5846 unam
