4094 6506
299 326 392 384 SOI

1495 341 1850 399 EPISTOLAE
1890 342 1977 398 ET
2007 344 2389 408 OPUSCULA.

3491 375 3595 434 902

291 441 489 498 factam
547 457 671 501 esse
727 447 1102 509 substantiam.
1138 455 1511 514 Retractcmus
1566 461 1727 531 igitur
1779 461 1896 515 dili-
1927 461 1974 518 Α
2003 463 2225 520 credere
2254 481 2414 536 quam
2439 471 2719 531 sentimus.
2752 479 3139 540 Admouendus
3170 495 3350 545 tamen
3376 489 3597 550 videtur

293 545 482 598 genter
509 545 761 608 utrasque
807 547 1125 613 sententias,
1156 556 1209 603 et
1239 550 1282 604 si
1331 553 1412 606 vel
1449 553 1538 607 uni
1569 569 1752 608 earum
1797 571 1888 611 co-

291 626 464 693 optari
513 637 688 696 potest
735 633 832 688 ista
885 639 1297 709 sententiaquze
1321 658 1482 698 unum
1523 646 1590 701 de
1624 646 1890 704 Trinitate

289 729 508 784 passum
533 718 751 792 fatetur,
786 727 1067 786 sollicitius
1087 730 1437 801 inquiramus.

364 827 453 884 12.
479 831 640 900 Quid,
685 851 836 908 rogo,
873 841 1082 910 proiicit
1140 847 1206 901 ad
1255 849 1558 920 negandum
1606 851 1744 908 Filio
1794 853 1887 912 Dei

292 924 526 979 materni
577 932 821 999 corporis
867 935 1146 992 veritatem
1171 980 1183 1004 ,
1216 942 1432 1009 quando
1463 959 1600 998 unus
1624 945 1691 1002 de
1712 945 1890 1002 Triui-

293 1024 405 1071 tate
435 1033 625 1088 passus
663 1024 963 1080 asseritur?
990 1028 1208 1095 Nonne,
1251 1033 1293 1087 si
1331 1049 1469 1089 unus
1514 1036 1580 1090 de
1629 1038 1890 1096 Trinitate

293 1120 400 1177 cst,
441 1129 567 1169 vere
595 1116 759 1172 Filius
783 1119 875 1175 Dei
905 1123 1023 1176 est?
1049 1134 1100 1178 et
1129 1125 1173 1180 si
1210 1142 1399 1195 passus
1431 1138 1534 1195 est,
1569 1147 1695 1187 vere
1727 1133 1888 1190 habet

295 1207 525 1260 materni
578 1210 820 1278 corporis
875 1213 1205 1270 veritatem?
1235 1218 1487 1289 Alioquin
1536 1222 1660 1277 tolle
1692 1241 1888 1295 corpus

291 1307 357 1348 ex
381 1307 552 1351 matre
582 1313 870 1370 sumptum,
897 1313 952 1358 et
974 1308 1243 1374 quomodo
1269 1310 1375 1377 pati
1403 1312 1574 1379 potuit
1596 1329 1723 1382 pura
1751 1316 1887 1371 divi-

290 1386 466 1441 nitas?
488 1386 765 1460 Perpende
785 1393 954 1464 qualis
976 1408 1193 1454 estcaro
1215 1401 1411 1468 Marite,
1440 1403 1553 1458 sine
1575 1404 1737 1460 dubio
1770 1424 1887 1476 pas-

288 1479 460 1533 sibilis
490 1492 541 1535 et
567 1486 809 1538 mortalis
843 1503 857 1540 :
891 1496 946 1539 ut
976 1503 1103 1558 ergo
1128 1501 1274 1545 esset
1303 1506 1428 1547 caro
1459 1494 1616 1550 Verbi
1653 1501 1883 1565 passibi-

287 1567 354 1625 lis
375 1581 429 1624 et
460 1576 718 1638 mortalis,
749 1592 814 1632 ex
843 1580 931 1636 illa
959 1597 1124 1638 carne
1152 1585 1311 1640 habet
1338 1587 1601 1657 originem
1635 1607 1752 1660 qua:
1786 1593 1886 1648 fuit

288 1664 562 1729 passibilis
586 1675 639 1720 et
655 1671 919 1725 mortalis.
942 1672 996 1727 In
1019 1675 1163 1741 prole
1182 1676 1342 1746 igitur
1354 1694 1618 1748 cognosce
1634 1684 1885 1740 similitu-

287 1750 468 1806 dinem
488 1755 698 1823 generis
715 1773 806 1827 per
821 1761 1183 1818 testimonium
1214 1767 1479 1834 passionis
1497 1787 1508 1834 ;
1526 1778 1652 1825 etex
1663 1777 1881 1842 pugnari

1993 555 2080 609 cui
2111 558 2316 625 prolata
2365 562 2685 635 simpliciter
2713 573 3075 641 suspicionem
3104 593 3446 637 commovent
3477 600 3598 641 ver-

1994 647 2082 710 ba,
2110 664 2216 704 non
2246 653 2406 707 toties
2437 667 2530 711 aut
2579 659 2916 720 divinitatem
2965 668 3185 736 Christi,
3222 684 3313 728 aut
3343 674 3596 733 humani-

1995 746 2157 795 tatem
2205 747 2431 815 negari,
2465 751 2677 819 quoties
2727 770 2832 810 non
2876 756 3036 814 simul
3069 775 3204 817 sono
3236 766 3384 821 vocis
3422 782 3596 824 enun-

1992 831 2192 890 tiantur
2224 853 2237 890 :
2265 837 2414 895 Unus
2437 852 2532 909 est,
2565 845 2640 899 ait
2669 845 2981 921 Apostolus,
3009 853 3151 911 Deus
3184 857 3361 927 Pater,
3397 879 3460 916 ea:
3488 881 3586 933 quo

1993 926 2203 991 omnia;
2225 942 2273 982 et
2301 947 2433 987 unus
2466 933 2716 992 Dominus
2742 939 2895 997 Jesus
2923 943 3162 1004 Christus
3190 967 3278 1020 per
3299 970 3448 1022 quem
3478 973 3593 1010 om-

1993 1013 2080 1067 nia
2112 1015 2164 1088 (I
2189 1017 2309 1074 Cor.
2336 1037 2453 1090 vm,
2485 1027 2562 1097 6).
2601 1029 2741 1086 Ecce
2799 1035 3086 1093 Dominum
3118 1013 3392 1099 Christum
3427 1047 3589 1116 dixit,

1997 1105 2266 1164 hominem
2300 1116 2484 1181 tacuit,
2519 1135 2618 1173 nec
2672 1132 2849 1179 tamen
2897 1127 3018 1183 ideo
3068 1146 3293 1199 negasse
3322 1140 3594 1203 putandus

1993 1208 2097 1251 est.
2129 1200 2334 1261 Rursus
2383 1206 2436 1260 in
2485 1210 2590 1266 alio
2641 1213 2757 1270 loco
2796 1219 2863 1272 ad
2911 1219 3251 1278 Timotheum
3306 1229 3588 1288 scribens:

1997 1287 2145 1345 Unus
2183 1305 2257 1347 est
2294 1298 2546 1354 mediator
2577 1301 2670 1356 Dei
2690 1313 2738 1357 et
2761 1307 3026 1362 hominum
3050 1315 3200 1365 homo
3233 1314 3466 1374 Christus
3494 1320 3590 1376 Je-

1992 1396 2078 1433 sus
2107 1381 2164 1451 (I
2198 1384 2329 1440 Tim.
2359 1404 2418 1452 ll,
2444 1390 2523 1455 5).
2561 1393 2721 1461 Ecce,
2760 1398 3035 1457 hominem
3092 1406 3255 1472 dixit,
3292 1408 3456 1464 Deum
3512 1423 3591 1468 ta-

1991 1473 2099 1525 cuit
2123 1491 2135 1537 ;
2163 1491 2267 1531 non
2303 1489 2481 1536 tamen
2517 1484 2636 1540 ideo
2658 1490 2869 1559 negavit
2896 1494 3065 1564 (tanta
3091 1499 3289 1569 quippe
3319 1503 3482 1559 tirtus
3506 1517 3589 1562 est

1991 1570 2317 1624 sacramenti
2369 1572 2700 1648 ineffabilis);
2747 1591 2798 1638 et
2855 1587 2934 1640 sic
2985 1586 3038 1641 in
3089 1604 3248 1645 unam
3300 1609 3585 1663 personam

1991 1653 2123 1712 duas
2169 1673 2390 1718 naturas
2442 1667 2788 1735 singulariter
2849 1685 2904 1729 et
2964 1678 3283 1737 mirabiliter
3331 1685 3585 1744 adnnavit

1995 1748 2136 1804 Deus
2161 1752 2321 1811 homo
2344 1758 2766 1819 misericorditer
2797 1766 2987 1835 factus,
3016 1780 3070 1824 nt
3098 1772 3374 1831 Christum.
3398 1779 3585 1838 Jesum

286 1841 457 1908 magis
483 1844 845 1917 Eutychianos
866 1843 1025 1920 quam
1056 1853 1246 1920 foveri,
1277 1859 1491 1926 quando
1516 1839 1875 1918 unus'dev'l‘ri-
1908 1857 1955 1914 Β
1995 1839 2109 1940 sive
2130 1841 2306 1940 _De"""
2338 1845 2506 1914 dicas’
2544 1849 2814 1908 hominem
2845 1871 3059 1929 quoque
3088 1861 3246 1919 Sim".
3273 1867 3537 1939 inlcliigas
3564 1888 3582 1940 ³

286 1933 459 1988 nitate
485 1946 679 2002 passus
706 1941 988 2007 asseritur,
1020 1945 1151 2001 velis
1184 1947 1324 2001 nolis
1347 1949 1588 2007 adverte.
1625 1952 1752 2008 Siue
1778 1955 1879 2009 du-

286 2020 378 2076 bio
428 2027 571 2080 enim
629 2030 728 2084 sub
772 2030 854 2086 his
897 2033 1081 2090 verbis
1108 2037 1269 2090 etiam
1299 2040 1615 2104 praedicator
1646 2045 1801 2098 unius
1830 2046 1882 2100 in

293 2111 510 2173 Christo
539 2120 850 2178 substantiae
907 2127 1234 2182 confutatur.
1263 2130 1322 2185 Ut
1354 2132 1421 2184 sit
1453 2134 1594 2187 enim
1638 2135 1883 2194 Christus

286 2221 425 2263 unus
449 2208 516 2264 de
548 2212 834 2279 Trinitate,
863 2219 927 2270 ad
960 2217 1293 2274 divinitatem
1324 2226 1591 2291 pertinet;
1622 2236 1678 2280 ut
1700 2231 1882 2282 creda-

283 2305 600 2368 turpassus,
644 2305 708 2360 ad
763 2308 1175 2366 humanitatem.
1210 2314 1326 2368 Non
1382 2329 1523 2373 esset
1573 2321 1662 2390 qui
1695 2337 1881 2391 passus

280 2400 386 2455 est,
409 2405 546 2446 unus
567 2392 634 2448 de
656 2396 940 2466 Trinitate,
958 2403 1056 2457 nisi
1081 2419 1238 2459 unam
1265 2407 1482 2464 haberet
1503 2427 1622 2466 cum
1643 2415 1797 2472 Patre
1825 2429 1879 2474 et

280 2478 481 2551 Spiritu
506 2495 692 2542 sancto
713 2490 1068 2548 divinitatem.
1098 2495 1212 2551 Non
1242 2510 1385 2554 esset
1407 2518 1596 2571 passus
1621 2509 1709 2576 qui
1744 2528 1879 2567 unus

285 2584 368 2627 est
399 2575 469 2631 de
489 2576 778 2649 Trinitate,
805 2583 906 2638 nisi
932 2588 1448 2648 consubstantialem
1476 2600 1630 2652 matri
1656 2601 1878 2660 haberet

291 2664 706 2726 humanitatem.
741 2674 911 2730 Sileat
963 2694 1092 2749 ergo
1147 2684 1302 2739 unius
1351 2697 1554 2743 natura:
1581 2691 1632 2744 in
1663 2692 1876 2750 Cltri~.to

279 2758 621 2826 prmdicator.
659 2764 798 2820 Duas
850 2769 993 2824 enim
1043 2782 1265 2829 naturas
1312 2792 1723 2852 commemorat,
1787 2787 1875 2857 qui

278 2861 442 2902 unum
469 2848 538 2904 de
579 2849 845 2912 Trinitate
878 2873 1091 2926 passum
1122 2861 1336 2921 fatetur.
1369 2869 1720 2939 Suspiciones
1751 2893 1875 2936 suas

278 2940 508 2996 inaniter
530 2944 689 3014 rodit,
717 2951 963 3022 quisquis
996 2953 1134 3011 bene
1153 2958 1293 3016 dicta
1322 2962 1450 3018 dum
1479 2967 1619 3024 male
1647 2981 1876 3028 conatur

278 3028 602 3108 intelligere,
649 3041 983 3113 calumniari,
1017 3048 1216 3119 potius,
1241 3067 1400 3122 quam
1449 3057 1632 3114 doceri
1670 3065 1869 3122 studet.

279 3122 455 3181 Unum
488 3130 557 3186 de
580 3131 842 3191 Trinitate
873 3153 1087 3206 passum
1111 3143 1442 3204 Nestorianis
1472 3167 1575 3207 non
1608 3154 1872 3215 immerito

1988 1928 2100 1985 sive
2129 1932 2400 1992 hominem
2421 1942 2726 2000 confitearis
2748 1989 2762 2012 ,
2786 1947 2953 2004 Deum
2984 1969 3196 2025 quoque
3237 1959 3395 2016 simul
3425 1963 3583 2022 intel-

1988 2021 2139 2092 ligas.
2177 2027 2418 2084 Humana
2450 2044 2535 2088 e5t
2563 2033 2616 2089 in
2645 2036 2738 2092 illo
2767 2021 3054 2112 divinitas,
3087 2021 3140 2101 et
3163 2049 3339 2106 divina
3368 2064 3451 2108 est
3478 2056 3580 2111 hu-

1987 2115 2236 2174 manitas.
2269 2118 2557 2190 PrOpterea
2594 2127 2685 2183 ille
2712 2132 2880 2201 magis
2911 2134 3186 2205 cujusdam
3219 2155 3410 2210 separa
3439 2145 3578 2203 inuis

1985 2217 2076 2262 aut
2101 2209 2382 2268 divisionis
2408 2219 2638 2273 seminat
2665 2224 3056 2293 suspicionem,
3090 2231 3178 2300 qui
3208 2231 3340 2289 duas
3363 2247 3580 2295 naturas

1983 2300 2142 2355 aliter
2165 2317 2269 2358 non
2298 2306 2592 2379 intelligit,
2626 2315 2727 2369 nisi
2775 2317 2961 2374 ambas
3009 2321 3242 2378 audierit
3291 2330 3578 2386 nominari.

1987 2390 2120 2446 Ecce
2146 2395 2446 2453 audivimus
2477 2401 2527 2454 in
2557 2402 2846 2475 Evangelio
2869 2425 3051 2467 vocem
3086 2414 3283 2473 Christi
3307 2419 3536 2477 dicentis
3561 2443 3577 2481 :

1984 2479 2143 2536 Pater
2160 2488 2328 2557 major
2357 2505 2434 2544 me
2457 2502 2532 2545 est
2563 2493 2740 2564 (Joan.
2769 2515 2860 2551 xtv
2887 2542 2902 2565 ,
2933 2501 3051 2572 28);
3083 2509 3225 2576 quod
3279 2514 3575 2572 secundum

1983 2573 2272 2634 humanam
2319 2582 2528 2639 videtur
2573 2588 2772 2646 dixisse
2820 2604 3063 2652 naturam
3106 2617 3121 2654 :
3170 2606 3409 2674 nunquid
3451 2609 3575 2668 ideo

1981 2669 2286 2734 putabimus
2317 2688 2439 2729 cum
2465 2693 2569 2732 non
2603 2682 2798 2738 habere
2825 2685 2875 2740 in
2901 2702 2958 2743 se
2986 2690 3343 2764 divinitatem,
3377 2716 3571 2759 secun-

1981 2759 2104 2813 dum
2134 2777 2291 2831 quam
2321 2766 2456 2822 dixit
2482 2770 2534 2825 in
2563 2772 2668 2829 alio
2696 2775 2814 2832 loco
2849 2797 2860 2831 :
2897 2781 3008 2852 Ego
3043 2794 3091 2838 et
3124 2786 3283 2843 Pater
3306 2810 3464 2849 unum
3485 2812 3574 2852 su-

1980 2866 2095 2911 mus
2125 2852 2305 2925 (Joan.
2344 2875 2397 2924 x,
2430 2862 2550 2933 '50)?
2598 2865 2784 2923 Nonne
2813 2874 3026 2940 quando
3054 2876 3188 2934 dixit
3223 2898 3235 2934 :
3267 2881 3428 2940 Pater
3459 2907 3572 2944 ma-

1968 2943 2062 3012 jor
2079 2963 2154 3001 me
2176 2958 2271 3014 est,
2297 2953 2482 3024 tacuit,
2503 2954 2611 3029 Ego
2633 2968 2681 3013 et
2707 2957 2863 3016 Pater
2881 2981 3040 3020 unum
3055 2985 3230 3026 sumus
3249 2975 3336 3029 ?et
3357 2983 3574 3048 quando

1978 3035 2112 3090 dixit
2142 3055 2154 3091 :
2189 3040 2302 3113 Ego
2331 3051 2378 3096 et
2414 3044 2569 3101 Pater
2597 3067 2756 3106 unum
2787 3071 2987 3141 sumus,
3017 3035 3571 3141 tacuit,Paterlmaior

1979 3140 2058 3178 me
2084 3129 2196 3181 est?
2225 3129 2365 3187 Nihil
2416 3143 2595 3191 tamen
2642 3139 2832 3198 horum
2882 3135 3118 3217 negavit.
3147 3129 3396 3212 Dicamus
3426 3175 3560 3233 ergo

275 3216 543 3287 displicet.
563 3223 913 3285 lntroducere
942 3233 1083 3288 enim
1099 3250 1341 3306 quartam
1363 3257 1646 3310 persouam
1669 3251 1872 3322 volunt,
1902 3249 1951 3314 Ο
1981 3232 2050 3322 ⁸³2
2084 3235 2129 3275 ελ
2154 3222 2639 3323 νζδθωτκῷθθωλ
2667 3232 2823 3289 Pater
2848 3243 3015 3313 major
3037 3260 3115 3297 ’⁷³⁸
3137 3255 3246 3312 es“
3276 3251 3437 3323 adde"
3462 3255 3568 3312 DO'

273 3311 360 3364 cui
393 3313 653 3371 accidisse
675 3321 942 3377 aestimant
985 3328 1277 3393 passiones.
1313 3330 1659 3405 Eutychianis
1687 3351 1867 3399 autem

273 3417 438 3458 unum
471 3407 538 3462 de
561 3409 826 3470 Trinitate
854 3412 1068 3486 paSsum
1102 3437 1204 3475 non
1229 3435 1374 3480 recte
1397 3428 1590 3499 placet,
1617 3435 1658 3486 si
1691 3444 1866 3494 tamen

275 3494 471 3563 placet.
501 3499 604 3569 Ipsi
631 3505 779 3561 enim
827 3508 960 3565 duas
1015 3510 1212 3571 Christi
1257 3534 1574 3588 permanere
1623 3539 1863 3602 naturas,

273 3588 557 3646 evidenter
585 3611 780 3666 negare
810 3602 1160 3670 contendunt,
1186 3609 1378 3677 quibus
1408 3627 1504 3682 per
1528 3615 1630 3672 hoc
1659 3588 1866 3692 capitu:

276 3676 385 3734 lum
418 3684 700 3744 manifeste
725 3693 1112 3750 contradicitur
1141 3714 1153 3751 :
1195 3697 1458 3756 insinuata
1486 3722 1584 3760 una
1617 3713 1864 3767 substan-

271 3770 341 3822 tia
372 3780 468 3840 per
484 3772 585 3831 hoc
612 3779 751 3849 quod
787 3797 922 3839 unus
951 3785 1020 3841 de
1048 3787 1340 3860 Trinitate;
1373 3795 1634 3854 insinuata
1655 3818 1864 3873 quoque

271 3862 371 3917 alia
404 3879 500 3935 per
523 3867 623 3925 hoc
639 3874 779 3942 quod
806 3890 993 3945 passus
1009 3879 1252 3939 infertur.
1271 3884 1454 3942 Passio
1473 3891 1613 3946 enim
1627 3908 1861 3953 comme-

270 3967 476 4011 morata
503 3961 862 4021 testimonium
887 3978 1189 4028 estnatnrte
1209 3978 1474 4043 passibilis
1499 3999 1511 4032 :
1533 3995 1717 4039 natura
1742 4002 1863 4057 pas-

268 4047 440 4104 sibilis
467 4052 764 4124 intel'ecta,
793 4062 1022 4118 maxime
1043 4066 1096 4119 in
1123 4066 1214 4122 illo
1233 4071 1320 4140 qui
1349 4088 1482 4127 unus
1498 4074 1564 4130 de
1579 4077 1860 4150 Trinitate,

266 4137 493 4196 duarum
518 4144 936 4205 substantiarum
974 4137 1326 4212 clarissimam
1360 4161 1534 4218 reddit
1557 4166 1858 4224 distinctio-

266 4247 412 4289 nem.
439 4234 546 4290 Sed
579 4238 801 4296 forsitan
839 4252 930 4300 aut
977 4247 1200 4303 nimium
1241 4254 1589 4321 suspiciosus,
1623 4269 1715 4314 aut
1745 4279 1860 4318 om-

270 4323 400 4378 nino
447 4327 628 4383 tardus
673 4332 885 4389 auditor
927 4346 1110 4406 aperta
1157 4340 1426 4400 locutione
1451 4345 1723 4407 desiderat
1779 4353 1859 4409 in-

265 4418 403 4472 strui
432 4435 447 4473 :
477 4421 728 4479 videlicet
774 4435 830 4480 ut
878 4431 1088 4497 quoties
1137 4434 1378 4491 confiteri
1409 4438 1737 4498 delectamur
1767 4455 1858 4502 aut

266 4508 434 4566 Deum
464 4527 823 4582 passum,-aut
852 4537 1014 4576 unum
1059 4523 1126 4578 de
1166 4525 1428 4584 Trinitate
1469 4546 1706 4602 passum,
1732 4539 1852 4606 quia

1979 3311 2145 3378 mine,
2171 3311 2284 3385 Ego
2315 3326 2363 3370 et
2391 3315 2548 3374 Pater
2586 3339 2747 3379 unum
2787 3311 2966 3383 sumus
2989 3347 3009 3398 ;
3033 3347 3100 3388 ne
3131 3336 3313 3394 Ariani
3345 3357 3455 3398 non
3482 3361 3567 3402 ar-

1974 3403 2243 3464 bitrentur
2268 3411 2550 3480 aequalem.
2581 3415 2746 3474 Multa
2771 3435 3063 3480 occurrunt
3086 3429 3281 3486 similia
3324 3436 3412 3504 pio
3456 3448 3566 3496 stu-

1913 3529 1919 3534 -
1972 3496 2062 3551 dio
2085 3501 2504 3568 requirentibus.
2539 3507 2676 3565 Ecce
2725 3514 2917 3571 iterum
2956 3518 3088 3576 dicit
3128 3523 3244 3592 ipse
3283 3496 3566 3601 salvator;

1975 3586 2086 3658 Ego
2111 3607 2174 3644 ea:
2194 3607 2282 3646 ore
2306 3595 2559 3652 Altissimi
2581 3603 2784 3670 prodivi
2815 3604 3008 3677 (Ecclt'.
3034 3586 3180 3681 xxiv,
3204 3613 3280 3686 5),
3308 3623 3450 3688 quod

1971 3680 2204 3737 cundum
2250 3685 2590 3744 divinitatem
2643 3694 2852 3752 locutus
2881 3710 2985 3755 est.
3010 3680 3275 3764 Dicamus
3290 3680 3361 3777 ei,
3394 3714 3562 3786 adde,

1971 3773 2235 3832 Domine:
2264 3777 2344 3833 Ex
2367 3789 2523 3836 utero
2551 3784 2816 3856 virginali,
2847 3794 2987 3860 quod
3022 3800 3247 3864 pertinet
3278 3773 3562 3866 advhuma:

1967 3865 2218 3934 nitatem;
2249 3885 2315 3924 ne
2363 3881 2552 3941 putent
2604 3875 2880 3935 Manichtei
2923 3885 3004 3939 vel
3060 3889 3398 3966 Eutychiani,
3432 3901 3560 3968 quia

1969 3974 2074 4016 non
2090 3977 2146 4016 es
2171 3973 2328 4020 natus
2350 3982 2414 4021 cx
2437 3982 2618 4026 carne.
2649 3971 2828 4028 Lic‘eat
2850 3977 3001 4032 nobis
3024 3980 3163 4038 inter
3183 3986 3413 4045 scientes
3428 4007 3559 4062 quo-

1966 4053 2125 4108 modo
2157 4057 2440 4113 credamus
2467 4062 2785 4131 simpliciter
2807 4067 2976 4138 loqui.
3006 4070 3061 4126 In
3087 4078 3300 4131 nomine
3341 4080 3553 4141 Domini

1963 4142 2092 4198 Jesu
2115 4149 2340 4216 apostoli
2372 4151 2750 4221 baptizabant:
2785 4162 3022 4231 nunquid
3073 4168 3194 4230 quia
3236 4168 3451 4229 Patrem
3500 4188 3557 4233 et

1961 4235 2220 4306 Spiritum
2251 4251 2494 4298 sanctum
2520 4248 2786 4318 tacebant,
2815 4252 2935 4308 ideo
2969 4258 3268 4326 negabant?
3291 4273 3384 4320 aut
3432 4268 3556 4326 ideo

1973 4330 2273 4400 haptismus
2297 4335 2387 4391 ille
2415 4353 2519 4392 non
2545 4340 2773 4397 dabatur
2795 4345 2847 4398 in
2873 4349 3090 4405 nomine
3113 4351 3308 4423 Patris,
3336 4368 3387 4413 et
3413 4359 3554 4428 Filii,

1961 4433 2014 4479 et
2042 4424 2275 4494 Spiritus
2302 4430 2495 4497 sancti,
2515 4433 2635 4502 quia
2664 4434 2716 4489 in
2749 4437 2964 4494 nomine
2993 4441 3200 4500 Domini
3222 4447 3350 4504 Jesu
3375 4451 3554 4525 bapti-

1963 4529 2113 4572 zasse
2169 4519 2396 4588 apostoli
2451 4523 2840 4591 perhibentur?
2869 4528 3062 4588 Nonne
3118 4549 3340 4607 propter
3395 4519 3553 4602 unius

262 4615 316 4658 et
346 4607 502 4661 Pater
531 4609 691 4680 Deus,
719 4622 773 4667 et
797 4614 1030 4683 Spiritus
1062 4631 1280 4676 sanctus
1304 4620 1464 4689 Deus,
1487 4635 1540 4679 et
1559 4626 1715 4681 simul
1749 4639 1853 4685 tota

1975 4607 2277 4663 substantiae
2321 4614 2756 4672 communionem
2779 4659 2794 4685 ,
2825 4630 2879 4675 et
2908 4634 3127 4694 propter
3159 4644 3320 4685 unum
3352 4649 3550 4693 nomen

262 4698 496 4755 Trinitas
528 4703 702 4771 Deus;
731 4716 784 4760 et
817 4708 970 4764 Pater
997 4727 1132 4766 unus
1153 4715 1219 4767 de
1241 4713 1522 4782 Trinitate,
1546 4730 1601 4772 et
1624 4721 1854 4789 Spit-itus

262 4801 478 4845 sanctus
496 4809 632 4848 unus
648 4797 715 4851 de
733 4796 1013 4855 Trinitate.
1043 4801 1149 4858 Sed
1175 4792 1412 4861 dicentes
1428 4808 1592 4862 Deum
1616 4825 1853 4882 passum,

261 4884 850 4957 t-ontinuoiuferamus,
881 4895 1176 4949 seetindum
1198 4911 1436 4966 carnem,
1479 4917 1546 4955 ne
1594 4912 1686 4958 aut
1743 4914 1849 4961 tota

261 4974 497 5030 Trinitas
554 4981 858 5044 passionem
908 4989 1231 5055 suscepisse,
1271 5001 1362 5046 attt
1418 4993 1533 5061 ipse
1582 4996 1748 5053 Filius
1794 4998 1848 5054 in

259 5068 556 5123 substantia
584 5071 881 5130 divinitatis
905 5093 1025 5146 qua:
1053 5089 1137 5135 est
1167 5083 1239 5136 illi
1271 5099 1391 5139 cum
1416 5085 1574 5143 Patre
1601 5105 1846 5146 commu-

260 5158 366 5229 nis,
393 5175 581 5230 passus
614 5176 845 5234 putetur.
869 5169 934 5224 Et
960 5170 1014 5225 in
1048 5171 1147 5226 hac
1176 5176 1393 5244 quidem
1425 5191 1575 5248 parte
1607 5199 1724 5239 mos
1749 5202 1845 5256 ge-

258 5255 460 5310 rendus
490 5268 572 5313 est
603 5261 910 5329 talibus;et
959 5266 1004 5320 si
1057 5267 1137 5322 sic
1179 5270 1367 5326 audire
1417 5273 1745 5342 desiderant,
1771 5283 1849 5336 sic

257 5349 421 5403 etiam
457 5365 555 5406 nos
585 5352 728 5422 loqui
760 5360 1051 5425 convenit:
1081 5359 1228 5416 Unus
1258 5363 1325 5419 de
1357 5365 1651 5433 Trinitate,
1688 5371 1737 5426 id
1768 5383 1851 5428 est

257 5439 448 5510 F.lius,
480 5459 586 5498 una
618 5461 843 5516 persona
867 5450 936 5504 de
967 5451 1134 5508 tribus
1159 5457 1419 5523 personis,
1447 5474 1637 5527 passus
1661 5473 1743 5519 est
1765 5480 1851 5520 sc-

255 5533 490 5588 cundum
512 5551 751 5603 carnem,
777 5556 936 5610 quam
961 5546 1194 5614 suscepit
1225 5561 1289 5601 ex
1321 5550 1494 5617 nobis,
1524 5561 1578 5608 ut
1599 5553 1848 5624 dignare-

253 5633 343 5677 tur
373 5626 677 5693 passionem
710 5631 942 5688 tolerare
975 5649 1070 5704 pro
1099 5637 1272 5692 nobis.

330 5737 416 5792 15.
455 5739 728 5796 Addamus
762 5744 922 5800 verba
953 5747 1233 5803 manifesta
1266 5765 1333 5806 ne
1362 5765 1700 5810 occasuonem
1753 5757 1850 5813 de-

254 5843 376 5885 nius
422 5829 534 5891 inte
565 5835 848 5899 pretationi
911 5838 1230 5905 malitiosa.
1288 5850 1648 5909 putemuruue
1705 5848 1847 5905 aliud

1969 4701 2259 4757 individua:
2283 4703 2561 4763 Trinitatis
2588 4711 2747 4766 etiam
2794 4716 2914 4771 solo
2965 4716 3193 4775 Domino
3217 4721 3344 4778 Jesu
3372 4730 3552 4784 nomi-

1964 4805 2109 4861 nato,
2141 4795 2299 4853 Pater
2324 4816 2535 4870 quoque
2576 4813 2629 4860 et
2677 4804 2909 4875 Spiritus
2947 4825 3162 4868 sanctus
3186 4815 3239 4869 in
3267 4816 3463 4878 virtute
3487 4823 3550 4878 il-

1961 4889 2062 4945 lius
2089 4893 2322 4948 nominis
2351 4896 2493 4965 quod
2523 4913 2685 4953 unum
2717 4911 2800 4956 est
2829 4917 2896 4957 ex
2920 4907 3109 4976 tribus,
3136 4910 3395 4967 nominati
3426 4929 3550 4973 esse

1958 4987 2390 5051 cognoscuntur?
2412 4986 2487 5041 lta
2521 4989 2682 5044 etiam
2706 4992 2750 5046 si
2779 4994 2951 5050 solum
2983 4997 3313 5056 divinitatem
3345 5003 3547 5068 Christi

1958 5077 2249 5145 nominem,
2276 5079 2386 5149 jam
2422 5083 2579 5137 simul
2627 5084 3015 5144 humanitatem
3063 5092 3355 5162 nominavi,
3383 5113 3547 5166 quam

1955 5169 2053 5224 sibi
2095 5171 2346 5226 atlunavit
2391 5188 2456 5226 ex
2485 5172 2757 5243 ,Virgine;
2789 5180 2906 5233 etsi
2937 5181 3104 5235 solam
3153 5181 3543 5247 humanitatem

1957 5264 2246 5329 nominem,
2282 5266 2438 5321 simul
2471 5267 2798 5324 divinitatem
2842 5273 3134 5343 nominavi,
3177 5277 3265 5331 cui
3293 5286 3377 5333 est
3409 5281 3544 5338 adu-

1957 5367 2099 5411 nata.
2119 5358 2351 5414 Possunt
2373 5361 2455 5415 ha:
2504 5362 2624 5416 duae
2653 5364 2970 5420 substantia:
3001 5366 3054 5420 in
3079 5367 3296 5425 Christo
3319 5372 3436 5429 sine
3463 5375 3542 5431 itt-

1957 5451 2126 5506 vicem
2157 5451 2426 5522 loquendo
2477 5454 2728 5524 proferri,
2762 5472 2868 5512 non
2903 5470 3126 5527 possunt
3153 5461 3271 5520 sine
3310 5463 3542 5526 invicem

1954 5547 2223 5603 credendo
2252 5547 2520 5617 cognosci.

2027 5663 2114 5718 l4.
2139 5663 2276 5722 Nam
2308 5677 2435 5720 ecce
2459 5663 2600 5733 apud
2625 5663 2858 5720 Miletum
2888 5645 3182 5734 majoribus
3205 5677 3332 5723 natu
3355 5669 3542 5728 Eccle-

1951 5757 2050 5811 sia:
2087 5754 2324 5811 salubria
2372 5754 2575 5810 monita
2623 5755 2814 5812 beatus
2858 5754 2984 5812 dum
3027 5756 3264 5814 traderet
3296 5759 3541 5819 Paulus:

1953 5850 2209 5909 Attendite
2263 5852 2453 5918 inquit,
2486 5852 2624 5907 vobis
2653 5861 2703 5907 et
2743 5851 2976 5908 universo
3019 5849 3184 5920 gregi,
3228 5850 3282 5908 in
3320 5869 3426 5922 quo
3453 5867 3536 5909 vos
