4094 6574
510 283 612 341 903

1423 267 1793 326 FULCENTII
1831 262 2178 324 FERRANDI
2220 261 2496 320 DIACONI
2532 258 2879 321 CARTHAG.

3694 257 3810 314 904

514 397 741 462 spiritus
771 400 977 446 sanctus
1006 386 1261 443 constituit
1311 385 1571 455 episcopos
1615 399 1789 451 regere
1815 380 2100 435 Ecclesium
2131 381 2177 440 Α
2207 396 2368 436 unum
2401 381 2470 435 de
2523 377 2808 440 Trinitate,
2863 373 3006 446 quod
3037 383 3140 438 est,
3193 387 3354 428 tinam
3401 385 3692 440 personam
3736 373 3808 426 de

521 487 647 552 Dei,
680 501 830 553 quam
861 481 1123 550 acquisivit
1167 495 1259 533 suo
1291 478 1539 547 sanguine
1560 475 1698 545 (Act.
1730 491 1820 540 xx,
1853 472 1973 542 ‘28).
2005 473 2103 526 Dic

517 579 700 642 modo,
723 574 961 648 gentium
1009 573 1225 638 DOCiOI‘,
1254 579 1306 624 et
1358 566 1624 636 responde
1669 567 1825 620 nobis
1880 563 2100 634 aliquid,

522 670 664 742 quod
691 669 849 722 etiam
883 684 980 722 nos
1013 664 1144 720 mult
1168 680 1234 718 .m
1259 660 1575 732 suspiciosis
1602 666 1852 728 oporteat
1878 672 2103 726 respon-

519 765 666 816 dere.
697 759 885 814 Dixisti
944 757 1112 812 Deum
1169 755 1463 810 Ectlesiam
1507 751 1807 820 acquisisse
1848 748 2108 818 sanguine

522 869 650 920 suo;
685 869 850 923 quare
901 864 1004 907 non
1051 849 1301 904 addidisti
1336 846 1567 902 Filium?
1591 844 1718 914 quid
1755 846 1797 898 si
1831 843 1970 923 alius
2001 839 2106 894 Pa-

524 958 659 1002 trem
686 946 878 1016 putet?
905 944 1027 1012 quid
1053 943 1097 998 si
1129 942 1266 996 alius
1297 940 1555 1008 Spiritum
1586 935 1866 992 sanctum?
1899 933 2020 1002 quia
2056 939 2113 987 et

526 1035 685 1092 Pater
715 1037 832 1090 sine
858 1035 1020 1090 dubio
1046 1035 1184 1089 Deus
1203 1074 1216 1098 ,
1240 1043 1295 1087 et
1335 1029 1563 1099 Spiritus
1592 1036 1814 1083 sanctus
1843 1026 1984 1080 Deus
2004 1035 2108 1080 est.

529 1135 637 1185 Aut
666 1132 706 1184 si
739 1129 905 1184 Deum
940 1126 1258 1196 simpliciter
1288 1123 1603 1189 nominasti,
1635 1120 1718 1176 vel
1741 1119 1957 1189 quando
1987 1131 2108 1171 eum

526 1220 705 1273 dixisti
756 1217 1053 1286 aequis-isse
1105 1215 1396 1270 Ecclesiam
1447 1211 1706 1281 sanguine
1757 1223 1878 1274 suo,
1904 1207 2115 1262 diceres

527 1311 797 1382 quomodo
821 1309 1017 1364 habeat
1042 1307 1356 1376 sanguinem
1385 1303 1546 1368 Deus,
1572 1311 1623 1356 et
1650 1299 1899 1363 adderes,
1925 1311 2115 1352 sectiu-

528 1403 655 1457 dum
687 1417 940 1458 carnem:
985 1415 1052 1455 ne
1078 1401 1196 1468 quis
1227 1405 1375 1466 putet
1405 1395 1528 1465 quia
1549 1395 1712 1449 etiam
1744 1391 2000 1446 divinitas
2023 1390 2119 1443 ha-

533 1495 663 1550 bere
699 1504 791 1548 aut
817 1493 1094 1548 effundere
1119 1490 1431 1560 sanguinem
1463 1503 1528 1557 po
1556 1495 1659 1542 est.
1683 1484 1812 1540 Scio
1846 1483 1972 1554 quid
1996 1481 2120 1536 huic

531 1588 923 1658 percontationi
954 1587 1053 1640 Vas
1079 1585 1366 1640 electionis
1415 1583 1533 1637 sine
1582 1595 1731 1634 mora
1773 1575 2116 1647 respondeat.

533 1682 709 1746 Nosti,
739 1698 772 1736 o
829 1681 924 1746 ﬁli,
973 1679 1406 1750 praedicationem
1447 1690 1657 1738 meam;
1704 1688 1871 1743 quare
1904 1670 2118 1725 dubiam

2209 472 2380 528 tribus
2401 470 2642 550 personis
2673 485 2685 520 :
2710 466 2960 536 quoniam
3004 465 3050 519 si
3098 464 3132 519 d
3155 479 3280 530 eas,
3315 463 3427 518 Una
3457 471 3540 518 est
3566 477 3805 528 persona

2209 564 2429 625 Christi,
2475 560 2612 615 nihil
2642 559 2785 612 aliud
2815 557 2971 621 dicisi
2995 571 3152 626 quam
3182 595 3199 619 ,
3241 555 3388 609 Unus
3417 565 3501 609 est
3526 553 3809 608 Christus.

2212 653 2342 708 Etsi
2374 651 2606 715 dixeris,
2643 649 2790 704 Unus
2818 658 2898 702 est
2954 647 3113 702 Pater
3159 655 3252 700 aut
3273 645 3505 712 Spiritus
3556 657 3808 704 sanctus,

2211 747 2346 802 nihil
2371 745 2515 802 aliud
2544 745 2679 799 dicis
2701 758 2882 814 quam,
2918 741 3030 797 Una
3065 750 3148 796 est
3194 755 3419 811 persona
3478 739 3653 794 Patris
3717 747 3811 792 aut

2211 837 2441 907 Spiritus
2463 835 2656 888 sancti.
2678 834 2852 887 Potest
2874 831 3088 901 quidem
3109 845 3244 885 tinus
3261 831 3422 884 etiam
3446 830 3813 884 substantiam

2213 929 2542 1000 signiﬁcare,
2568 928 2660 982 sed
2694 926 2737 981 si
2768 925 2937 980 addes
2963 925 3280 980 sub~tantize
3315 924 3591 994 proprium
3627 925 3813 976 maui-

2213 1017 2519 1086 festum-me
2545 1017 2890 1081 vocabulum,
2929 1017 3071 1071 sicut
3111 1017 3327 1086 quando
3373 1017 3529 1080 dicis,
3563 1015 3817 1069 Trinitas

2218 1128 2377 1180 unus,
2401 1123 2454 1167 et
2475 1114 2732 1168 continuo
2761 1111 3054 1177 suhinfers,
3075 1113 3237 1166 Deus.
3275 1110 3524 1180 Alioquin
3551 1113 3682 1164 tolle
3720 1126 3820 1163 no-

2217 1221 2340 1260 men
2369 1195 2537 1276 quod
2569 1205 2840 1276 adjungis,
2879 1204 2968 1260 ubi
3017 1205 3314 1260 substantia
3347 1204 3685 1274 signiﬁcatur
3715 1248 3728 1268 ,
3763 1213 3820 1259 et

2216 1299 2324 1364 dic,
2359 1299 2402 1352 si
2429 1298 2597 1352 audes
2630 1314 2643 1350 :
2677 1297 2859 1360 Pater,
2915 1305 2966 1350 et
3001 1296 3167 1350 Filius
3195 1336 3212 1361 ,
3243 1307 3298 1350 et
3327 1295 3561 1362 Spiritus
3591 1306 3822 1350 sanctus

2218 1405 2359 1444 unus
2384 1398 2530 1444 sunt.
2563 1388 2695 1456 Quis
2731 1389 2876 1443 enim
2910 1404 3016 1442 non
3053 1389 3334 1452 continuo,
3369 1385 3517 1442 Unus
3549 1397 3700 1451 sunt,
3738 1402 3825 1442 se-

2219 1483 2452 1539 cundum
2505 1497 2793 1552 personam
2828 1481 3031 1537 dictum
3081 1492 3478 1547 consequenter
3525 1482 3819 1552 intelligat,

2221 1584 2278 1630 et
2305 1573 2522 1628 Sabellii
2569 1573 2856 1643 redarguat
2890 1571 3224 1626 vanitatem?
3278 1570 3438 1625 Vides
3486 1586 3618 1640 ergo
3692 1573 3821 1640 quia

2225 1669 2439 1740 proprie
2468 1685 2606 1724 unus
2637 1668 2703 1722 ad
2761 1683 3044 1737 personam
3089 1667 3320 1734 pertinet
3377 1667 3820 1736 signiﬁcandam,

534 1773 729 1842 putasti
759 1770 1076 1828 Sententiam
1109 1783 1279 1822 meam
1302 1767 1323 1820 ?
1346 1767 1462 1822 iam
1489 1781 1590 1836 ego
1613 1764 1719 1818 dixi
1747 1779 1762 1816 :
1789 1761 1946 1815 Pater
1979 1757 2120 1813 Filio
2152 1771 2198 1830 Β
2225 1765 2468 1834 quamvis
2497 1762 2750 1832 adjuncto
2772 1761 2872 1815 sibi
2896 1757 3183 1830 cujuslibet
3210 1759 3527 1814 substantiae
3549 1761 3824 1814 voeabula

533 1867 870 1934 preprionon
903 1864 1144 1932 pepercit,
1171 1863 1260 1916 sed
1311 1877 1404 1931 pro
1451 1859 1596 1912 nobis
1638 1856 1874 1912 omnibus
1905 1853 2120 1908 tradidit

533 1961 678 2014 illum
703 1959 878 2030 (Rom.
908 1973 1022 2022 vm,
1049 1956 1165 2025 52),
1191 1964 1248 2008 ut
1268 1955 1432 2009 Filius
1459 1961 1665 2006 tantum
1715 1963 1905 2020 passus
1934 1963 1963 2000 a
1993 1961 2122 2016 gen-

535 2051 678 2106 tibus
706 2049 1038 2104 crederetur.
1067 2047 1306 2115 Jamcgo
1347 2043 1456 2098 dixi
1514 2059 1529 2097 :
1582 2041 1681 2108 Qui
1724 2056 1840 2093 cunt
1862 2039 1916 2092 in
1957 2038 2125 2106 {arma

538 2141 633 2195 Dei
659 2150 805 2205 esset,
831 2156 930 2192 non
960 2127 1195 2209 rapinam
1237 2137 1514 2189 arbitratus
1544 2144 1615 2186 est
1641 2147 1750 2186 esse
1786 2146 1840 2185 se
1876 2130 2125 2195 a’qualem

539 2231 670 2299 Deo,
699 2235 788 2286 sed
836 2232 1162 2299 semetipsum
1216 2227 1513 2290 exinauivit,
1543 2225 1764 2295 formam
1805 2221 1936 2275 serrt'
1991 2219 2128 2273 acci-

538 2323 702 2396 piens,
736 2323 790 2375 iu
813 2320 1204 2375 similitudinem
1227 2318 1493 2372 hominum
1522 2315 1690 2386 fartus
1715 2353 1732 2379 ,
1761 2320 1811 2366 et
1843 2312 2016 2364 hab’tu
2046 2310 2128 2363 in-

545 2424 721 2468 uentus
750 2422 805 2468 ut
837 2414 1006 2466 homo.
1038 2409 1348 2464 Humiliavit
1377 2423 1452 2474 se,
1477 2406 1645 2477 factus
1693 2403 1930 2457 obediens
1971 2417 2129 2471 usque

541 2506 610 2559 ad
652 2515 888 2567 mortem,
919 2512 1134 2555 mortem
1180 2509 1354 2553 auttm
1401 2497 1568 2551 crucis
1603 2493 1830 2567 (Philip.
1861 2508 1920 2558 tl,
1960 2489 2127 2562 6-8),

543 2609 599 2654 ut
630 2598 684 2653 iu
716 2598 947 2652 humana
977 2593 1278 2650 substantia
1323 2601 1566 2645 mortuus
1610 2590 1714 2643 rite
1766 2585 2081 2641 crederetur
2115 2602 2128 2639 :

545 2706 703 2760 quem
748 2700 922 2744 tamen
971 2696 1028 2740 ut
1056 2687 1220 2741 Deum
1253 2696 1632 2754 cognosceres,
1657 2678 1980 2734 ﬁducialiter
2007 2676 2134 2730 alibi

551 2783 761 2837 locutus
782 2795 898 2834 sum
929 2777 1051 2832 :Ea:
1077 2774 1257 2844 quibus
1289 2773 1523 2828 Christus
1580 2771 1857 2825 secundum
1903 2783 2132 2834 carnem,

549 2873 634 2943 qui
658 2880 732 2926 est
771 2885 923 2940 super
951 2868 1122 2921 omnia
1159 2865 1296 2918 Deus
1339 2861 1626 2916 benedictus
1653 2862 1706 2914 in
1732 2860 1922 2914 sarcula
1954 2857 2132 2930 (Rom.

551 2980 624 3030 ts,
651 2963 728 3036 5).
755 2963 1035 3034 Cognosco
1054 3003 1071 3028 ,
1100 2967 1283 3014 sancte
1331 2957 1526 3022 Paule,
1559 2954 1856 3010 doctrinam
1899 2949 2140 3006 veritatis

514 3069 524 3081 '
552 3059 942 3130 plenissimam,
968 3070 1068 3112 nec
1097 3053 1228 3108 mihi
1255 3051 1518 3108 sententia
1552 3059 1636 3105 tua
1669 3051 1722 3105 in
1747 3049 1882 3104 libro
1907 3048 2138 3102 Actuum

2225 1859 2395 1926 possit
2425 1855 2586 1908 etiam
2612 1853 2964 1909 substantiam
2987 1852 3312 1923 signiﬁcare.
3333 1853 3664 1921 Simpliciter
3689 1870 3825 1927 ergo

2223 1947 2526 2012 audiamus,
2551 1961 2717 2001 unum
2748 1945 2816 2000 de
2855 1945 3117 1999 Trinitate
3164 1957 3397 2011 passum,
3425 1945 3477 1998 id
3519 1953 3626 2010 est,
3654 1961 3823 2000 unam

2227 2056 2512 2110 personam
2539 2057 2605 2096 ex
2635 2039 2803 2095 tribus
2836 2039 3102 2109 personis.
3131 2036 3240 2092 Nec
3272 2039 3401 2092 mihi
3423 2039 3696 2109 quispiam
3729 2056 3826 2096 ve—

2229 2121 2578 2202 litoppo'nere
2606 2150 2620 2185 :
2649 2130 2704 2186 Si
2729 2127 2956 2185 dicimus
2979 2144 3144 2183 unum
3168 2129 3235 2182 de
3258 2127 3545 2196 Trinitate,
3576 2131 3828 2188 dicamus

2226 2241 2392 2281 unum
2421 2223 2489 2280 de
2513 2222 2866 2292 humanitate,
2895 2224 3030 2278 sicut
3055 2221 3282 2276 dicimus
3309 2221 3496 2282 Deum,
3516 2233 3572 2277 et
3601 2238 3826 2281 rursum

2227 2317 2460 2373 dicimus
2490 2313 2789 2369 hominem.
2823 2313 2987 2367 Deum
3021 2314 3224 2384 quippe
3251 2329 3372 2368 cum
3397 2314 3649 2379 dicimus,
3678 2326 3829 2371 recte

2230 2413 2392 2465 etiam
2437 2408 2708 2464 hominem
2757 2405 3018 2474 dicimus,
3050 2409 3170 2476 quia
3202 2417 3255 2462 et
3283 2406 3422 2463 Deus
3445 2419 3499 2463 et
3531 2409 3700 2472 homo
3725 2426 3828 2465 no-

2231 2503 2377 2558 mina
2401 2500 2830 2558 substantiarum
2853 2509 2999 2556 sunt.
3026 2500 3177 2556 Unus
3211 2511 3416 2568 autem,
3439 2504 3561 2572 quia
3607 2504 3831 2573 proprie

2233 2610 2516 2668 personam
2541 2593 2838 2664 signiﬁcat;
2883 2595 3032 2650 Unus
3060 2603 3286 2665 etunus
3310 2611 3644 2667 nequaquam
3674 2599 3828 2668 cogi-

2235 2699 2412 2742 temus
2433 2686 2636 2752 dicere,
2653 2700 2719 2740 ne
2745 2685 2877 2740 duas
2893 2686 3175 2740 videamur
3194 2701 3505 2742 asseverare
3537 2703 3829 2757 personas.

2234 2780 2362 2836 Ideo
2393 2781 2550 2850 plane
2585 2795 2752 2834 unum
2795 2779 2864 2834 de
2909 2779 3170 2835 Trinitate
3226 2779 3564 2844 conﬁtemur,
3617 2791 3675 2835 et
3725 2798 3832 2836 non

2236 2888 2404 2929 unum
2427 2873 2494 2926 de
2520 2871 2851 2926 humanitate
2876 2887 2891 2936 ;
2915 2871 3036 2940 quia
3063 2871 3201 2925 Deus
3215 2873 3358 2926 venit
3379 2871 3444 2925 ad
3477 2881 3690 2926 uterum
3718 2872 3834 2925 Vir-

2237 2965 2394 3035 ginis,
2420 2974 2474 3018 et
2500 2963 2734 3018 adventu
2762 2976 2860 3014 suo
2909 2977 3104 3016 munus
3131 2962 3179 3015 ei
3223 2961 3456 3033 largiens
3485 2961 3836 3016 fecunditatis

2240 3057 2357 3113 sine
2381 3055 2540 3111 sorde
2587 3053 2846 3119 libidinis,
2875 3053 3160 3108 ht-manam
3184 3053 3281 3108 sibi
3309 3063 3553 3108 naturam
3585 3064 3839 3124 potenter

555 3150 920 3219 aposmlorum
944 3146 1102 3200 dubia
1129 3158 1362 3212 unquam
1409 3141 1528 3197 fuit.
1554 3139 1798 3195 Intellexi
1833 3140 2022 3204 Deum,
2051 3137 2132 3206 qui

2245 3162 2406 3220 atque
2439 3130 2781 3203 ineﬁ‘abiliter
2838 3146 3110 3210 adunavit,
3144 3153 3293 3202 tanto
3324 3147 3538 3200 vinculo
3588 3148 3838 3212 unitatis,

555 3240 814 3310 sanguine
830 3253 928 3294 suo
943 3235 1536 3306 acquisivitEccles'am
1563 3248 1715 3287 suam
1737 3230 1876 3303 (Act.
1907 3245 1997 3294 xx,
2021 3228 2139 3299 28),

557 3348 661 3386 non
695 3345 815 3384 esse
846 3331 946 3384 nisi
995 3327 1265 3382 Christum
1309 3326 1492 3382 Iesum
1541 3324 1733 3379 Filium
1762 3323 1878 3386 Dei,
1911 3335 2011 3376 nec
2045 3323 2141 3374 ha-

557 3424 738 3479 buisse
791 3419 1124 3491 sanguinem,
1159 3418 1262 3473 nisi
1310 3417 1605 3471 secundum
1639 3412 1993 3470 substantiam
2024 3426 2146 3465 car-

558 3519 662 3572 nis.
691 3513 797 3570 Sed
821 3522 1037 3584 propter
1061 3512 1192 3566 istos
1224 3510 1326 3566 ista
1354 3509 1461 3564 dixi
1483 3548 1497 3572 ,
1530 3507 1622 3578 qui
1669 3520 1808 3560 nunc
1861 3504 2144 3558 audientes

558 3625 720 3663 unum
761 3607 828 3661 de
856 3603 1116 3659 Trinitate
1150 3617 1364 3672 passum
1387 3642 1402 3666 ,
1434 3600 1622 3654 dicunt
1667 3615 1680 3654 :
1741 3597 1918 3664 Adde,
1947 3611 2143 3652 secun-

557 3705 683 3758 dum
715 3714 968 3766 carnem;
996 3697 1146 3768 quasi
1204 3697 1360 3749 aliter
1408 3692 1633 3762 intelligi
1678 3691 1900 3754 debeat,
1931 3687 2147 3743 etiamsi

558 3809 622 3864 eg
645 3781 784 3848 t'non
811 3792 1002 3846 addam
1026 3807 1040 3856 ;
1067 3787 1151 3843 vel
1177 3787 1378 3842 addere
1413 3785 1636 3839 multum
1663 3780 2030 3838 necessarium
2053 3783 2142 3846 sit,

559 3883 702 3954 quod
745 3883 959 3938 etiamsi
993 3895 1097 3935 non
1129 3877 1378 3941 addatur,
1411 3884 1655 3946 apparet.
1686 3874 1940 3928 Libenter
1969 3882 2147 3927 tamen

559 3977 702 4047 exigi
750 3991 778 4028 a
822 3990 908 4028 me
963 3971 1141 4042 patior
1168 3971 1308 4040 quod
1335 3970 1475 4023 ultro
1509 3969 1736 4024 reddere
1758 3982 1874 4021 sum
1906 3977 2147 4037 paratus.

565 4068 945 4122 Incunctanter
991 4062 1196 4131 profert
1241 4062 1420 4130 lingua
1450 4059 1593 4129 quod
1635 4059 1829 4112 retinet
1858 4058 2148 4112 conscien-

563 4159 652 4214 tia.
690 4157 836 4213 Unus
887 4155 954 4211 de
1003 4153 1270 4208 Trinitate
1323 4151 1487 4206 Filius
1531 4150 1628 4205 Dei
1675 4149 1923 4204 Christus
1968 4149 2148 4217 Jesus,

529 4251 650 4322 _qui
674 4257 758 4305 est
785 4262 888 4303 una
936 4261 1167 4316 persona
1222 4243 1291 4299 de
1345 4243 1514 4297 tribus
1554 4241 1821 4313 personis,
1846 4255 2038 4310 passus
2069 4249 2146 4296 est

565 4341 858 4397 secundum
888 4353 1128 4394 carnem.
1161 4335 1240 4391 Tu
1272 4350 1400 4391 vero
1422 4335 1465 4390 si
1490 4334 1601 4404 jam
1644 4333 1822 4388 credis
1850 4349 1953 4387 non
1997 4330 2150 4386 mali-

564 4432 701 4486 tiose
729 4445 897 4484 unum
943 4428 1012 4483 de
1057 4426 1317 4482 Trinitate
1361 4439 1576 4494 passum
1606 4423 1734 4491 dici,
1768 4422 1856 4478 dic
1903 4422 2152 4477 similiter

2247 3252 2304 3296 ut
2336 3256 2561 3312 persona
2585 3238 2744 3294 Verbi
2775 3237 2927 3293 ﬁeret
2970 3252 3196 3307 persona
3236 3239 3445 3303 caruis,
3489 3247 3544 3293 et
3582 3238 3840 3307 deinceps

2246 3349 2351 3388 una
2383 3331 2540 3387 Verbi
2567 3345 2790 3400 persona
2819 3338 2963 3404 esset
3004 3338 3059 3384 et
3103 3329 3301 3384 carnis.
3336 3328 3458 3383 Ideo
3509 3331 3696 3384 dicere
3727 3331 3842 3384 nul-

2186 3476 2194 3480 _
2248 3423 2459 3479 latenus
2485 3437 2777 3494 possumus
2805 3436 2970 3475 unum
2985 3420 3052 3475 de
3081 3419 3344 3476 Trinita'e
3372 3429 3426 3475 et
3452 3436 3616 3473 unum
3647 3419 3719 3474 de
3741 3420 3843 3473 hu-

2251 3515 2528 3581 manitate,
2556 3515 2641 3568 vel
2673 3528 2837 3568 unum
2890 3510 3168 3566 Trinitatis
3194 3521 3247 3567 et
3268 3527 3430 3567 unum
3465 3511 3843 3578 humanitatis,

2249 3613 2371 3682 quia
2403 3611 2455 3664 in
2485 3609 2701 3663 Christo
2737 3607 2862 3664 Jesu
2886 3620 3172 3675 personam
3229 3604 3511 3674 propriam
3543 3607 3844 3674 separatim

2250 3719 2358 3758 non
2379 3701 2544 3757 habet
2573 3700 2878 3755 humanitas
2902 3739 2918 3764 ,
2953 3696 3049 3753 sed
3098 3711 3326 3767 persona
3360 3697 3522 3752 Verbi
3555 3698 3649 3751 Dei
3679 3712 3711 3751 a
3739 3711 3845 3765 quo

2250 3806 2497 3864 suscepta
2520 3802 2626 3861 est,
2654 3792 2767 3862 ipsa
2792 3791 2868 3845 illi
2893 3790 3028 3845 facta
3051 3799 3134 3844 est
3163 3789 3402 3860 propria.
3451 3789 3847 3860 Distinguimus

2250 3905 2376 3960 ergo
2391 3895 2607 3942 naturas
2629 3887 2762 3941 duas
2783 3884 2981 3940 Christi
3013 3883 3064 3937 in
3089 3883 3384 3947 vocabulis,
3414 3883 3466 3936 in
3493 3880 3714 3952 ofﬁciis,
3739 3900 3848 3937 non

2252 3983 2304 4038 in
2327 3981 2601 4051 persoitis.
2630 3977 2754 4034 Ideo
2784 3991 3007 4032 securus
3032 3975 3164 4031 dicit
3215 3976 3506 4044 Apostolus
3538 3991 3552 4029 :
3590 3975 3712 4030 Nos
3750 3992 3853 4029 au-

2251 4085 2352 4129 tem
2373 4073 2712 4144 praedicamus
2736 4070 2994 4124 Christum
3034 4068 3362 4137 cruciﬁxum,
3411 4067 3443 4120 .1
3452 4068 3615 4120 udmis
3644 4068 3853 4137 quidem

2251 4165 2570 4225 scandalum,
2603 4163 2832 4234 gentibus
2875 4170 3048 4214 autem
3077 4159 3352 4213 stultitiam
3383 4174 3401 4222 ;
3449 4158 3577 4225 ipsis
3608 4175 3730 4212 vero
3757 4174 3854 4212 vo-

2251 4255 2378 4307 calis
2400 4252 2600 4306 Juda'is
2633 4259 2680 4303 et
2710 4247 2906 4304 Grecis
2945 4247 3210 4303 Christum
3245 4247 3340 4302 Dei
3380 4255 3618 4300 virtutem
3653 4259 3706 4302 et
3754 4248 3855 4303 Dei

2249 4343 2556 4412 sapientiam
2581 4338 2631 4404 (Ι
2673 4335 2791 4393 Cor.
2844 4353 2882 4402 ι,
2913 4335 3018 4404 2'5,
3047 4335 3164 4407 24).
3199 4339 3333 4392 Ecce
3355 4336 3603 4390 Christus
3635 4341 3858 4392 cruciﬁo

2254 4450 2355 4490 xus
2384 4435 2498 4502 ipse
2528 4443 2608 4488 est
2633 4431 2728 4486 Dei
2757 4432 2929 4486 virtus
2951 4439 3005 4484 et
3036 4429 3129 4484 Dei
3176 4430 3460 4499 sapientia.
3504 4430 3693 4496 Quare
3722 4445 3858 4501 ergo

566 4524 708 4580 bono
753 4536 914 4578 sensu
959 4521 1093 4575 sicut
1121 4534 1240 4589 ego.
1268 4518 1323 4573 Si
1367 4527 1545 4571 autem
1587 4517 1798 4570 dubitas
1835 4515 2031 4583 adhuc,
2062 4515 2149 4571 dic
2179 4523 2229 4582 D
2256 4539 2360 4579 non
2386 4524 2597 4578 dicatur
2627 4537 2764 4576 unus
2787 4521 2853 4576 de
2905 4521 3434 4592 Trinila'e'passus'!
3467 4523 3547 4575 Αη
3598 4521 3859 4579 Chriqus

569 4629 727 4670 unam
783 4627 1064 4679 personam
1114 4610 1184 4665 de
1248 4608 1417 4664 tribus
1472 4624 1707 4678 passam,
1740 4607 1916 4676 idest,
1953 4607 2148 4663 Filium

567 4704 662 4760 Dei
695 4703 977 4758 Dominum
1007 4701 1192 4756 Jesum
1226 4699 1498 4755 Christum
1545 4699 1836 4753 secundum
1884 4712 2098 4753 carnem
2131 4715 2147 4752 :

568 4810 637 4850 ne
667 4795 709 4848 si
740 4807 898 4848 unam
925 4805 1205 4860 personam
1251 4791 1320 4845 de
1358 4790 1528 4845 tribus
1557 4805 1765 4860 passam
1792 4790 2024 4858 proﬁteri
2054 4803 2151 4844 no-

567 4887 752 4953 lueris,
785 4892 1026 4954 quartam
1057 4881 1301 4938 conﬁteri
1326 4883 1646 4948 iuveniaris;
1677 4890 1733 4937 et
1759 4885 1876 4937 sine
1905 4881 2008 4936 ulla
2035 4896 2150 4936 am-

566 4977 822 5047 biguitate
844 4976 1074 5032 Nestorii
1097 4977 1354 5046 iudiceris
1377 4993 1562 5032 errore
1593 4990 1894 5045 possessus.

644 5069 733 5126 15.
758 5071 943 5126 Omnis
971 5085 1099 5141 ergo
1130 5069 1428 5126 catholicus
1451 5080 1540 5144 aut
1585 5085 1745 5123 unum
1775 5068 1841 5123 de
1888 5068 2150 5126 Trinitate

568 5177 783 5232 passum
807 5162 1122 5232 simpliciter
1149 5162 1330 5217 audiat
1356 5203 1369 5228 ,
1395 5161 1710 5231 simpliciter
1739 5160 1913 5228 dicat;
1945 5171 2035 5215 aut
2066 5162 2148 5215 lo-

567 5270 740 5328 quens
765 5265 921 5310 caute
946 5296 962 5320 ,
993 5271 1100 5310 non
1131 5266 1307 5310 tamen
1335 5255 1644 5321 inﬁdeliter,
1677 5269 1834 5309 unam
1867 5269 2148 5324 personam

568 5347 638 5404 de
660 5347 832 5404 tribus
862 5362 1071 5416 passam
1102 5345 1331 5402 fateatur
1357 5363 1371 5412 ;
1398 5363 1497 5402 nec
1529 5346 1649 5402 ideo
1681 5348 1980 5419 quempiam
2002 5347 2150 5418 judi-

569 5448 656 5494 cet
684 5437 1019 5504 haereticum,
1064 5439 1156 5508 qui
1205 5455 1370 5494 unum
1406 5441 1474 5496 de
1503 5440 1765 5495 Trinitate
1799 5455 2008 5509 passum
2055 5441 2149 5495 illo

575 5542 739 5584 sensu
759 5528 908 5595 dicit,
938 5542 1048 5599 quo
1071 5529 1232 5584 etiam
1262 5529 1376 5601 ipse
1400 5547 1558 5587 unam
1583 5545 1868 5601 personam
1893 5531 1960 5586 de
1983 5533 2151 5588 tribus

577 5631 788 5687 passam
817 5621 1085 5676 veraciter
1105 5619 1260 5690 dicit;
1288 5622 1558 5694 simulque
1577 5624 1852 5680 ambulare
1881 5625 2020 5678 viam
2051 5623 2152 5680 Do-

564 5707 696 5767 mini
745 5724 1117 5784 properemus,
1159 5727 1348 5786 pacem
1398 5723 1670 5775 tenentes.
1702 5716 1816 5774 Iloc
1841 5727 1925 5775 est
1948 5716 2150 5788 quippe

2259 4615 2353 4671 Dei
2378 4616 2546 4670 virtus
2592 4625 2647 4669 et
2678 4615 2768 4668 Dei
2802 4613 3066 4684 sapientia
3115 4629 3221 4668 non
3275 4621 3360 4668 est
3407 4629 3545 4667 unus
3575 4617 3643 4668 de
3674 4615 3860 4670 Trini-

2259 4705 2398 4760 tate?
2433 4705 2539 4760 Sed
2567 4705 2669 4759 hoc
2689 4704 2777 4774 qui
2808 4711 2986 4771 negat,
3029 4713 3215 4771 aperte
3265 4701 3416 4756 dicat
3453 4702 3616 4757 etiam
3645 4717 3852 4758 secun-

2258 4795 2384 4851 dum
2423 4795 2753 4852 divinitatem
2786 4794 2976 4849 Filium
3002 4808 3109 4848 non
3133 4809 3251 4849 esse
3274 4809 3436 4847 unum
3468 4795 3534 4848 de
3555 4794 3848 4850 Trinitate.

2257 4888 2313 4944 Si
2346 4899 2520 4942 autem
2545 4889 2842 4942 secundum
2869 4885 3201 4940 divinitatem
3237 4885 3487 4941 Christus
3507 4902 3647 4940 uitus
3671 4899 3756 4942 est
3778 4889 3852 4944 de

2252 4979 2538 5046 Trinitate,
2571 4987 2628 5032 et
2667 4977 2960 5033 secundum
2985 4977 3314 5032 divinitatem
3344 4979 3513 5032 virtus
3545 4979 3637 5033 Dei
3678 4988 3765 5034 est
3791 4993 3850 5034 et

2253 5073 2548 5142 sapientia;
2577 5069 2826 5126 Christus
2853 5080 3029 5125 autem
3050 5070 3340 5125 cruciﬁxus
3365 5071 3530 5126 virtus
3562 5071 3653 5125 Dei
3687 5084 3768 5126 est
3793 5083 3851 5128 et.

2253 5164 2514 5234 sapientia
2540 5180 2554 5228 ;
2587 5171 2734 5217 recte
2774 5162 2960 5232 utique
2988 5161 3206 5228 dicitur,
3236 5167 3360 5233 quia
3396 5179 3530 5218 unus
3560 5163 3630 5220 de
3662 5164 3847 5220 Triui-

2255 5269 2363 5313 tate
2385 5266 2468 5314 est
2495 5271 2706 5326 passus.

2326 5349 2416 5404 16.
2461 5348 2569 5402 Nec
2610 5361 2828 5404 movere
2867 5348 3169 5417 quempiam
3217 5347 3406 5416 debet,
3450 5349 3495 5404 si
3527 5362 3652 5404 vere
3684 5347 3827 5404 hanc

2253 5441 2595 5503 sententiam,
2656 5440 2848 5493 sicuta
2897 5439 3214 5509 Quibusdam
3242 5440 3470 5507 dicitur,
3529 5443 3846 5512 Eutychetis

2255 5532 2475 5601 protulit
2517 5529 2898 5599 apocrisiarius
2928 5532 2983 5584 in
3001 5529 3423 5588 Chalcedonensi
3456 5536 3704 5589 COﬂClliO.
3730 5536 3848 5589 Ste-

2255 5639 2322 5692 pe
2351 5623 2510 5677 etiam
2543 5637 2637 5690 per
2658 5622 2968 5691 ignorantes
2999 5622 3234 5692 loquitur
3257 5626 3477 5679 veritas.
3530 5627 3710 5680 Patres
3739 5642 3844 5681 au-

2256 5726 2368 5776 tem
2392 5718 2560 5775 nostri
2591 5717 2644 5774 in
2665 5716 2894 5774 concilio
2923 5717 3105 5786 positi,
3137 5733 3355 5776 sensum
3387 5713 3675 5786 loquentis.
3733 5739 3846 5780 non
