4094 6546
290 372 395 431 905

1478 364 1841 422 ΕΡΙΞΤΟῐιᾹῑ
1872 364 1960 419 ET
2001 361 2380 421 OPUSCllLA.

3474 360 3578 427 θῦε

292 487 452 543 verba
482 482 907 547 considerantes,
950 496 1052 540 nec
1079 478 1230 541 illum
1260 489 1479 553 propter
1502 482 1641 537 hanc
1666 491 1884 538 senten-
1916 483 1961 541 Α
1989 479 2146 550 cujus
2188 494 2470 549 personam
2497 479 2860 549 signiﬁcantes
2889 480 3115 539 dicimus
3145 497 3308 538 unum
3347 484 3418 541 de
3461 484 3581 542 Tri-

290 578 417 637 tiam
460 576 807 647 pronuntiare
836 573 1184 639 catholicum,
1235 587 1336 628 nec
1364 574 1532 642 ipsam
1564 570 1884 627 sententiam

288 668 571 725 catholicis
602 678 731 722 tunc
764 668 1007 722 inserere
1037 664 1439 720 deﬁnitionibus
1469 665 1770 727 voluerunt,
1822 676 1889 716 ue

290 761 600 815 viderentur
627 759 954 813 intellectum
989 757 1258 826 loquentis
1284 765 1309 792 ἰ
1339 754 1691 824 approbasse,
1727 766 1887 822 quam

290 854 473 910 verba.
509 850 819 906 Mirahiliter
853 857 1031 905 tamen
1063 848 1295 919 Spiritus
1315 834 1529 902 sanctus
1550 855 1734 916 postea
1757 844 1886 905 iide-

291 949 370 1006 les
399 946 694 1007 admonuit,
726 944 889 1000 etiam
917 943 1176 1013 per-hanc
1203 941 1528 996 sententiam
1556 938 1758 994 revinci
1786 937 1889 991 Eu-

292 1039 672 1114 tychianistas,
722 1036 775 1091 in
828 1051 933 1105 qua
983 1035 1208 1090 duarum
1256 1034 1413 1102 plena
1458 1041 1540 1087 cst
1579 1031 1891 1101 prtediratio

292 1145 637 1197 naturarum,
679 1140 734 1185 ut
758 1143 1089 1200 nequaquam
1112 1128 1296 1183 dicere
1329 1144 1341 1178 :
1376 1125 1431 1183 Si
1457 1140 1593 1179 unus
1618 1135 1700 1178 est
1730 1122 1889 1177 Chri-

293 1240 408 1284 stus
435 1228 505 1283 de
536 1225 823 1289 Trinitate,
867 1233 923 1280 et
948 1224 1183 1279 Tiinitas
1225 1223 1386 1278 unius
1427 1230 1514 1276 est
1554 1220 1888 1286 substantiae,

294 1323 539 1379 Christus
565 1328 746 1374 autem
778 1318 923 1372 Deus
950 1328 1006 1371 et
1037 1315 1201 1370 homo
1220 1322 1303 1369 est
1334 1331 1349 1380 ;
1400 1313 1557 1368 unius
1584 1326 1715 1381 ergo
1762 1312 1891 1366 sub-

294 1413 530 1470 stantiae.
561 1412 809 1466 Christus
846 1410 1043 1479 quippe
1072 1416 1127 1462 et
1156 1423 1294 1462 unus
1325 1417 1410 1462 est
1436 1406 1505 1460 de
1529 1406 1805 1472 'l‘rinitate,
1837 1414 1892 1461 et

297 1507 439 1563 Deus
469 1514 526 1560 et
557 1504 718 1558 homo
755 1510 863 1566 est,
900 1510 1093 1557 etnon
1134 1508 1215 1554 est
1236 1498 1394 1554 unius
1420 1497 1775 1561 substantiae;
1824 1510 1895 1549 ne

298 1598 602 1654 humanitas
631 1610 866 1667 quoque,
920 1608 1079 1662 quam
1111 1591 1371 1662 suscepit,
1421 1588 1895 1645 consubstantialis

296 1693 367 1744 sit
395 1686 643 1743 Trinitati
678 1704 694 1754 ;
722 1685 862 1753 quod
891 1700 1025 1740 sana
1050 1682 1295 1738 doctrina
1329 1679 1895 1737 condemnat.Recor-

294 1782 421 1849 dor,
483 1780 773 1850 aliquando
813 1778 1076 1847 triplicem
1137 1792 1226 1832 me
1271 1775 1604 1832 intellexisse
1651 1787 1893 1841 causam,

1992 572 2161 627 nitate
2190 584 2429 639 passum,
2452 573 2574 640 quia
2598 572 2715 641 ipse
2743 580 2946 628 tantum
2976 575 3078 637 rite
3099 577 3338 631 creditur
3362 592 3575 647 passus,

1988 662 2079 731 qui
2107 676 2230 717 cum
2272 672 2415 717 esset
2444 676 2570 717 vere
2597 677 2649 716 et
2680 665 2897 732 proprie
2928 666 3087 734 Deus,
3120 681 3244 723 vere
3271 678 3325 724 et
3364 673 3584 741 proprie

1988 752 2161 809 factus
2206 764 2291 809 est
2326 756 2503 813 homo.
2540 765 2597 809 ut
2644 770 2749 811 non
2798 759 3067 815 immerito
3096 777 3224 817 vere
3270 773 3325 820 et
3370 767 3616 835 propria

1990 853 2162 901 mater
2184 846 2277 901 Dei
2308 846 2459 901 beata
2489 846 2652 902 Maria
2684 851 2953 905 credatur.
2980 851 3055 906 Et
3081 853 3242 909 Maria
3266 855 3407 911 enim
3439 872 3586 913 sent-

1993 950 2086 1005 per
2118 936 2327 1007 virgiue
2359 953 2455 992 ucc
2499 938 2747 995 divinitas
2799 943 2944 997 nasci
2978 946 3147 1014 potuit
3181 948 3297 1004 sine
3338 949 3585 1007 humani-

1991 1037 2121 1092 tate,
2156 1044 2255 1082 nec
2289 1028 2587 1082 humanitas
2610 1032 2727 1087 sine
2751 1033 3049 1091 divinitate.

2066 1121 2151 1175 Π.
2190 1121 2411 1176 Frustra
2456 1125 2767 1192 expavescit
2795 1128 3035 1199 quisquis
3063 1130 3293 1187 aestimat
3351 1137 3584 1194 cunsnb—

1992 1212 2297 1266 stantialem
2327 1210 2601 1267 divinitati
2620 1225 2846 1271 matrem
2880 1219 3132 1285 futuram,
3168 1225 3210 1277 si
3242 1228 3501 1285 veraciter
3528 1238 3585 1285 et

1996 1305 2209 1372 proprie
2233 1304 2399 1360 Maria
2431 1315 2605 1360 mater
2648 1310 2805 1363 fuerit
2850 1311 2977 1378 Dei;
3012 1313 3250 1381 profecto
3280 1318 3421 1374 enim
3457 1322 3585 1392 quia

1996 1397 2259 1451 veraciter
2298 1407 2351 1451 et
2393 1398 2609 1466 proprie
2651 1404 2928 1471 generanti
2979 1421 3193 1476 semper
3231 1418 3315 1464 est
3356 1414 3587 1471 consub-

1994 1487 2260 1541 stantialis
2284 1487 2374 1542 ille
2397 1487 2488 1558 qui
2515 1491 2775 1557 nascitur,
2795 1494 3003 1562 accepit
3029 1496 3095 1548 ab
3113 1510 3178 1550 ea
3199 1495 3338 1553 Deus
3365 1502 3507 1558 unde
3534 1505 3587 1560 ei

1998 1578 2149 1633 [ietct
2169 1580 2665 1647 consubstantialie,
2692 1592 2746 1638 ct
2768 1585 2846 1640 sic
2870 1600 2935 1641 ex
2961 1602 3024 1642 ea
3047 1591 3191 1644 nasci
3215 1590 3462 1663 dignatus
3481 1606 3584 1658 est.

1999 1672 2071 1726 lta
2098 1672 2255 1742 igitur
2286 1676 2523 1744 proprie,
2552 1678 2696 1732 sicut
2723 1682 3008 1747 veraciter,
3041 1683 3204 1739 Maria
3243 1686 3583 1746 divinitatem

1999 1765 2121 1820 Filii
2149 1768 2356 1833 genuit,
2385 1769 2481 1824 sed
2511 1769 2866 1828 iucarnatam.
2896 1773 3026 1831 Sine
3077 1791 3245 1835 carne
3272 1781 3416 1836 enim
3448 1783 3587 1838 divi-

298 1889 419 1945 qtne
467 1873 722 1929 dubitare
768 1872 1030 1940 quosdam
1068 1869 1137 1925 de
1188 1869 1290 1924 hac
1334 1868 1605 1923 sententia
1654 1876 1891 1936 cogeret.
1930 1851 1970 1911 Β
2001 1856 2224 1915 nitatem
2274 1860 2658 1929 εοωιιίιενηιιω
2706 1881 2967 1936 generare
3026 1885 3134 1926 non
3190 1885 3373 1942 posset
3429 1876 3592 1932 homo

298 1966 478 2022 Prima
506 1964 735 2032 scilicet,
765 1978 851 2029 ne,
872 1960 1101 2033 quadam
1132 1959 1476 2031 separatione
1502 1958 1891 2023 intercedente,

298 2059 403 2114 alia
432 2062 580 2114 esset
609 2054 845 2110 Trinitas
869 2063 924 2108 et
951 2054 1087 2108 alius
1113 2055 1205 2123 qui
1229 2068 1366 2107 unus
1393 2066 1515 2107 esse
1543 2051 1614 2107 de
1633 2050 1899 2106 Trinitate

297 2149 498 2204 dicitur
529 2190 544 2214 ,
624 2147 765 2203 sicut
808 2146 955 2201 alius
1006 2154 1093 2201 est
1142 2144 1323 2209 Pater,
1374 2143 1517 2199 alius
1566 2150 1655 2199 est
1706 2140 1897 2205 Filias,

299 2241 515 2312 quando
539 2240 607 2295 de
636 2240 794 2296 Patre
823 2239 990 2295 Filius
1010 2252 1130 2294 esse
1160 2237 1358 2294 dicitur
1385 2253 1400 2302 ;
1454 2246 1509 2292 et
1530 2236 1633 2290 alia
1685 2235 1897 2298 civitas,

299 2331 546 2402 aliusque
594 2329 757 2385 homo
784 2328 877 2399 qui
900 2329 967 2384 de
994 2329 1214 2382 civitate
1242 2341 1368 2382 es~e
1395 2335 1665 2380 narratur.
1715 2323 1821 2379 Sed
1846 2330 1902 2375 et

302 2421 467 2477 Pater
496 2420 738 2493 quamvis
760 2418 1009 2475 habendo
1030 2419 1221 2473 Filium
1245 2417 1404 2473 Pater
1431 2416 1524 2483 sit,
1569 2418 1691 2483 ipso
1720 2421 1899 2468 tamen

300 2514 474 2570 Patris
498 2514 715 2568 nomine
756 2526 861 2566 non
886 2525 946 2564 se
970 2524 1093 2566 esse
1124 2508 1313 2563 Filittm
1344 2516 1645 2562 monstrat:
1704 2512 1760 2561 et
1780 2504 1902 2559 ideo

301 2606 426 2660 dum
456 2604 523 2660 de
548 2604 707 2658 Patre
751 2618 870 2659 esse
916 2601 1086 2656 Filius
1128 2599 1350 2667 dicitur,
1388 2599 1529 2653 alter
1556 2611 1680 2652 esse
1719 2595 1901 2662 Pater,

300 2697 391 2750 alti
414 2712 440 2750 r
468 2710 591 2751 esse
635 2694 803 2750 Filius
832 2693 1138 2748 intimatur.
1187 2691 1254 2747 Et
1282 2691 1471 2747 civitas
1513 2690 1788 2744 hominum
1820 2699 1904 2744 est

305 2789 615 2853 multitudo,
645 2804 751 2843 non
781 2788 943 2843 homo
969 2795 1061 2842 :et
1102 2785 1225 2841 ideo
1251 2785 1380 2840 dum
1409 2783 1480 2840 de
1517 2784 1734 2839 civitate
1758 2781 1906 2851 quis-

306 2881 451 2949 piam
483 2880 701 2949 dicitur,
727 2880 865 2936 alter
893 2880 1009 2950 ipse
1034 2893 1177 2945 esse,
1209 2878 1377 2933 altera
1398 2876 1589 2933 civitas
1611 2875 1903 2932 invenitur.

308 2974 549 3029 Trinitas
594 2988 773 3028 au'em
822 2974 1001 3039 Pater,
1032 2981 1087 3027 et
1115 2971 1304 3037 Filius,
1335 2978 1391 3025 et
1426 2970 1663 3040 Spiritus
1688 2976 1906 3024 sanctus

304 3073 424 3130 est;
448 3064 569 3118 ideo
593 3078 813 3117 securus
837 3062 973 3117 dicis
998 3082 1011 3115 :
1037 3061 1205 3117 Filius
1237 3074 1375 3116 unus
1400 3070 1482 3115 est
1509 3059 1580 3115 de
1605 3059 1904 3124 Trinitate;

304 3172 408 3212 nec
462 3166 643 3226 potest
669 3172 791 3212 esse
819 3157 958 3213 alius
990 3156 1195 3223 Filius,
1224 3164 1280 3212 et
1326 3158 1429 3210 alia
1472 3154 1731 3221 Trinitas,
1780 3156 1906 3224 quia

1997 1949 2264 2041 mortalis.
2288 1950 2427 2017 Quid
2462 1962 2661 2021 autem,
2690 1959 2913 2026 proprie
2940 1963 3163 2031 genuit?
3197 1963 3475 2022 Manifesta
3498 1983 3592 2041 ge-

2001 2040 2137 2103 nuit,
2166 2043 2595 2099 contestautibus
2628 2047 2796 2117 signis
2824 2058 2880 2104 et
2909 2051 3193 2109 virtutibus
3232 2054 3401 2112 Deum
3448 2040 3591 2125 esse,

1998 2131 2087 2200 qui
2130 2146 2196 2187 ex
2247 2132 2467 2190 homine
2510 2137 2771 2193 nascitur.
2811 2139 2951 2208 Quid
2991 2149 3099 2209 est,
3132 2147 3344 2214 proprie
3372 2151 3593 2218 genuit!

2002 2222 2117 2292 Ipsa
2155 2224 2205 2280 ei
2243 2226 2524 2283 materiam
2555 2229 2734 2284 carnis
2763 2233 3058 2287 secundum
3090 2250 3252 2305 quam
3279 2249 3593 2306 generatur,

1999 2324 2261 2383 operante
2286 2317 2502 2387 quidem
2526 2318 2729 2389 Spiritu
2760 2333 2971 2389 saneto,
2995 2333 3363 2383 verumtamen
3391 2344 3456 2385 ex
3478 2332 3598 2388 suis

2002 2405 2301 2462 visceribus
2330 2409 2540 2476 tribuit,
2584 2422 2639 2466 et
2686 2411 2810 2468 ideo
2839 2429 2998 2484 quem
3044 2419 3126 2472 sic
3154 2418 3305 2473 nasci
3337 2420 3595 2489 oportuit,

2000 2497 2165 2553 etiam
2217 2500 2435 2569 proprie
2474 2504 2847 2575 genuit:quia
2878 2506 2932 2562 in
2965 2507 3194 2564 humana
3234 2525 3363 2567 eum
3407 2522 3596 2572 natura

2002 2590 2208 2660 genuit,
2239 2607 2398 2662 quam
2438 2596 2589 2651 nullo
2622 2596 2902 2655 dubitante
2939 2602 3154 2672 proprie
3192 2605 3396 2674 genuit.
3441 2608 3596 2676 Quis-

2004 2684 2126 2754 quis
2152 2694 2333 2742 autem
2358 2697 2512 2757 putat
2536 2697 2629 2745 aut
2656 2690 2786 2747 dicit
2807 2706 2872 2748 ex
2894 2709 3001 2749 una
3028 2696 3325 2752 substantia
3354 2706 3598 2770 generari

2004 2772 2313 2834 nullatenus
2343 2780 2583 2850 potuisse
2613 2783 2940 2840 substantias
2970 2785 3125 2858 duas,
3155 2792 3424 2847 veraciter
3443 2794 3598 2862 dFoit,

2006 2873 2050 2927 si
2093 2874 2382 2943 separatim
2422 2886 2706 2944 generatas
2733 2879 2981 2935 audierit.
3029 2881 3181 2939 Nune
3227 2900 3358 2941 vero
3391 2887 3443 2942 in
3476 2904 3593 2945 ma-

2006 2980 2112 3033 gno
2143 2967 2235 3022 illo
2261 2978 2314 3024 et
2345 2968 2573 3026 mirabili
2604 2985 2969 3040 sacramento,
3016 2977 3158 3045 quod
3188 2979 3597 3037 manifestatum

2008 3067 2093 3115 est
2138 3059 2189 3113 in
2220 3074 2404 3128 carne,
2436 3061 2617 3118 divina
2648 3065 2948 3122 substantia
2978 3071 3277 3126 secundum
3311 3073 3597 3130 humanam

2013 3149 2366 3207 substantiam
2420 3156 2635 3223 proprie
2682 3165 2803 3210 nata
2854 3169 2966 3225 est;
3009 3161 3135 3231 quia
3176 3179 3281 3218 non
3314 3168 3601 3236 separatim

305 3250 426 3303 sine
474 3247 615 3303 Filio
665 3248 809 3302 nulla
854 3256 941 3302 est
981 3247 1239 3302 Trinitas.
1286 3247 1534 3303 Secunda
1564 3261 1697 3303 vero
1743 3260 1905 3302 causa
1932 3227 1982 3289 C
2015 3250 2137 3296 nata
2169 3253 2283 3309 est,
2313 3259 2416 3299 nec
2447 3245 2832 3303 humanitatem
2876 3227 3094 3319 proprie
3124 3265 3298 3309 natam
3342 3227 3441 3312 sibi
3473 3256 3601 3313 divi-

310 3344 659 3401 dubitatiouis
712 3345 947 3411 videtur,
1003 3345 1313 3402 nolentibus
1361 3345 1567 3411 dicere,
1624 3360 1790 3400 unum
1841 3345 1910 3401 de

310 3435 352 3489 Τ
357 3434 577 3489 riuitate
617 3450 857 3506 passum,
895 3451 962 3489 ne
988 3435 1284 3491 divinitatis
1312 3435 1614 3491 substantia
1645 3435 1759 3491 ﬁeri
1790 3452 1909 3506 pas-

312 3525 487 3581 sibilis
514 3525 779 3582 videatur.
824 3526 928 3583 Sed
977 3526 1079 3581 hoc
1125 3527 1460 3597 impossibile
1504 3536 1559 3582 et
1596 3527 1818 3582 auribus
1857 3537 1912 3582 et

313 3617 591 3673 mentibus
619 3617 903 3673 catholicis
939 3616 1010 3672 ita
1040 3632 1256 3688 semper
1284 3630 1528 3688 apparet,
1560 3629 1618 3673 ut
1646 3619 1912 3689 suspicari

314 3711 424 3765 huc
455 3710 674 3765 malitiae
717 3712 891 3779 potius
920 3726 989 3780 qu
1010 3726 1078 3763 tm
1123 3710 1349 3765 cautelae
1378 3709 1448 3765 sit
1475 3728 1487 3762 :
1515 3711 1747 3765 tuaxime
1776 3723 1909 3778 quo-

313 3805 461 3860 niam
494 3804 619 3857 dmu
652 3818 791 3858 unus
823 3803 890 3860 de
920 3804 1183 3859 Trinitate
1214 3805 1411 3860 dicitur
1439 3820 1661 3876 passus,
1692 3814 1748 3861 et
1789 3805 1909 3861 Tri-

314 3899 456 3951 nitas
486 3911 839 3968 personarum
874 3895 1035 3951 habet
1064 3897 1537 3967 signiﬁcationem,
1572 3897 1739 3954 cuivis
1760 3896 1916 3953 facile

311 3995 541 4057 apparet
575 3995 795 4057 propter
837 4001 996 4040 unam
1042 4002 1324 4057 personam
1360 3988 1524 4043 Verbi
1570 3987 1919 4055 impassibilis

320 4081 610 4151 carnisque
639 4080 911 4150 passibilis
942 4096 1108 4135 unum
1154 4081 1221 4137 de
1250 4081 1515 4137 Triuitate
1548 4097 1762 4153 passum
1794 4097 1918 4152 pre—

316 4172 576 4229 nuntiari.
616 4171 800 4229 Tertia
832 4188 959 4228 vero
991 4173 1345 4229 dubitationis
1388 4183 1473 4229 est
1515 4189 1698 4240 causa,
1729 4188 1797 4229 ne
1833 4173 1917 4230 di-

312 4269 561 4325 centibus
583 4287 596 4323 :
619 4268 772 4323 Unus
804 4270 871 4322 de
899 4266 1163 4324 Trinitate
1194 4283 1405 4338 passus,
1458 4269 1741 4338 inquisitor
1766 4283 1921 4324 acer-

318 4367 493 4423 rimus
525 4366 665 4419 dicat
692 4382 708 4420 :
733 4365 871 4432 Quid
904 4364 1075 4419 unus?
1103 4376 1158 4419 et
1187 4364 1639 4431 respondentibus
1673 4383 1684 4419 :
1716 4362 1914 4428 Filius,

321 4459 517 4513 iterum
548 4456 896 4528 dicatzErgo
926 4457 969 4511 si
1004 4471 1138 4512 unus
1183 4465 1265 4511 est
1312 4456 1479 4511 Filius
1530 4456 1596 4511 de
1638 4457 1921 4520 Trinitate,

318 4550 405 4607 vel
439 4563 577 4604 unus
605 4556 689 4604 est
718 4549 867 4602 Trini
897 4548 1021 4613 atis,
1048 4547 1279 4604 filiorum
1308 4559 1392 4603 est
1413 4548 1669 4614 Trinitas,
1701 4558 1793 4605 aut
1809 4549 1925 4604 Tri-

2016 3332 2153 3386 nitas
2181 3334 2436 3392 adunavit
2460 3354 2471 3389 :
2498 3338 2590 3392 sed
2622 3338 2909 3394 adunando
2932 3357 3053 3397 eam
3104 3344 3205 3399 sibi
3237 3349 3453 3417 proprie
3482 3360 3603 3406 nata

2008 3434 2117 3480 est.
2147 3424 2329 3481 Dicam
2357 3426 2532 3484 adhuc
2556 3430 2768 3498 planius
2791 3446 2888 3500 pro
2908 3443 3065 3503 captu
3094 3435 3418 3494 inﬁrmitatis
3445 3456 3603 3509 meat,

2013 3519 2057 3572 si
2088 3531 2362 3574 removeat
2392 3521 2537 3576 Deus
2570 3522 2814 3577 veritatis
2855 3526 3105 3581 tenebras
3154 3528 3400 3585 falsitatis
3428 3547 3456 3586 a
3490 3534 3607 3589 luce

2013 3611 2174 3681 hujus
2202 3613 2603 3684 disputationis.
2642 3616 2865 3685 Proprie
2892 3628 2977 3674 est
3018 3628 3145 3673 nats
3176 3621 3245 3676 de
3291 3624 3448 3679 Patre
3478 3625 3609 3681 divi-

2018 3703 2158 3756 nitas
2202 3719 2331 3771 pura
2354 3747 2367 3767 ,
2400 3707 2620 3773 proprie
2649 3716 2734 3761 est
2764 3716 2885 3762 nata
2914 3709 2985 3763 de
3016 3722 3186 3765 matre
3217 3715 3402 3768 eadem
3436 3717 3609 3772 incar-

2018 3805 2142 3851 nata
2173 3796 2448 3852 divinitas.
2474 3799 2540 3853 Et
2563 3798 2665 3853 hoc
2686 3799 2850 3854 distat
2871 3800 3012 3856 inter
3039 3803 3195 3856 unius
3220 3804 3339 3860 Filii
3364 3806 3457 3862 Dei
3480 3809 3610 3863 duas

2019 3888 2426 3959 generationes,
2456 3889 2603 3959 quod
2651 3890 2706 3945 in
2752 3890 2930 3945 divina
2958 3898 3306 3962 generatione
3344 3897 3484 3953 nulla
3517 3899 3609 3955 fuit

2024 3982 2370 4038 humanitas:
2397 3982 2463 4079 in‘
2479 3985 2710 4037 humana
2740 3985 3088 4053 generatione
3123 3984 3353 4042 adunata
3390 3988 3488 4044 fuit
3517 3991 3609 4046 hu-

2020 4076 2266 4132 manitati
2317 4076 2538 4147 proprie
2566 4078 2809 4133 nascenti
2839 4078 3109 4136 divinitas.
3141 4082 3197 4136 Si
3227 4083 3370 4138 enim
3396 4085 3608 4151 dixero,

2022 4170 2106 4224 vel
2136 4168 2319 4225 dicere
2349 4169 2571 4225 voluero
2595 4186 2610 4224 :
2633 4170 2795 4225 Maria
2844 4186 3058 4241 semper
3085 4174 3236 4243 virgo
3276 4177 3491 4245 pmprie
3520 4194 3611 4248 ge-

2024 4262 2140 4315 nuit
2181 4261 2590 4328 humanitatem,
2637 4276 2742 4315 non
2791 4264 3005 4333 proprie
3047 4265 3227 4335 genuit
3256 4267 3610 4338 divinitatem,

2027 4351 2301 4407 videbitur
2326 4353 2427 4406 sub
2446 4352 2624 4420 aliquo
2652 4354 2811 4408 modo
2834 4353 3109 4410 hominem
3137 4373 3323 4423 purum
3345 4360 3612 4429 genuisse,

2029 4459 2186 4513 quem
2220 4443 2371 4499 nullo
2420 4444 2580 4499 modo
2610 4444 2683 4498 ita
2713 4447 2917 4514 genuit,
2964 4449 3088 4517 quia
3136 4448 3366 4505 Verbum
3396 4467 3614 4511 carnem

2031 4534 2227 4588 factum
2279 4535 2500 4604 proprie
2548 4536 2752 4605 genuit.
2796 4536 2962 4594 ltecte
2990 4554 3137 4609 ergo,
3180 4551 3438 4611 quantum
3480 4548 3616 4602 arbi-

321 4643 505 4697 nitntis
531 4653 615 4697 est
640 4642 824 4697 Filius.
852 4642 1320 4710 keepondentibus
1348 4661 1361 4695 :
1388 4642 1448 4696 D.
1465 4656 1549 4710 us,
1575 4641 1716 4697 dicat
1740 4661 1752 4695 :
1778 4643 1896 4711 Quo

2034 4634 2166 4687 tror,
2225 4626 2451 4681 dicimus
2496 4638 2551 4680 et
2600 4626 2921 4682 conﬁtemur
2954 4645 2967 4680 :
3001 4629 3163 4684 Maria
3218 4635 3477 4689 veraciter
3539 4648 3617 4693 est

320 4738 483 4794 modo
512 4747 597 4793 est
626 4736 888 4807 qui~piam
922 4753 1057 4791 unus
1088 4737 1229 4792 Deus
1257 4739 1323 4789 de
1355 4736 1638 4801 Trinitate,
1668 4750 1791 4791 cum
1820 4752 1924 4792 non

316 4833 392 4886 sit
418 4846 557 4885 unus
592 4830 754 4892 Deus,
786 4827 887 4884 nisi
918 4828 1189 4884 Trinitas?
1232 4829 1364 4884 Huic
1393 4837 1573 4884 autem
1605 4828 1928 4885 dubitationi

318 4922 483 4977 facile
514 4922 843 4986 occurritur,
895 4921 939 4974 si
978 4920 1109 4990 quid
1140 4923 1209 4975 sit
1237 4919 1473 4976 Trinitas
1502 4920 1924 4976 consideremus.

323 5010 560 5068 Trinitas
589 5015 731 5068 enim
761 5011 926 5084 (quod
950 5027 1094 5081 saepe
1121 5012 1408 5068 dicendum
1438 5012 1544 5081 est)
1574 5024 1923 5083 personarum

315 5114 408 5156 eet
437 5104 696 5157 Trinitas.
724 5100 859 5168 Quid
895 5116 1023 5170 ergo
1051 5100 1307 5165 Trinitas,
1357 5101 1457 5159 nisi
1500 5112 1611 5157 tres
1638 5103 1927 5173 personat?

320 5196 456 5257 Qum
485 5203 609 5248 sunt
641 5201 749 5246 tres
794 5206 1060 5260 personat,
1094 5193 1197 5247 nisi
1232 5192 1409 5260 Pater,
1457 5192 1625 5248 Filius
1657 5203 1711 5248 et
1754 5194 1927 5263 Spiri-

329 5292 410 5338 tus
455 5286 796 5340 sanetuan
844 5286 943 5338 hac
988 5300 1117 5353 ergo
1164 5285 1457 5350 Trinitate,
1494 5302 1666 5356 neque
1697 5286 1926 5342 Patresb

324 5376 555 5437 invenis,
606 5392 778 5444 neque
812 5375 978 5430 Filios
1026 5386 1155 5441 Irus,
1207 5393 1380 5446 neque
1429 5378 1662 5445 Spiritus
1710 5389 1929 5436 sanctos

325 5478 437 5523 tres
469 5476 558 5521 :et
604 5481 887 5535 propterea
932 5482 1154 5521 securus
1195 5466 1326 5520 dicis
1354 5484 1365 5520 :
1395 5468 1567 5520 Unum
1618 5468 1809 5522 Filium
1861 5471 1926 5522 de

328 5561 607 5624 Trinitate,
641 5559 761 5630 quia
796 5576 901 5613 tton
928 5571 1015 5614 est
1045 5559 1096 5613 in
1128 5559 1391 5613 Trinitate
1423 5560 1587 5615 Filius
1618 5561 1721 5615 nisi
1756 5576 1921 5626 unus;

400 5788 427 5816 ι
455 5777 547 5834 Hic
575 5778 1084 5848 subinteliigendum
1126 5781 1313 5847 potius,
1356 5790 1414 5836 ttt
1452 5762 1636 5846 supra,
1683 5797 1830 5837 num.
1865 5782 1919 5836 2.

406 5850 750 5923 i’Legendum
783 5853 1010 5905 suadere
1049 5851 1295 5904 vzdentur
1320 5862 1420 5909 tm
1456 5855 1635 5907 Patres
1666 5869 1784 5923 qua:
1809 5865 1919 5909 sta-

692 5942 961 6004 PATROL.
1002 5940 1249 6003 LXVII.

2033 4729 2203 4773 mater
2232 4719 2325 4773 Dei
2356 4718 2580 4786 Christi,
2611 4729 2667 4773 ut
2697 4733 2801 4774 non
2846 4732 2989 4776 esset
3019 4724 3254 4792 suspicio
3299 4728 3617 4794 phantasiae.

2033 4810 2200 4865 Recte
2225 4814 2387 4866 etiam
2412 4812 2731 4867 conﬁtentur
2751 4832 2765 4867 :
2784 4814 2857 4867 ila
2869 4815 2945 4868 ria
2971 4817 3185 4884 proprie
3214 4826 3385 4873 muter
3411 4828 3495 4873 est
3528 4821 3618 4875 Dei

2033 4907 2254 4972 Christi,
2287 4917 2343 4960 ttt
2373 4908 2677 4963 nullatenus
2722 4909 2991 4962 hominem
3026 4925 3235 4978 purum,
3269 4912 3358 4981 qui
3386 4928 3480 4980 pro
3509 4929 3620 4971 tue-

2032 4998 2151 5055 ritis
2179 5014 2403 5069 operum
2434 4999 2697 5055 bonorum
2722 5010 2907 5070 postea
2938 5002 3322 5069 proveheretur
3348 5005 3399 5059 in
3427 5004 3618 5075 Deum,

2035 5093 2116 5148 vel
2152 5096 2572 5163 superveniente
2620 5096 2672 5148 in
2715 5108 2775 5149 se
2806 5093 2944 5148 Filio
2988 5094 3103 5158 Dei,
3137 5096 3316 5150 vocari
3357 5108 3453 5153 aut
3482 5099 3620 5156 effici

2036 5184 2297 5254 inciperet
2329 5186 2494 5253 Deus,
2521 5186 2615 5242 sed
2652 5187 2818 5241 Deum
2850 5185 2967 5242 sine
2997 5186 3169 5251 initio,
3199 5204 3264 5243 ex
3293 5200 3441 5245 certo
3473 5194 3621 5247 initio

2037 5278 2308 5333 hominem
2336 5281 2529 5333 factum
2554 5282 2867 5349 concepisse
2894 5288 2946 5335 et
2968 5282 3213 5350 genuisse
3240 5284 3510 5341 credatur.
3536 5286 3621 5341 lu—

2034 5369 2203 5422 veniri
2236 5379 2410 5436 potest
2442 5369 2595 5437 plane
2625 5371 2759 5425 aiius
2785 5374 3112 5427 cunven'ens
3139 5374 3349 5439 modus,
3378 5392 3484 5446 quo
3509 5379 3623 5435 sine

2034 5461 2289 5516 seandalo
2337 5461 2451 5515 hu-c
2497 5464 2761 5517 sententia
2808 5466 3131 5534 proferatur,
3163 5467 3205 5521 si
3238 5468 3305 5520 ita
3335 5472 3622 5540 unusquis-

2035 5570 2137 5624 que
2168 5555 2305 5608 dicat
2335 5573 2345 5609 :
2375 5556 2533 5609 Maria
2582 5558 2797 5626 proprie
2838 5567 3010 5613 mater
3044 5560 3134 5627 Dei
3178 5560 3396 5628 Christi,
3428 5573 3483 5618 ut
3512 5564 3623 5620 sin-

2035 5784 2131 5837 tim
2186 5789 2503 5850 sequuntur,
2555 5796 2717 5852 neque
2766 5779 2931 5836 Filios
2979 5795 3135 5865 “rans,
3188 5800 3351 5854 neque
3407 5785 3627 5855 Spiritus

2034 5863 2235 5907 sanctos
2264 5867 2419 5907 TRES.

3316 5946 3391 6004 9.9
