4094 6460
576 248 697 309 ⁸907

1531 251 1900 308 FULGENTH
1940 247 2293 308 FERRANDI
2338 246 2622 310 DIACONi
2653 255 3002 312 CARTHAG.

3811 261 3916 315 1'08

597 371 784 443 gulare
817 369 920 427 hoc
949 369 1186 426 caelestis
1215 367 1546 437 operationis
1587 368 1913 424 beneﬁcium
1959 383 2067 423 non
2116 367 2195 421 vi-
2224 371 2273 426 Δ
2299 369 2527 436 caverit,
2577 369 3033 427 Chalcedonensis
3078 367 3294 426 dectcta
3350 372 3588 440 concilii,
3641 381 3698 427 ct
3763 391 3915 445 papa:

597 468 789 520 deatur
833 477 1116 536 commune
1164 476 1285 518 cum
1317 462 1551 518 caeteris.
1586 461 1704 532 lpse
1752 463 1893 518 enim
1941 462 2195 518 Salvator

599 559 652 611 ln
682 556 971 627 Evangelia
997 554 1366 609 nuntiantibus
1393 554 1494 610 sibi
1522 571 1535 609 :
1565 552 1696 608 Ecce
1717 563 1878 609 mater
1907 563 1991 608 tua
2012 565 2058 609 et
2086 555 2197 624 [ra-—

509 693 526 710 ,.
595 659 693 702 tres
723 649 797 701 tui
831 649 960 717 foris
977 655 1113 701 stant
1135 654 1419 716 quwrentes
1441 657 1488 700 te
1504 646 1667 713 ἕρπω
1687 656 1779 713 est,
1813 647 2002 716 inquit,
2033 656 2196 699 mater

597 755 728 806 mea,
755 751 842 792 aut
864 740 952 809 qui
981 748 1101 793 sunt
1133 742 1318 809 fratres
1345 739 1485 792 mei?
1510 737 1577 792 Et
1607 739 1882 793 extendens
1910 754 2118 793 tnanum
2141 740 2194 791 in

596 829 897 896 discipulos,
951 831 1072 885 ait:
1100 831 1234 884 Ecce
1282 839 1443 884 mater
1487 847 1601 884 mea
1649 840 1696 885 et
1738 835 1925 903 fratres
1972 831 2087 884 mei.
2117 828 2193 884 Et

596 923 761 975 omnis
789 924 879 993 qui
902 923 1026 993 facit
1053 923 1369 977 voluntatem
1395 920 1573 976 Patris
1603 923 1702 976 mei
1726 922 1813 991 qui
1840 923 1893 974 in
1921 920 2060 975 caelis
2097 931 2189 989 est,

593 1012 677 1066 hic
705 1029 845 1067 nteus
869 1014 1030 1084 frater
1061 1022 1108 1066 et
1136 1028 1304 1079 soror,
1345 1022 1393 1066 et
1422 1022 1584 1065 mater
1622 1021 1694 1064 est
1721 1009 1937 1082 (Matth.
1971 1024 2064 1073 xu,
2100 1009 2194 1063 47-

530 1136 540 1186 -_
595 1105 711 1176 5'0).
757 1109 947 1163 Omnis
995 1124 1125 1178 ergo
1177 1107 1379 1162 iaciens
1433 1108 1771 1162 voluntatem
1822 1105 2190 1174 Patrisejus,

596 1213 771 1258 :nater
815 1211 897 1258 est
926 1203 1075 1273 ejus.
1100 1202 1206 1257 Sed
1236 1201 1400 1256 Maria
1449 1201 1570 1255 ideo
1617 1200 1832 1268 proprie
1882 1207 2058 1254 mater
2085 1205 2188 1264 est,

597 1297 718 1365 quia
747 1296 1020 1350 nascendo
1061 1293 1129 1349 de
1156 1307 1220 1348 ea
1250 1293 1544 1348 secundum
1575 1306 1792 1346 carnem
1823 1291 1990 1346 iactus
2020 1300 2102 1345 est
2132 1289 2192 1343 ﬁ-

602 1389 705 1442 lius
736 1388 872 1457 ejus.
905 1387 1086 1442 Multae
1125 1386 1378 1441 mulieres
1406 1385 1576 1440 Deum
1607 1385 1858 1439 timentes
1888 1383 2194 1454 parturiunt

594 1485 768 1536 Deum
797 1479 1072 1536 Christum
1101 1490 1301 1545 mente,
1327 1496 1432 1536 non
1463 1495 1626 1536 carne
1651 1497 1668 1535 :
1691 1481 1802 1535 sola
1829 1490 2005 1535 autem
2029 1481 2192 1536 Maria
2237 1509 2241 1512 -

597 1577 766 1630 Deum
811 1576 1084 1632 Christum
1135 1576 1344 1643 peperit
1387 1577 1546 1630 etiam
1598 1591 1791 1641 carne;
1842 1583 1898 1630 ct
1929 1576 2050 1631 ideo
2078 1575 2194 1629 sola

591 1669 810 1738 proprie
841 1679 1013 1723 mater
1037 1677 1124 1723 est
1156 1668 1270 1734 Dei,
1302 1671 1427 1738 quia
1457 1669 1600 1722 nulla
1649 1669 1751 1723 alia
1795 1670 1872 1722 sic
1899 1679 2072 1723 mater
2110 1677 2193 1722 est

2303 461 2498 518 Leonis
2535 464 2816 532 epiStolam
2857 465 3009 536 sequi
3048 478 3108 520 se
3158 465 3210 519 in
3260 463 3512 519 omnibus
3562 467 3914 536 proﬁteatur.

2301 552 2762 625 Superadjiciens,
2797 571 2892 626 per
2913 556 3345 612 incarnationem
3376 554 3496 610 Filii
3527 557 3623 612 Dei
3652 574 3766 613 non
3797 575 3915 615 ere-

2300 647 2439 701 visse
2490 645 2834 712 Trinitatem,
2870 661 2969 702 nec
3010 657 3257 718 quartam
3309 645 3558 703 Trinitati
3607 652 3914 706 accessisse

2299 751 2617 807 personam;
2649 738 2772 808 quia
2795 737 3092 794 divinitatis
3131 747 3185 794 et
3216 739 3567 796 humanitatis
3599 741 3652 796 in
3690 742 3913 797 Christo

2299 831 2654 900 singulariter
2683 831 2982 898 permansit
3009 830 3122 900 ipsa
3154 844 3414 900 persona;
3446 833 3588 901 quod
3624 832 3913 886 Nestorius

2299 924 2436 976 dtios
2467 922 2814 977 introducens
2845 921 2986 976 ﬁlios
3012 933 3194 992 negat,
3227 930 3288 976 ut
3316 921 3508 976 merito
3527 921 3642 992 jam
3670 934 3911 978 sectato-

2298 1013 2446 1068 ribus
2477 1014 2594 1084 ejus
2627 1013 2804 1070 ﬁdelis
2832 1015 3088 1070 catholici
3121 1016 3299 1086 lingua
3329 1016 3690 1085 respondens,
3725 1017 3794 1070 ad
3825 1032 3884 1070 re

2298 1107 2619 1163 movendam
2661 1109 3100 1178 quaternitatem,
3140 1109 3284 1164 dicat
3323 1121 3486 1164 unum
3533 1109 3607 1164 de
3639 1110 3911 1165 Trinitate

2299 1213 2542 1268 passum;
2575 1215 2734 1270 quem
2768 1208 2947 1254 tamen
2980 1199 3218 1256 insinuet
3242 1202 3533 1256 secundum
3560 1201 3908 1256 divinitatem

2297 1306 2416 1347 esse
2447 1308 2612 1347 unum
2637 1292 2705 1348 de
2727 1293 3011 1359 Trinitate,
3037 1295 3332 1349 secundum
3356 1295 3752 1350 humanitatem
3779 1312 3910 1352 vero

2298 1399 2535 1453 passum.
2571 1385 2818 1443 Dicturus
2847 1401 2980 1458 ergo
3009 1403 3176 1442 unum
3206 1389 3275 1444 de
3299 1388 3562 1445 Trinitate
3594 1389 3905 1458 Christum,

2297 1479 2444 1547 prius
2487 1479 2587 1532 ista
2641 1495 2759 1546 quae
2787 1479 3021 1535 diximus
3052 1480 3226 1546 dicat;
3261 1481 3492 1537 maxime
3520 1480 3746 1551 quando
3778 1498 3907 1536 cpn-

2305 1567 2696 1624 tradiceutibns
2740 1580 2829 1623 aut
2871 1570 3013 1626 male
3070 1571 3464 1640 suSpicantibus
3524 1571 3800 1642 loquitur;
3859 1584 3906 1627 et

2298 1661 2463 1733 alium
2494 1675 2599 1715 non
2630 1661 2887 1730 aediﬁcat,
2931 1663 3025 1732 qui
3056 1676 3178 1717 eum
3221 1663 3364 1717 malo
3402 1677 3562 1718 sensu
3600 1664 3731 1717 talia
3763 1675 3907 1732 putat

601 1764 711 1816 Dei.
752 1764 946 1817 Beatus
985 1762 1278 1831 Apostolus
1316 1763 1444 1818 dum
1477 1763 1732 1818 Romanis
1762 1764 2041 1828 scriberet,
2077 1763 2184 1819 ait:

2299 1753 2591 1809 instruere.
2623 1752 2762 1808 Nolo
2787 1753 3200 1822 pradicatorem
3233 1754 3395 1810 Verbi
3428 1755 3543 1822 Dei,
3591 1757 3906 1811 testimonio

595 1853 656 1909 Si
690 1855 826 1909 Deus
858 1869 951 1920 pro
981 1855 1149 1920 nobis,
1180 1855 1293 1920 quis
1323 1870 1502 1908 con'ra
1525 1857 1656 1908 nos?
1679 1855 1782 1921 Qui
1803 1856 1953 1908 etiam
1986 1856 2216 1924 proprio-

596 1935 738 1992 Filio
770 1957 871 1996 non
900 1945 1144 2012 pepercit,
1171 1945 1260 1997 scd
1289 1960 1382 2010 pro
1411 1947 1552 1998 nobis
1582 1946 1812 2000 omnibus
1834 1945 2050 1999 tradidit
2078 1962 2194 2000 eum

596 2028 776 2094 (liam.
812 2046 921 2094 vm,
945 2031 1061 2102 52).
1096 2032 1246 2088 Dicat
1275 2049 1406 2104 ergo
1433 2034 1564 2090 mihi
1594 2037 1811 2105 aliquis,
1843 2046 2020 2091 utrum
2062 2051 2184 2107 pro-

599 2122 747 2188 prius
779 2121 951 2177 Filius
978 2123 1073 2180 Dei
1101 2125 1300 2192 Patris,
1342 2125 1455 2197 ipse
1485 2137 1570 2182 est
1600 2127 1845 2198 pr0prius
1887 2129 2027 2186 ﬁlius
2068 2128 2189 2184 Vir-

595 2215 732 2284 ginis
779 2217 990 2284 matris,
1024 2235 1092 2274 an
1147 2219 1284 2274 forte
1333 2236 1439 2274 non
1483 2219 1668 2276 habuit
1718 2221 1883 2277 Maria
1915 2223 2191 2292 proprium

593 2307 788 2376 tilium,
840 2324 1000 2379 quem
1057 2313 1198 2367 Deus
1229 2311 1391 2367 habet
1436 2314 1708 2382 proprium
1743 2313 1976 2368 Filium?
2003 2313 2110 2369 Sed
2140 2323 2194 2369 et

592 2399 754 2454 Maria
780 2399 943 2456 habet
977 2403 1253 2471 pr0prium
1286 2403 1476 2469 ﬁlium,
1496 2404 1621 2474 quia
1653 2405 1862 2475 genuit,
1896 2421 2004 2462 non
2025 2404 2192 2476 adop-

589 2494 720 2549 tavit
751 2511 764 2547 :
793 2507 849 2551 et
895 2496 1044 2551 illum
1078 2497 1244 2553 habet
1285 2498 1559 2568 proprium
1593 2499 1790 2566 ﬁlium,
1836 2514 1996 2569 quem
2031 2499 2191 2557 habet

593 2587 738 2645 Deus
797 2591 1073 2662 proprium
1128 2592 1343 2659 Filium,
1378 2594 1502 2662 quia
1558 2596 1693 2649 duos
1724 2594 1866 2650 ﬁlios
1917 2607 2189 2666 nunquam

591 2681 727 2738 ﬁdes
767 2684 1029 2739 catholica
1074 2685 1352 2754 praedicat.
1396 2684 1585 2740 Restat
1613 2700 1742 2755 ergo
1769 2697 1826 2741 ut
1851 2686 1895 2743 si
1923 2687 2064 2744 Deus
2092 2686 2188 2743 Dei

591 2773 842 2842 proprius
889 2773 1080 2843 Filius,
1114 2777 1228 2846 ipse
1271 2787 1358 2832 est
1383 2777 1544 2832 etiam
1577 2779 1767 2840 matris
1795 2777 2032 2850 Virginis
2060 2793 2188 2849 pro-

591 2865 740 2932 prius
791 2865 964 2934 lilius,
1014 2868 1231 2938 proprie
1261 2885 1383 2925 eum
1416 2871 1685 2940 genuerit.
1737 2871 1989 2940 Alioquin
2021 2872 2068 2928 si
2098 2873 2186 2929 illa

589 2957 804 3025 proprie
850 2971 954 3012 non
987 2961 1256 3028 genuerit,
1305 2976 1406 3016 nec
1450 2961 1541 3017 ille
1589 2963 1840 3032 proprius
1889 2974 1972 3018 est
2022 2964 2185 3020 (ilius.

591 3043 840 3116 Proprius
872 3058 954 3106 est
983 3060 1164 3106 autem
1196 3051 1366 3118 ﬁlius;
1397 3067 1528 3124 ergo
1569 3053 1658 3109 illa
1707 3055 1927 3124 pr0prie
1955 3057 2184 3126 genuit:

2301 1856 2512 1903 tantum
2536 1849 2885 1904 conscientiae
2917 1864 3030 1905 sua:
3074 1863 3198 1906 esse
3225 1855 3534 1905 contentum
3562 1865 3575 1902 :
3607 1850 3905 1919 perducere

2297 1948 2524 1995 conetur
2563 1941 2630 1996 ad
2661 1955 2755 1997 cor
2783 1941 3012 1997 aliorum
3033 1982 3048 2009 ,
3080 1941 3222 2010 quod
3252 1950 3398 1996 recte
3425 1955 3488 1996 ac
3516 1941 3759 1996 ﬁdeliter
3789 1957 3902 1997 sen-

2299 2036 2430 2101 tiat;
2473 2049 2572 2091 nec
2612 2037 2846 2107 pigritia,
2881 2051 2979 2091 nec
3008 2034 3257 2104 superbia
3290 2044 3597 2101 revocetur,
3638 2045 3897 2104 tanquam

2297 2128 2574 2184 inculcans
2624 2144 2738 2185 rem
2769 2129 3008 2193 dubiam,
3033 2128 3209 2183 donec
3239 2130 3384 2184 omni
3425 2137 3608 2183 careat
3635 2129 3900 2198 ambigui-

2298 2229 2425 2276 tate.
2461 2222 2543 2278 Sit
2569 2220 2969 2291 -multiloquus,
3003 2231 3262 2291 quantum
3293 2223 3593 2276 necessitas
3635 2223 3897 2293 coegerit,

2299 2313 2427 2368 dum
2461 2323 2639 2369 tamen
2668 2315 2899 2370 obscura
2943 2313 3208 2370 brevitate
3243 2313 3510 2368 neminem
3544 2314 3896 2369 scandalizet.

2295 2405 2556 2464 Similiter
2583 2405 2830 2462 dicturus
2872 2406 3084 2462 beatam
3129 2407 3351 2460 Mariam
3403 2420 3529 2461 vere
3577 2414 3635 2460 et
3683 2406 3896 2475 proprie

2297 2497 2466 2552 Deum
2491 2500 2764 2569 genu'sse,
2797 2498 2948 2567 prius
2976 2498 3065 2552 illa
3099 2498 3278 2552 omnia
3321 2497 3612 2563 conﬁtens,
3645 2497 3896 2552 divinita-

2296 2597 2404 2646 tem
2445 2588 2566 2644 Filii
2617 2589 2710 2644 Dei
2748 2588 2859 2659 jam
2904 2589 2971 2644 de
3003 2590 3163 2644 Patre
3193 2597 3397 2654 natum,
3447 2603 3547 2644 nec
3593 2589 3771 2656 nasci,
3803 2604 3895 2645 nec

2299 2683 2519 2752 proprie
2549 2681 2696 2736 nasci
2727 2691 2934 2736 asserat
2982 2680 3254 2750 potuisse,
3305 2680 3406 2736 nisi
3455 2695 3677 2737 carnem
3727 2682 3896 2736 nostri

2291 2773 2508 2845 generis
2535 2785 2589 2830 et
2619 2775 2813 2829 anima:
2845 2773 3126 2830 rationalis
3158 2771 3534 2840 substantiam,
3584 2773 3637 2828 id
3668 2786 3759 2829 est
3791 2775 3896 2844 ple-

2292 2879 2420 2919 num
2455 2863 2752 2930 hominem,
2792 2866 3158 2936 suscepisset:
3183 2880 3358 2934 neque
3389 2864 3600 2920 initium
3627 2865 3895 2920 divinitati

2291 2969 2388 3026 per
2412 2956 2746 3014 nativitatem
2775 2959 3124 3028 temporalem
3157 2958 3341 3014 datum
3373 2957 3559 3024 fuisse,
3593 2957 3691 3013 sed
3723 2963 3894 3022 carni,

2291 3047 2445 3118 cujus
2491 3047 2700 3103 initium
2748 3050 2836 3104 vel
2865 3050 3148 3119 conceptio
3176 3064 3284 3105 non
3322 3048 3424 3104 fuit
3466 3049 3571 3104 nisi
3623 3052 3894 3118 susceptio

557 3205 562 3210 ,
589 3151 961 3198 verumtamen
975 3145 1270 3201 secundum
1289 3145 2002 3216 humanitatem,secundum
2025 3165 2183 3221 quam
2213 3128 2262 3193 Ο
2292 3141 2607 3198 diVinilalis-
2638 3141 2793 3197 Prius
2827 3141 2988 3199 eliam
3026 3141 3348 3198 conﬁteatur
3392 3157 3492 3199 nec
3519 3156 3584 3198 ea
3616 3157 3743 3213 quae
3773 3156 3894 3198 sunt

587 3233 761 3300 potuit
791 3234 931 3289 Deus
961 3237 1132 3291 nasci.

658 3323 746 3378 18.
773 3325 1033 3395 Superest
1061 3345 1220 3398 nunc,
1269 3331 1326 3385 in
1361 3333 1710 3389 conclusione
1745 3334 1904 3406 hujus
1950 3336 2182 3392 volumi-

587 3418 694 3483 nis,
727 3419 932 3475 eisdem
964 3422 1170 3478 duabus
1200 3427 1486 3482 sententiis
1512 3426 1579 3483 de
1609 3429 1804 3498 quibus
1833 3431 1973 3485 inter
1994 3445 2054 3486 se
2075 3431 2186 3485 dis-

587 3509 886 3576 putantium
923 3510 1144 3568 iratrum
1179 3516 1388 3584 prolixa
1419 3517 1478 3571 lit
1523 3518 1820 3585 altercatio,
1855 3534 1922 3574 ne
1951 3535 2055 3589 qua
2092 3537 2176 3577 re-

587 3615 806 3656 manere
851 3603 936 3658 vel
987 3607 1303 3675 suspiciosis
1360 3606 1607 3664 videatur
1665 3612 2007 3680 ambiguitas,
2053 3611 2183 3666 dare

585 3695 871 3761 quamdam
903 3696 1027 3751 ﬁdei
1058 3699 1320 3769 regulam,
1349 3715 1451 3772 qua
1497 3702 1834 3772 prrecedente
1865 3707 2182 3776 simplicitas

587 3787 917 3856 loquentium
961 3793 1360 3861 manifestetur,
1390 3807 1445 3852 et
1471 3797 1801 3853 audientium
1842 3811 2182 3855 removeatur

585 3881 923 3938 scandalum.
971 3885 1224 3941 Dicturus
1263 3903 1392 3958 ergo
1423 3905 1588 3943 unum
1641 3890 1707 3944 de
1747 3891 2014 3947 Trinitate
2055 3909 2178 3961 pas-

583 3990 723 4039 sum,
760 3976 908 4044 prius
939 3987 1152 4032 asserat
1180 3979 1564 4050 omnipotentis
1598 3983 1688 4037 Dei
1721 3998 1878 4038 unam
1928 3987 2180 4040 substan-

585 4068 734 4127 tiam,
769 4075 883 4122 tres
906 4083 1028 4123 esse
1057 4084 1318 4138 personas
1343 4089 1354 4122 :
1379 4089 1445 4126 ex
1475 4072 1668 4141 quibus
1702 4089 1805 4129 una
1830 4091 2089 4146 persona,
2123 4079 2179 4135 id

585 4167 664 4210 cst
699 4156 886 4223 Filius,
923 4158 1064 4214 Deus
1094 4177 1438 4229 permanens,
1473 4161 1634 4218 homo
1679 4165 1880 4230 factus,
1919 4179 1974 4230 et
2023 4182 2178 4227 natus

585 4260 638 4302 et
671 4266 860 4318 passus
895 4253 994 4316 sit;
1028 4270 1198 4324 neque
1243 4255 1401 4310 Patre
1432 4271 1605 4326 neque
1636 4257 1838 4326 Spiritu
1868 4272 2056 4317 sancto
2086 4277 2178 4328 pa-

585 4342 717 4396 riter
745 4344 1058 4410 incarnato,
1089 4350 1336 4414 quamvis
1383 4364 1518 4418 opus
1561 4359 1758 4404 nostrae
1789 4353 2176 4423 redemptionis

585 4445 694 4489 tota
727 4436 886 4491 fuerit
915 4438 1148 4493 Trinitas
1175 4450 1415 4508 operata.
1449 4441 1538 4497 Sic
1581 4457 1757 4499 autem
1793 4459 2007 4513 passum
2055 4464 2175 4504 esse

2289 3236 2609 3299 divinitatis,
2665 3249 2821 3305 posse
2865 3236 2934 3291 ab
2969 3235 3326 3305 lmmanitate,
3361 3251 3461 3292 nec
3501 3251 3566 3292 ea
3611 3253 3739 3307 quae
3771 3251 3893 3292 sunt

2289 3335 2663 3400 humanitatis,
2695 3348 2854 3402 posse
2881 3348 2910 3386 a
2944 3332 3226 3389 divinitate
3265 3333 3462 3388 Christi
3491 3335 3764 3404 separari;
3797 3335 3890 3389 sed

2287 3429 2403 3483 sive
2443 3427 2574 3481 illud
2625 3425 2767 3494 quod
2818 3425 3115 3480 secundum
3168 3425 3542 3490 divinitatem,
3590 3425 3708 3480 sive
3761 3426 3892 3479 illud

2287 3519 2428 3589 quod
2457 3517 2749 3573 secundum
2795 3517 3182 3572 humanitatem
3214 3517 3443 3582 dictum,
3471 3526 3683 3587 gestum
3703 3559 3721 3584 ,
3758 3518 3891 3572 tole-

2288 3618 2539 3663 ratutnve
2561 3617 2664 3676 est,
2689 3608 2904 3675 utrique
2937 3607 3250 3662 substantiae
3281 3607 3398 3676 ejus
3425 3623 3545 3661 esse
3574 3623 3890 3665 commune.

2287 3702 2520 3770 Propter
2548 3717 2708 3756 unam
2753 3699 2916 3772 (quod
2946 3715 3089 3770 saepe
3129 3717 3234 3754 non
3274 3701 3414 3770 piget
3444 3701 3743 3772 inculcare)
3774 3718 3890 3771 per-

2287 3810 2523 3856 sonam,
2578 3807 2738 3862 quam
2795 3792 3049 3861 praedicat
3087 3801 3272 3846 'rcctte
3341 3791 3460 3845 ﬁdei
3525 3791 3889 3860 przedicator;

2284 3886 2532 3954 quamvis
2559 3884 2788 3950 noverit,
2823 3884 3116 3940 secundum
3152 3884 3538 3938 humanitatem
3570 3884 3638 3939 de
3665 3885 3891 3940 visceri-

2285 3981 2387 4035 hus
2415 3981 2603 4034 matris
2636 3979 2851 4049 proprie
2893 3987 3071 4032 natam
3105 3977 3268 4033 fuisse
3315 3979 3656 4034 divinitatem
3681 4023 3699 4046 ,
3737 3996 3890 4035 secu-

2285 4089 2377 4130 rus
2419 4082 2595 4128 tamen
2626 4075 2753 4128 dicit
2781 4090 2793 4126 :
2823 4074 2983 4126 Maria
3017 4073 3182 4127 Deum
3216 4074 3430 4141 proprie
3479 4075 3703 4143 genuit;
3741 4076 3888 4127 illum

2282 4168 2487 4237 genuit,
2512 4167 2602 4236 qui
2623 4167 2701 4221 sic
2733 4165 2894 4219 homo
2927 4163 3190 4232 creditur,
3225 4177 3281 4218 ut
3313 4165 3452 4219 Deus
3485 4180 3593 4217 non
3629 4178 3885 4237 negetur.

2284 4258 2378 4313 Ille
2431 4265 2610 4312 autem
2657 4257 2747 4324 qui
2795 4255 2890 4309 has
2936 4255 3145 4310 dubitat
3190 4256 3427 4324 proferre
3475 4259 3803 4326 sententias,
3847 4260 3886 4314 si

2284 4359 2476 4404 cuncta
2507 4366 2629 4418 quae
2659 4350 2832 4404 solent
2864 4349 2964 4404 sub
2994 4348 3252 4404 haeretico
3299 4348 3469 4404 latere
3517 4363 3680 4404 sensu
3720 4353 3880 4405 mani-

2287 4443 2438 4497 testis
2470 4442 2842 4509 absolutisque
2870 4440 3214 4495 sermonibus
3254 4441 3484 4494 audierit
3514 4445 3766 4510 refutari,
3797 4459 3879 4498 ca-

587 4526 780 4579 Filium
829 4527 1080 4594 fateatur.
1129 4542 1184 4584 ut
1232 4533 1462 4587 credens
1513 4533 1771 4606 intelligat
1800 4552 1906 4592 non
1939 4540 2174 4607 potuisse
2208 4529 2256 4590 D
2283 4544 2401 4589 reat
2423 4533 2844 4604 suspicionibus,
2869 4533 3082 4587 omittat
3103 4534 3500 4599 contentiones,
3521 4534 3664 4590 etde
3687 4549 3890 4591 centeri.

582 4635 703 4674 eum
738 4620 846 4690 pati
877 4621 926 4674 in
959 4621 1069 4688 ipsa
1098 4623 1416 4690 substantia,
1449 4642 1550 4696 qua
1589 4630 1748 4696 Deus,
1781 4640 1835 4684 et
1863 4649 1981 4687 cum
2016 4633 2175 4691 Patre

581 4724 630 4766 et
674 4728 796 4767 curn
854 4711 1056 4782 Spiritu
1105 4725 1292 4771 sancto
1345 4735 1482 4773 unus
1523 4719 1661 4775 Deus
1691 4733 1795 4789 est,
1847 4724 1940 4778 sed
1986 4726 2037 4779 in
2085 4727 2204 4796 illa

580 4818 736 4869 quam
763 4803 882 4858 sine
908 4803 1066 4860 Patre
1094 4815 1147 4860 et
1176 4805 1378 4875 Spiritu
1401 4820 1589 4864 saneto
1618 4815 1856 4882 suscepit
1882 4832 1947 4868 ex
1977 4824 2168 4871 matre.

578 4895 682 4948 Sed
715 4895 834 4949 ideo
856 4896 1189 4953 divinitatem
1223 4899 1343 4954 Filii
1370 4912 1517 4956 recte
1545 4917 1706 4973 posse
1736 4918 1765 4956 a
1799 4903 2046 4960 ﬁdelibus
2067 4906 2178 4963 dici

578 5003 788 5055 passam
823 4989 1004 5054 fuisse,
1027 4991 1151 5059 quia
1182 4992 1347 5060 ipsius
1381 5004 1463 5048 est
1491 5008 1619 5046 caro
1643 5011 1765 5064 qua:
1797 5010 1952 5062 passa
1984 5007 2086 5062 est,
2121 5008 2170 5052 et

577 5081 642 5134 ad
677 5081 793 5149 ejus
825 5097 1106 5151 personam
1155 5087 1386 5152 pertinet
1414 5101 1572 5153 quam
1605 5102 1724 5142 cum
1770 5088 1928 5143 Patre
1957 5099 2012 5143 et
2051 5091 2172 5159 Spi-

577 5175 680 5227 ritu
713 5183 899 5229 sancto
946 5192 1052 5229 non
1086 5177 1324 5230 creditur
1364 5179 1562 5233 habere
1607 5195 1969 5236 communem.
2016 5182 2169 5238 Post-

575 5280 734 5329 quam
762 5282 890 5319 vero
921 5276 973 5320 et
1007 5267 1170 5320 Deum
1207 5268 1298 5321 Dei
1349 5268 1540 5323 Filium
1587 5286 1834 5339 passum,
1871 5285 1926 5328 et
1960 5290 2064 5329 non
2118 5280 2168 5331 in

575 5356 853 5409 (hx-initam
895 5357 1006 5426 ipsa
1059 5359 1364 5427 passibilem
1411 5362 1628 5427 faetutn,
1681 5366 1774 5418 sed
1832 5358 2164 5425 hunianitate

575 5463 693 5512 qua:
728 5445 989 5514 passibilis
1021 5448 1216 5514 fuerat,
1249 5452 1578 5508 intellexerit
1611 5471 1854 5524 passum;
1905 5463 2169 5516 conﬁtea-

579 5546 661 5588 tur
703 5537 1053 5594 nihilominus
1086 5541 1252 5610 ipsius
1291 5547 1445 5598 unius
1492 5545 1609 5599 Filii
1644 5547 1734 5603 Dei
1784 5549 1997 5604 Domini
2039 5553 2165 5608 Jesu

576 5629 774 5685 Christi
831 5632 962 5688 duas
993 5650 1113 5690 esse
1165 5646 1400 5701 naturas,
1451 5644 1533 5696 vel
1569 5643 1911 5701 substantias.
1948 5647 2011 5700 Et
2043 5664 2164 5703 cum

579 5722 785 5786 plenius
816 5723 928 5780 haec
955 5742 1052 5794 pro
1077 5729 1294 5786 modulo
1325 5733 1517 5802 ingenii
1545 5736 1625 5791 vel
1659 5739 1853 5806 eloquii
1884 5742 1965 5796 sui
1990 5741 2164 5797 incul-

2283 4643 2448 4682 unum
2477 4627 2545 4683 de
2571 4627 2834 4683 Trinitate
2875 4643 3113 4698 passum,
3157 4628 3240 4682 vel
3279 4627 3500 4682 Mariam
3531 4630 3750 4700 proprie
3776 4647 3890 4685 ma-

2253 4741 2260 4746 ·
2285 4729 2423 4775 trem
2452 4721 2549 4776 Dei
2578 4735 2700 4777 esse
2731 4723 2808 4776 sic
2848 4723 3140 4792 accipiens,
3187 4723 3458 4792 quomodo
3499 4722 3700 4779 dicitur
3733 4741 3762 4778 a
3793 4741 3886 4779 ca-

2285 4814 2535 4884 tholicis,
2567 4815 2775 4870 etiamsi
2813 4815 2972 4870 aliter
3003 4817 3102 4870 hoc
3140 4813 3412 4871 afﬁrmare
3442 4817 3684 4871 nitantur
3713 4820 3890 4874 licere-

2287 4907 2402 4976 tici,
2433 4907 2746 4964 doctoribus
2789 4909 3106 4964 orthodoxis
3137 4923 3295 4965 aures
3316 4907 3592 4981 simplices
3620 4911 3883 4982 prtebcat.

2859 5065 3186 5119 EPISTULA
3229 5064 3315 5119 IV.

2666 5196 2730 5233 AD
2773 5195 3048 5235 l'UGll‘l‘il'hl
3091 5197 3486 5236 PRESBYTERCM.

2301 5312 2375 5366 De
2409 5314 2624 5368 essentia
2651 5312 2948 5383 Trinitatis,
2997 5327 3042 5368 et
3083 5316 3145 5369 de
3182 5315 3382 5370 duabus
3414 5314 3606 5370 Christi
3630 5319 3852 5372 naturis.

2357 5448 2407 5499 1.
2445 5447 2669 5502 Domino
2712 5449 3018 5504 beatissimo
3064 5450 3214 5504 fratri
3267 5451 3527 5522 Eugippio
3555 5454 3875 5527 presbytero

2284 5537 2586 5593 Ferrandus
2616 5539 2861 5611 exiguus,
2892 5541 2942 5595 in
2971 5541 3196 5599 Domino
3233 5545 3482 5600 salutem.

2348 5639 2694 5721 Charis-site,
2709 5657 2987 5712 considera
3007 5659 3190 5728 quales
3213 5659 3464 5716 habeatvi
3476 5677 3561 5718 res
3582 5659 3649 5717 ab
3666 5664 3876 5722 Ariano

2276 5752 2470 5806 cernite
2499 5767 2668 5815 nuper
2695 5753 2962 5820 preposita
2987 5757 3228 5822 quaestio.
3261 5756 3364 5812 Sed
3388 5757 3533 5826 prius
3561 5757 3754 5828 quibus
3786 5759 3867 5813 iu-
