4094 6544
324 386 427 442 909

1507 376 1865 438 EPISTOLrE
1905 380 1990 436 ET
2022 371 2405 437 OPUSCULA.

3514 374 3621 431 910

326 514 408 556 ter
424 515 483 554 se
511 499 790 555 sententiis
812 499 895 555 vel
908 497 1244 569 dogmatibus
1268 498 1522 555 Arianiet
1540 500 1792 555 catholici
1817 501 1917 554 dii-
1949 505 1995 560 Α
2026 499 2314 553 humanam
2365 496 2719 553 substantiam
2766 509 2873 549 non
2914 491 3198 547 habentem
3244 491 3623 549 subsistentem

325 592 520 656 lerant,
539 589 922 646 deliberemus.
942 589 1129 644 Ariani
1153 588 1337 644 volunt
1356 589 1684 645 individuam
1698 590 1927 645 Trinita-

325 697 428 738 tem
446 681 766 752 praedicare,
780 684 919 736 sicut
933 679 1228 748 Scriptura:
1243 679 1536 750 praedicant
1550 694 1713 735 unum
1730 679 1900 734 Deum
1912 718 1924 731 .

325 772 585 829 Catholici
619 786 746 827 vero
781 779 1047 841 praecepta
1088 770 1222 840 legis
1256 770 1548 826 salubriter
1595 770 1876 826 audientes
1911 789 1923 825 :

325 869 483 933 Audi,
532 866 723 931 Israel,
756 866 894 921 Deus
921 874 1061 930 tuus,
1097 863 1235 918 Deus
1261 880 1394 920 unus
1423 875 1497 918 est
1525 862 1709 936 (Deut.
1740 879 1813 930 vr,
1844 864 1927 931 4),

327 976 395 1015 ne
422 938 707 1015 videantur
731 956 834 1013 sub
856 956 1017 1011 unius
1048 955 1141 1011 Dei
1176 954 1437 1025 religione
1466 954 1628 1010 ﬁdem
1650 952 1930 1009 Trinitatis

326 1052 642 1118 excludere,
676 1059 787 1105 tres
817 1063 1077 1119 personas
1093 1048 1254 1102 unius
1279 1046 1597 1102 substantia:
1627 1045 1928 1115 pradican-

329 1152 430 1209 tes,
463 1144 632 1212 ipsam
665 1140 988 1196 Trinitatem
1018 1154 1181 1193 unum
1210 1137 1382 1193 Deum
1413 1136 1735 1212 simpliciter
1762 1135 1932 1191 conli-

314 1210 511 1305 ptcmur
535 1250 551 1299 ;
581 1243 637 1288 et
664 1233 733 1287 de
755 1232 903 1286 omni
927 1240 1109 1285 sancta
1141 1230 1404 1284 Trinitate
1425 1210 1701 1297 sapienter
1728 1228 1929 1283 dictum

329 1328 635 1396 intelligunt
676 1325 879 1389 :Audi,
914 1321 1102 1388 Israel,
1141 1323 1276 1376 Deus
1298 1329 1436 1387 tuus,
1471 1321 1613 1376 Deus
1656 1338 1792 1376 unus
1834 1330 1927 1375 est.

330 1422 537 1484 Ariani,
574 1419 748 1474 Patris
777 1427 833 1475 et
863 1418 979 1472 Filii
998 1425 1053 1472 et
1081 1415 1314 1485 Spiritus
1336 1416 1506 1470 sancti
1540 1425 1650 1470 tres
1674 1415 1919 1469 substan-

332 1512 433 1566 tias
450 1511 835 1581 praadicant,et
853 1508 974 1564 ideo
997 1522 1182 1563 eorum
1205 1515 1521 1574 potestatem
1540 1505 1809 1572 dividunt,
1827 1506 1936 1563 uni-

332 1612 495 1657 tatem
526 1603 719 1666 vitaut,
750 1600 1168 1655 immensitatetn
1207 1598 1475 1663 minuunt,
1507 1606 1562 1652 et
1591 1612 1686 1666 per
1719 1612 1933 1653 errores

332 1693 524 1763 majori
561 1692 702 1747 Patri
740 1692 1005 1747 minorem
1057 1689 1253 1745 Filium
1297 1688 1630 1758 subjiciunt;
1662 1686 1931 1741 minorem

332 1795 516 1841 autem
545 1783 680 1839 Filio
701 1782 958 1852 Spiritum
980 1788 1224 1837 sanctum
1246 1779 1450 1834 dicunt.
1473 1777 1739 1832 Catholici
1756 1793 1785 1832 e
1802 1791 1932 1833 con-

2031 599 2452 659 manentemque
2469 602 2774 659 personam,
2791 586 2842 641 itt
2861 586 3117 640 unitatem
3134 598 3285 640 suam
3301 586 3623 654 suscipiens,

2030 682 2096 737 ad
2125 696 2184 737 se
2214 682 2416 737 faceret
2442 680 2717 751 pertinere
2742 695 2758 745 ;
2792 678 3050 749 ﬁeretque
3087 677 3342 747 deinceps
3372 678 3622 753 humani-

2034 785 2113 830 tas
2143 773 2233 829 illa
2263 774 2442 829 divina
2490 788 2611 844 quae
2666 772 2760 828 Dei
2806 770 3081 841 coepisset,
3113 784 3182 825 ex
3215 784 3323 839 quo
3366 785 3488 825 esse
3517 784 3625 825 cm-

2033 867 2237 936 pisset,
2288 865 2488 922 habere
2542 879 2826 937 personam
2862 881 2874 917 :
2907 862 3159 918 divinitas
3212 862 3301 916 illa
3356 862 3624 927 humana,

2031 962 2285 1030 quoniam
2336 961 2437 1016 sibi
2470 961 2521 1014 in
2551 959 2813 1015 unitatem
2865 970 3110 1028 persona:
3138 955 3405 1013 veraciter
3441 958 3631 1010 huma-

2035 1066 2158 1110 nam
2183 1054 2352 1110 voluit
2384 1052 2621 1108 adunare
2649 1060 2914 1107 naturam.

2103 1167 2158 1221 4.
2185 1156 2422 1219 Dicimus
2450 1178 2600 1236 ergo,
2628 1162 2779 1219 Unus
2800 1173 2882 1218 est
2904 1156 3173 1230 Chriétns,
3195 1176 3336 1217 unus
3359 1164 3443 1217 est
3466 1161 3631 1228 Deus,

2036 1259 2374 1328 hominisque
2405 1258 2543 1313 ﬁlius
2577 1273 2592 1324 ;
2638 1257 2691 1313 id
2723 1266 2823 1321 est,
2857 1273 2959 1311 una
2991 1267 3073 1312 est
3102 1256 3299 1312 Christi
3336 1256 3428 1310 Dei
3460 1252 3634 1310 homi-

2036 1349 2225 1419 nisque
2278 1362 2505 1417 persona
2551 1364 2565 1400 :
2614 1360 2721 1403 non
2778 1356 2957 1403 tamen
3005 1348 3234 1402 dicimus
3293 1363 3451 1403 unam
3508 1362 3635 1403 esse

2033 1439 2233 1496 Christi
2278 1441 2368 1495 Dei
2402 1440 2743 1511 hominisque
2764 1447 3031 1495 naturam.
3067 1440 3467 1496 Concordantes
3508 1456 3632 1495 cum

2036 1530 2293 1599 Apostolo
2342 1530 2558 1586 volente
2598 1530 2831 1600 probare
2860 1531 3124 1586 unitatem
3157 1539 3442 1599 personas:
3491 1522 3631 1584 Nam

2034 1623 2087 1676 in
2140 1638 2257 1690 quo,
2311 1622 2483 1691 inquit
2532 1621 2826 1679 Corinthiis
2850 1662 2867 1689 ,
2904 1623 3043 1691 quod
3072 1621 3277 1688 donavi,
3303 1622 3347 1675 si
3378 1622 3504 1692 quid
3534 1622 3632 1675 do-

2036 1714 2175 1783 navi,
2208 1723 2418 1785 propter
2446 1729 2534 1769 vos
2578 1714 2633 1767 in
2676 1729 2897 1784 persona
2940 1710 3131 1767 Christi
3162 1712 3213 1782 (Ι
3225 1711 3254 1765 Ι
3280 1710 3400 1767 Cor.
3428 1728 3486 1777 tt,
3516 1709 3631 1780 10).

2036 1807 2287 1877 Nunquid
2332 1824 2438 1863 non
2484 1807 2677 1863 melius
2712 1820 2973 1878 personas
3003 1806 3230 1874 diceret,
3281 1807 3325 1861 si
3381 1807 3543 1861 vellet
3581 1807 3635 1861 in

334 1877 497 1932 "ario
529 1875 717 1933 Deum
743 1874 980 1972 Patre?"
1019 1870 1438 1972 D°"“’__Fm‘_‘m_’
1472 1870 1635 1925 Dem“
1659 1868 1925 1972 simium
1964 1874 2007 1933 Β
2037 1868 2251 1956 Christo
2274 1902 2408 1956 duas
2434 1868 2737 1972 signiﬁcare
2763 1900 3124 1955 substantias?
3150 1868 3636 1955 Evidentemsimi-

334 1979 606 2033 sanctum,
653 1984 721 2022 ne
742 1976 853 2021 tres
884 1967 1023 2021 Deos
1050 1965 1302 2035 gentibus
1338 1963 1592 2019 inducere
1620 1963 1933 2027 videantur,

334 2061 494 2116 unius
515 2074 639 2115 esse
661 2058 824 2114 boum
839 2059 904 2124 is,
935 2057 1138 2127 glorise.
1164 2055 1566 2125 magnitudinis,
1590 2055 1933 2123 aeternitatis,

336 2151 648 2219 divinitatis,
686 2147 1031 2220 mqualitatis,
1065 2146 1320 2202 essentia:
1359 2142 1720 2207 conﬁtentur;
1752 2152 1806 2197 et
1838 2158 1932 2196 ne-

338 2245 469 2301 mitti
516 2245 749 2300 alterum
781 2255 1096 2312 praeponere
1141 2239 1440 2308 cupientes,
1471 2237 1539 2292 de
1567 2237 1723 2291 Patre
1756 2246 1936 2290 tamen

340 2336 531 2391 Filium
580 2345 784 2399 uatum,
837 2333 906 2388 de
946 2332 1104 2388 Patre
1147 2340 1201 2387 et
1230 2329 1364 2385 Filio
1406 2328 1662 2398 Spititutn
1694 2335 1935 2384 sanctum

343 2426 639 2495 procedere
663 2424 923 2479 sentiunt.

407 2540 465 2595 2.
486 2539 719 2596 Arianos
735 2539 782 2594 si
804 2538 1140 2608 interrogare
1163 2535 1397 2592 volueris
1419 2535 1561 2591 unde
1584 2536 1652 2590 sit
1672 2533 1863 2601 Filius,
1881 2536 1945 2588 ti-

342 2644 492 2689 ment
517 2632 721 2698 dicere,
753 2631 821 2687 de
852 2631 1025 2685 Patris
1062 2630 1297 2686 essentia
1330 2647 1342 2682 τ
1376 2644 1444 2684 ne
1471 2628 1740 2699 gignentis
1768 2634 1823 2682 et
1850 2642 1943 2698 ge-

343 2724 437 2778 niti
467 2723 723 2793 probetur
744 2736 848 2776 una
871 2721 1155 2788 divinitas,
1186 2729 1241 2775 et
1265 2718 1611 2775 conﬁrmetur
1639 2718 1939 2789 inqualitas.

342 2815 559 2873 Timent
596 2828 783 2870 rursus
811 2829 875 2868 ex
908 2812 1075 2868 nihilo
1103 2821 1291 2867 natum
1340 2810 1531 2866 Filium
1585 2810 1842 2881 proﬁteri,
1878 2802 1944 2875 ne

344 2910 571 2964 Creator
601 2906 869 2976 accipiens
889 2906 1149 2975 originem
1176 2904 1410 2960 similem
1435 2903 1724 2968 creaturis,
1758 2903 1944 2972 unige-

343 3001 442 3056 niti
501 2999 777 3070 privilegio
810 2999 1101 3069 spoliatus,
1148 2998 1336 3067 perdat
1383 2996 1612 3067 gloriam
1661 2996 1942 3052 creatoris.

351 3094 584 3151 Aliunde
614 3107 745 3148 vero
776 3091 966 3147 Filium
1009 3102 1214 3154 natum,
1242 3090 1295 3145 id
1318 3099 1425 3155 est,
1447 3105 1514 3144 ex
1546 3089 1722 3160 aliqua
1766 3088 1950 3159 sultja—

346 3193 505 3241 conte
533 3185 784 3249 materia,
812 3183 977 3237 multo
1002 3181 1233 3250 amplius
1254 3181 1447 3235 timent
1480 3189 1759 3247 astruere;
1782 3194 1850 3235 ne
1872 3179 1944 3233 vi—

2041 1991 2158 2048 litcr
2197 1992 2459 2048 adhibens
2506 1993 2865 2048 dili‘ere'ntiam
2910 1992 3332 2047 substantiarum
3364 1992 3492 2047 dicit
3531 1991 3637 2047 alio

2041 2087 2157 2141 loco
2191 2103 2204 2140 :
2240 2086 2351 2140 Etsi
2377 2088 2660 2156 cruciﬁxus
2692 2096 2790 2155 est,
2822 2103 2883 2141 ex
2906 2087 3204 2156 infirmitate
3232 2090 3511 2157 cruci/imus
3540 2098 3636 2151 est,

2038 2177 2129 2230 sed
2157 2177 2276 2230 vivit
2304 2192 2367 2230 ea:
2391 2177 2573 2229 virtute
2596 2174 2693 2230 Dei
2733 2174 2825 2245 (II
2847 2174 2968 2237 Cor.
3003 2193 3120 2242 xm,
3152 2172 3228 2244 4).
3255 2176 3501 2248 Nunquid
3532 2193 3638 2232 non

2040 2267 2154 2336 ipse
2194 2267 2483 2323 eruciﬁxus
2510 2277 2595 2324 est
2625 2270 2714 2339 qui
2759 2269 2932 2323 vivit?
2960 2278 3013 2324 et
3051 2280 3227 2324 tamen
3258 2271 3347 2341 qui
3378 2286 3444 2326 ex
3486 2272 3638 2326 inﬁr-

2042 2358 2229 2414 tuitate
2273 2359 2564 2416 cruciﬁxus
2595 2370 2698 2426 est,
2724 2377 2790 2417 ex
2825 2362 3018 2417 virtute
3059 2362 3153 2417 Dei
3192 2364 3338 2417 vivit.
3376 2363 3526 2420 Unde
3570 2365 3637 2420 ad

2046 2465 2286 2506 antorem
2338 2450 2973 2523 commendationemque
3027 2469 3274 2523 persona:
3328 2457 3507 2521 unius,
3558 2458 3637 2510 sic

2044 2552 2185 2598 unus
2222 2542 2473 2598 Christus
2499 2544 2844 2612 praedicatur,
2868 2556 2921 2600 ut
2955 2545 3243 2616 aliquando
3273 2563 3376 2602 una
3406 2550 3523 2617 ejus
3554 2550 3639 2606 vel

2047 2633 2276 2687 humana
2301 2644 2490 2689 natura
2522 2635 2604 2689 vel
2628 2635 2805 2690 ditina
2835 2648 3310 2705 commemoretur,
3339 2651 3393 2696 et
3415 2650 3639 2713 utraque

2047 2733 2224 2779 tamen
2270 2725 2599 2796 intelligatur
2641 2742 2655 2780 :
2701 2727 2951 2796 quoniam
3006 2727 3145 2784 inest
3188 2730 3389 2798 unitas,
3446 2740 3505 2787 ut
3550 2734 3639 2804 qui

2051 2831 2208 2869 unam
2237 2818 2500 2883 nominet,
2524 2819 2710 2874 ambas
2736 2818 3022 2888 signiﬁcet.
3060 2820 3286 2891 Propter
3310 2825 3455 2892 quod
3498 2825 3640 2894 Apo-

2049 2908 2221 2964 stolus
2244 2908 2414 2964 solam
2444 2909 2830 2967 humanitatem
2860 2911 3048 2984 tangit,
3088 2912 3153 2967 ad
3185 2904 3526 2971 Timotheum
3552 2918 3640 2971 di-

2048 3015 2178 3057 cens
2208 3018 2220 3054 :
2252 3001 2399 3057 Unus
2419 3013 2491 3057 est
2518 3002 2678 3069 Deus,
2715 3020 2847 3058 unus
2878 3006 3125 3059 mediator
3153 3004 3247 3061 Dei
3274 3018 3321 3060 et
3350 3006 3637 3073 hominum,

2051 3098 2202 3151 homo
2232 3098 2470 3153 Christus
2495 3098 2649 3153 Iesus
2670 3096 2725 3170 (l
2758 3099 2891 3155 Tim.
2914 3104 2972 3169 It,
3000 3099 3079 3173 5).
3104 3100 3179 3157 De
3206 3102 3487 3159 divinitate
3516 3103 3644 3158 dicit

2052 3193 2119 3248 ad
2166 3192 2522 3248 Corinthios:
2556 3184 2695 3247 Nani
2743 3194 2838 3247 etsi
2879 3201 2998 3247 sunt
3026 3196 3113 3262 qui
3144 3194 3385 3250 dicantur
3434 3197 3505 3250 dii
3550 3198 3644 3265 (sin

346 3278 538 3333 deatur
565 3276 818 3346 Quaslibet
853 3290 942 3331 res
968 3286 1093 3331 ante
1121 3290 1243 3330 eum
1273 3274 1463 3345 fuisse,
1497 3288 1594 3342 per
1608 3288 1768 3344 quem
1799 3274 1936 3329 facta
1967 3255 2014 3318 (ἶ
2044 3284 2250 3353 quidem
2272 3293 2390 3338 sunt
2419 3283 2613 3353 multi),
2641 3284 2785 3338 nobis
2807 3294 2973 3339 tamen
2996 3255 3129 3339 uisus
3157 3283 3295 3340 Deus
3318 3302 3381 3341 ea:
3401 3303 3503 3357 qua
3528 3255 3640 3340 01η-

347 3380 476 3424 sunt
521 3369 726 3424 omnia.
776 3368 995 3424 Talibus
1050 3366 1325 3422 erroribus
1376 3365 1708 3436 respondent
1755 3364 1944 3421 catho-

350 3463 440 3519 lici
471 3480 485 3518 :
517 3460 733 3518 Credite
758 3463 884 3531 quia
932 3468 1092 3515 natus
1130 3468 1213 3514 est
1254 3458 1323 3515 de
1354 3458 1530 3515 Patris
1572 3458 1851 3513 essentia:
1895 3457 1943 3511 si

350 3556 579 3625 negatis,
625 3554 789 3609 dicite
820 3554 960 3610 unde
997 3552 1085 3608 sit.
1118 3551 1312 3607 Dicunt
1352 3551 1515 3607 etiam
1558 3551 1819 3606 minorem
1852 3549 1942 3605 Fi-

350 3650 508 3716 lium,
549 3650 673 3719 quia
703 3656 902 3719 negant
950 3660 1072 3703 esse
1100 3646 1383 3714 aequalem.
1420 3643 1681 3700 Catholici
1708 3657 1838 3700 vero
1865 3643 1945 3698 di-

350 3753 486 3798 cunt
516 3758 637 3796 eum
662 3740 960 3796 secundum
982 3740 1317 3794 divinitatem
1345 3736 1626 3807 aqualem,
1648 3734 1945 3793 secundum

354 3836 740 3891 humanitatem
769 3842 948 3889 autem
981 3831 1266 3886 minorem.
1296 3827 1596 3899 Equalitas
1617 3826 1735 3899 ejus
1756 3841 1947 3883 secun-

352 3929 481 3983 dum
507 3929 841 3983 divinitatem
870 3941 974 3981 non
1002 3925 1163 3980 habet
1190 3924 1420 3989 initium;
1454 3930 1824 3979 verumtamen
1848 3937 1949 3977 nec

353 4020 633 4088 auptalitas
647 4028 965 4089 euutpetens
984 4016 1275 4081 divinitati,
1295 4029 1393 4069 nec
1410 4012 1695 4068 minoratio
1712 4027 1950 4083 congrua

351 4113 501 4165 carni
536 4111 698 4165 habet
737 4114 917 4164 linem.
948 4108 1078 4165 Sive
1107 4122 1236 4178 ergo
1264 4106 1561 4162 secundum
1602 4120 1820 4161 carnem
1854 4106 1952 4161 mi-

355 4221 477 4270 nor,
501 4205 796 4258 secundum
820 4203 1157 4258 divinitatem
1197 4203 1406 4256 dicatur
1434 4201 1678 4271 aequalis,
1700 4200 1843 4256 idem
1866 4212 1950 4257 at-

354 4312 460 4367 que
492 4313 626 4351 unus
654 4309 738 4352 est
767 4297 1041 4361 Christus,
1074 4311 1202 4352 vere
1232 4296 1396 4351 Filius
1428 4295 1546 4363 Dei,
1576 4304 1631 4350 et
1660 4304 1787 4350 vere
1813 4292 1952 4349 ﬁlius

356 4389 609 4443 hominis.
630 4387 879 4458 Equalis
900 4389 1042 4443 enim
1068 4401 1424 4456 perseverans
1445 4386 1612 4442 factus
1634 4396 1719 4441 est
1742 4388 1950 4442 minor:

354 4482 532 4536 mimtr
553 4482 745 4545 fastus,
775 4481 1068 4550 permansit
1089 4478 1325 4549 aequalis.
1358 4480 1424 4532 Lt
1449 4479 1569 4532 ideo
1587 4486 1729 4532 totus
1754 4477 1951 4545 minor,

356 4583 499 4626 totus
528 4572 751 4642 aequalis
776 4590 786 4624 :
816 4573 939 4642 quia
959 4579 1203 4626 servatur
1224 4571 1275 4624 itt
1298 4584 1366 4625 eo
1394 4578 1620 4639 utraque
1651 4579 1863 4636 natura,
1897 4580 1954 4625 et

2046 3378 2156 3441 nia,
2191 3386 2237 3430 et
2262 3394 2393 3430 unus
2426 3375 2676 3432 Dominus
2706 3376 2857 3431 Jesus
2897 3375 3134 3432 Christus
3155 3394 3245 3449 per
3271 3388 3420 3450 Quem
3467 3382 3645 3433 omnia

2047 3467 2099 3540 (Ι
2135 3466 2254 3523 Cor.
2282 3484 2398 3538 vni,
2421 3468 2498 3539 5).
2520 3499 2589 3510 —
2618 3468 2821 3526 Desunt
2851 3472 3074 3542 reliqua.

2621 3642 2954 3701 EPISTULA
2996 3638 3059 3699 ν.

2113 3821 2179 3861 sn
2205 3815 2446 3861 εενιιιιυιι
2476 3812 2867 3858 seaouis'rtcust
2894 3806 3580 3856 coas'raa‘rtaorouuttuu.

2058 3962 2207 4032 Quod
2234 3960 2479 4015 Dominus
2510 3967 2678 4032 noster
2703 3957 2859 4032 Jesus
2886 3955 3117 4032 Christus
3140 3955 3206 4010 sit
3234 3970 3365 4009 unus
3387 3954 3451 4010 de
3473 3965 3644 4009 sancta

2550 4034 2597 4084 et
2624 4028 2886 4083 individua
2914 4024 3184 4082 Trinitate.

2131 4209 2181 4262 l.
2215 4206 2527 4277 Magnorum
2562 4207 2798 4261 virorum
2833 4198 2960 4258 mihi
3008 4203 3276 4273 negotium
3306 4202 3519 4256 conaris
3552 4202 3645 4254 ad-

2053 4299 2300 4368 jungcre,
2325 4306 2544 4367 prepter
2564 4302 2658 4351 eos
2679 4296 2768 4364 qui
2792 4293 2956 4349 Deum
2978 4303 3217 4347 nostrum
3242 4284 3421 4347 Jesum
3449 4301 3647 4360 negant

2060 4407 2223 4446 unum
2250 4405 2373 4445 esse
2398 4390 2467 4444 de
2496 4396 2680 4443 sancta
2702 4398 2754 4441 et
2781 4386 3055 4441 individua
3076 4383 3359 4449 Trinitate,
3383 4383 3509 4454 quid
3529 4400 3649 4438 sen-

2063 4484 2193 4539 tiam
2220 4483 2523 4538 delectatus
2549 4480 2756 4536 audire.
2788 4478 2893 4535 Sed
2922 4478 3050 4546 hoc,
3078 4477 3271 4544 l'atenr,
3318 4474 3517 4547 ingenii
3547 4478 3651 4530 mei

2067 4575 2327 4647 pusillitas
2339 4585 2425 4631 aut
2447 4575 2530 4628 vix
2546 4574 2707 4641 valet,
2725 4581 2813 4626 aut
2831 4584 3107 4626 assumere
3120 4572 3339 4624 omnino
3353 4569 3649 4624 nonaudct.

354 4680 517 4735 quam
560 4664 776 4729 habuit,
808 4675 862 4718 et
889 4678 1047 4734 quam
1086 4663 1379 4731 assumpsit
1404 4675 1469 4717 ex
1498 4672 1692 4716 matre.
1742 4661 1933 4731 Διίοψι

2062 4678 2192 4746 Quis
2207 4677 2348 4731 enim
2363 4690 2485 4745 ego,
2505 4682 2594 4727 aut
2609 4668 2781 4742 qualis
2797 4685 2920 4739 ego,
2937 4670 3023 4724 eui
3039 4668 3198 4723 liceat
3211 4665 3277 4722 dc
3300 4664 3478 4721 dubiis
3493 4664 3652 4720 rebus

353 4759 399 4814 si
447 4772 549 4811 una
594 4758 646 4811 in
686 4756 899 4812 Christo
952 4768 1004 4811 ct
1046 4771 1276 4826 persona
1328 4756 1587 4811 existeret
1629 4765 1684 4809 et
1737 4765 1944 4821 natura,

354 4864 461 4905 non
488 4859 671 4918 posset
691 4864 826 4903 unus
850 4847 1099 4904 Christus
1124 4848 1212 4902 uni
1241 4845 1385 4903 Patri
1405 4855 1462 4902 et
1489 4845 1665 4901 minor
1685 4855 1739 4901 et
1769 4858 1946 4915 aequa-

356 4941 420 4996 lis
445 4940 575 4997 dici.

421 5054 477 5108 5.
508 5053 743 5109 Dicimus
777 5050 939 5107 etiam
972 5050 1040 5105 de
1076 5048 1293 5105 Christo
1342 5048 1482 5119 quod
1514 5063 1643 5104 vere
1684 5060 1821 5102 unus
1864 5058 1945 5101 est

351 5151 623 5207 Christus.
654 5146 997 5219 Sapientibus
1041 5153 1221 5198 tamen
1273 5143 1566 5209 mentibus,
1613 5140 1825 5210 quoties
1856 5153 1950 5193 au-

353 5247 540 5305 diunt,
586 5241 733 5295 Unus
786 5248 872 5293 cst
919 5232 1199 5301 Christus,
1240 5234 1477 5303 cogitare
1516 5233 1768 5286 convenit
1818 5244 1952 5299 quu-

354 5333 517 5387 tnodo
550 5333 620 5387 sit
647 5324 823 5397 unus;
858 5340 1036 5384 utrum
1068 5341 1231 5380 unam
1266 5325 1512 5378 habendo
1543 5313 1852 5392 pet-setiam,
1886 5335 1952 5373 an

356 5442 516 5481 unam
551 5437 822 5479 naturam.
853 5422 909 5479 Si
942 5437 1047 5475 non
1088 5427 1262 5487 potest
1288 5416 1392 5470 dici
1417 5428 1575 5469 unam
1618 5412 1819 5467 habere
1851 5427 1948 5466 na-

358 5532 528 5573 turam
556 5533 713 5587 quem
745 5516 1047 5583 suscepisse
1064 5512 1287 5566 alteram
1306 5509 1551 5571 dicimus,
1574 5514 1752 5576 potest
1772 5518 1952 5558 tamen

358 5613 459 5666 dici
482 5626 638 5665 unam
663 5610 860 5663 haltere
880 5620 1184 5676 personam,
1202 5604 1449 5672 quoniam
1469 5614 1699 5669 persona
1717 5598 1800 5651 illa
1822 5612 1956 5651 scm-

360 5720 453 5770 per
484 5719 705 5758 manens
747 5711 953 5756 natura:
989 5693 1504 5768 semper'mancntis
1547 5694 1616 5747 ita
1647 5691 1954 5747 mirabilem

359 5811 543 5869 postea
571 5807 811 5852 naturam
865 5795 976 5848 sinv-
1011 5807 1233 5863 ptersona
1266 5790 1564 5846 voluntarie
1612 5802 1784 5853 suSce;
1808 5788 1866 5849 it,
1897 5795 1955 5838 ut

2060 4779 2315 4825 statutam
2350 4768 2589 4835 proferre
2611 4762 2953 4829 sententiam,
2991 4761 3271 4829 novosque
3298 4772 3576 4813 sermones
3601 4757 3651 4809 in

2059 4859 2340 4916 electionis
2367 4858 2710 4924 auctoritate,
2739 4862 2914 4909 Utrum
2947 4852 3143 4918 suscipi
3175 4849 3429 4915 debeant,
3464 4862 3652 4903 recen-

2059 4952 2282 5006 tioribus
2309 4950 2536 5004 deﬁnire
2566 4945 2936 5015 temporibus?
2982 4943 3191 4998 Utinam
3228 4940 3355 4994 mihi
3390 4939 3493 4992 ﬁde
3522 4938 3651 4993 sim-

2057 5043 2204 5111 plici,
2250 5056 2407 5109 quam
2439 5039 2700 5093 catholica
2744 5051 2842 5106 per
2870 5022 3177 5089 universum
3210 5030 3465 5084 mundum
3495 5029 3653 5083 docet

2056 5133 2315 5200 Ecclesia,
2348 5133 2427 5188 sic
2453 5132 2615 5187 donet
2649 5129 2786 5183 Deus
2809 5142 2928 5182 esse
2947 5133 3291 5191 contentum,
3327 5124 3573 5185 utnmni,
3607 5123 3650 5174 si

2059 5227 2170 5282 llet'i
2199 5235 2393 5294 potest,
2430 5225 2585 5293 hujus
2616 5222 2736 5276 vita:
2766 5218 3088 5275 miserabilis
3131 5222 3373 5284 tempore
3416 5214 3646 5268 orationi
3701 5257 3711 5268 .

2055 5334 2109 5373 et
2152 5316 2373 5388 jejuniis
2423 5329 2637 5374 vacans,
2684 5312 2929 5383 plangam
2977 5324 3097 5362 cum
3149 5305 3354 5376 pusillis
3401 5303 3654 5358 fratribus

2061 5415 2197 5466 meis
2240 5410 2433 5463 delicta
2469 5407 2632 5460 multa
2676 5417 2729 5459 et
2763 5404 2966 5473 gravia,
3018 5402 3131 5456 sive
3181 5414 3299 5469 qua
3339 5397 3448 5467 jam
3499 5397 3656 5450 doli-0

2063 5503 2370 5567 commissa,
2398 5498 2511 5552 $ch
2542 5511 2661 5564 qum
2692 5495 2867 5548 adhuc
2895 5509 3061 5564 cogor
3081 5508 3146 5547 ex
3168 5490 3343 5545 carnis
3370 5487 3655 5558 fragilitate

2065 5594 2440 5650 cummittere!
2499 5591 2715 5649 Beatum
2772 5602 2857 5640 me
2903 5585 3140 5654 profecto
3184 5596 3309 5639 tunc
3356 5582 3655 5649 acsﬁmabo,

2067 5689 2277 5760 quando
2307 5687 2507 5756 positus
2540 5684 2590 5737 itt
2622 5683 2839 5735 silentio
2868 5679 3199 5743 monasterii,
3232 5679 3381 5732 illum
3410 5677 3653 5730 versiCn-

2070 5784 2176 5838 lunt
2208 5781 2395 5851 psalmi
2442 5794 2531 5847 per
2578 5785 2844 5830 momenta
2892 5782 3224 5828 cantarem:
3276 5771 3399 5825 Dixi
3425 5788 3440 5823 :
3471 5771 3658 5823 Custo-
