4094 6506
499 285 594 342 9H

1393 281 1760 339 FULGi‘LN'f'il
1805 281 2155 339 FERRANDI
2199 280 2474 336 DiACONI
2516 275 2865 336 CARTIIAG.

3707 278 3817 332 me.

499 405 639 458 diam
657 402 766 458 vias
785 417 942 469 meas,
969 407 1026 455 ut
1047 415 1145 452 non
1171 398 1465 467 tte-linquam
1491 399 1543 450 iu
1575 397 1752 467 lingua
1778 413 1885 451 mea
1915 394 2088 466 (Psat.
2120 400 2172 460 Α
2201 397 2281 452 rio
2304 395 2463 452 Arius
2491 405 2711 467 propter
2737 404 2845 448 tres
2867 407 3148 462 personas,
3181 402 3289 448 tres
3319 391 3486 448 voluit
3508 391 3818 462 medicare

501 509 727 559 xxxvm,
763 494 833 566 1).
869 490 1176 561 Loquantur
1205 497 1260 543 et
1285 488 1574 558 priedicent
1600 489 1793 559 quibus
1819 487 1991 543 honor
2014 501 2098 542 sa-

501 586 724 642 cerdotii
751 581 981 640 docendi
997 581 1373 637 auctoritatem
1400 582 1585 636 tribuit
1608 596 1624 646 ;
1659 595 1758 635 uos
1774 580 1984 635 discere
2007 593 2090 648 pa-

478 677 604 732 -rati
635 692 854 741 sumus;
884 676 1078 730 docere
1099 671 1242 730 alios
1269 687 1375 729 non
1397 672 1800 742 praesumimus.
1826 671 2097 740 Interroga

499 770 680 840 igitur,
697 769 779 823 vir
793 767 1228 838 prudentissime,
1247 767 1291 822 si
1309 765 1436 835 quid
1457 765 1695 820 veritatis
1719 764 1873 832 cupis
1889 763 2096 825 audire,

500 861 870 933 principaliter
903 860 1214 931 apostolicae
1253 859 1401 916 sedis
1438 859 1757 919 antistitem,
1785 854 1940 925 cujus
1970 868 2098 908 sana

499 955 742 1010 doctrina
782 961 991 1009 constat
1017 952 1222 1022 judicio
1267 952 1534 1018 veritatis,
1569 961 1624 1005 et
1664 949 1884 1003 fulcitur
1927 946 2101 1001 muni-

498 1049 644 1122 mine
674 1047 1029 1103 auctoritatis.
1048 1046 1322 1117 Interroga
1347 1046 1605 1116 plurimos
1631 1057 1724 1116 per
1749 1043 1960 1100 diversa
1993 1051 2102 1096 ter-

499 1155 682 1195 rarum
699 1137 816 1194 loca
837 1139 1140 1210 pontifices,
1167 1137 1362 1210 quibus
1380 1137 1603 1192 scientia
1628 1136 1929 1192 caelestium
1961 1149 2100 1203 prae-

499 1239 776 1302 reptorum
830 1230 1087 1285 divinitus
1133 1230 1414 1301 inspirata,
1461 1231 1656 1284 famam
1711 1227 1966 1298 grandem
2017 1223 2099 1280 sui

500 1341 621 1378 cum
655 1323 1001 1380 veneratione
1030 1324 1272 1394 coliegit.
1307 1325 1441 1378 Istos
1475 1321 1591 1376 sine
1621 1321 1784 1376 dubio
1814 1332 1866 1373 et
1893 1320 1958 1371 ad
1992 1319 2094 1371 dis-

498 1415 794 1486 putandum
823 1416 1066 1480 idoneos,
1102 1427 1150 1470 et
1177 1415 1244 1471 ad
1275 1414 1608 1470 suadendum
1644 1412 1906 1483 frequenti
1938 1425 2099 1465 exer-

500 1510 754 1564 citatione
802 1518 1040 1578 paratos,
1075 1524 1175 1564 nec
1207 1509 1598 1579 vituperaberis
1643 1508 1688 1561 si
1718 1505 1967 1560 consulas
2007 1504 2101 1558 ad-

502 1601 608 1655 huc
636 1601 911 1665 incertus;
942 1609 997 1653 et
1029 1598 1262 1654 laudaris
1295 1607 1320 1636 α
1361 1599 1404 1652 si
1441 1595 1684 1667 sequaris
1713 1596 1974 1651 veraciter
2003 1593 2101 1649 do-

500 1699 639 1745 ctus.
677 1691 718 1744 A
751 1705 836 1744 me
864 1699 1044 1745 autem
1080 1691 1157 1745 sic
1185 1698 1376 1759 expete
1417 1687 1657 1744 debitum
1703 1685 1998 1768 charitatis,
2033 1699 2101 1740 ne

501 1782 776 1852 iacurrere
805 1781 1032 1838 suadeas
1059 1783 1268 1852 culpam
1303 1781 1639 1836 temeritatis.

525 1876 529 1880 '
572 1872 628 1928 2.
647 1874 856 1930 Sufficit
881 1873 1034 1941 mihi,
1052 1885 1274 1945 propter
1289 1873 1429 1928 bca=i
1454 1872 1596 1927 Petri
1621 1871 1954 1927 manifestam
1978 1882 2102 1926 seu-

502 1967 747 2033 tentiam,
791 1981 912 2035 qua:
958 1965 1205 2021 ﬁdelibus
1237 1965 1444 2020 cunctis
1469 1964 1794 2035 generaliter
1825 1963 2099 2032 loquitur:

505 2054 688 2111 Parati
733 2059 800 2110 ad
848 2059 1262 2130 respondendum
1293 2059 1428 2112 omni
1456 2057 1685 2128 poscenti
1729 2073 1814 2111 vos
1853 2057 2102 2109 rationem

502 2149 564 2202 de
592 2150 696 2219 [ide
721 2159 767 2204 et
789 2167 878 2220 spe
899 2167 1015 2222 qua:
1043 2153 1096 2204 in
1126 2151 1263 2206 vobis
1287 2161 1357 2206 est
1382 2150 1431 2221 (Ι
1469 2149 1612 2204 Petr.
1648 2165 1726 2216 nt,
1759 2150 1879 2220 15);
1910 2148 2102 2205 scisci-

503 2241 636 2295 tanti
683 2243 951 2310 quomodo
1005 2242 1309 2309 credamus,
1356 2243 1496 2297 illico
1553 2241 1932 2310 respondere:
1973 2237 2101 2295 Cre-

502 2334 631 2388 dere
655 2348 752 2388 nos
781 2333 832 2387 in
867 2349 1030 2388 unum
1065 2334 1229 2388 Deum
1257 2334 1487 2398 Patrem,
1522 2343 1576 2388 et
1602 2331 1818 2396 Filium,
1845 2340 1898 2385 et
1930 2330 2098 2400 Spiri-

504 2434 614 2479 tum
651 2434 919 2494 sanctum,
968 2425 1180 2480 Patrem
1213 2441 1242 2480 a
1287 2426 1438 2481 nullo
1473 2426 1738 2497 genitum,
1790 2422 1986 2478 Filium
2035 2420 2105 2476 de

503 2517 663 2572 Putre
693 2516 1049 2586 unigenitum.
1085 2516 1341 2588 Spiritum
1375 2527 1619 2571 sanctuut
1661 2514 1730 2570 de
1771 2514 1930 2570 Patre
1959 2512 2107 2585 inge-

502 2611 612 2663 nito
644 2617 695 2663 et
740 2609 876 2664 Filio
923 2609 1201 2681 unigenito
1232 2625 1444 2681 semper
1482 2611 1904 2680 procedentem;
1936 2610 2006 2664 ita
2049 2614 2110 2662 ut

504 2701 602 2756 hac
627 2701 782 2757 beata
809 2701 1090 2769 Trinitate,
1119 2717 1277 2772 quam
1322 2718 1484 2756 unum
1514 2701 1749 2756 diximus
1776 2700 1968 2768 Deum,
2007 2699 2108 2754 Pa-

504 2802 587 2847 ter
619 2809 724 2848 non
757 2791 828 2848 sit
855 2789 1023 2849 Filius
1050 2803 1146 2847 aut
1198 2792 1429 2863 Spiritus
1473 2802 1722 2860 sanctus,
1759 2791 1926 2847 Filius
1971 2807 2108 2847 nun-

499 2901 661 2957 quam
695 2886 764 2941 sit
796 2885 953 2942 Pater
983 2895 1076 2940 aut
1101 2885 1335 2958 Spiritus
1361 2897 1602 2954 sanctus,
1630 2887 1863 2955 Spiritus
1887 2896 2109 2942 sanctus

505 2995 606 3033 nec
639 2979 795 3034 f’atcr
825 2981 891 3036 sit
920 2980 1231 3051 aliquando,
1266 2996 1366 3035 nec
1396 2979 1582 3048 Filius,
1623 2981 1721 3036 sed
1756 2981 1911 3036 Pater
1942 2980 2109 3037 solius

507 3072 625 3126 Filii
655 3073 812 3128 Pater
843 3075 933 3141 sit,
963 3085 1019 3129 ut
1047 3073 1214 3129 Filius
1244 3073 1414 3130 solius
1445 3073 1618 3128 Patris
1649 3074 1842 3143 Filius,
1872 3072 2101 3142 Spiritus

2202 487 2552 544 substantias.
2585 485 2889 556 Apostolica
2937 501 3070 542 sane
3121 486 3356 540 Ecclesia
3405 495 3516 540 tres
3543 500 3815 555 personas

2203 591 2392 635 contra
2433 577 2725 635 Sabellium
2758 591 3069 643 numerans,
3103 593 3264 632 unam
3293 592 3420 633 vero
3449 577 3814 633 substantiam

2201 673 2286 727 vel
2325 673 2618 728 essentiam
2667 680 2854 727 contra
2889 673 3074 726 Arium
3111 671 3417 737 vindicans,
3468 673 3538 726 ita
3596 671 3813 727 dictum

2203 763 2304 820 sibi
2335 764 2578 818 meminit
2607 764 2798 831 :Aztdi,
2827 761 3013 830 Israel,
3048 763 3304 819 Dominus
3329 764 3471 840 Deus
3497 775 3633 833 tutis,
3663 765 3814 820 Deus

2203 869 2338 910 unus
2365 865 2439 910 est
2469 853 2650 926 (Deut.
2685 871 2761 921 ιη,
2795 855 2886 928 4);
2913 865 2970 910 ιιι
3001 857 3087 911 hic
3118 872 3253 910 unus-
3297 856 3440 912 Deus
3469 873 3576 912 non
3606 858 3679 912 sit
3721 871 3812 912 so-

2205 949 2433 1013 litarius,
2460 949 2554 1004 sed
2587 947 2845 1018 Trinitas,
2877 948 3037 1004 Pater
3057 949 3286 1014 scilicet,
3332 950 3521 1017 Filius,
3563 961 3618 1007 et
3633 951 3812 1020 Spiri-

2203 1048 2288 1093 tus
2322 1048 2558 1094 sanctus.
2591 1040 2705 1105 Qua
2735 1041 3075 1096 confessione
3109 1043 3347 1112 praelata,
3400 1057 3649 1113 magnum
3687 1044 3804 1114 pie-

2206 1133 2330 1189 tatis
2365 1142 2419 1188 et
2449 1133 2693 1189 mirabile
2725 1144 3124 1190 sacramentum
3157 1134 3213 1206 (Ι
3237 1135 3374 1190 Tim.
3405 1152 3484 1202 tu,
3513 1137 3630 1203 tta),
3663 1137 3811 1205 quod

2203 1226 2599 1280 manifestatum
2622 1228 2776 1281 estin
2803 1241 2987 1292 carne,
3014 1227 3364 1297 jtistiﬁcatem
3390 1237 3472 1283 est
3497 1230 3549 1282 iu
3571 1229 3811 1298 Spiritu,

2204 1320 2452 1387 apparuit
2501 1319 2728 1388 angelis,
2759 1320 3110 1388 pra-dicatum
3140 1335 3226 1378 est
3273 1323 3327 1377 in
3371 1323 3642 1393 gentibus,
3691 1339 3815 1379 ere-

2205 1409 2373 1464 ditum
2393 1419 2475 1464 est
2507 1411 2560 1464 in
2593 1409 2812 1477 mundo,
2831 1421 3168 1481 assumptum
3199 1423 3286 1468 est
3313 1414 3366 1468 in
3396 1412 3590 1483 gloria,
3612 1413 3812 1468 subse-

2201 1501 2388 1572 quenti
2426 1504 2771 1557 veneratione
2803 1503 3119 1572 pandentes,
3169 1503 3243 1559 ita
3287 1520 3385 1576 pro
3432 1505 3815 1575 redemptione

2207 1592 2426 1648 humani
2471 1594 2686 1664 generis
2717 1593 3003 1650 humanam
3043 1604 3287 1650 naturam
3319 1597 3588 1652 credimus
3619 1611 3814 1654 susce-

2207 1685 2370 1752 pisse,
2405 1693 2467 1740 ut
2496 1686 2588 1740 iile
2627 1687 2718 1756 qui
2756 1687 3017 1743 Tt-initate
3055 1688 3292 1758 perfecta
3329 1688 3469 1744 Deus
3498 1691 3814 1759 unigenitus

2131 1794 2178 1854 Β
2207 1777 2558 1846 permanebat
2581 1791 2644 1833 ac
2671 1787 2965 1848 permanet,
2986 1779 3100 1851 ipse
3128 1794 3193 1836 ex
3226 1781 3389 1835 Maria
3427 1781 3581 1838 fieret
3606 1784 3811 1853 primo-

2207 1875 2410 1945 genita:
2439 1875 2491 1928 in
2536 1873 2713 1928 multis
2743 1873 2998 1941 fratribus
3021 1874 3202 1946 (Rom.
3237 1889 3348 1940 vui,
3389 1874 3523 1944 29):
3553 1887 3608 1930 et
3666 1876 3814 1931 hunc

2207 1969 2456 2025 eumdem
2511 1979 2671 2037 quem
2727 1978 2987 2039 genuerat
3023 1969 3187 2024 Deus
3236 1969 3393 2025 Pater
3440 1980 3568 2026 ante
3624 1975 3810 2025 ntttnia

2211 2074 2476 2130 tempora,
2527 2061 2701 2131 ipsum
2746 2071 3031 2131 generaret
3063 2061 3228 2117 homo
3275 2073 3466 2122 mater.
3519 2075 3810 2135 postquam

2208 2154 2354 2209 venit
2379 2151 2656 2222 plenitudo
2688 2162 3014 2222 temporum.

2281 2245 2335 2298 5.
2367 2243 2743 2314 Principaliter
2765 2245 2906 2298 enim
2933 2245 3064 2301 fides
3094 2255 3273 2301 nostra
3299 2244 3572 2302 Christum
3601 2247 3695 2304 Dei
3727 2247 3811 2304 Fi-

2213 2335 2347 2391 lium
2381 2335 2459 2390 sic
2492 2335 2747 2406 praedicat
2777 2337 3010 2394 hominis
3037 2339 3228 2401 filium,
3259 2351 3314 2393 ut
3347 2356 3506 2394 unum
3537 2342 3684 2397 dicat
3718 2341 3809 2396 lti-i

2209 2438 2263 2484 et
2300 2428 2542 2485 hominis
2592 2429 2797 2496 filium;
2849 2446 2951 2486 nec
2989 2431 3216 2487 alterum
3260 2432 3313 2486 in
3343 2432 3626 2487 divinitate
3657 2432 3814 2489 Ciri-

2209 2529 2353 2575 stum
2397 2529 2722 2588 teneretur,
2767 2520 2994 2577 alterum
3039 2521 3090 2576 in
3123 2523 3454 2578 humanitate
3475 2565 3488 2585 ,
3518 2523 3616 2578 sed
3648 2540 3813 2594 quem

2213 2613 2265 2668 in
2308 2611 2610 2680 divinitate,
2644 2612 2820 2682 ipsum
2859 2613 2916 2668 in
2949 2614 3300 2669 immanitate.
3345 2613 3634 2685 Propterea
3665 2619 3813 2673 enim

2215 2705 2357 2761 Deus
2382 2704 2554 2761 factus
2585 2715 2669 2762 est
2700 2704 2890 2772 homo,
2913 2704 3034 2775 quia
3066 2719 3174 2760 non
3203 2717 3288 2762 est
3313 2707 3452 2761 alius
3475 2707 3637 2772 Deus,
3674 2708 3815 2764 alius

2214 2797 2412 2863 homo;
2459 2797 2555 2855 sed
2585 2799 2807 2854 omnino
2836 2798 2926 2868 qui
2959 2797 3140 2867 Deus,
3195 2800 3312 2869 ipse
3351 2799 3544 2866 homo;
3589 2812 3645 2856 et
3693 2816 3813 2872 pro-

2215 2897 2335 2960 pter
2372 2889 2494 2953 hoc,
2527 2888 2614 2960 qui
2649 2888 2831 2955 homo,
2859 2888 2975 2955 ipse
2999 2890 3162 2946 etiam
3188 2890 3348 2955 Deus,
3373 2890 3528 2947 Jesu»
3558 2891 3814 2948 Christus

2217 2982 2474 3036 Dominus
2495 2989 2698 3038 noster.
2724 2978 2945 3036 Muneris
2966 2981 3110 3036 enim
3139 2981 3278 3038 Deus
3305 2980 3469 3038 Filius
3491 2998 3596 3037 una
3622 2984 3676 3036 in
3695 2983 3815 3038 Tri-

2217 3076 2385 3132 nitate
2413 3089 2665 3146 persona,
2696 3074 2843 3132 venit
2865 3075 2932 3130 ad
2965 3073 3277 3145 Virginem;
3305 3089 3407 3132 nec
3431 3077 3532 3132 sibi
3559 3077 3725 3131 aliam
3745 3078 3817 3133 de

509 3182 636 3222 vero
674 3178 891 3223 sanctus
918 3169 1089 3223 Patris
1116 3180 1168 3224 et
1201 3167 1322 3224 Filii
1345 3169 1704 3224 communiter
1733 3170 1987 3240 Spiritus.
2014 3167 2098 3242 δι’
2130 3181 2175 3243 C
2215 3185 2280 3224 ea
2312 3181 2597 3238 personam
2629 3168 2942 3238 assumpsit,
2969 3167 3065 3222 sed
3107 3169 3268 3223 aliam
3299 3169 3378 3224 sic
3400 3171 3660 3224 unitatem
3697 3185 3815 3239 per-

509 3260 613 3312 mul
646 3268 824 3315 autem
857 3261 908 3314 lti
942 3257 1050 3316 tres
1075 3262 1389 3342 naturaliter
1415 3277 1551 3318 unus
1585 3263 1744 3327 Deus,
1771 3271 1996 3342 propter
2021 3255 2097 3338 id,

507 3349 646 3418 quod
674 3366 816 3404 unus
848 3350 1010 3418 Deus,
1045 3369 1204 3407 unam
1262 3337 1523 3410 habentes
1553 3337 2100 3432 substantiamq;‘prp-

510 3451 626 3508 pter
655 3441 730 3508 id,
751 3443 893 3512 quod
921 3442 1100 3512 Pater,
1123 3456 1177 3502 et
1199 3443 1386 3512 Filius,
1407 3457 1460 3502 et
1481 3447 1710 3516 Spiritus
1735 3435 1974 3513 sanctus,
1993 3454 2103 3502 tres

511 3548 771 3598 personas
797 3548 811 3600 ;
846 3546 1066 3606 propter
1096 3537 1170 3603 id,
1201 3539 1344 3608 quod
1369 3555 1512 3594 unus
1542 3539 1704 3602 Deus,
1733 3539 1891 3594 simul
1925 3540 2103 3594 omnia

509 3624 947 3693 inseparabiliter
986 3641 1318 3696 operantes;
1362 3640 1583 3700 propter
1629 3629 1880 3698 id;"quod
1923 3629 2102 3692 Pater,

509 3728 560 3770 et
593 3715 797 3784 rem.
829 3725 886 3772 et
923 3719 1155 3788 Spiritus
1198 3732 1442 3790 sanctus,
1473 3723 1718 3793 quaedam
1759 3724 1858 3778 sibi
1893 3723 2104 3793 propria

508 3808 888 3866 vindicantes:
921 3813 1061 3868 sicut
1106 3829 1366 3884 generare
1394 3817 1560 3872 solius
1605 3817 1798 3880 Patris,
1854 3827 1908 3870 et
1959 3817 2107 3870 nasci

507 3900 679 3956 solius
705 3900 848 3969 Filii,
878 3914 932 3956 et
962 3905 1254 3972 prt'cedere
1280 3907 1349 3962 de
1377 3895 1659 3973 ambobus,
1689 3909 1855 3963 setius
1877 3910 2104 3962 confite-

511 4008 635 4047 mur
663 3995 893 4063 Spiritus
918 3996 1107 4052 sancti.
1146 3997 1298 4053 Sicut
1329 3997 1544 4054 Patrem
1574 4000 1749 4055 solum
1777 4001 2012 4055 locutum
2042 4001 2108 4054 de

510 4089 652 4140 nnhe
681 4103 695 4137 :
722 4085 825 4140 llic
850 4097 924 4140 est
949 4086 1122 4142 Filius
1153 4105 1292 4142 meus
1325 4091 1565 4157 dilectus,
1591 4093 1643 4145 in
1671 4108 1774 4162 quo
1818 4092 1945 4145 mihi
1989 4092 2111 4145 bene

512 4178 804 4247 (θηριαεαὶ
854 4177 1065 4246 (Matth.
1101 4196 1176 4246 ιιι,
1215 4180 1340 4252 t7);
1375 4182 1565 4237 Filium
1593 4185 1765 4238 solum
1797 4185 1864 4238 de
1897 4184 2112 4254 Virgine

512 4280 718 4336 natum,
749 4280 803 4325 et
832 4286 863 4326 a
893 4270 1098 4328 Joanne
1129 4275 1178 4327 in
1207 4273 1441 4330 Jordane
1469 4275 1689 4330 ﬂumine
1736 4275 2059 4345 baptizatum
2089 4293 2102 4343 ;

516 4372 570 4416 et
616 4364 872 4431 Spiritum
927 4379 1168 4421 sanctum
1203 4369 1374 4422 solum
1408 4369 1460 4424 in
1491 4370 1755 4426 columst
1792 4373 1977 4440 specie
2019 4371 2115 4426 de-

514 4457 816 4511 scendisse.
850 4457 987 4512 Olim
1014 4460 1212 4529 quippe
1244 4462 1368 4516 illos
1401 4463 1598 4517 veritas
1628 4463 2113 4542 copiotarithaére-

2203 3276 2354 3316 sonte
2385 3274 2496 3316 sua;
2518 3259 2779 3328 suscepit,
2814 3269 2874 3315 ut
2900 3273 3131 3327 persona
3177 3275 3298 3328 qua:
3319 3275 3534 3329 semper
3555 3271 3695 3323 erat,
3723 3276 3815 3314 Iin-

2210 3364 2386 3410 turam
2410 3355 2713 3422 susciperet
2743 3353 2944 3416 carnis,
2969 3351 3298 3422 haberetque
3319 3352 3454 3408 duas
3481 3368 3586 3406 una
3613 3352 3816 3407 Christi

2211 3462 2442 3519 persona
2467 3434 2706 3506 naturas.
2736 3445 2844 3502 Nec
2861 3445 3135 3515 ambigere
3155 3456 3365 3514 Oportet
3396 3449 3668 3514 quomodo
3697 3461 3816 3502 cre-

2209 3543 2367 3596 datur
2388 3539 2620 3596 humana
2637 3547 2850 3600 natura,
2872 3551 2938 3594 ex
2967 3537 3117 3592 initio
3139 3538 3241 3603 sui,
3273 3536 3364 3592 Dei
3385 3537 3544 3592 Verbi
3560 3537 3818 3593 habuisse

2209 3647 2502 3704 personam
2519 3648 2537 3706 ξ
2554 3630 2928 3698 δοίθιιιοειιιιίςι
2958 3643 3066 3683 non
3089 3629 3364 3684 hominem
3385 3629 3694 3694 formatum,
3718 3647 3816 3684 nc-

2207 3738 2314 3792 que
2335 3731 2678 3793 conceptum,
2711 3734 2883 3790 neque
2910 3719 3016 3774 vita
3049 3733 3144 3776 sua
3171 3720 3402 3790 quadam
3425 3721 3508 3776 vel
3539 3721 3593 3776 in
3623 3723 3819 3777 matris

2215 3826 2368 3870 tttcro
2413 3813 2593 3868 vivere
2617 3810 3104 3885 jattrincipientem
3155 3811 3297 3865 D--us
3343 3813 3674 3880 assumpsit;
3719 3812 3818 3867 sed

2211 3906 2438 3962 muuino
2484 3914 2786 3974 antequam,
2817 3902 3018 3972 aliquid
3067 3903 3234 3958 Maria
3279 3903 3631 3971 conciperet,
3690 3915 3819 3959 ante

2207 4013 2430 4055 omnem
2463 3995 2682 4051 formati
2730 3993 3067 4058 formaudive
3101 3995 3337 4050 hominis
3368 4009 3585 4050 causam
3611 4037 3626 4060 ,
3677 4001 3820 4051 treus

2217 4091 2402 4158 volens
2434 4090 2596 4143 homo
2624 4086 2768 4154 fieri,
2798 4087 3072 4158 virginalis
3118 4087 3374 4156 palatium
3407 4088 3613 4141 ventris
3645 4087 3822 4142 intra-

2217 4185 2324 4251 vit;
2355 4195 2412 4241 et
2435 4185 2632 4238 virtute
2649 4181 2946 4238 divinitatis
2972 4196 3166 4237 munus
3191 4181 3422 4250 largiens
3448 4180 3822 4249 tecunditatis,

2217 4277 2513 4346 assumpsit
2537 4292 2603 4332 ex
2649 4289 2713 4331 ea
2740 4289 2902 4344 quam
2937 4273 3139 4332 habere
3170 4273 3337 4332 voluit
3362 4282 3612 4342 matrem,
3647 4276 3824 4330 nostri

2219 4368 2436 4440 generis
2477 4383 2656 4424 veram
2709 4381 2951 4424 carnem.
2996 4367 3067 4422 fit
3115 4367 3228 4436 ipsa
3269 4369 3646 4436 assumptione
3685 4383 3823 4423 cono

2223 4472 2411 4532 ceptus
2445 4470 2502 4516 et
2531 4469 2724 4526 natus,
2763 4474 2870 4515 non
2905 4459 3089 4525 utique
3120 4473 3403 4527 personam
3434 4458 3596 4514 aliam
3627 4474 3823 4515 susce-

515 4546 670 4611 ticos,
710 4547 798 4616 qui
829 4547 910 4602 sic
949 4564 1112 4603 unum
1157 4551 1320 4605 Deum
1360 4551 1676 4608 Trinitatem
1707 4523 1890 4610 ﬁcere
1929 4558 2114 4610 volue-
2145 4577 2197 4637 D
2224 4558 2340 4627 pit,
2388 4555 2512 4626 quia
2550 4570 2660 4611 non
2693 4554 2976 4620 hominem
3005 4564 3247 4622 paratum
3280 4554 3506 4616 invenit,
3534 4553 3631 4610 sed
3663 4569 3822 4610 uatu-

514 4647 659 4701 rtint,
694 4649 749 4691 ut
780 4652 936 4708 quem
970 4639 1182 4694 Patrem
1214 4641 1537 4711 fatebantur,
1572 4645 1742 4714 ipsum
1770 4645 1870 4700 sibi
1897 4643 2110 4712 Filium,

515 4733 688 4799 ipsum
717 4731 979 4804 fingerent
1019 4734 1276 4805 Spiritum
1309 4749 1552 4794 sanctum
1582 4757 1594 4793 :
1629 4741 1756 4795 dum
1786 4741 1993 4795 scilicet
2024 4741 2113 4810 qui

516 4846 742 4886 manens
767 4832 818 4886 in
851 4833 1161 4888 em‘estibus
1190 4844 1450 4890 creatura:
1475 4837 1632 4891 totius
1656 4836 1812 4892 Pater
1843 4834 1956 4901 fuit,
1994 4851 2116 4902 pro-

517 4931 705 4976 tensus
733 4924 784 4976 in
812 4921 1104 4994 Virginem,
1138 4935 1193 4978 et
1219 4930 1487 4982 nascendo
1511 4928 1653 4982 inter
1677 4928 1928 4983 homines
1949 4926 2116 4981 Filius

522 5016 711 5080 ﬁeret;
761 5031 1053 5086 rursusque
1107 5017 1524 5089 dispensationis
1569 5021 1818 5074 humana:
1866 5035 2118 5073 consum-

517 5118 661 5158 mato
693 5098 976 5175 nusterio,
997 5097 1158 5182 sppqer
1190 5111 1460 5182 apostolos
1499 5110 1550 5164 in
1586 5111 1778 5182 linguis
1825 5111 1993 5181 igneis
2025 5126 2117 5165 ve-

518 5195 691 5260 niens,
726 5193 958 5265 Spiritus-
987 5180 1221 5284 sagctup'
1245 5183 1529 5272 iocaretur
1565 5218 1577 5253 :
1620 5201 1720 5257 hoc
1747 5217 1934 5257 errore
1962 5217 2114 5256 com-

520 5289 654 5355 pulsi
693 5303 797 5342 non
833 5287 1022 5343 Filium
1048 5290 1143 5344 Dei
1172 5277 1474 5357 Pa'trisfsed
1507 5293 1716 5349 Patrem
1745 5295 1967 5351 credere
1988 5313 2112 5352 cru-

517 5380 756 5435 cifixum.
790 5371 942 5434 Unde
971 5395 1064 5435 eos
1091 5371 1255 5436 etiam
1285 5369 1709 5453 Patripassianos
1737 5386 1993 5455 appellari
2025 5403 2118 5442 ve—

520 5477 689 5524 tustas
715 5471 970 5526 ostendit.
1001 5471 1075 5526 Ita
1112 5475 1270 5543 igitur
1303 5467 1521 5546 propter
1571 5494 1601 5532 u
1630 5493 1729 5532 aut
1759 5481 2111 5535 substantiam

520 5562 781 5617 Sabellius
812 5573 921 5619 tres
967 5566 1138 5622 ttoluit
1166 5569 1319 5623 fateri
1351 5586 1631 5640 personas,
1674 5572 1809 5628 sieut
1837 5590 1867 5629 e
1895 5583 2111 5629 contra-

613 5813 630 5830 °
653 5813 734 5863 Att
760 5809 1085 5864 (nudaberis?
1118 5815 1253 5881 Mor,
1288 5815 1441 5880 forte,
1472 5815 1671 5869 doctos.

2223 4664 2337 4703 ram
2371 4648 2547 4717 potius
2573 4647 2883 4711 humanam,
2913 4646 2964 4700 in
2997 4661 3098 4715 qua
3135 4646 3246 4714 ipse
3276 4645 3415 4703 Deus
3441 4647 3604 4702 homo
3627 4663 3822 4704 nasce-

2223 4752 2390 4806 retur,
2416 4741 2644 4808 accepit.
2675 4737 2869 4800 Habuit
2907 4737 3068 4808 igitur
3098 4737 3327 4796 humana
3364 4749 3578 4804 natura,
3607 4755 3676 4794 es
3712 4755 3821 4808 quo

2223 4843 2306 4887 est
2335 4843 2539 4895 creata,
2582 4845 2898 4900 personant;
2937 4831 3030 4886 sed
3065 4846 3224 4884 unam
3246 4846 3368 4886 cum
3399 4830 3542 4895 Deo,
3575 4836 3665 4902 qui
3698 4847 3819 4887 eam

2223 4925 2575 4998 suscipiendo
2618 4933 2831 4980 creatus
2872 4935 2978 4980 est.
3029 4924 3106 4978 'fu
3158 4925 3384 4994 proinde
3413 4925 3660 4996 qui-quis
3695 4925 3821 4980 huic

2228 5017 2349 5072 fidei
2382 5017 2705 5071 contradicis
2732 5059 2746 5083 ,
2789 5016 3014 5072 estcudc
3043 5016 3174 5070 mihi
3208 5018 3256 5072 in
3290 5015 3509 5074 Christo
3537 5019 3654 5073 sine
3682 5022 3820 5072 dit-i-

2227 5110 2392 5163 uitate
2413 5089 2708 5188 aliquando
2743 5109 3158 5174 humanitatem,
3187 5118 3242 5163 et
3278 5119 3404 5164 tunc
3434 5109 3643 5164 fatebor
3675 5112 3821 5180 quod

2225 5185 2485 5278 habuerit-
2515 5185 2785 5272 propriam
2825 5202 2986 5258 etiam
3031 5204 3144 5259 sola
3189 5204 3420 5260 humana
3460 5216 3651 5260 natura
3696 5223 3822 5276 pcr-

2223 5312 2432 5351 soztam.
2477 5291 2773 5364 Quian-ero
2801 5295 3053 5354 divinitas
3100 5296 3320 5365 quidem
3366 5296 3521 5352 Verbi
3575 5297 3670 5354 Dei
3703 5300 3826 5356 sine

2225 5389 2554 5445 humanitate
2588 5389 2706 5458 fuit,
2742 5390 3044 5444 humanitas
3067 5405 3195 5444 vero
3225 5391 3342 5446 sint:
3367 5391 3644 5447 divinitate
3679 5409 3825 5448 nuu-

2224 5497 2382 5552 quant
2439 5483 2567 5546 fuit;
2619 5481 2740 5536 ideo
2791 5481 2975 5536 habuit
3024 5481 3201 5536 divina
3253 5493 3441 5538 natura
3493 5499 3810 5554 personam.

2223 5592 2380 5644 quam
2409 5574 2654 5629 liuttiaszw
2691 5584 2921 5642 natnrte,
2960 5575 3172 5643 quando
3202 5589 3320 5630 eum
3351 5576 3606 5646 suscepit,
3643 5577 3822 5632 indui-
