4094 6548
344 474 454 530 SHE

1518 449 1876 513 EPISTOLAS
1922 446 2009 502 ET
2039 444 2419 502 OPUSCULA.

3532 434 3630 491 914

340 594 440 658 sit;
473 599 531 647 nt
558 597 612 645 et
641 596 823 642 natura
856 581 1180 653 suscepti-ix,
1210 590 1261 636 et
1291 592 1477 635 natura
1501 582 1779 645 suscepta,
1817 573 1933 627 sine

2069 563 2207 618 tabet
2238 560 2662 623 humanitatem;
2696 571 2795 613 nec
2834 570 3062 626 persona
3112 553 3205 607 filii
3249 550 3479 611 hominis
3515 562 3635 620 qua:

347 687 453 741 ulla
482 681 799 740 confusione
829 676 1168 733 inedabiliter
1195 675 1465 735 adunata,
1506 670 1662 726 unius
1689 668 1941 724 credere-

349 786 433 834 tur
452 791 573 833 esse
601 787 842 845 persona:
863 788 877 837 ;
900 770 1029 825 dum
1060 767 1217 838 cujus
1247 776 1329 823 est
1350 764 1631 829 divinitas,
1661 760 1828 831 ipsius
1859 767 1943 813 est

350 869 686 935 humanitas;
711 876 767 922 et
794 864 950 933 cujus
980 870 1065 919 est
1094 861 1420 924 humanitas,
1450 856 1618 927 ipsius
1647 852 1895 908 divinitas
1926 868 1939 905 :

351 971 406 1018 et
435 962 558 1017 licet
607 958 711 1013 alia
751 958 821 1012 sit
846 956 1028 1010 divina
1066 962 1276 1019 natura,
1327 951 1429 1005 alia
1475 948 1545 1003 sit
1575 945 1805 999 humana
1851 957 1945 995 na-

353 1065 503 1120 tura,
538 1066 644 1107 nou
675 1050 746 1105 sit
777 1059 954 1101 tamen
988 1045 1126 1100 alius
1155 1043 1399 1098 Christus
1419 1083 1432 1106 ,
1465 1040 1619 1108 cujus
1650 1046 1730 1093 est
1761 1036 1944 1089 divina

357 1156 566 1210 natura,
599 1150 655 1197 et
680 1142 819 1196 alius
846 1136 1118 1202 Christus,
1150 1135 1305 1204 cujus
1334 1143 1417 1187 est
1447 1131 1681 1186 humana
1724 1136 1941 1188 natura;

358 1237 452 1293 sed
482 1237 625 1291 idem
656 1235 726 1288 sit
754 1246 891 1287 unus
921 1229 1190 1294 Christus,
1221 1227 1373 1296 cujus
1401 1233 1484 1279 est
1512 1224 1746 1278 humana
1777 1226 1831 1275 et
1858 1217 1943 1272 di-

359 1332 478 1387 vina
504 1336 714 1384 natura.
742 1325 930 1393 Neque
954 1324 1099 1379 enim
1132 1321 1211 1375 sic
1235 1320 1288 1374 in
1314 1318 1551 1384 Christo,
1582 1314 1717 1368 sicut
1742 1312 1794 1366 in
1823 1325 1946 1379 pro-

360 1422 539 1490 phetis
584 1415 900 1472 inhabitavit
961 1413 1053 1468 Dei
1097 1410 1364 1476 Verbum,
1412 1408 1511 1463 sed
1546 1405 1772 1460 Verbum
1828 1417 1947 1455 caro

361 1515 558 1584 factum
589 1519 687 1579 est,
718 1520 770 1563 ut
803 1508 1048 1562 habitaret
1076 1507 1127 1560 in
1156 1504 1297 1559 nobis
1323 1501 1506 1573 (Ioan.
1540 1517 1579 1565 ι,
1610 1497 1721 1567 id).
1747 1496 1844 1551 Hic
1868 1502 1952 1550 est

365 1605 625 1661 Dominus
656 1602 814 1658 Jesns
839 1599 1107 1655 Christus.
1134 1598 1211 1653 De
1232 1596 1378 1656 nullo
1402 1593 1634 1664 denique
1665 1589 1946 1660 propheta,

361 1697 607 1767 quamvis
646 1710 714 1750 ex
764 1707 991 1764 persona
1037 1690 1135 1745 Dei
1183 1691 1351 1744 multa
1395 1688 1589 1755 saepius
1642 1687 1950 1754 loquantur,

362 1788 640 1858 Scriptura
683 1795 868 1841 sancta
910 1783 1150 1840 narravit
1194 1781 1336 1851 quod
1382 1788 1528 1836 esset
1574 1790 1737 1844 super
1774 1775 1953 1832 omnia

365 1879 527 1935 Deus.
580 1880 655 1933 De
686 1877 899 1932 Christo
942 1885 1121 1930 autem
1160 1873 1480 1929 fiducialiter
1522 1868 1809 1941 Apostolus
1839 1867 1952 1921 cla-

2050 655 2326 710 nobiscum
2360 652 2518 706 habet
2562 647 2974 712 humanitatem,
3007 644 3276 700 mediator
3315 648 3500 696 noster
3532 647 3635 707 est,

2047 748 2168 817 quia
2197 761 2302 799 non
2336 745 2493 799 habet
2520 757 2640 797 cum
2673 743 2780 797 Deo
2802 740 3157 795 divinitatem.
3190 734 3427 790 Proinde
3447 733 3490 786 si
3517 747 3636 786 eum

2048 835 2399 907 baptizamur,
2444 836 2590 889 illam
2620 831 2991 887 tantummodo
3017 841 3303 900 personam
3336 840 3458 891 quin
3481 824 3641 877 habrt

2046 947 2170 987 cum
2196 930 2309 985 Deo
2347 928 2704 992 divinitatem,
2736 926 3100 987 nominamus,
3144 928 3195 976 et
3226 917 3496 990 quomodo
3522 915 3639 969 sine

2047 1019 2835 1080 mediatore~reconeiliamur?
2879 1019 3063 1073 Restat
3109 1030 3238 1085 ergo
3288 1020 3348 1065 ut
3379 1012 3424 1065 si
3472 1010 3642 1063 nomi—

2050 1126 2176 1171 nato
2206 1116 2256 1169 in
2288 1113 2613 1183 baptismate
2642 1111 2778 1165 Filio
2801 1109 3151 1165 mediatorem
3184 1103 3466 1159 nominare
3493 1100 3644 1153 volu-

2050 1224 2189 1274 mus,
2222 1206 2397 1276 ipsmn
2438 1204 2632 1260 Filium
2685 1218 2792 1257 non
2832 1201 3167 1265 dividamus;
3218 1195 3313 1252 sed
3355 1197 3497 1248 hunc
3524 1206 3645 1246 esse

2055 1303 2241 1371 Deum,
2276 1320 2433 1372 quem
2466 1303 2735 1357 hominem
2767 1300 3091 1355 conﬁ'entes
3113 1339 3128 1364 ,
3177 1303 3459 1367 negatores
3488 1291 3645 1349 unius

2052 1410 2297 1465 personae
2325 1395 2592 1450 veraciter
2632 1393 3040 1447 confundamus.
3083 1388 3337 1458 Alioquin
3376 1384 3646 1455 quomodo

2052 1503 2238 1543 verum
2272 1489 2410 1553 erit,
2445 1487 2566 1556 quia
2600 1486 2906 1557 quicunque
2936 1482 2989 1537 in
3036 1480 3252 1536 Christo
3283 1478 3640 1548 baptiztimnr,

2054 1581 2106 1636 in
2139 1594 2311 1634 morte
2342 1578 2507 1647 ipsius
2540 1577 2875 1644 haptizamnr
2918 1574 3094 1643 (llam.
3135 1588 3210 1636 vr,
3241 1569 3319 1639 '5),
3363 1569 3406 1624 si
3436 1566 3646 1637 quando

2054 1669 2247 1726 Filium
2280 1671 2329 1723 in
2363 1670 2682 1739 baptismate
2729 1667 3087 1730 nominamus,
3135 1674 3242 1718 non
3271 1675 3430 1716 unam
3464 1672 3647 1727 perso-

2056 1779 2179 1818 nam
2211 1764 2303 1818 Dei
2346 1762 2683 1831 hominisque
2710 1803 2722 1826 ,
2754 1760 2846 1815 sed
2880 1772 3161 1828 personam
3193 1756 3359 1810 solam
3404 1751 3523 1807 Filii
3556 1751 3647 1806 Dei

2057 1856 2174 1914 sine
2224 1869 2451 1924 persona
2500 1853 2595 1907 lilii
2640 1852 2874 1907 hominis
2917 1851 3288 1914 nominamus;
3328 1846 3554 1925 quando
3604 1845 3647 1898 si

364 1983 474 2028 mat
504 1991 518 2026 :
559 1971 640 2026 Ea:
667 1973 850 2041 quibus
893 1980 967 2024 est
1008 1969 1245 2024 Christus
1275 1966 1555 2023 secundum
1584 1978 1789 2017 carnem
1811 2000 1825 2026 ,
1867 1959 1953 2030 qui

2069 1962 2190 2003 vere
2233 1948 2458 2041 fuissent
2507 1946 2627 2000 dua:
2660 1961 2903 2015 persona:
2929 1986 2943 2009 ,
3003 1944 3072 1999 ad
3118 1941 3647 1999 commemorandam

365 2077 433 2121 est
471 2083 625 2137 super
650 2066 825 2119 omnia
870 2064 1004 2118 Deus
1046 2063 1338 2117 benedictus
1368 2061 1421 2115 in
1447 2060 1639 2114 stecula
1671 2056 1848 2128 (Rom.
1878 2069 1954 2119 ιι,

366 2160 443 2227 5).
478 2161 533 2215 Si
564 2160 683 2230 quis
714 2161 857 2215 enim
890 2158 1165 2228 negaverit
1192 2155 1467 2212 Christum
1496 2155 1590 2211 Dei
1620 2154 1958 2221 hominisque

367 2252 531 2305 filium
575 2267 734 2306 unam
781 2252 980 2307 habere
1006 2266 1314 2320 personam,
1357 2250 1495 2304 duos
1522 2249 1778 2320 praedicat
1805 2246 1958 2302 Chri-

368 2353 515 2409 stos;
547 2350 601 2398 et
641 2344 685 2398 si
714 2343 909 2413 duplex
943 2342 1254 2397 adorandus
1285 2341 1368 2395 vel
1401 2340 1659 2395 colendus
1688 2349 1772 2395 est
1799 2335 1958 2393 (ΣΙιιίο

368 2444 484 2489 stus
505 2475 522 2500 ,
564 2449 670 2488 non
701 2433 1044 2499 Trinitatem,
1075 2434 1172 2488 sed
1202 2432 1617 2503 quaternitatem
1656 2430 1867 2485 adorat.
1900 2428 1960 2485 Si

368 2527 488 2598 quis
542 2528 734 2582 iterum
782 2542 941 2581 unam
980 2526 1182 2581 Christi
1216 2510 1365 2581 dicit
1411 2540 1532 2582 esse
1577 2533 1857 2589 naturam,
1907 2532 1963 2580 et

370 2619 613 2689 quamvis
644 2633 766 2674 eum
798 2634 861 2674 ex
894 2619 1100 2673 duabus
1132 2632 1330 2687 negare
1364 2633 1473 2671 non
1502 2616 1716 2682 audeat,
1747 2614 1799 2669 in
1825 2616 1958 2669 dua-

371 2712 471 2766 bus
497 2718 678 2765 tamen
723 2709 1036 2765 substantiis
1069 2709 1316 2765 confiteri
1343 2719 1559 2764 veretur
1592 2719 1683 2762 aut
1721 2707 1959 2773 dubitat,

373 2800 465 2855 hic
509 2809 600 2855 aut
633 2801 789 2855 unius
821 2812 1026 2855 natura:
1071 2800 1442 2868 abolitionem,
1476 2808 1569 2854 aut
1614 2808 1964 2868 utrarumque

372 2899 648 2947 asseverat
693 2890 1087 2948 confusionem.
1123 2890 1237 2945 Nisi
1268 2890 1411 2946 enim
1455 2890 1522 2946 de
1564 2890 1773 2946 duabus
1803 2905 1959 2944 unam

373 2984 533 3041 simul
564 2984 869 3050 abstulerit,
893 2992 985 3038 aut
1008 2996 1261 3054 utrasque
1281 2982 1609 3052 confuderit,
1643 2998 1801 3038 unam
1832 2998 1965 3054 quo-

374 3075 538 3131 modo
559 3074 820 3145 praedicet
848 3089 955 3129 non
985 3074 1219 3131 habebit.

422 3188 503 3255 74.
537 3187 646 3244 llos
674 3187 1075 3258 Scripturarutn
1106 3189 1450 3259 testimoniis,
1488 3198 1545 3245 ut
1571 3189 1813 3260 epistolae
1845 3205 1964 3247 mo-

376 3282 477 3338 dus
518 3290 785 3347 teneatur,
823 3281 1059 3338 breviter
1107 3283 1422 3351 refutantes,

378 3377 548 3431 nostri
583 3376 832 3445 primitus
860 3375 1287 3445 consideremus,
1316 3376 1509 3446 quibus
1532 3376 1693 3431 fixam
1725 3375 1964 3447 regulam

378 3468 554 3527 divini
601 3469 942 3537 baptismatis
984 3469 1239 3537 tradens,
1286 3469 1390 3526 hoc
1437 3472 1700 3541 apostolis
1740 3473 1852 3526 suis
1878 3470 1964 3527 di-

379 3576 510 3617 cens
541 3570 566 3599 ·
602 3579 613 3616 :
646 3559 748 3627 Ite,
774 3561 1026 3631 baptisate
1056 3579 1229 3616 omnes
1260 3571 1430 3634 gentes
1453 3563 1505 3617 in
1540 3564 1743 3617 nomine
1769 3563 1966 3631 Patris,

381 3662 427 3707 et
458 3653 604 3717 Filii,
654 3662 701 3706 et
732 3652 964 3723 Spiritus
999 3654 1169 3706 sancti
1206 3652 1421 3724 (Matth.
1474 3669 1666 3720 xxvm,
1697 3654 1809 3726 l9).
1840 3654 1967 3711 illos

382 3745 524 3801 enim
553 3745 643 3815 qui
676 3755 861 3814 putant
906 3744 1178 3800 Christum
1226 3760 1385 3800 unam
1417 3759 1521 3801 non
1555 3745 1755 3802 habere
1785 3760 1969 3816 perso-

383 3854 528 3905 nam,
563 3839 838 3909 interrogo
870 3854 884 3891 :
934 3837 1222 3893 Nominato
1254 3839 1306 3892 in
1349 3838 1670 3907 baptismate
1698 3838 1834 3895 Filio
1860 3880 1873 3906 ,
1922 3842 1969 3894 si

384 3943 492 3984 non
520 3937 605 3983 est
646 3943 751 3983 una
785 3927 882 3983 Dei
914 3927 1255 3999 hominisque
1285 3943 1512 3999 persona
1538 3970 1552 3995 ,
1592 3946 1712 4001 qua:
1742 3944 1970 3999 persona

386 4021 730 4076 nominatur?
759 4021 815 4077 Si
863 4020 1140 4089 dixerint,
1190 4022 1314 4077 Filii
1362 4022 1498 4090 Dei,
1541 4038 1641 4080 nec
1670 4022 1815 4079 hunc
1851 4039 1971 4080 esse

383 4113 710 4171 conﬁtentur
740 4114 906 4169 filium
938 4114 1195 4182 hominis,
1248 4132 1406 4186 quem
1452 4118 1650 4173 Filium
1680 4118 1811 4186 Dei;
1842 4134 1971 4190 ergo

386 4204 561 4259 omnis
586 4219 613 4257 a
646 4205 1067 4274 regenerationis
1091 4216 1432 4262 sacramento
1460 4208 1628 4277 gratia
1656 4210 1971 4267 mediatoris

384 4296 645 4352 aufertur.
688 4296 836 4352 Unus
866 4308 938 4353 est
968 4301 1102 4353 enim
1126 4341 1142 4368 ,
1182 4299 1323 4355 sicut
1352 4300 1484 4354 dicit
1509 4304 1820 4371 Apostolus,
1863 4290 1970 4359 nie-

388 4389 556 4443 diator
576 4388 677 4442 Dei
696 4400 740 4443 et
763 4391 1046 4458 hominum,
1065 4391 1213 4445 homo
1235 4390 1467 4446 Christus
1493 4392 1643 4447 Iesus
1669 4393 1722 4464 (1
1748 4394 1883 4449 Tim.
1910 4412 1968 4466 ιι,

389 4483 470 4547 5).
508 4480 640 4534 Etsi
671 4481 840 4551 (quod
879 4482 1041 4553 absit)
1068 4484 1341 4539 nominato
1374 4485 1426 4538 in
1458 4486 1782 4555 baptismate
1811 4487 1970 4554 Filio,

389 4573 500 4625 sola
532 4572 655 4626 Filii
698 4573 789 4627 Dei
824 4588 1055 4644 persona
1098 4574 1437 4643 nominatur,
1491 4583 1547 4630 et
1590 4590 1817 4644 persona
1851 4577 1973 4632 Filii

2060 2049 2289 2095 mortem
2321 2022 2520 2094 Chi-imi
2567 2039 2617 2092 in
2649 2054 2753 2109 qua
2785 2052 2882 2092 nos
2925 2036 3183 2107 baptizari
3218 2035 3374 2089 docet
3423 2036 3650 2102 Aposto-

2062 2131 2144 2186 lus
2172 2171 2186 2196 ,
2232 2144 2464 2198 persona
2507 2129 2602 2183 filii
2636 2128 2866 2183 hominis
2898 2125 3311 2183 commemorari
3351 2123 3651 2180 debuerat?

2060 2222 2367 2278 Secundum
2399 2222 2669 2277 hominem
2700 2221 2840 2275 enim
2874 2219 3009 2274 mori
3045 2219 3216 2288 potuit
3250 2216 3514 2272 Christus.
3546 2208 3653 2268 Sed

2063 2313 2109 2366 si
2141 2313 2233 2367 ille
2260 2313 2350 2382 qui
2381 2326 2663 2381 personam
2690 2327 2849 2366 unam
2877 2325 3074 2380 negare
3095 2318 3319 2365 conatur
3340 2309 3390 2361 in
3414 2304 3651 2368 Christo.

2064 2419 2131 2458 ne
2150 2403 2405 2459 excludat
2431 2402 2819 2458 incarnationis
2840 2416 2870 2456 a
2894 2402 3217 2471 baptismate
3240 2404 3655 2458 sacramentum,

2064 2496 2338 2552 nominato
2366 2495 2503 2550 Filio
2534 2509 2819 2565 personam
2854 2494 2950 2548 filii
2991 2490 3222 2546 hominis
3252 2496 3656 2543 aSSeveraruo-

2066 2585 2293 2651 minari;
2330 2600 2433 2639 non
2479 2599 2609 2654 ergo
2654 2585 2704 2638 in
2739 2584 2892 2638 unito
2924 2581 3209 2638 Trinitatis
3242 2577 3458 2634 nomine
3487 2576 3657 2645 bapti.

2067 2693 2275 2733 zamus.
2307 2678 2489 2747 Neque
2521 2675 2662 2731 enim
2694 2676 2931 2730 Trinitas
2984 2682 3158 2743 potest
3202 2670 3308 2725 dici
3336 2713 3351 2736 ,
3393 2668 3482 2723 ubi
3516 2664 3656 2721 Deus

2070 2771 2167 2825 Dei
2198 2768 2366 2824 Filius
2391 2783 2496 2823 non
2529 2768 2856 2832 nominatur,
2879 2764 2923 2821 si
2953 2778 3179 2835 persona
3201 2771 3406 2817 tantum
3438 2758 3534 2813 ﬁlii
3564 2758 3656 2813 lto-

2068 2861 2227 2916 minis
2264 2860 2581 2915 inculcatur.

2140 2950 2195 3006 5.
2227 2950 2295 3007 Ut
2324 2965 2453 3019 ergo
2483 2948 2723 3003 Trinitas
2755 2957 2862 3002 tuta
2892 2948 2943 3001 in
2978 2947 3297 3015 baptismate
3328 2943 3655 3009 nominetur,

2069 3050 2125 3098 et
2163 3040 2475 3097 mediatoris
2515 3041 2684 3112 gratia
2717 3054 2821 3095 non
2855 3040 3095 3101 sileatur,
3139 3048 3193 3092 et
3223 3037 3412 3091 mortis
3458 3034 3656 3089 Christi

2070 3135 2514 3194 commemoratio
2556 3142 2882 3202 renovetur,
2936 3147 3096 3188 unam
3160 3129 3407 3207 Clujstus
3460 3128 3657 3183 habere

2071 3242 2358 3299 personam
2388 3226 2653 3281 veraciter
2683 3234 3041 3295 agnoscatur;
3090 3232 3146 3277 ut
3177 3223 3453 3277 nominato
3478 3219 3533 3273 in
3562 3219 3656 3272 ba-

1458 3285 1628 3395 ἦ
1642 3284 1965 3395 filiai???
1991 3314 2038 3379 C
2071 3284 2323 3395 ptismate
2350 3319 2509 3387 Filio,
2552 3321 2667 3376 hac
2697 3284 2799 3375 uvna
2831 3334 3061 3389 persona
3091 3318 3355 3373 nominari
3396 3314 3661 3381 intelliga-

2072 3424 2160 3471 tur
2205 3414 2273 3471 de
2319 3430 2422 3485 qua
2464 3413 2598 3468 dicit
2626 3414 2785 3469 etiam
2813 3412 3010 3467 Paulus
3040 3426 3132 3467 vas
3161 3409 3440 3467 electionis
3473 3427 3484 3462 :
3519 3407 3659 3462 Nam

2070 3515 2118 3562 et
2143 3521 2235 3578 ego
2259 3507 2396 3576 quod
2419 3506 2626 3571 donavi,
2659 3508 2703 3559 si
2728 3504 2854 3575 quid
2877 3506 3059 3557 donavi
3095 3515 3303 3575 propter
3326 3518 3433 3571 vos,
3460 3503 3511 3555 in
3550 3515 3662 3568 per-

2072 3613 2199 3651 sona
2225 3595 2417 3650 Christi
2447 3594 2536 3667 (II
2555 3595 2676 3649 Cor.
2710 3613 2771 3660 ιι,
2806 3595 2913 3665 id).
2940 3596 3072 3662 Qua:
3102 3608 3330 3664 persona
3365 3601 3533 3647 totum
3569 3591 3663 3643 lia-

2074 3687 2209 3743 bens
2238 3686 2381 3757 quod
2414 3695 2495 3741 est
2528 3686 2645 3749 Dei,
2681 3695 2850 3741 totum
2882 3686 3083 3741 habens
3114 3684 3259 3754 quod
3294 3693 3374 3740 est
3404 3683 3658 3745 hominis,

2071 3779 2339 3836 veraciter
2365 3778 2497 3833 dicit
2528 3777 2669 3847 quod
2710 3779 2946 3834 Joannes
2971 3777 3299 3845 evangelista
3327 3789 3659 3831 commemo-

2074 3880 2158 3926 rat
2192 3890 2203 3925 :
2241 3869 2404 3925 Nemo
2426 3870 2649 3923 ascendit
2672 3871 2721 3922 in
2757 3870 2957 3935 cretum,
2986 3870 3086 3922 nisi
3104 3868 3192 3936 qui
3223 3867 3287 3920 de
3312 3867 3436 3920 creto
3458 3866 3665 3919 descen-

2076 3963 2149 4018 dit
2178 4005 2192 4030 ,
2243 3962 2383 4031 ﬁlius
2421 3961 2638 4014 hominis
2662 4001 2680 4025 ,
2722 3961 2811 4028 qui
2851 3968 2923 4013 est
2954 3960 3005 4012 in
3035 3959 3162 4013 caelo
3198 3957 3379 4028 (Joan.
3430 3972 3485 4010 Ill
3507 3998 3520 4020 ,
3553 3956 3661 4024 15).

2075 4051 2359 4120 Quomodo
2386 4051 2530 4105 enim
2565 4062 2723 4105 nemo
2747 4050 2988 4105 ascendit
3020 4049 3071 4103 in
3096 4049 3315 4112 coelum,
3349 4047 3449 4102 nisi
3484 4049 3570 4117 qui
3599 4049 3667 4101 de

2074 4144 2217 4199 cmlo
2247 4141 2566 4208 descendit,
2611 4140 2657 4195 si
2685 4156 2791 4195 non
2824 4148 2907 4196 est
2933 4156 3033 4194 una
3067 4139 3263 4195 Christi
3294 4152 3543 4209 persona,
3575 4137 3666 4207 qui

2075 4234 2359 4290 descendit
2386 4243 2440 4287 et
2479 4233 2763 4288 ascendit?
2796 4234 2993 4287 Nonne.
3009 4233 3053 4287 si
3083 4231 3214 4287 duas
3247 4232 3447 4287 habere
3476 4246 3664 4299 perso-

2077 4342 2171 4382 nas
2199 4332 2429 4395 putetur,
2462 4325 2562 4379 alia
2593 4325 2696 4379 erit
2729 4325 2846 4380 sine
2891 4324 3055 4380 dubio
3082 4337 3309 4393 persona
3338 4322 3665 4392 susceptrix,

2076 4418 2176 4472 alia
2212 4431 2440 4486 persona
2487 4417 2776 4485 suscepta?
2821 4416 2925 4470 alia
2969 4432 3089 4485 qua:
3115 4422 3198 4470 est
3250 4415 3318 4470 de
3349 4414 3460 4470 Den
3509 4413 3665 4469 Patre

2076 4518 2219 4574 nata,
2251 4508 2354 4563 alia
2385 4522 2503 4577 quae
2532 4516 2612 4562 cst
2634 4507 2726 4562 Dei
2755 4507 2912 4571 Filio,
2946 4508 3159 4576 quando
3184 4507 3451 4562 incarnari
3478 4505 3667 4574 voluit,

2079 4600 2346 4655 adunata?
2380 4600 2443 4653 Et
2468 4601 2510 4653 si
2546 4601 2617 4654 ita
2645 4608 2745 4665 est,
2770 4601 3071 4668 suscepti-ix
3104 4615 3334 4668 persona
3366 4599 3669 4662 descendit,

389 4661 482 4763 D‘?‘
516 4663 749 4763 hominis
778 4680 884 4721 non
926 4676 1398 4763 θοξηῐηθῐηθηυξῗν
1432 4667 1698 4763 mediator
1739 4686 1844 4725 mm
1872 4686 1973 4726 "0‘
2007 4667 2052 4724 ί)
2084 4703 2140 4747 ιιι
2166 4692 2485 4747 ascenderet
2515 4705 2745 4761 persona
2783 4704 3064 4762 suscepta;
3094 4706 3141 4746 et
3170 4692 3276 4763 jam
3305 4692 3494 4746 falsmn
3521 4689 3621 4743 erit
3657 4708 3669 4743 :

389 4758 642 4813 minatur.
678 4758 745 4811 Et
768 4758 1038 4827 quomodo
1065 4760 1182 4815 sine
1226 4761 1523 4817 mediatore
1548 4761 1706 4817 Pater
1734 4763 1977 4818 reconci-

389 4848 589 4903 liatur?
617 4861 712 4904 aut
737 4850 781 4903 si
820 4848 958 4905 forte
987 4867 1094 4905 non
1127 4854 1531 4919 reconciliatur,
1563 4863 1619 4908 ut
1646 4853 1773 4923 quid
1802 4854 1975 4923 bapti-

388 4956 539 4995 smus
567 4941 759 4997 datur?
785 4943 843 4999 Si
874 4954 1051 4998 autem
1078 4946 1474 5012 reconciliatur,
1505 4962 1604 5016 per
1626 4946 1977 5001 mediatorem

330 5040 347 5057 ⁴
389 5034 794 5091 reconciliatur.
830 5035 888 5092 Si
919 5050 1017 5105 per
1048 5038 1399 5092 mediatorem
1430 5038 1839 5105 reconciliatur,
1867 5052 1982 5092 me-

388 5127 567 5183 diator
596 5126 697 5182 iste
723 5136 940 5183 nonest
983 5138 1188 5182 tantum
1240 5129 1402 5194 Deus,
1432 5144 1608 5199 neque
1639 5137 1842 5185 tantum
1883 5131 1980 5184 ho-

392 5234 502 5286 mo,
547 5218 644 5275 sed
678 5220 818 5275 Deus
844 5222 1037 5287 homo;
1073 5230 1128 5275 ut
1153 5220 1346 5294 jungat
1373 5225 1668 5289 hominem,
1697 5223 1902 5277 habens
1924 5221 1980 5277 in

394 5328 499 5367 una
526 5312 823 5384 eademque
860 5328 1095 5384 persona
1126 5329 1246 5369 cum
1277 5315 1388 5369 Deo
1429 5316 1763 5370 divinitatem
1792 5358 1807 5382 ,
1856 5332 1977 5371 cum

393 5404 702 5460 hominibus
732 5405 1118 5462 humanitatem
1141 5447 1158 5472 ,
1207 5416 1263 5463 et
1309 5417 1525 5476 propter
1559 5408 1662 5463 hoc
1694 5407 1976 5464 mediator.

393 5497 526 5554 Nam
568 5501 612 5553 si
642 5500 779 5555 alter
819 5501 980 5558 fuerit
1009 5502 1169 5567 Deus,
1204 5502 1339 5556 alter
1371 5502 1569 5569 homo;
1600 5484 1649 5556 id
1678 5511 1781 5567 est,
1821 5504 1980 5557 aliam

396 5603 679 5659 personam
708 5591 952 5648 habuerit
976 5594 1116 5650 Deus
1139 5594 1404 5659 Christus,
1436 5593 1594 5649 aliam
1627 5596 1785 5651 homo
1817 5595 1977 5650 Chri-

393 5696 543 5751 stus;
572 5699 673 5740 nec
700 5701 925 5755 persona
956 5687 1044 5743 illa
1088 5689 1287 5745 Christi
1334 5705 1452 5760 qua:
1502 5690 1661 5746 habet
1707 5707 1833 5747 cum
1870 5694 1979 5747 Deo

394 5774 749 5845 divinitatem,
778 5777 1040 5836 mediator
1066 5788 1251 5839 uoster
1277 5788 1378 5852 est,
1411 5782 1533 5853 quia
1561 5795 1666 5839 non
1693 5783 1972 5841 nobiscum

471 5900 490 5925 τ’
523 5890 662 5963 Lege
695 5892 844 5947 dixit.

2088 4784 2251 4838 Nemo
2286 4784 2511 4838 ascendit
2546 4785 2602 4837 in
2634 4784 2845 4850 caelum,
2881 4785 2981 4837 nisi
3022 4785 3107 4851 qui
3138 4785 3200 4837 de
3232 4786 3357 4837 raelo
3385 4781 3665 4837 descendit.

2086 4875 2369 4930 Descendit
2392 4875 2533 4930 enim
2566 4890 2793 4944 persona
2821 4875 2941 4929 Filii
2974 4875 3067 4930 Dei
3097 4885 3152 4930 et
3178 4873 3421 4929 ascendit
3450 4882 3673 4942 persona

2089 4964 2337 5033 hominis,
2365 4982 2426 5020 ac
2458 4968 2536 5021 sic
2561 4983 2664 5021 non
2697 4968 2787 5020 illa
2822 4983 2935 5035 qua:
2964 4966 3242 5021 descendit
3266 4966 3527 5021 ascendit.
3567 4966 3674 5022 lioc

2085 5057 2375 5112 secundum
2414 5060 2731 5124 pravitatem
2779 5058 2933 5111 malae
2961 5056 3329 5125 intelligentize
3354 5072 3539 5111 eorum
3586 5060 3673 5127 qui

2085 5149 2359 5217 duplicant
2389 5148 2662 5203 Christum
2692 5191 2703 5211 ,
2749 5148 3057 5217 disputandi
3093 5149 3388 5203 necessitas
3412 5150 3676 5215 compulit

2086 5238 2251 5309 loqui.
2294 5238 2561 5293 Caeterum
2588 5239 2711 5295 ideo
2733 5257 2860 5296 vere
2891 5256 3050 5297 nemo
3088 5241 3332 5295 ascendit
3370 5241 3422 5294 in
3455 5242 3673 5304 etclam,

2088 5333 2191 5386 nisi
2217 5332 2305 5401 qui
2334 5334 2397 5384 de
2420 5333 2561 5387 coelo
2592 5335 2891 5399 descendit,
2922 5336 3042 5405 quia
3089 5350 3191 5389 una
3224 5341 3307 5389 est
3335 5333 3675 5389 ascendentis

2089 5422 2577 5490 descendentisque
2601 5437 2852 5489 persona,
2893 5426 3185 5479 secundum
3216 5433 3455 5478 naturam
3484 5422 3678 5477 divini-

2091 5512 2215 5567 tatis
2260 5513 2547 5567 inclinante
2574 5515 2919 5570 miseratione
2948 5516 3288 5573 descendens
3317 5562 3330 5584 ,
3379 5516 3678 5571 secundum

2089 5613 2335 5658 naturam
2391 5603 2737 5661 humanitatis
2803 5620 2927 5660 eum
2995 5618 3196 5675 ποιηνεο
3259 5609 3679 5663 immortalitatis

2089 5697 2300 5750 ascend.
2324 5712 2408 5750 ns.
2441 5698 2573 5752 lluic
2594 5698 2737 5752 enim
2771 5699 2844 5752 rei
2880 5700 3240 5754 teStimonium
3274 5701 3407 5755 darts
3437 5700 3676 5771 gentium

2087 5789 2315 5857 Doctor,
2347 5798 2528 5861 aperte
2558 5791 2707 5862 ponit
2736 5808 2748 5846 :
2783 5792 2881 5861 Qui
2911 5793 3167 5871 descendit
3194 5837 3206 5861 ,
3255 5798 3362 5865 ipse
3406 5805 3479 5848 est
3510 5803 3555 5849 et
3596 5794 3678 5860 qui
