4094 6482
478 331 586 388 915
680 338 683 339 ⁷

1409 330 1771 389 FULGENTII
1818 327 2166 384 Flil'lilANDl
2212 328 2483 384 DIACONI
2514 326 2867 385 CARTHAG.

3671 324 3785 381 916

482 444 711 502 ascendit
749 444 967 516 (Ephes.
1017 461 1086 511 iv,
1121 442 1209 514 l0)
1246 463 1257 497 :
1294 444 1408 513 ipse
1438 443 1614 513 plane.
1670 458 1773 499 non
1813 440 1980 504 alius;
2010 447 2072 503 et
2098 441 2152 500 Δ
2181 447 2282 504 ret,
2312 440 2415 505 Qui
2448 456 2527 494 me
2562 440 2735 505 uidet,-
2758 439 2871 523 jam
2899 440 3046 495 visus
3088 439 3141 493 in
3185 452 3367 505 carne,
3401 437 3564 494 videri
3596 440 3784 494 adhuc

483 534 531 590 si
557 551 664 591 non
705 535 871 602 alius,
907 550 1009 590 una
1063 550 1315 605 prorsus,
1359 535 1548 590 eadem
1597 534 2075 604 inseparabilisque

486 641 734 694 persona,
762 625 831 681 de
858 640 962 695 qua
1008 636 1152 681 recte
1174 626 1375 682 dicitur
1406 644 1420 680 :
1456 625 1624 680 Nemo
1647 626 1877 683 ascendit
1903 626 1957 679 in
1980 641 2077 679 ca:-

485 717 615 782 lum,
634 717 737 771 nisi
757 718 844 784 qui
864 721 928 771 de
947 717 1075 773 calo
1097 718 1356 772 descendit
1386 716 1568 788 (Joan.
1600 733 1679 782 tu,
1714 718 1803 788 15)
1828 735 1844 785 ;
1870 728 1925 772 et
1954 732 2078 787 pro-

486 818 606 879 pter
635 822 794 878 quam
826 809 995 865 tardis
1040 811 1313 866 mentibus
1355 810 1728 865 inculcandam
1774 810 2080 865 rectissime

2177 531 2368 587 volens
2420 531 2473 587 in
2500 530 2819 599 divinitate,
2867 531 2963 589 sed
2992 531 3199 586 diceret
3238 530 3449 601 potius,
3496 529 3597 598 Qui
3629 530 3781 585 videt

2177 623 2346 680 Deum
2375 639 2579 693 meum,
2611 625 2757 681 videt
2799 640 3087 695 personam
3119 625 3213 680 Dei
3245 625 3374 680 mei.
3404 624 3539 692 Quid
3567 634 3648 680 est
3682 641 3783 679 au-

2178 724 2287 771 tem
2335 715 2517 772 dicere
2553 715 2754 771 videnti
2803 731 2886 783 se,
2921 716 3025 782 Qui
3054 717 3189 771 videt
3237 733 3316 771 me
3347 758 3361 782 ,
3413 714 3514 771 nisi
3542 714 3729 793 dicere
3762 734 3778 770 :

2180 804 2294 877 Ego
2322 820 2441 862 sum
2465 806 2555 877 qui
2584 806 2792 875 videor,
2820 820 2921 877 ego
2949 806 3044 877 qui
3078 820 3183 861 non
3212 804 3439 860 videor?
3466 806 3532 861 Et
3562 807 3652 876 qui
3688 823 3781 863 me

490 908 829 970 sequeretur,
876 898 1050 956 Filius
1075 900 1297 956 hominis
1324 903 1415 973 qui
1436 911 1513 957 est
1545 903 1598 957 in
1626 902 1772 957 caelo.
1807 901 1908 956 Hic
1935 901 2078 956 enim
2176 896 2288 965 jam
2321 897 2452 952 foris
2481 896 2771 953 carnaliter
2798 897 2964 964 videt,
2994 898 3038 954 si
3072 897 3216 953 videt
3259 896 3406 953 intus
3431 897 3780 966 Spiritaliter,

486 1008 673 1061 quaaro
703 1009 718 1047 :
743 993 789 1048 si
814 1010 919 1049 non
944 1002 1030 1049 est
1054 1008 1155 1048 una
1183 995 1276 1048 Dei
1304 993 1646 1063 hominisque
1669 1006 1921 1062 persona,
1948 1006 2082 1063 quo—

487 1085 651 1140 modo
680 1084 815 1142 dicit
843 1102 856 1139 :
889 1084 1063 1141 Filius
1093 1086 1314 1140 hominis
1352 1086 1441 1156 qui
1468 1094 1539 1140 est
1566 1087 1620 1138 in
1661 1085 1821 1149 ctelo,
1864 1082 2083 1154 quando

487 1176 666 1240 adhuc
710 1177 939 1239 necdum
994 1191 1183 1247 passus
1227 1177 1548 1248 loquebatur
1594 1177 1646 1231 in
1676 1175 1908 1231 smculo?
1949 1175 2085 1243 Quo-

488 1268 653 1326 modo
681 1277 787 1332 est,
818 1268 1037 1339 inquam
1066 1310 1081 1335 ,
1103 1316 1109 1326 ,
1131 1268 1405 1339 quomodo
1434 1277 1521 1325 est
1564 1269 1616 1323 in
1645 1270 1783 1325 coelo
1814 1268 1955 1323 ﬁlius
1984 1268 2084 1325 ho-

490 1359 653 1415 minis
680 1367 807 1414 ante
836 1368 1064 1415 mortem
1096 1361 1295 1425 crucis,
1326 1360 1704 1433 ante-gloriam
1736 1361 2088 1421 resurrectio-

494 1451 579 1504 nis
604 1491 620 1517 ,
671 1458 795 1505 ante
827 1450 1159 1518 triumphum
1189 1452 1541 1516 ascensionis,
1573 1451 1676 1507 nisi
1708 1452 1832 1522 quia
1863 1451 2090 1507 adhtesit

493 1538 561 1594 ad
594 1539 855 1595 unitatem
881 1554 1123 1608 personte
1143 1539 1280 1597 Filio
1304 1541 1420 1607 Dei,
1452 1541 1540 1609 qui
1565 1557 1836 1612 nunquam
1867 1544 2091 1599 recessit

499 1646 567 1687 ex
605 1632 777 1698 cmlo;
807 1643 862 1688 et
891 1633 1013 1688 ideo
1038 1642 1118 1687 est
1152 1633 1294 1688 ﬁlius
1326 1632 1556 1689 hominis
1582 1633 1633 1688 in
1665 1635 1826 1700 caelo,
1854 1637 1977 1704 quia
2019 1635 2089 1690 ibi

500 1730 587 1781 est
615 1737 831 1793 semper
856 1723 1023 1781 Filius
1056 1724 1169 1791 Dei,
1215 1726 1305 1797 qui
1336 1724 1510 1787 factus
1538 1734 1621 1782 est
1651 1725 1793 1781 ﬁlius
1815 1726 2093 1783 hominis?

2186 1003 2294 1045 non
2322 988 2577 1054 alterum,
2607 987 2703 1044 sed
2732 1003 2855 1053 me;
2888 987 2977 1043 hic
3008 987 3251 1057 profecto
3276 988 3363 1058 qui
3394 988 3473 1045 sic
3496 988 3639 1044 videt
3668 1004 3783 1055 me,

2185 1078 2332 1136 videt
2359 1088 2416 1136 et
2443 1079 2682 1136 Patrem.
2707 1080 2776 1136 Et
2795 1089 3015 1136 secutus
3044 1082 3260 1136 statim:
3297 1079 3409 1151 Ego
3437 1082 3494 1136 in
3524 1080 3714 1148 Patre,
3737 1092 3787 1136 et

2189 1171 2352 1228 Pater
2378 1174 2433 1229 in
2464 1190 2544 1228 me
2569 1172 2765 1244 (Ibid.,
2789 1173 2903 1243 10).
2939 1173 3167 1242 Quando
3194 1174 3397 1230 diceret
3423 1189 3550 1230 caro
3582 1184 3790 1231 morta—

2189 1265 2273 1331 lis,
2317 1263 2426 1336 Ego
2455 1265 2508 1320 in
2539 1264 2716 1329 Patre,
2755 1274 2802 1319 et
2844 1264 3004 1321 Pater
3049 1267 3102 1320 in
3127 1283 3227 1333 me,
3282 1267 3384 1321 nisi
3418 1267 3530 1337 ipse
3562 1277 3788 1337 propter

2190 1358 2453 1412 unitatem
2492 1370 2739 1427 personae
2767 1366 2913 1414 esset
2943 1356 3084 1413 Deus
3112 1358 3452 1426 immortalis,
3481 1360 3571 1428 qui
3603 1360 3789 1414 cruci-

2194 1448 2436 1520 ﬁgendus
2474 1449 2650 1503 fuerat
2696 1449 2858 1503 homo
2910 1449 3190 1505 mortalis?
3246 1450 3384 1505 Audi
3429 1466 3551 1506 eum
3608 1451 3792 1505 adhuc

2195 1538 2353 1593 unius
2382 1553 2505 1594 esse
2540 1538 2824 1595 veritatem
2874 1553 3120 1610 persona:
3166 1539 3341 1594 modis
3384 1539 3620 1609 pluribus
3655 1540 3795 1596 alle-

2194 1640 2436 1701 gantem.
2483 1628 2617 1684 Cum
2667 1630 3026 1701 interrogaret
3070 1629 3363 1699 discipulos
3400 1644 3529 1685 suos
3571 1648 3584 1682 :
3625 1630 3792 1697 Quem

2196 1737 2298 1787 me,
2330 1721 2524 1792 inquit,
2555 1721 2730 1775 dicunt
2754 1721 2982 1775 homines
3009 1736 3115 1775 esse
3137 1720 3302 1788 ﬁlium
3325 1721 3581 1791 hominis(
3593 1719 3791 1774 Matth.

497 1814 691 1871 Mirum
723 1816 920 1885 qdippe
948 1858 961 1883 ,
1015 1818 1209 1872 mirum
1236 1861 1252 1887 ,
1301 1818 1405 1873 nisi
1438 1816 1791 1889 intelligatur,
1842 1829 2084 1888 apparet.
2117 1819 2164 1879 B
2194 1830 2307 1880 xvi,
2337 1813 2463 1883 l5)?
2506 1812 2639 1868 Post
2666 1813 2952 1884 opiniones
2982 1811 3179 1867 multas
3208 1820 3263 1867 et
3307 1811 3478 1867 varias
3505 1810 3791 1866 hominum

497 1904 761 1961 Dominus
790 1906 920 1961 dicit
953 1924 965 1959 :
995 1906 1164 1962 Nemo
1191 1910 1423 1969 ascendit
1452 1910 1507 1963 in
1535 1909 1740 1976 caelum,
1781 1911 1883 1964 nisi
1910 1912 1999 1982 qui
2029 1912 2092 1966 de

499 1996 627 2051 (telo
689 1995 982 2062 descendit;
1021 2006 1076 2052 et
1102 1998 1254 2068 quasi
1296 1999 1651 2069 interrogaret
1679 2001 1917 2070 aliquis:
1962 2001 2094 2069 Quis

503 2094 589 2140 est
620 2085 759 2141 iste?
805 2088 1084 2143 confestim
1116 2090 1232 2143 sine
1270 2090 1603 2147 dubitatione
1645 2093 1963 2162 respondit:
1998 2091 2095 2146 Fi-

502 2177 606 2239 lius
636 2177 857 2233 hominis
883 2181 973 2251 qui
993 2190 1064 2236 est
1086 2182 1141 2236 in
1172 2184 1319 2238 (telo.
1356 2183 1401 2239 Ο
1427 2183 1654 2240 Domine
1680 2184 1829 2253 Jesu,
1864 2186 1919 2241 In
1944 2188 2094 2255 prin-

510 2270 601 2338 pio
634 2271 891 2340 Verbum,
938 2282 994 2328 et
1024 2274 1254 2330 Verbum
1286 2277 1428 2346 apud
1460 2277 1653 2344 Deum,
1682 2290 1737 2332 et
1778 2278 1918 2334 Deus
1960 2278 2094 2334 Ver-

503 2363 664 2429 bum;
701 2378 880 2423 nonne
903 2375 1189 2435 antequam
1214 2366 1595 2435 descenderes,
1623 2377 1681 2424 et
1714 2368 1945 2424 Verbum
1970 2383 2097 2425 caro

503 2453 666 2510 ﬁeres
692 2462 747 2511 et
778 2454 1050 2513 habitares
1082 2458 1135 2511 in
1166 2457 1343 2529 nobis,
1389 2458 1531 2515 Deus
1561 2468 1770 2516 tantum
1800 2461 1967 2529 luisti,
1998 2462 2100 2517 Pa-

504 2545 576 2605 tri
600 2555 656 2603 et
682 2546 901 2618 Spiritui
932 2562 1121 2606 sancto
1166 2551 1669 2623 consubstantialis,
1702 2564 1864 2627 atque
1906 2571 2013 2611 una
2043 2557 2096 2612 in

507 2637 773 2702 Trinitate
800 2643 1066 2711 persona?
1102 2643 1384 2712 Quomodo
1420 2660 1548 2716 ergo
1594 2661 1738 2702 nunc
1767 2647 1848 2703 ais
1880 2666 1893 2701 :
1929 2647 2099 2704 Nemo

505 2733 734 2788 ascendit
755 2734 812 2788 in
834 2736 1042 2804 caelum,
1081 2737 1186 2790 nisi
1208 2737 1299 2807 qui
1326 2738 1391 2792 de
1420 2738 1547 2794 calo
1576 2739 1872 2805 descendit;
1907 2750 1963 2795 et
1990 2750 2098 2796 sta-
2123 2794 2131 2801 .

510 2825 605 2878 tim
635 2838 922 2894 personam
943 2826 1322 2884 descendentis
1344 2830 1620 2885 insinuans
1648 2832 1911 2901 sequeris,
1928 2829 2102 2886 Filius

507 2914 730 2979 hominis
770 2918 860 2987 qui
889 2928 963 2973 est
992 2920 1044 2973 in
1089 2920 1264 2974 creto?
1310 2921 1592 2988 Quomodo
1634 2922 1919 2979 descendit
1960 2923 2103 2978 ﬁlius

508 3005 767 3074 hominis,
796 3016 1083 3080 antequam
1117 3018 1170 3069 tu
1205 3010 1359 3068 ﬁeres
1388 3013 1529 3067 ﬁlius
1556 3013 1808 3082 hominis,
1843 3015 1945 3070 nisi
1967 3030 2101 3084 quo-

508 3098 653 3153 niam
683 3107 737 3155 tu
766 3099 857 3170 qui
882 3115 1005 3156 eras
1033 3101 1101 3157 ab
1128 3102 1279 3158 initio
1310 3103 1477 3163 Filius
1502 3106 1621 3173 Dei,
1653 3115 1708 3160 tu
1732 3105 1876 3162 Deus
1906 3106 2098 3176 unige-

2196 1906 2391 1977 quibus
2421 1906 2509 1960 alii
2541 1906 2711 1961 Eliam
2733 1948 2747 1972 ,
2779 1905 2867 1961 alii
2896 1905 3185 1961 .leremiam
3213 1946 3228 1973 ,
3276 1905 3363 1959 alii
3396 1904 3655 1959 Joannem
3694 1905 3794 1959 Ba-

2198 1997 2426 2069 ptistam
2452 2039 2465 2063 ,
2519 1998 2609 2054 alii
2644 2012 2805 2051 unum
2838 2012 2906 2051 ex
2954 1995 3226 2064 prophetis
3272 1996 3627 2065 cpinubantur
3670 2009 3797 2049 esse

2198 2089 2470 2143 Christum
2519 2088 2651 2154 Dei,
2696 2088 2983 2143 Dominum
3012 2088 3425 2157 prophetarum,
3456 2086 3797 2156 distinguere

2199 2196 2258 2237 se
2280 2180 2547 2235 Dominus
2578 2194 2609 2234 a
2641 2178 2857 2235 famulis
2888 2178 3097 2245 volens,
3135 2193 3406 2248 unumque
3432 2192 3491 2232 se
3518 2175 3796 2233 Chrisrum

2201 2274 2477 2329 inculcare
2509 2271 2819 2327 videntibus
2848 2273 3068 2341 cupiens
3097 2289 3110 2324 :
3151 2269 3256 2326 Vos
3291 2282 3479 2337 autem,
3508 2270 3619 2335 ait,
3644 2289 3797 2343 quem

2198 2381 2281 2419 me
2318 2382 2424 2420 esse
2450 2365 2619 2418 dicitis
2648 2361 2840 2435 (Ibid.,
2871 2363 3003 2435 15)?
3031 2363 3327 2434 Respondit
3368 2364 3561 2419 Petrus
3591 2382 3604 2417 :
3631 2363 3718 2418 Tu
3746 2382 3799 2418 es

2200 2456 2433 2515 Christus
2462 2454 2637 2509 Filius
2680 2453 2779 2509 Dei
2815 2456 2912 2509 vivi
2942 2452 3141 2537 (Ibid.\,
3191 2454 3303 2526 l6).
3334 2454 3432 2510 Hic
3457 2455 3502 2510 si
3532 2471 3637 2510 una
3668 2471 3798 2527 per-

2200 2562 2333 2610 sona
2366 2547 2488 2603 Filii
2535 2547 2630 2605 Dei
2661 2556 2717 2604 et
2757 2548 2849 2603 ﬁlii
2878 2547 3109 2604 hominis
3139 2562 3244 2603 non
3276 2548 3490 2614 fuisset,
3521 2550 3799 2618 quomodo

2201 2640 2387 2698 beatus
2418 2639 2608 2697 Petrus
2651 2640 2957 2711 appellante
2985 2655 3045 2697 se
3073 2640 3288 2697 Christo
3328 2641 3491 2697 ﬁlium
3521 2641 3791 2708 hominis,

2201 2734 2348 2788 velut
2392 2732 2791 2789 contradice‘ret
2837 2733 3108 2789 adderet:
3154 2732 3232 2788 Tu
3264 2750 3316 2790 es
3359 2733 3596 2789 Christus
3624 2732 3800 2791 Filius

2206 2825 2302 2879 Dei
2325 2825 2425 2879 viui
2441 2827 2466 2881 ?
2489 2824 2738 2883 Chrisms
2764 2826 2892 2883 dicit
2937 2845 2949 2880 :
2992 2843 3073 2881 me
3098 2827 3265 2897 [ilium
3292 2825 3511 2881 hominis
3550 2840 3571 2880 :
3608 2826 3801 2882 Petrus

2202 2915 2366 2986 dicit,
2399 2916 2482 2971 Tu
2510 2934 2563 2973 es
2593 2915 2641 2970 F
2644 2919 2765 2974 ilius
2806 2916 2905 2973 Dei
2942 2918 3063 2972 vivi.
3095 2917 3150 2974 Si
3189 2934 3297 2975 non
3342 2924 3426 2974 est
3469 2932 3570 2972 una
3598 2916 3802 2975 Christi

2205 3025 2457 3080 persona,
2490 3011 2559 3069 de
2586 3012 2692 3068 alio
2738 3012 2929 3068 Petrus
2958 3012 3344 3083 interrogatur,
3375 3012 3536 3066 alium
3571 3011 3803 3069 conﬁte-

2206 3112 2310 3157 tur.
2343 3101 2730 3173 lnterrogalur,
2764 3103 2929 3171 Quem
2950 3119 3029 3158 me
3052 3119 3162 3159 esse
3180 3103 3356 3157 dicunt
3378 3104 3609 3159 homines
3629 3106 3806 3175 ﬁlium

509 3189 676 3259 nitus,
712 3200 767 3246 tu
798 3207 900 3247 una
947 3193 1001 3248 in
1044 3193 1303 3252 Trinitate
1333 3211 1563 3266 persona
1582 3241 1597 3265 ,
1646 3196 1819 3254 factus
1848 3213 1909 3255 es
1960 3198 2100 3255 ﬁlius
2126 3181 2175 3248 (ἶ
2210 3194 2468 3250 hominis?
2490 3203 2547 3251 et
2567 3194 2856 3265 respondet
2883 3213 2895 3249 :
2921 3194 3001 3250 Tu
3026 3211 3078 3251 es
3099 3194 3337 3250 Christus
3358 3193 3529 3251 Filius
3556 3196 3657 3251 Dei
3678 3197 3801 3251 eiei.

512 3285 778 3354 hominis;
822 3295 880 3343 et
907 3288 988 3344 sic
1017 3288 1186 3345 factus
1216 3304 1276 3348 es
1320 3291 1462 3347 ﬁlius
1490 3292 1743 3360 hominis,
1776 3302 1833 3348 ut
1862 3307 1968 3349 non
2013 3294 2096 3346 al-

511 3386 628 3435 tera
656 3386 802 3434 esset
832 3394 1061 3450 persona
1093 3389 1205 3451 tua,
1235 3383 1401 3439 altera
1429 3382 1520 3438 ﬁlii
1545 3382 1818 3439 hominis?

585 3466 639 3522 6.
676 3467 802 3524 [huc
831 3470 1063 3540 denique
1092 3486 1194 3527 una
1227 3473 1658 3541 commendatur,
1702 3474 1915 3544 quando
1963 3474 2102 3529 Pha-

512 3558 653 3624 rismi
685 3560 1091 3634 interrogantur
1116 3580 1146 3619 a
1176 3562 1391 3621 Christo
1424 3582 1439 3620 :
1473 3566 1611 3633 Quid
1638 3569 1776 3621 vobis
1802 3567 2004 3621 videtur
2038 3567 2103 3621 de

513 3644 760 3711 Christo?
786 3654 936 3725 cujus
959 3653 1101 3722 ﬁlius
1130 3663 1205 3709 est
1228 3653 1445 3728 (Matth.
1480 3672 1613 3723 χχιι,
1637 3656 1765 3726 49)?
1789 3656 1855 3711 Et
1885 3671 2103 3725 respon-

510 3738 783 3806 dentibus,
814 3741 1005 3810 David,
1036 3744 1167 3800 dicit
1191 3746 1348 3802 Jesus
1379 3766 1391 3800 :
1424 3747 1692 3812 Quomodo
1708 3758 1828 3819 ergo
1854 3747 2020 3801 David
2051 3748 2104 3801 in

510 3832 696 3903 spiritu
725 3843 870 3888 vocat
908 3851 1025 3889 eum
1066 3835 1376 3907 Dominum,
1410 3839 1583 3895 dicens
1619 3858 1637 3893 :
1670 3840 1816 3894 Dixit
1852 3839 2104 3896 Dominus

512 3923 736 3980 Domino
778 3944 910 3994 meo,
946 3929 1082 3985 Sede
1110 3932 1179 3984 ad
1209 3933 1470 3988 dexteram
1500 3950 1686 4002 meam,
1723 3935 1885 3989 donec
1915 3949 2105 4004 ponam

512 4015 748 4085 inimicos
772 4029 887 4075 tuos
915 4020 1194 4076 scabelium
1235 4024 1420 4092 pedum
1445 4034 1647 4081 tuorum
1679 4024 1853 4099 (Psal.
1879 4042 1990 4093 cur,
2015 4026 2106 4097 l)?

517 4107 686 4173 David
712 4113 854 4175 enim
888 4119 1044 4169 vocat
1073 4128 1195 4173 eum
1228 4114 1535 4183 Dominum,
1573 4126 1628 4174 et
1668 4118 1937 4187 quomodo
1966 4118 2106 4174 lilius

513 4202 632 4271 ejus
658 4204 776 4259 est?
818 4204 916 4262 Ubi
962 4205 1219 4267 Pharismi
1247 4209 1462 4277 quidem
1494 4211 1726 4266 convicti
1763 4219 1890 4267 sunt
1927 4220 1981 4266 et
2007 4210 2108 4264 hu-

515 4296 735 4363 tniliati;
767 4299 866 4353 sed
898 4314 993 4355 nos
1034 4308 1236 4369 tamen,
1269 4303 1311 4355 si
1340 4305 1424 4372 pie
1453 4318 1784 4374 quteramus,
1816 4305 2103 4361 admoniti.

513 4387 692 4453 Quare
720 4390 860 4444 enim
887 4390 1026 4445 ﬁlius
1072 4391 1244 4447 David
1290 4393 1557 4451 Dominus
1587 4397 1789 4461 David,
1842 4398 1947 4452 nisi
1981 4398 2105 4465 quia

520 4479 781 4534 Dominus
831 4480 997 4543 David
1031 4482 1145 4551 ipse
1187 4482 1363 4541 faetus
1415 4494 1498 4540 est
1544 4487 1686 4542 ﬁlius
1737 4488 1935 4542 David?
1969 4488 2101 4544 Nam

516 4571 762 4641 profecto
798 4573 843 4629 si
874 4588 980 4639 non
1011 4585 1155 4632 esset
1182 4593 1285 4635 una
1315 4578 1517 4634 Christi
1556 4595 1809 4648 persona,
1846 4596 1949 4635 non
1981 4598 2096 4651 ρος-
2135 4564 2189 4623 D

515 4673 599 4725 set
626 4679 746 4721 esse
776 4665 919 4724 ﬁlius
963 4666 1158 4732 David,
1189 4669 1447 4727 Dominus
1496 4670 1686 4732 David.
1736 4671 1843 4727 Sed
1879 4672 2001 4727 ideo
2030 4681 2111 4726 est

517 4755 663 4809 titius
698 4754 867 4812 David
894 4800 909 4825 ,
951 4756 1212 4821 Dominus
1245 4760 1433 4827 David,
1462 4763 1589 4832 quia
1621 4777 1905 4831 personam
1949 4780 2107 4834 quam

519 4848 679 4903 habet
708 4847 965 4905 Dominus
991 4850 1179 4917 David,
1209 4852 1377 4921 ipsam
1410 4851 1573 4907 habet
1598 4854 1738 4909 ﬁlius
1769 4854 1955 4909 David.
1984 4856 2110 4912 Haec

517 4954 621 5003 una
646 4953 896 5010 persona,
930 4943 1220 5011 postulanti
1249 4941 1497 5012 Philippo
1524 4953 1579 5000 et
1597 4944 1797 5002 dicenti
1828 4965 1839 4998 :
1867 4945 2106 5014 Domine,

515 5033 727 5087 ostende
758 5034 904 5089 nobis
933 5032 1167 5102 Patrem,
1200 5045 1245 5089 et
1275 5037 1459 5107 sufﬁcit
1488 5038 1665 5104 nobis;
1697 5038 1889 5105 Tanto,
1919 5040 2109 5108 inquit,

515 5138 747 5195 tempore
788 5128 1045 5183 vobiscum
1086 5144 1203 5183 sum
1227 5171 1242 5196 ,
1276 5138 1323 5183 et
1354 5146 1456 5184 non
1493 5133 1799 5202 cognovistis
1832 5134 1947 5187 me?
1974 5132 2108 5187 ΡΙιί-

515 5221 672 5291 lippe,
697 5221 785 5288 qui
802 5235 882 5274 me
906 5220 1061 5285 videt,
1088 5221 1222 5277 videt
1251 5229 1297 5274 et
1327 5220 1557 5277 Patrem.
1592 5223 1861 5291 Quomodo
1882 5234 1938 5277 tu
1960 5225 2110 5291 dicis,

518 5312 743 5366 Ostende
758 5312 903 5367 nobis
931 5311 1333 5384 Patremann.
1360 5330 1469 5379 xw,
1488 5314 1543 5379 8,
1567 5314 1662 5385 9)?
1682 5315 1814 5371 Cum
1833 5317 1977 5372 enim
1993 5317 2113 5371 Phi-

518 5402 690 5470 lippus
714 5417 819 5465 non
848 5403 1054 5469 videret
1071 5406 1244 5461 oculis
1263 5408 1569 5463 carnalibus
1586 5408 1684 5462 nisi
1713 5410 1981 5464 hominem
2012 5414 2101 5480 qui

517 5496 857 5565 loquebatur,
900 5500 1103 5555 audivit
1149 5501 1249 5557 sibi
1283 5516 1375 5557 ore
1414 5501 1649 5558 hominis
1689 5504 1793 5560 dici
1829 5523 1843 5559 :
1880 5506 1983 5571 Qui
2026 5523 2104 5561 me

515 5589 671 5652 uidet,
695 5588 830 5659 videt
853 5602 902 5645 et
927 5590 1155 5648 Patrem.
1178 5592 1355 5661 Quare
1380 5594 1506 5660 hoc,
1533 5595 1634 5650 nisi
1656 5597 1777 5667 quia
1801 5597 1916 5664 ipse
1941 5597 2105 5653 homo

516 5689 602 5742 est
624 5679 788 5747 Deus,
818 5698 975 5752 quem
1005 5688 1096 5754 qui
1128 5686 1293 5753 videt,
1318 5687 1466 5743 videt
1490 5697 1546 5743 et
1569 5686 1824 5744 Patrem?
1852 5690 2102 5760 Alioquin

520 5770 567 5841 si
598 5788 702 5841 non
730 5787 873 5844 esset
896 5792 1001 5831 una
1034 5776 1125 5847 Dei
1159 5779 1509 5857 hominisque
1537 5794 1789 5850 persona,
1822 5798 1926 5837 non
1960 5784 2102 5840 dice-

2203 3287 2312 3343 Sed
2355 3289 2401 3343 si
2450 3286 2644 3344 beatus
2676 3288 2868 3344 Petrus
2902 3304 3172 3359 nunquam
3220 3290 3504 3345 meruisset
3554 3289 3809 3361 magistri

2204 3398 2457 3440 sermone
2486 3382 2715 3455 laudari,
2748 3383 2850 3438 nisi
2884 3384 3057 3454 ipsum
3092 3382 3445 3439 conﬁteretur
3473 3382 3540 3438 de
3568 3398 3676 3453 quo
3720 3382 3805 3437 in-

2206 3476 2579 3549 terrogabatur
2599 3521 2614 3547 ,
2664 3492 2695 3530 a
2724 3492 2831 3549 quo
2863 3477 2913 3532 ei
2940 3476 3166 3542 diceret,
3201 3475 3313 3543 Tu,
3341 3490 3369 3529 a
3396 3490 3502 3543 quo
3530 3474 3803 3543 audierat,

2206 3568 2288 3624 Me
2308 3610 2322 3634 ,
2362 3554 2479 3637 ipse
2507 3579 2587 3625 est
2616 3569 2758 3623 ﬁlius
2788 3568 3021 3629 hominis
3046 3613 3062 3639 ,
3111 3568 3202 3635 qui
3230 3579 3312 3623 est
3353 3567 3517 3623 Filius
3550 3567 3647 3623 Dei
3672 3567 3802 3623 vivi.

2208 3658 2284 3713 De
2322 3674 2426 3728 quo
2456 3658 2653 3714 Paulus
2681 3657 2747 3712 ad
2791 3657 3042 3713 Hebraeos
3090 3657 3356 3725 scribens,
3402 3666 3460 3711 ut
3488 3658 3646 3713 unius
3678 3674 3803 3713 eum

2217 3768 2460 3822 personae
2489 3767 2706 3823 semper
2728 3754 2998 3819 ostendat,
3024 3753 3097 3807 ita
3127 3751 3201 3806 ait
3232 3766 3246 3807 :
3274 3750 3427 3806 Jesus
3442 3750 3674 3806 Christus
3696 3752 3818 3806 heri

2208 3854 2255 3900 et
2277 3845 2447 3913 hodie,
2480 3846 2590 3916 ipse
2611 3854 2685 3900 est
2710 3857 2755 3900 et
2784 3845 2838 3899 in
2862 3845 3052 3899 swcula
3077 3842 3261 3917 (Hebr.
3294 3859 3416 3907 xm,
3442 3842 3521 3911 8).
3559 3843 3662 3899 Ubi
3692 3844 3810 3911 ipse

2211 3940 2353 4009 quod
2383 3939 2553 3995 semel
2604 3939 2823 4009 posuit,
2874 3938 3037 3993 etiam
3068 3946 3152 3993 ter
3179 3937 3401 4007 intelligi
3433 3937 3627 4003 voluit,
3685 3947 3806 3990 tan-

2211 4047 2371 4102 quam
2401 4030 2607 4086 dieeret
2637 4048 2649 4083 :
2680 4029 2833 4085 Jesus
2859 4027 3097 4084 Christus
3140 4030 3251 4099 ipse
3284 4030 3429 4095 heri,
3475 4030 3583 4099 ipse
3628 4027 3805 4090 hodie,

2210 4125 2319 4196 ipse
2336 4133 2387 4178 et
2415 4124 2469 4178 in
2495 4124 2685 4178 stecula
2710 4138 2730 4177 :
2752 4123 2886 4189 heri,
2914 4130 3197 4194 antequam
3231 4122 3501 4191 acciperet
3549 4136 3807 4189 carnem;

2213 4217 2404 4285 hodie,
2435 4217 2670 4288 quando,
2689 4216 2838 4285 juxta
2881 4215 3190 4271 vaticinium
3220 4214 3468 4271 Jeremite
3499 4215 3808 4284 praphette,

2214 4310 2315 4366 Hic
2347 4311 2481 4365 Deus
2509 4322 2698 4373 noster,
2728 4319 2775 4363 et
2797 4325 2899 4364 non
2924 4310 3263 4363 (estimabitur
3287 4310 3423 4362 alius
3445 4308 3640 4379 absque
3664 4310 3759 4362 illo
3788 4324 3809 4363 :

2213 4406 2300 4474 qui
2325 4405 2515 4459 invenit
2542 4418 2744 4458 omnem
2785 4404 2921 4456 viam
2947 4404 3197 4467 scientiw,
3225 4411 3275 4455 et
3312 4401 3454 4455 dedit
3485 4417 3603 4455 eam
3641 4400 3809 4455 Ιατοὺ

2216 4513 2375 4567 puero
2399 4512 2515 4564 suo,
2546 4507 2593 4551 et
2621 4495 2789 4551 Israel
2820 4496 3005 4550 dilecto
3033 4511 3148 4550 suo.
3184 4493 3309 4548 Post
3340 4495 3448 4547 haec
3477 4497 3526 4546 in
3559 4497 3712 4549 terris
3738 4497 3811 4548 1-i-

2216 4608 2305 4645 sus
2332 4600 2445 4657 est,
2490 4601 2537 4644 et
2574 4606 2689 4643 cum
2738 4589 3027 4643 hominibus
3071 4599 3392 4643 conversatus
3433 4596 3505 4640 est
3540 4586 3693 4656 (Bar.
3730 4605 3810 4655 ιιι,

2217 4681 2452 4754 56-58).
2482 4682 2607 4738 Sive
2645 4683 2826 4747 modo,
2859 4682 3072 4752 quando
3102 4683 3251 4737 sedet
3281 4682 3345 4737 ad
3394 4680 3673 4739 dexteram
3710 4683 3809 4737 Pa-

2215 4774 2316 4829 tris
2349 4774 2402 4827 in
2430 4775 2649 4837 sarcula,
2678 4774 2791 4829 sive
2818 4775 3034 4843 quando
3062 4773 3309 4842 judicare
3338 4783 3597 4828 venturus
3617 4784 3703 4828 est
3730 4776 3813 4827 vi-

2217 4877 2314 4917 vos
2352 4872 2406 4917 et
2458 4874 2698 4918 mortuos
2744 4862 2919 4931 (sicut
2963 4861 3141 4917 omnis
3190 4862 3425 4919 Ecclesia
3467 4860 3520 4917 in
3560 4864 3811 4934 symbolo

2215 4953 2547 5025 conﬁtetur),
2576 4968 2794 5022 semper
2823 4953 2958 5023 ipse,
2991 4967 3257 5022 nunquam
3286 4953 3445 5007 alius.

2292 5048 2345 5101 7.
2375 5044 2608 5100 Carnem
2652 5044 2851 5113 quippe
2880 5044 3246 5114 suscipiendo,
3277 5053 3495 5098 naturas
3525 5043 3809 5110 adunavit,

2218 5151 2325 5191 non
2372 5150 2654 5206 personam
2686 5136 3002 5207 duplicavit.
3053 5134 3280 5189 Naturas
3311 5136 3467 5204 plane
3507 5134 3765 5190 adunavit
3792 5180 3810 5200 ,

2217 5227 2337 5281 sine
2365 5225 2683 5281 confusione
2725 5234 3127 5294 permanentes,
3158 5235 3211 5279 et
3240 5226 3291 5278 in
3328 5224 3524 5279 saecula
3558 5241 3810 5295 perman-

2217 5331 2392 5372 suras.
2422 5318 2512 5372 Sic
2541 5317 2683 5372 enim
2709 5316 2982 5381 adunavit,
3013 5325 3071 5371 ut
3101 5330 3199 5371 nec
3239 5316 3498 5371 divinitas
3526 5318 3580 5371 in
3611 5316 3811 5373 huma-

2216 5409 2437 5462 nitatem
2468 5419 2785 5474 mutaretur,
2811 5422 2916 5463 nee
2941 5408 3243 5463 humanitas
3263 5422 3291 5462 a
3311 5408 3593 5464 divinitate
3615 5410 3813 5467 absor-

2215 5499 2457 5567 beretor,
2491 5500 2585 5554 sed
2622 5509 2850 5568 utraque
2874 5510 3063 5554 natura
3089 5498 3377 5555 incolumis
3402 5501 3671 5555 custodita
3695 5503 3813 5559 suis

2215 5595 2409 5649 ofﬁciis
2441 5602 2703 5660 uteretur,
2729 5593 2842 5649 suis
2869 5594 3122 5663 operibus
3148 5603 3548 5665 agnosceretur,
3582 5595 3696 5650 suis
3719 5612 3812 5650 no-

2214 5687 2452 5743 minibus
2496 5695 2821 5752 vocaretur;
2864 5693 3236 5743 verumtamen
3286 5686 3529 5756 personis
3574 5688 3812 5757 prapriis

2216 5798 2320 5836 non
2353 5781 2793 5851 distingueretur.
2837 5778 2953 5835 Non
2984 5780 3062 5835 sic
3091 5779 3234 5836 enim
3262 5778 3504 5848 adunatte
3534 5790 3657 5845 sunt
3688 5780 3810 5835 dua;
