4094 6500
338 385 435 446 9H

1499 380 1854 438 EPISTOLIE
1897 381 1982 437 ET
2022 380 2284 440 OPUSCU
2297 383 2405 441 LA.

3517 390 3621 448 913

336 499 648 556 substantia:
672 539 689 566 ,
729 495 909 554 divina
946 498 1150 553 scilicet
1176 506 1227 551 et
1256 495 1508 563 humana,
1542 506 1599 551 ut
1632 499 1787 567 ﬁeret
1812 512 1912 552 una
1942 498 1992 558 Α
2022 500 2254 554 tactum?
2284 516 2445 570 quam
2480 499 2760 555 videndam
2794 503 3151 572 promiserunt
3193 504 3391 575 angeli,
3434 505 3620 561 dicen-

350 592 682 658 substantia;
713 590 807 647 sed
836 599 892 645 ut
920 601 1063 646 esset
1087 590 1246 645 unius
1277 604 1538 656 personae,
1565 597 1725 659 atque
1754 606 1818 644 ex
1844 592 1922 647 eis

336 685 491 739 unius
520 698 733 753 semper
763 684 1020 739 existeret
1046 682 1312 738 Christus.
1349 683 1501 738 Absit
1532 682 1674 737 enim
1708 690 1769 737 ut
1795 683 1919 737 dum

333 792 494 832 unam
518 777 661 847 cogit
679 776 879 831 veritas
905 776 1200 845 praedicare
1232 792 1540 847 personam,
1570 777 1703 832 duas
1724 777 1923 833 audea-

332 882 451 923 mus
473 882 670 939 negare
700 877 935 923 naturas.
963 867 1020 922 Si
1048 868 1191 923 enim
1214 877 1424 923 creator
1453 869 1625 924 factus
1655 877 1739 923 est
1770 883 1921 924 crea-

334 970 474 1030 tura,
520 961 566 1017 si
594 961 828 1016 Verbum
857 962 1053 1016 iactum
1085 970 1169 1017 cst
1197 976 1343 1027 caro,
1370 961 1415 1016 si
1448 958 1589 1017 Deus
1623 962 1810 1016 habitu
1838 963 1922 1015 iu-

332 1064 523 1111 ventus
546 1062 626 1109 est
660 1063 720 1109 ut
745 1054 939 1117 homo;
965 1069 1065 1110 nec
1085 1064 1299 1109 creator
1328 1056 1525 1120 creari,
1555 1070 1656 1109 nec
1680 1053 1916 1110 Verbum

324 1162 457 1207 caro
479 1147 613 1213 ﬁeri,
636 1162 737 1201 nec
750 1146 889 1201 Deus
909 1160 1030 1201 esse
1050 1146 1212 1201 homo
1227 1146 1401 1215 potuit
1418 1146 1536 1201 sine
1562 1146 1786 1201 alterius
1810 1162 1918 1201 sus-

328 1241 576 1311 ceptione
598 1248 822 1295 naturai.
843 1240 965 1294 Etsi
984 1238 1151 1295 altera
1168 1250 1250 1293 est
1277 1248 1467 1294 natura
1497 1246 1772 1307 suscepta,
1790 1238 1910 1292 duae

328 1342 453 1389 sunt
472 1332 711 1403 profecto
736 1339 963 1395 naturae,
985 1345 1089 1385 non
1110 1346 1235 1385 una.
1255 1331 1361 1385 Sed
1390 1332 1434 1386 si
1455 1346 1521 1385 ex
1541 1331 1752 1386 duabus
1775 1332 1913 1385 facta

327 1442 449 1483 esse
478 1426 738 1482 asseritur
766 1440 890 1491 una,
922 1438 1040 1493 quae
1064 1423 1202 1478 facta
1235 1424 1305 1478 sit
1329 1423 1489 1479 debet
1519 1423 1760 1493 primitus
1788 1425 1916 1479 dici.

326 1520 585 1587 Quamvis
608 1519 750 1574 enim
783 1534 845 1571 ex
876 1516 1084 1571 duabus
1106 1517 1422 1572 substantiis
1466 1531 1569 1571 una
1608 1516 1781 1586 aliqua
1829 1517 1914 1571 vix

325 1609 502 1664 valeat
532 1608 646 1664 ﬁeri
671 1610 788 1663 sine
809 1608 1086 1663 ambarum
1117 1608 1431 1664 confusione
1460 1619 1548 1662 aut
1580 1611 1737 1665 unius
1786 1611 1917 1665 abo-

326 1704 547 1772 litione,
575 1711 753 1757 tamen
786 1704 993 1772 quoties
1022 1718 1088 1757 ex
1128 1702 1335 1758 duobus
1375 1701 1435 1756 ﬁt
1480 1702 1677 1773 aliquid
1727 1720 1910 1772 unum,

324 1811 462 1851 nova
502 1810 589 1851 res
628 1796 715 1861 ﬁt;
757 1804 811 1849 et
860 1796 905 1849 si
960 1810 1094 1848 nova
1134 1810 1222 1849 res
1264 1795 1339 1859 fit,
1382 1810 1576 1850 novum
1613 1797 1914 1852 necessario

2030 600 2143 645 tes:
2182 590 2271 646 Sic
2309 593 2501 659 veniet,
2550 594 2978 661 quemadmodum
3022 610 3138 648 eum
3180 596 3376 651 vidistis
3422 608 3619 651 euntem

2024 684 2079 737 in
2109 682 2291 737 caelum
2313 683 2449 756 (Act.
2483 701 2520 751 ι,
2558 684 2681 755 ll)?
2712 684 2817 741 Sed
2849 686 2892 739 si
2926 686 3179 752 visibilis,
3233 688 3360 758 quid
3406 689 3620 743 volebat

2026 775 2283 832 dilectore
2312 791 2408 831 suo
2436 780 2485 831 in
2519 777 2695 833 futuro
2726 778 3093 845 manifestare,
3120 778 3336 849 quando
3368 780 3614 833 diccbat:

2025 868 2092 922 Et
2121 888 2211 939 ego
2238 871 2448 941 diligam
2477 888 2613 936 eum,
2647 881 2693 925 et
2714 872 3049 941 manifestabo
3074 872 3120 925 ei
3150 888 3226 947 me
3252 870 3614 943 ipsumann.

2030 974 2141 1027 xw,
2174 959 2304 1029 2|),
2340 959 2448 1029 jam
2489 961 2860 1017 manifestatus
2906 961 3197 1016 secundum
3229 962 3483 1015 carnem?
3514 961 3619 1015 Aut

2024 1066 2121 1106 cur
2147 1053 2216 1105 ita
2244 1052 2437 1109 clamat
2466 1053 2811 1124 Evangelium
2840 1073 2851 1106 :
2883 1053 3045 1107 Nemo
3087 1055 3222 1106 norit
3254 1052 3474 1120 Filium,
3521 1056 3619 1109 nisi

2024 1140 2184 1196 Pater
2212 1142 2422 1214 (Matth.
2457 1160 2533 1211 χι,
2567 1143 2695 1217 27)?
2738 1146 2866 1201 Siue
2905 1144 3068 1200 dubio
3112 1144 3254 1201 enim
3300 1145 3438 1214 quod
3470 1145 3618 1199 vide-

2024 1250 2142 1290 mus
2165 1239 2439 1305 novimus;
2474 1247 2528 1293 et
2560 1254 2717 1294 nemo
2758 1249 2936 1310 potest
2977 1238 3157 1294 dicere
3186 1254 3291 1293 non
3335 1238 3615 1308 subjacere

2022 1330 2249 1399 notioni,
2274 1348 2433 1401 quem
2466 1332 2747 1404 subjacere
2778 1332 3055 1388 confessus
3089 1331 3249 1387 fuerit
3276 1332 3483 1386 visioni.

2091 1420 2143 1475 8.
2182 1423 2356 1478 Movet
2378 1424 2572 1491 adhuc,
2598 1424 2851 1496 quoniam
2894 1425 2938 1478 si
2968 1440 3071 1478 una
3110 1432 3191 1479 est
3233 1435 3420 1479 natura
3460 1422 3619 1478 Chri-

2019 1512 2110 1576 sti,
2143 1524 2234 1567 aut
2263 1515 2456 1585 ubique
2484 1516 2673 1575 diﬁ'usa
2704 1525 2807 1583 est,
2835 1526 2927 1571 aut
2955 1516 3141 1572 localis
3171 1536 3185 1571 :
3211 1517 3256 1572 si
3298 1517 3493 1587 ubique
3520 1517 3619 1571 dif-

2022 1604 2159 1669 fusa,
2194 1621 2359 1675 quare
2392 1608 2556 1663 verba
2586 1609 2817 1680 symboli
2839 1609 2917 1665 sic
2949 1611 3279 1667 recitatuus:
3316 1610 3488 1663 Tertia
3534 1611 3615 1664 die

2019 1710 2051 1745 a
2080 1698 2292 1750 mortuis
2314 1702 2613 1765 resurrexit,
2643 1700 2871 1754 ascendit
2900 1700 2950 1753 in
2982 1703 3153 1765 cwlos,
3185 1702 3319 1755 sedet
3350 1702 3419 1753 ad
3446 1701 3619 1754 dexte-

2024 1802 2136 1839 ram
2160 1786 2375 1842 Patris?
2403 1789 2501 1857 Qui
2532 1791 2875 1861 respondebit
2898 1792 3049 1857 mihi,
3094 1793 3137 1846 si
3189 1792 3384 1861 ubique
3428 1792 3617 1848 diﬁusa

327 1894 535 1941 naturae
562 1900 757 1940 nomen
785 1886 1067 1941 existendo
1095 1887 1301 1942 noviter
1318 1888 1513 1942 sumit.
1546 1888 1707 1944 Verbi
1728 1890 1919 1957 gratia,
1952 1879 2001 1940 B
2029 1886 2110 1933 est
2140 1890 2328 1934 natura
2359 1880 2579 1951 Christi,
2610 1885 2879 1954 quomodo
2928 1886 3172 1941 ascendit
3218 1886 3270 1940 iu
3319 1886 3521 1941 caelos?
3571 1887 3617 1940 si

323 1979 423 2033 alia
457 1986 538 2033 est
575 1978 628 2033 in
669 1977 822 2033 nobis
853 1988 1042 2031 natura
1093 1977 1311 2042 animat,
1361 1978 1471 2031 alia
1512 1978 1755 2046 corporis
1788 1997 1799 2030 :
1831 1980 1918 2033 illa

324 2068 604 2138 spiritalis,
634 2070 736 2124 ista
774 2078 1021 2133 terrena;
1066 2068 1155 2123 illa
1185 2068 1501 2137 invisibilis,
1538 2068 1637 2123 ista
1668 2070 1920 2125 visibilis.

325 2164 395 2219 Et
420 2162 543 2232 quia
572 2176 638 2217 ex
685 2160 769 2214 bis
798 2160 1005 2214 duabus
1038 2175 1141 2214 uua
1170 2168 1253 2215 est
1294 2159 1427 2215 facta
1478 2168 1689 2227 natura,
1722 2176 1915 2215 novum

324 2264 529 2308 natura:
553 2266 746 2307 nomen
774 2250 994 2319 indepta
1024 2260 1127 2315 est,
1160 2260 1217 2305 ut
1247 2250 1520 2305 diceretur
1550 2252 1731 2306 homo.
1753 2251 1922 2321 Sepa-

324 2348 485 2403 ratim
542 2344 685 2400 enim
731 2342 925 2398 dicitur
973 2345 1181 2411 anima,
1234 2345 1519 2413 separatim
1560 2360 1785 2415 corpus;
1829 2358 1930 2399 nec

322 2445 500 2501 anima
548 2453 726 2515 potest
773 2439 1069 2509 nuncupari
1115 2453 1334 2509 corpus,
1367 2455 1468 2495 nec
1511 2456 1710 2509 corpus
1739 2451 1917 2511 potest

322 2537 619 2606 nuncupari
646 2536 847 2603 anima,
871 2534 1027 2587 simul
1056 2541 1235 2587 autem
1268 2546 1464 2600 corpus
1490 2541 1543 2587 ct
1563 2533 1740 2587 anima
1770 2544 1915 2590 recte

321 2636 655 2698 nuncupatur
680 2628 865 2682 homo.
890 2625 1002 2680 Nec
1032 2636 1224 2679 natura
1255 2624 1448 2679 animae
1478 2630 1563 2679 est
1588 2634 1777 2679 natura
1795 2642 1915 2680 cor-

320 2722 489 2791 poris,
525 2737 623 2776 nec
652 2729 839 2774 natura
881 2717 1122 2787 corporis
1150 2726 1233 2771 est
1262 2725 1451 2771 natura
1480 2716 1672 2771 animae
1696 2733 1709 2782 ;
1752 2717 1914 2772 simul

320 2824 498 2871 autem
538 2822 791 2869 constans
826 2827 892 2868 ex
936 2820 1125 2865 natura
1163 2810 1405 2879 corporis
1443 2819 1499 2864 et
1535 2810 1727 2865 anima:
1752 2851 1767 2876 ,
1809 2826 1912 2864 ttna

320 2917 400 2963 est
439 2915 629 2961 natura
671 2906 924 2960 humana.
958 2902 1190 2959 Proinde
1219 2903 1265 2957 si
1295 2902 1472 2957 divina
1507 2912 1698 2957 natura
1728 2912 1782 2957 et
1812 2901 1914 2955 hu-

320 3012 478 3052 mana
513 3006 700 3051 natura
758 2995 1146 3051 conﬁrmantur
1198 3008 1354 3048 unam
1406 2993 1597 3049 fecisse
1646 3003 1912 3060 naturam,

320 3088 623 3143 inveniatur
650 3087 810 3143 etiam
835 3101 994 3155 quam
1020 3094 1292 3152 naturam,
1325 3100 1444 3156 quae
1473 3100 1572 3140 nec
1602 3086 1780 3140 divina
1820 3101 1914 3156 ap-

320 3182 571 3252 pelletur,
602 3197 699 3237 nec
730 3181 994 3246 humana;
1027 3180 1122 3236 sed
1148 3180 1287 3235 sicut
1317 3195 1482 3245 nova,
1519 3181 1590 3234 ita
1636 3195 1780 3236 novo
1811 3195 1913 3236 no-

2032 1968 2229 2041 ubique
2259 1972 2445 2029 diﬁ‘usa
2480 1984 2594 2041 est,
2626 1977 2896 2045 quomodo
2927 1979 3230 2047 Specialiter
3273 1980 3343 2034 de
3383 1994 3445 2034 ea
3484 1977 3618 2034 dici-

2034 2073 2117 2118 tur
2150 2079 2162 2114 :
2199 2064 2353 2121 Sedet
2381 2068 2450 2119 ad
2489 2068 2749 2122 dexteram
2792 2068 3006 2124 Patris?
3045 2070 3151 2126 Sed
3200 2070 3243 2125 si
3290 2069 3472 2124 localis
3512 2077 3613 2136 est,

2032 2165 2178 2210 certe
2204 2158 2464 2227 sapientia
2500 2160 2619 2219 Dei.
2648 2177 2766 2230 quae
2790 2172 2871 2215 est
2900 2160 3147 2216 Christus
3178 2160 3231 2228 (Ι
3255 2160 3375 2215 Cor.
3424 2176 3463 2225 ι,
3497 2160 3616 2229 2t),

2030 2250 2233 2321 attingit
2262 2268 2292 2303 a
2317 2251 2416 2319 ﬁne
2443 2270 2601 2323 usque
2629 2255 2697 2307 ad
2718 2255 2874 2322 ﬁnem
2901 2256 3129 2324 fortiter,
3176 2266 3221 2308 et
3252 2255 3479 2325 dispertit
3505 2270 3617 2308 om-

2032 2344 2119 2395 nia
2145 2345 2367 2399 suaviter
2394 2344 2549 2418 (Sap.
2582 2362 2698 2415 vui,
2731 2348 2809 2418 1).
2844 2348 2910 2402 Et
2945 2349 3029 2401 ubi
3062 2358 3141 2403 cst
3171 2349 3311 2419 quod
3362 2349 3625 2404 recedens

2033 2449 2060 2487 a
2092 2434 2366 2506 discipulis
2390 2440 2501 2493 suis
2529 2440 2821 2495 secundum
2855 2442 3188 2509 praesentiam
3240 2442 3439 2510 carnis,
3488 2442 3619 2496 Ecce

2034 2540 2147 2593 ego,
2170 2524 2265 2591 ait,
2300 2527 2553 2582 vobiscum
2583 2545 2695 2583 sum
2728 2546 2882 2601 usque
2914 2530 2982 2583 ad
3004 2532 3487 2585 consummationem
3519 2548 3617 2607 sce-

2032 2619 3075 2691 culi(Matth.xxvut,20)?Erubescamus
3103 2640 3230 2695 ergo
3256 2624 3389 2680 duas
3424 2614 3621 2695 negare

2032 2719 2270 2778 naturas,
2302 2722 2362 2768 ut
2388 2715 2439 2769 in
2471 2730 2578 2770 uno
2609 2713 2825 2770 Christo
2857 2726 3109 2786 appareat
3146 2733 3280 2793 quae.
3314 2727 3501 2772 natura
3551 2721 3617 2773 sit

2030 2803 2249 2872 aequalis
2278 2805 2445 2873 Patri,
2475 2823 2592 2877 quae
2622 2808 2795 2861 minor
2825 2808 3014 2870 Patre;
3049 2823 3165 2878 quae
3191 2797 3477 2877 passibilis,
3497 2825 3617 2880 qua:

2030 2893 2402 2964 impassibilis;
2436 2914 2557 2968 quae
2591 2900 2834 2964 visibilis,
2864 2916 2981 2967 qua:
3007 2901 3322 2967 invisibilis;
3358 2918 3474 2972 qua:
3499 2903 3616 2955 ubi-

2029 2998 2131 3051 que
2160 2985 2372 3055 diﬁ‘usa,
2405 3004 2524 3059 quae
2551 2990 2772 3057 localis;
2802 2991 2927 3045 dum
2960 3003 3135 3046 tamen
3165 3008 3303 3047 unus
3348 2995 3418 3047 sit
3458 2993 3617 3049 Chri-

2028 3084 2164 3141 stus,
2196 3086 2251 3132 et
2278 3080 2498 3150 aequalis
2526 3088 2578 3135 et
2609 3082 2805 3143 minor,
2833 3091 2887 3137 et
2918 3082 3267 3151 impassibilis
3303 3094 3356 3138 et
3393 3085 3616 3154 passibi-

2028 3167 2116 3235 lis,
2149 3176 2204 3225 et
2224 3171 2501 3227 invisibilis
2532 3179 2587 3227 et
2616 3173 2863 3238 visibilis,
2889 3181 2940 3227 et
2971 3173 3165 3243 ubique
3192 3173 3415 3229 diﬁ‘usus
3438 3183 3491 3228 et
3535 3174 3615 3227 lo-

320 3274 466 3329 mine
496 3272 1029 3342 nuncupata.Nullus
1059 3272 1220 3341 plane
1248 3272 1647 3342 tergiversator,
1677 3280 1731 3328 et
1754 3273 1910 3329 unius
1936 3255 1982 3317 Β
2020 3259 2153 3316 calis
2180 3279 2192 3313 :
2226 3271 2367 3319 totus
2392 3264 2646 3334 aequalis,
2697 3280 2802 3319 non
2848 3273 3014 3319 totum
3046 3266 3301 3334 (aqualis?
3349 3268 3615 3321 totus‘mi-

320 3376 529 3429 naturae
549 3367 921 3421 contentiosus
949 3376 1219 3429 assertor,
1248 3365 1301 3419 in
1346 3364 1505 3434 hujus
1533 3367 1763 3422 articulo
1790 3384 1915 3439 pro-

320 3456 625 3526 positionis,
658 3466 868 3512 uaturaz
896 3472 1053 3528 quam
1084 3472 1150 3512 ex
1178 3457 1386 3513 duabus
1414 3473 1572 3513 unam
1604 3459 1783 3531 ﬁngit,
1813 3477 1913 3517 no-

319 3565 445 3606 vum
476 3564 667 3604 nomen
700 3559 954 3619 apponat,
983 3559 1037 3604 et
1066 3565 1184 3604 eam
1221 3550 1494 3606 Christum
1539 3551 1646 3606 dici
1690 3567 1913 3621 respon-

318 3647 479 3711 deat;
509 3644 630 3713 quia
659 3641 902 3699 Christus
941 3658 1134 3697 nomen
1184 3643 1348 3698 ofﬁcii
1388 3652 1494 3710 est,
1535 3658 1642 3699 non
1682 3655 1908 3701 naturae.

320 3738 405 3795 Ab
435 3740 683 3793 unctione
713 3736 856 3792 enim
885 3735 1161 3801 Cbris’tus;
1207 3735 1387 3791 unctio
1426 3752 1558 3791 vero
1601 3738 1912 3806 temporalis

319 3829 733 3899 dispensationis
757 3828 1037 3895 indicium,
1070 3844 1176 3883 non
1203 3827 1519 3883 substantia:
1553 3828 1760 3907 videtur
1789 3843 1912 3884 esse

320 3923 660 3980 vocabulum.
703 3922 799 3985 llle
835 3923 981 3977 enim
1023 3922 1111 3991 qui
1151 3936 1217 3975 ex
1257 3921 1465 3976 duabus
1505 3920 1699 3976 factam
1740 3921 1913 3979 credit

304 4030 480 4087 unam
514 4018 684 4085 (saepe
707 4013 872 4085 dico),
906 4014 1050 4069 dicat
1073 4029 1228 4085 quam
1259 4030 1442 4069 unam.
1481 4014 1581 4087 Ista
1615 4014 1757 4068 enim
1783 4028 1907 4080 una,

320 4122 421 4162 nec
451 4088 629 4161 divina
660 4106 767 4161 dici
789 4106 1003 4176 poterit,
1032 4120 1131 4162 nec
1162 4105 1390 4160 humana
1420 4146 1434 4170 ,
1466 4104 1561 4160 sed
1592 4118 1911 4175 quocunque

321 4198 427 4252 alio
453 4199 707 4253 nomine:
740 4196 886 4267 quod
918 4210 1110 4251 nomen
1134 4196 1177 4249 si
1209 4196 1329 4264 quis
1375 4195 1668 4259 invenerit,
1704 4204 1909 4249 natura:

322 4290 477 4345 unius
536 4299 776 4345 assertor
823 4287 1171 4342 tolerabiliter
1210 4288 1334 4340 erit.
1380 4287 1493 4356 Ego
1533 4296 1711 4341 tamen
1753 4288 1910 4342 valde

322 4392 500 4438 metuo
532 4382 689 4436 unius
720 4390 921 4435 naturre
953 4380 1340 4450 professionem
1377 4378 1714 4434 conﬁdenter
1758 4393 1911 4435 assu»

322 4491 502 4542 mere,
534 4476 789 4545 quoniam
830 4475 876 4528 si
918 4472 1021 4527 una
1059 4480 1143 4527 est
1184 4482 1375 4527 natura
1414 4470 1637 4537 Christi,
1671 4480 1761 4528 aut
1801 4482 1911 4528 tota

322 4569 425 4627 erit
469 4566 693 4636 aqualis
747 4565 911 4631 Patri,
965 4574 1055 4619 aut
1099 4572 1207 4619 tota
1261 4563 1420 4618 Patre
1468 4565 1665 4617 mittor.
1712 4564 1769 4619 Si
1800 4573 1907 4620 tota

322 4648 565 4731 aqualis,
590 4658 883 4715 secundum
905 4673 1062 4729 quam
1091 4657 1223 4712 dicit
1256 4672 1270 4710 :
1306 4656 1462 4710 Pater
1504 4658 1676 4727 major
1713 4674 1790 4711 me
1839 4667 1910 4711 est

324 4752 503 4823 (Joan.
530 4767 639 4816 nv,
664 4750 792 4821 28)?
814 4751 858 4805 si
891 4759 1002 4804 tota
1022 4750 1203 4805 minor
1228 4746 1523 4803 secundum
1552 4762 1710 4817 quam
1740 4747 1868 4803 dicit
1894 4766 1905 4799 :

322 4842 435 4914 Ego
474 4851 521 4896 et
560 4841 719 4895 Pater
761 4858 917 4894 unum
954 4858 1127 4895 sumus
1172 4838 1351 4910 (Joan.
1388 4855 1452 4905 ι,
1490 4838 1621 4909 30)?
1660 4841 1767 4895 Aut
1807 4839 1910 4893 im-

322 4935 637 5006 passibilis,
683 4942 775 4988 aut
825 4934 1112 5003 passibilis.
1172 4932 1228 4988 Si
1275 4932 1664 5002 impassibilis,
1718 4947 1912 4987 secun-

322 5029 450 5082 dum
486 5042 644 5095 quam
672 5025 866 5080 dicitur
896 5023 1140 5077 Christus
1180 5038 1404 5092 passus,
1456 5032 1736 5089 mortuus,
1774 5039 1910 5079 'cru-

320 5118 545 5173 ciﬁxus?
592 5118 635 5171 si
685 5114 980 5186 passibilis,
1036 5123 1127 5168 aut
1163 5115 1408 5171 Christus
1445 5115 1555 5183 jam
1612 5131 1772 5171 unam
1815 5132 1909 5172 na-

321 5222 499 5267 turam
552 5226 658 5264 non
714 5207 931 5264 habebit
989 5223 1110 5261 cum
1165 5207 1355 5273 Patre,
1406 5215 1463 5262 ut
1516 5218 1822 5279 scgregetur
1877 5224 1907 5263 a

322 5303 663 5374 paSsiouibus
690 5301 807 5374 ejus
837 5300 978 5355 Deus
1006 5300 1197 5367 Pater;
1228 5307 1314 5355 aut
1344 5299 1388 5353 si
1426 5299 1539 5354 hazc
1582 5315 1681 5353 una
1720 5312 1907 5356 natura

321 5411 479 5467 quam
512 5372 832 5448 babet’cum
874 5393 1031 5448 Patre
1076 5408 1443 5460 communem,
1480 5393 1750 5462 passibilis
1782 5396 1904 5459 erit,

325 5489 483 5549 Pater
525 5503 737 5558 quoque
780 5486 1044 5557 passibilis
1070 5488 1190 5552 erit,
1241 5494 1295 5541 et
1337 5485 1448 5557 jam
1502 5502 1607 5541 non
1657 5486 1905 5543 catholici

322 5578 649 5641 Christiani,
678 5577 770 5632 sed
809 5578 1042 5632 haeretici
1089 5576 1458 5647 gloriabuntur
1503 5577 1905 5648 Patripassiani.

324 5673 480 5728 Addo
501 5670 677 5725 adhuc
701 5687 713 5723 :
740 5670 783 5724 si
813 5685 917 5724 una
948 5679 1031 5723 est
1055 5679 1239 5723 natura
1273 5668 1474 5723 ChriSti
1514 5678 1605 5723 aut
1629 5670 1908 5727 invisibilis

324 5763 599 5829 asseritur,
623 5769 713 5816 aut
738 5761 995 5826 visibilis;
1030 5759 1072 5813 si
1110 5761 1420 5827 invisibilis,
1460 5778 1617 5830 quam
1662 5764 1912 5819 viderunt

324 5856 415 5929 qui
448 5854 867 5913 cruciﬁxerunt?
898 5868 1053 5923 quant
1088 5853 1333 5911 viderunt
1369 5855 1593 5923 apostoli
1637 5871 1803 5923 usque
1842 5860 1907 5913 ad

2022 3368 2140 3419 nor,
2174 3370 2278 3409 non
2303 3363 2469 3411 totum
2502 3358 2710 3423 minor;
2742 3368 2883 3413 totus
2908 3359 3211 3423 invisibilis,
3244 3360 3614 3429 impassibilis,

2024 3455 2222 3524 ubique
2251 3450 2492 3519 diliusus,
2527 3451 2619 3506 sed
2650 3466 2754 3505 non
2796 3461 2989 3506 totum.
3040 3453 3133 3507 llic
3170 3468 3300 3508 vero
3340 3454 3387 3507 si
3432 3453 3613 3524 requi-

2015 3562 2135 3613 ras,
2169 3544 2296 3615 quid
2341 3552 2423 3598 est
2466 3554 2636 3598 totum
2668 3542 2953 3599 Christus?
2994 3546 3292 3613 respondeo
3326 3561 3340 3601 :
3375 3544 3608 3599 Verbum

2020 3636 2140 3702 Dei,
2172 3634 2347 3689 anima
2380 3632 2657 3687 rationalis
2711 3641 2764 3686 et
2820 3648 2966 3687 caro.
3015 3634 3138 3688 Sive
3182 3636 3325 3688 enim
3376 3632 3609 3688 Verbum

2018 3728 2190 3793 dicas,
2226 3735 2372 3781 totus
2402 3733 2485 3780 est
2506 3723 2778 3791 Christus,
2807 3727 2902 3781 sed
2933 3738 3038 3780 non
3071 3734 3273 3792 totum,
3317 3727 3419 3781 nisi
3463 3729 3612 3781 adhi-

2018 3820 2147 3875 beas
2175 3819 2407 3872 animam
2439 3817 2753 3872 rationalem
2785 3825 2841 3872 et
2868 3831 3084 3887 corpus.
3114 3817 3236 3872 Sive
3257 3820 3488 3873 animam
3520 3835 3605 3871 ra-

2021 3912 2273 3967 tionalem
2305 3912 2470 3975 dicas,
2496 3918 2640 3965 totus
2687 3919 2769 3965 est
2798 3910 3075 3977 Christus,
3124 3911 3217 3965 sed
3261 3927 3365 3964 non
3409 3918 3609 3975 totum,

2017 4007 2117 4062 uisi
2148 4005 2404 4061 adhibeas
2439 4004 2671 4060 Verbum
2696 4014 2748 4060 et
2777 4018 3014 4060 carnem.
3041 4003 3165 4060 Sive
3194 4019 3408 4060 carnem
3435 4004 3603 4068 dicas,

2017 4109 2161 4153 totus
2208 4107 2294 4153 est
2342 4095 2608 4163 Christus,
2659 4097 2754 4150 sed
2802 4113 2905 4153 non
2952 4105 3146 4161 totum,
3201 4097 3304 4151 nisi
3350 4097 3610 4151 adhibeas

2015 4189 2251 4244 Verbum
2279 4196 2333 4243 et
2358 4188 2591 4242 animam
2624 4188 2960 4242 rationalem.
3007 4186 3172 4241 Totus
3201 4204 3327 4255 ergo
3363 4185 3607 4241 Christus

2015 4280 2214 4350 ubique
2239 4287 2323 4334 est
2347 4280 2641 4334 secundum
2675 4278 2934 4345 Verbum,
2966 4279 3059 4332 sed
3084 4294 3187 4332 non
3221 4288 3386 4331 totum
3413 4278 3608 4345 ubique

2014 4385 2128 4441 est;
2163 4374 2284 4444 quia
2308 4389 2413 4427 non
2443 4380 2529 4428 est
2557 4372 2752 4442 ubique
2799 4372 2976 4425 anima
3022 4371 3297 4425 rationalis
3346 4380 3400 4424 et
3457 4385 3606 4433 caro,

2018 4484 2138 4523 cum
2166 4467 2357 4537 quibus
2389 4475 2469 4521 est
2500 4472 2690 4520 totum.
2722 4464 2889 4520 Totus
2936 4463 3184 4519 Christus
3225 4466 3361 4535 apud
3410 4465 3610 4517 inferos

2015 4558 2114 4613 fuit
2144 4557 2441 4613 secundum
2474 4556 2705 4611 animam
2743 4557 3099 4625 rationalem,
3146 4557 3239 4611 sed
3274 4573 3378 4609 nou
3414 4566 3604 4622 totmn,

2014 4653 2136 4722 quia
2167 4667 2291 4708 caro
2337 4651 2410 4705 ibi
2455 4665 2560 4705 non
2609 4651 2725 4717 luit,
2773 4665 2894 4704 cum
2925 4665 3029 4721 qua
3085 4658 3167 4703 est
3211 4658 3401 4703 totum.
3444 4649 3610 4703 Totus

2016 4743 2262 4799 Christus
2292 4744 2346 4798 in
2377 4743 2628 4812 sepulcro
2660 4742 2752 4795 fuit
2778 4742 3073 4797 secundum
3108 4757 3345 4807 carnem,
3378 4740 3469 4794 sed
3501 4756 3605 4792 non

2017 4844 2205 4901 totum,
2240 4835 2361 4905 quia
2393 4835 2569 4888 anima
2602 4833 2876 4889 rationalis
2922 4832 2990 4887 ibi
3036 4848 3140 4886 non
3184 4832 3313 4899 fuit,
3348 4846 3469 4883 cum
3499 4847 3598 4899 qua

2016 4935 2099 4979 est
2126 4936 2335 4980 totum:
2373 4926 2602 4980 Verbum
2636 4936 2810 4979 tamen
2866 4924 2957 4976 Dei
3008 4936 3060 4976 et
3114 4938 3233 4975 cum
3285 4923 3461 4975 anima
3513 4937 3607 4973 sua

2016 5026 2156 5095 apud
2189 5024 2410 5090 inferos,
2440 5033 2494 5080 et
2523 5040 2642 5079 cum
2666 5038 2823 5078 carne
2853 5035 2947 5075 sua
2981 5020 3030 5073 in
3055 5020 3300 5084 sepulcro
3332 5018 3461 5085 fuit,
3484 5018 3605 5088 quia

2017 5117 2330 5173 naturaliter
2370 5116 2583 5185 ubique
2623 5115 2908 5180 diffusum,
2951 5128 3050 5168 nec
3106 5112 3295 5164 anima:
3347 5127 3458 5169 sua:
3509 5124 3606 5164 nec

2015 5208 2162 5261 carni
2190 5222 2302 5262 suae
2332 5205 2621 5276 aliquando
2652 5205 2836 5261 defuit.
2868 5205 2991 5259 Sive
3022 5202 3180 5273 igitur
3215 5202 3467 5269 Verbum,
3489 5204 3603 5257 sive

2016 5300 2190 5353 anima
2223 5297 2518 5364 ratimtalis,
2547 5300 2658 5353 sive
2702 5313 2829 5354 caro
2866 5298 3229 5368 significetur,
3263 5306 3404 5350 totus
3450 5295 3606 5349 Chri-

2016 5404 2130 5447 stus
2156 5392 2503 5462 signiﬁcatur,
2539 5391 2633 5447 sed
2687 5408 2792 5445 non
2848 5401 3035 5447 totum.
3078 5390 3261 5461 Neque
3309 5389 3448 5442 enim
3500 5389 3604 5443 erit

2017 5496 2210 5553 totum,
2245 5486 2347 5541 nisi
2375 5486 2529 5540 simul
2563 5485 2816 5552 Verbum,
2850 5487 3023 5539 anima
3052 5484 3328 5550 rationalis
3372 5492 3424 5536 et
3455 5499 3597 5536 caro.

2015 5581 2189 5647 Quare
2212 5587 2389 5633 autem
2427 5578 2656 5633 Verbum
2689 5588 2830 5633 totus
2855 5578 3117 5646 Christus,
3154 5590 3209 5634 et
3237 5578 3409 5631 anima
3442 5578 3603 5631 ratio-

2016 5674 2153 5727 nalis
2181 5682 2322 5727 totus
2347 5673 2613 5737 Christus,
2646 5682 2701 5728 et
2730 5688 2854 5731 caro
2887 5682 3028 5727 totus
3059 5672 3324 5739 Christus,
3355 5674 3453 5727 nisi
3480 5674 3599 5741 quia

2015 5782 2119 5820 una
2148 5778 2226 5819 est
2255 5765 2438 5831 Verbi,
2483 5766 2675 5822 animae
2706 5766 2981 5822 rationalis
3028 5768 3310 5836 carnisque
3342 5767 3602 5836 persona?

2016 5857 2189 5919 Quare
2220 5858 2410 5913 iterum
2446 5858 2674 5916 Verbum
2705 5859 2821 5916 sine
2847 5860 3021 5915 anima
3054 5860 3295 5915 rationali
3338 5870 3390 5915 et
3440 5874 3601 5915 carne
