4094 6462
538 276 640 334 919

1440 272 1805 329 FULGEN'HI
1837 264 2181 325 FEl‘tl’tANDl
2226 261 2497 320 DIACONI
2538 262 2887 320 CARTHAG.

3725 263 3835 322 920

538 406 645 445 non
668 397 837 447 totum
857 387 1103 446 Christus
1129 406 1143 455 ;
1170 399 1262 444 aut
1284 390 1463 444 anima
1489 389 1765 443 rationalis
1792 396 1846 443 et
1872 400 2000 442 caro
2014 384 2130 439 sine
2158 381 2205 437 A
2238 375 2447 435 Prin-us
2479 381 2670 435 modus
2695 387 2799 445 est,
2834 394 2900 434 ne
2927 378 3048 432 ideo
3080 376 3336 434 Dominus
3379 378 3535 436 Iesus
3576 380 3834 441 Christus

546 481 722 539 Verbo
747 497 853 538 non
887 490 1057 538 totum
1084 480 1363 547 Christus,
1397 480 1497 534 nisi
1524 484 1646 550 quia
1678 480 1783 535 alia
1821 490 1901 536 est
1944 479 2129 548 Verbi,

540 576 645 631 alia
673 574 950 631 rationalis
975 574 1169 629 animm
1196 575 1483 645 carnisque
1525 574 1750 629 natura?
1792 574 1883 629 illa
1927 574 2129 640 divina,

541 670 640 725 ista
672 669 942 724 humana?
970 668 1061 724 illa
1104 668 1371 738 simplex,
1412 668 1510 724 ista
1540 670 1870 739 composita?
1897 686 2018 726 cum
2049 680 2133 726 ta-

540 776 664 816 men
686 776 788 815 una
813 760 927 831 ipsa
962 760 1163 816 Christi
1197 775 1447 831 persona,
1480 776 1599 831 qua:
1629 762 1790 826 duas,
1818 763 2051 817 divinam
2081 773 2132 817 et

542 859 852 922 humanam,
887 856 939 912 id
972 867 1055 913 est
1083 856 1383 926 simplicem
1431 864 1485 910 et
1528 856 2136 926 eompositam,videtur

540 951 783 1007 adunare
809 951 1163 1019 substantias,
1188 967 1293 1006 non
1324 952 1395 1006 sit
1416 952 1734 1019 composita,
1780 949 1876 1008 sed
1918 952 1970 1005 in
2023 954 2135 1006 siu-

540 1041 677 1111 gulis
706 1041 969 1113 simplex,
1002 1054 1055 1097 et
1087 1042 1139 1096 in
1194 1043 1434 1108 utriSque
1472 1042 1738 1110 simplex;
1777 1051 1833 1097 et
1884 1042 1956 1095 ita
2004 1043 2132 1096 sim-

532 1130 689 1201 ‘plex,
729 1135 869 1188 sicut
897 1133 994 1186 fuit
1025 1142 1313 1202 antequam
1346 1133 1397 1186 in
1446 1146 1539 1186 sua
1585 1132 1790 1186 unitate
1837 1132 2138 1201 susciperet

542 1223 835 1278 humanam
869 1234 1148 1290 naturam;
1178 1232 1235 1277 ut
1269 1223 1491 1278 haberet
1516 1222 1774 1291 deinceps
1808 1222 2138 1277 substantias

539 1313 698 1381 duas,
727 1330 887 1369 unam
921 1316 1084 1385 (sicut
1127 1313 1386 1385 diximus)
1434 1313 1753 1383 simplicem,
1802 1313 1957 1368 aliam
2009 1329 2138 1370 vero

540 1407 916 1476 contpositam.

610 1519 665 1576 9.
697 1520 804 1576 Sed
836 1521 963 1591 quid
989 1521 1099 1591 jam
1124 1521 1364 1593 pluribus
1409 1512 1799 1579 immoramur?
1842 1524 1919 1581 De
1957 1525 2135 1580 incar-

547 1612 764 1669 natione
790 1612 993 1669 Christi
1021 1613 1137 1669 b:t-c
1165 1623 1250 1669 est
1278 1614 1411 1670 ﬁdes
1440 1629 1562 1670 mea
1587 1656 1601 1681 ,
1634 1631 1729 1686 per
1755 1631 1913 1686 quam
1944 1615 2135 1686 fateor,

545 1720 614 1761 ex
653 1706 867 1761 duabus
887 1712 942 1761 et
980 1705 1035 1760 in
1063 1705 1269 1761 duabus
1311 1705 1625 1763 substantiis
1655 1722 1815 1763 unam
1860 1707 2134 1765 Christum

2233 487 2368 526 unus
2398 486 2520 529 esse
2548 473 2618 529 de
2640 483 2823 527 sancta
2848 482 2902 528 et
2932 473 3207 529 individua
3251 474 3515 535 Trinitate
3543 483 3831 551 przedicari

2234 579 2471 640 putetur,
2506 580 2562 624 ut
2590 570 2728 625 alius
2759 570 2894 640 ipse,
2924 569 3028 625 alia
3058 569 3296 628 Trinitas
3315 571 3385 629 de
3412 589 3515 646 qua
3543 592 3683 634 unus
3705 595 3837 639 esse

2235 660 2449 726 dicitur,
2484 661 2817 719 inculcetur:
2849 661 2990 716 velut
3020 678 3141 718 cum
3173 665 3242 721 de
3283 664 3443 723 Patre
3468 682 3590 726 esse
3630 671 3832 728 Filium

2236 755 2528 821 credimus,
2561 755 2701 809 alius
2727 763 2810 810 est
2830 755 3016 825 procul
3049 756 3215 812 dubio
3241 757 3439 827 Filius,
3484 762 3621 818 alius
3668 764 3837 822 Pater

2236 846 2307 902 de
2326 860 2433 916 quo
2462 853 2545 902 est
2574 844 2771 912 Filius;
2802 856 2895 901 aut
2920 848 3158 917 quando,
3191 850 3341 905 verbi
3381 856 3572 923 gratia,
3602 856 3670 912 de
3700 859 3836 913 ciri—

2240 948 2348 992 tate
2375 938 2490 1005 illa,
2520 938 2635 993 sive
2677 938 2771 993 illa
2810 953 2931 995 esse
2979 940 3211 1010 aliquem
3240 942 3568 1011 indicemus;
3609 947 3660 1002 in
3715 959 3837 1003 tan-

2240 1038 2351 1083 tum
2381 1029 2518 1085 alius
2544 1039 2627 1084 est
2671 1029 2807 1101 ipse,
2839 1032 2939 1085 alia
2967 1034 3190 1099 civitas;
3241 1046 3297 1089 ut
3337 1036 3454 1092 sine
3491 1038 3582 1093 illo
3616 1053 3840 1097 maneat

2240 1122 2429 1179 civitas
2457 1124 2598 1180 sicut
2617 1123 2716 1179 fuit
2740 1139 2861 1179 eum
2892 1125 3014 1193 illo,
3044 1129 3287 1197 quamvis
3319 1130 3433 1199 ipse
3459 1133 3607 1189 solus
3628 1133 3738 1189 dici
3760 1140 3842 1191 ε’-

2242 1215 2377 1269 vitas
2407 1226 2655 1285 nequeat.
2693 1216 2787 1271 Hie
2812 1231 2943 1272 vero
2986 1233 3178 1273 sensus
3218 1222 3389 1291 magis
3440 1222 3545 1278 illis
3597 1225 3839 1294 proﬁcit,

2240 1307 2330 1376 qui
2361 1321 2669 1377 supponere
2702 1307 2892 1362 volunt
2932 1322 3176 1379 quartam
3206 1310 3453 1368 Triuitati
3486 1328 3801 1383 personam.

2314 1416 2401 1472 10.
2446 1415 2727 1473 Secundus
2753 1419 2948 1475 modus
2973 1428 3073 1475 est.
3103 1420 3358 1480 Fortasse
3397 1424 3657 1482 Dominus
3676 1426 3843 1483 Jesus

2242 1507 2511 1575 Christus,
2542 1522 2683 1565 unus
2705 1524 2828 1566 esse
2852 1510 2921 1567 de
2948 1521 3133 1569 sancta
3163 1524 3221 1569 et
3265 1515 3541 1572 individua
3571 1518 3844 1575 Trinitate

2242 1600 2612 1657 fraudulenter
2638 1601 2944 1668 intimetur;
2973 1614 3193 1675 propter
3220 1605 3323 1662 hoc
3353 1608 3601 1666 videlicet
3634 1618 3696 1665 ut
3727 1626 3839 1666 non

2247 1692 2364 1764 ejus
2384 1692 2710 1759 humanitas,
2750 1709 2912 1765 quam
2941 1696 3286 1765 suscipiendo
3314 1698 3367 1754 in
3410 1702 3675 1757 unitatem
3711 1719 3849 1774 per-

541 1792 742 1851 habel-e
772 1809 1081 1866 pel-sonam,
1103 1795 1215 1851 Nec
1244 1806 1424 1852 move;
1457 1798 1729 1868 quomodo
1757 1801 1994 1867 ροιυοι-ίι
2034 1799 2133 1855 ιη..
2168 1770 2216 1830 Β
2243 1800 2389 1841 some
2412 1800 2524 1841 suae
2554 1786 2737 1842 vocari
2764 1789 2929 1857 erepit
2970 1788 3229 1847 Dominus
3257 1791 3416 1849 Jesus
3440 1770 3843 1863 Christus,‘sed

539 1887 671 1943 bere
697 1887 835 1943 duas
861 1902 966 1942 una
992 1886 1191 1942 Christi
1224 1901 1454 1957 persona
1503 1896 1744 1949 naturas.
1786 1903 1908 1943 cum
1951 1888 2136 1946 videa-

541 1984 666 2031 mus
685 1975 986 2031 divinitatis
1009 1989 1170 2030 unam
1200 1976 1556 2031 substantiam
1583 1987 1692 2032 tres
1718 1977 1917 2035 habere
1946 1994 2134 2048 perso-

542 2079 659 2119 nas.
689 2064 744 2121 Si
768 2065 913 2122 enim
944 2064 1076 2120 mihi
1097 2065 1241 2121 dicat
1276 2066 1467 2137 aliquis
1497 2084 1509 2120 :
1541 2066 1596 2122 in
1644 2067 1863 2123 Christo
1909 2069 2137 2126 ostende

540 2157 673 2213 mihi
701 2157 996 2213 secundum
1016 2173 1309 2213 numerum
1339 2168 1672 2224 naturarum,
1700 2175 1984 2216 numerum
2010 2176 2135 2231 per-

538 2263 822 2315 sonarum;
885 2247 1225 2318 respondebo
1286 2249 1587 2319 intrepidus
1638 2269 1652 2305 :
1698 2250 1939 2308 Ostende
2002 2253 2135 2307 mihi

538 2341 701 2396 etiam
733 2348 787 2395 tu
819 2341 872 2397 in
900 2339 1098 2397 deitate
1127 2342 1425 2397 secundum
1458 2356 1737 2398 numerum
1759 2358 2131 2412 personarum,

539 2445 823 2485 numerum
855 2440 1196 2485 naturarum.
1226 2430 1281 2487 Si
1312 2432 1461 2486 enim
1509 2447 1614 2487 non
1668 2442 1847 2502 potest
1891 2449 2013 2489 esse
2039 2451 2135 2489 na-

518 2533 659 2589 tura
688 2525 809 2581 sine
837 2538 1091 2595 persona,
1122 2539 1222 2581 nec
1253 2539 1484 2595 persona
1516 2535 1695 2595 potest
1721 2542 1843 2583 esse
1878 2529 1995 2583 sine
2039 2543 2133 2582 na-

536 2630 681 2675 tura.
705 2618 812 2675 Sed
839 2619 885 2675 si
912 2618 1107 2675 dicitur
1132 2620 1188 2675 in
1220 2620 1481 2677 Trinitate
1507 2638 1699 2679 omnes
1730 2634 1839 2680 tres
1874 2640 2132 2695 personas

537 2726 696 2766 unam
726 2710 925 2766 habere
950 2723 1223 2777 naturam,
1252 2714 1376 2783 quia
1405 2714 1496 2770 illa
1528 2731 1633 2771 una
1670 2727 1862 2772 natura
1892 2719 2131 2772 omnium

536 2804 694 2859 trium
716 2812 800 2859 est
821 2818 1172 2873 personarum
1202 2823 1213 2857 :
1245 2807 1318 2860 ita
1340 2820 1440 2876 ego
1458 2805 1510 2861 in
1538 2807 1753 2865 Christo
1778 2808 1951 2864 dicam
1966 2820 2132 2864 utras-

532 2908 639 2963 que
663 2901 883 2950 naturas
908 2908 1069 2950 unam
1096 2895 1296 2952 habere
1321 2911 1605 2966 personam
1632 2944 1647 2970 ,
1676 2900 1795 2970 quia
1844 2900 1936 2955 illa
1968 2902 2129 2971 signi-

532 2988 699 3040 ﬁcans
728 2985 964 3043 existere
984 2986 1266 3058 cujusque,
1295 2995 1381 3044 est
1408 3004 1527 3059 quae
1555 2990 1717 3045 alium
1746 2989 2030 3063 distinguit
2060 2991 2129 3046 ab

532 3076 657 3134 alio.
689 3073 845 3133 Unde
872 3078 977 3135 rite
1005 3092 1360 3148 personarum
1385 3081 1612 3136 duarum
1644 3082 1701 3136 in
1728 3077 1949 3138 Christo
1979 3083 2127 3139 vide-

2243 1877 2497 1934 divinitas
2526 1880 2645 1948 ejus
2674 1889 2895 1950 propter
2914 1897 3074 1950 quam
3113 1885 3374 1940 asseritur
3416 1902 3553 1943 unus
3596 1902 3726 1945 esse
3775 1889 3841 1947 de

2242 1978 2425 2026 Sancta
2460 1980 2515 2026 et
2540 1969 2810 2027 individua
2837 1972 3121 2041 Trinitate,
3149 1976 3471 2047 pradicetur
3495 1994 3619 2035 esse
3657 1980 3843 2051 passi-

2242 2061 2386 2128 bilis,
2416 2062 2625 2132 quoties
2649 2062 2905 2119 Dominus
2925 2064 3082 2120 Jesus
3112 2080 3300 2136 passus
3326 2083 3424 2138 pro
3452 2069 3632 2126 salute
3658 2070 3837 2127 homi-

2242 2167 2371 2207 num
2397 2167 2499 2206 non
2530 2160 2753 2209 tacetur.
2782 2154 2882 2211 ilic
2904 2171 3032 2211 vero
3060 2172 3251 2215 sensus
3286 2169 3379 2214 aut
3421 2162 3657 2217 Arianos
3689 2163 3838 2233 juvat

2241 2246 2307 2300 ad
2331 2246 2767 2302 deteriorandam
2824 2247 2946 2302 Filii
2995 2250 3347 2320 divinitatem,
3381 2264 3472 2309 aut
3516 2256 3681 2312 unius
3725 2268 3836 2311 tan-

2245 2346 2354 2392 tum
2378 2338 2429 2392 in
2453 2352 2519 2393 eo
2549 2349 2759 2393 natura:
2784 2341 3055 2396 interserit
3080 2342 3412 2413 opinionem,
3442 2346 3570 2401 dum
3605 2348 3836 2403 duarum

2242 2442 2591 2497 personarum
2639 2432 2791 2485 timet
2852 2431 3128 2488 incurrere
3182 2436 3567 2503 suspicionem.
3617 2440 3835 2496 Tertius

2236 2519 2413 2575 adhuc
2431 2520 2620 2575 modus
2646 2533 2750 2590 est,
2777 2536 2844 2576 ne
2866 2520 3202 2580 firmantibus
3223 2534 3247 2562 α
3262 2526 3418 2582 nobis
3443 2528 3737 2585 Dominum
3750 2532 3836 2587 Je-

2236 2627 2354 2666 sum
2383 2610 2654 2667 Chrismm
2686 2627 2848 2667 unum
2882 2627 3003 2668 esse
3024 2614 3092 2669 de
3125 2628 3310 2671 sancta
3340 2628 3394 2672 et
3422 2618 3697 2676 individua
3719 2621 3834 2677 Tri-

2235 2705 2423 2770 nitate,
2484 2704 2766 2760 confestim
2825 2719 2856 2759 a
2908 2706 3064 2761 nobis
3120 2719 3419 2777 queratur,
3468 2711 3608 2775 Quid
3662 2714 3832 2769 unusi

2237 2794 2400 2851 Verbi
2430 2795 2573 2850 enim
2601 2796 2795 2866 gratia,
2837 2797 2884 2850 si
2931 2796 3157 2853 voluero
3196 2798 3397 2870 dicere,
3429 2800 3650 2859 Cahricl
3698 2819 3832 2861 unus

2233 2900 2316 2946 est
2345 2903 2412 2945 ex
2443 2890 2646 2960 angelis
2668 2890 2800 2959 Dei,
2833 2891 3216 2960 interrogatus,
3246 2892 3382 2960 Quid
3409 2896 3581 2950 unus?
3607 2911 3831 2970 respon-

2231 2985 2357 3051 deo,
2391 2983 2661 3053 Angelus,
2703 2984 2831 3053 quia
2856 2984 2966 3051 jam
3014 2983 3141 3039 illos
3185 3000 3374 3044 omnes
3416 2991 3639 3061 angelos
3694 2992 3829 3048 dixi.

2229 3077 2336 3130 Aut
2362 3072 2409 3127 si
2442 3076 2634 3127 iterum
2664 3073 2914 3129 similiter
2937 3073 3147 3145 loquar,
3180 3076 3502 3147 Ephesinam
3529 3080 3829 3139 Erciesiam

532 3179 681 3222 retur
703 3164 968 3236 quispiam
986 3182 1277 3238 exsurgere
1306 3169 1647 3237 praedicator,
1671 3171 1716 3227 si
1739 3172 1881 3228 Deus
1900 3172 1993 3228 ille
2014 3189 2122 3229 non
2149 3161 2199 3226 (Ζ
2232 3180 2393 3220 unam
2426 3179 2550 3220 esse
2572 3164 2640 3222 de
2667 3175 2873 3236 septem
2907 3167 3159 3224 Ecclesiis
3180 3170 3247 3224 ad
3268 3185 3401 3240 quas
3425 3170 3667 3229 Joannes
3690 3176 3829 3230 scri-

533 3258 722 3314 t‘uisset
742 3258 927 3326 homo,
956 3269 1050 3315 aut
1076 3260 1239 3317 homo
1265 3262 1356 3320 ille
1385 3279 1494 3319 non
1536 3265 1725 3321 fuisset
1756 3265 1916 3330 Deus,
1956 3268 2121 3322 alium

529 3349 599 3406 ab
633 3349 744 3406 alio
787 3364 887 3406 sua
932 3350 1295 3422 distinguente
1340 3368 1571 3423 persona
1604 3371 1620 3410 :
1652 3355 1778 3411 dum
1827 3355 2123 3412 secundum

532 3441 829 3512 superioris
874 3442 1206 3499 intellectum
1260 3444 1611 3513 deﬁnitionis,
1659 3447 1984 3517 proprietate
2042 3448 2122 3502 in—

532 3537 966 3593 eommunicabili
992 3538 1071 3593 sic
1100 3553 1264 3594 unum
1304 3538 1576 3594 Christum
1617 3554 1901 3609 personam
1930 3539 2127 3597 divini-

531 3629 656 3685 tatis
677 3628 1005 3699 signiﬁcaret
1031 3628 1285 3697 existere,
1318 3638 1377 3684 ut
1412 3644 1537 3685 eum
1578 3631 1645 3685 ab
1674 3629 1785 3685 alio
1809 3631 1898 3702 qui
1928 3631 1979 3686 in
2022 3634 2122 3689 hu-

531 3719 795 3774 manitate
830 3718 1134 3775 credendus
1179 3719 1375 3787 fuerat,
1408 3732 1707 3792 separaret.
1742 3719 2122 3781 Verumtamen

532 3810 670 3865 absit
701 3809 805 3865 hoc
829 3826 861 3865 a
886 3810 1132 3867 ﬁdelibus
1160 3813 1463 3880 mentibus,
1508 3813 1668 3884 longe
1693 3816 1789 3869 ﬁat
1811 3830 1841 3869 a
1864 3813 2125 3873 Christia-

532 3899 618 3956 nis
642 3899 1115 3971 disputationibus.
1146 3904 1377 3961 Proinde
1422 3905 1496 3960 illi
1541 3921 1678 3975 quos
1705 3922 1901 3978 negare
1930 3908 2127 3965 asserit

532 3994 818 4049 Dominum
850 4003 1096 4050 nostrum
1147 3995 1330 4051 Jesum
1362 3997 1631 4054 Christum
1680 4015 1847 4055 unum
1893 4014 2015 4061 esse
2057 3996 2124 4057 de

529 4094 713 4143 sancta
739 4096 796 4144 et
836 4087 1109 4143 individua
1136 4088 1420 4155 Trinitate,
1464 4093 1509 4146 si
1561 4091 1797 4148 fatentur
1839 4092 2124 4148 Dominum

531 4188 772 4235 nostrum
799 4180 981 4235 Jesum
1014 4180 1286 4237 Christum
1320 4183 1485 4239 Deum
1514 4199 1655 4251 esse,
1680 4186 1773 4242 Dei
1804 4186 2024 4251 Filium,
2048 4182 2127 4241 fa-

529 4280 673 4327 ctum
708 4271 943 4327 hominis
972 4273 1166 4341 ﬁlium;
1192 4286 1247 4329 et
1277 4274 1397 4331 ideo
1422 4279 1697 4331 nominato
1729 4277 1957 4333 Domino
1994 4277 2122 4334 Jesu

528 4362 745 4419 Christo
774 4380 879 4420 non
913 4366 1185 4422 hominem
1214 4382 1430 4437 purum,
1474 4369 1569 4425 sed
1603 4369 1839 4424 divinam
1881 4371 2039 4425 simul
2070 4382 2125 4428 et

530 4456 819 4512 humanam
848 4460 1200 4515 substantiam
1246 4461 1539 4527 nominari;
1585 4461 1629 4517 si
1681 4463 1912 4518 fatentur
1954 4462 2121 4519 Deum

527 4548 868 4618 Trinitatem,
905 4551 1114 4607 Patrem
1140 4568 1283 4624 esse,
1315 4565 1368 4609 et
1398 4553 1610 4622 Filium,
1635 4564 1688 4610 et
1717 4555 1974 4626 Spiritum
1995 4572 2123 4611 san-
2149 4536 2200 4595 Ῐ)

526 4652 705 4710 ctum;
734 4653 789 4699 et
819 4644 961 4700 hunc
1006 4646 1197 4703 Filium
1248 4651 1367 4703 sine
1404 4662 1513 4716 quo
1558 4648 1793 4703 Trinitas
1846 4665 2121 4720 nunquam

526 4736 650 4804 fuit,
675 4746 732 4793 et
754 4753 860 4808 quo
886 4754 1102 4795 carnem
1130 4741 1459 4809 suscipiente
1490 4742 1687 4797 mansit
1722 4742 1986 4808 Trinitas;
2013 4744 2117 4798 sic-

526 4839 583 4883 ut
612 4843 830 4901 semper
858 4841 940 4885 est
984 4830 1243 4898 Trinitas,
1275 4846 1338 4886 ex
1373 4830 1523 4885 initio
1571 4834 1957 4889 incarnationis
1984 4851 2116 4900 sum,

524 4921 702 4991 ipsum
740 4937 861 4979 esse
902 4922 1208 4991 intelligunt
1252 4924 1532 4978 Dominum
1572 4924 1756 4980 Jesum
1796 4924 2116 4981 Christum:

525 5012 649 5081 quid
678 5013 743 5067 ad
776 5028 898 5080 nos,
929 5013 1257 5083 quibuslibet
1280 5014 1456 5069 verbis
1489 5024 1688 5069 rectam
1729 5015 2026 5085 praedicent
2056 5016 2119 5069 ﬁ~

528 5104 684 5159 dem?
714 5103 1018 5160 Videndum
1048 5106 1225 5173 potius
1248 5121 1368 5161 reor
1405 5116 1458 5161 et
1493 5107 1941 5161 considerandum
1992 5107 2117 5162 dili-

526 5196 758 5267 gentius,
809 5211 906 5251 cur
941 5196 1197 5251 Dominus
1227 5196 1381 5252 Jesus
1427 5198 1672 5254 Christus
1715 5213 1855 5254 unus
1900 5213 2021 5254 esse
2050 5199 2118 5255 de

524 5299 707 5345 sancta
752 5299 806 5346 et
856 5288 1133 5345 individua
1172 5289 1435 5345 Trinitate
1462 5292 1623 5347 nimis
1650 5303 1808 5349 caute
1838 5308 1868 5347 a
1899 5294 2119 5363 quihus-

523 5380 647 5435 dam
678 5391 921 5452 negetur.
947 5381 1145 5437 Tribus
1175 5384 1318 5438 enim
1352 5382 1549 5452 modis,
1578 5394 1835 5455 quantum
1864 5398 1981 5439 mea
2014 5383 2118 5438 fert

502 5474 722 5551 ιιιψίιιὶοἓ
749 5475 1030 5529 sententia!
1059 5474 1219 5545 hujus
1249 5486 1496 5546 suspecta
1529 5476 1769 5531 redditur
1798 5476 2113 5547 propositio.

597 5686 631 5755 ’ί
648 5682 831 5755 Forte,
859 5685 1245 5755 afﬁrmantibus.
1278 5686 1385 5740 Sed
1428 5684 1560 5737 nihil
1605 5694 1753 5738 muto
1788 5703 1796 5735 :
1833 5684 1957 5753 quia
1991 5697 2113 5736 mox

520 5753 674 5808 initio
697 5755 725 5821 ᾗ
746 5754 806 5808 il
839 5753 1001 5809 γειὺο
1030 5756 1237 5821 ﬁrmare
1266 5760 1427 5811 utitur
1462 5765 1667 5809 auctor.

2226 3259 2306 3315 bit
2336 3258 2646 3328 apostolus,
2701 3258 3090 3330 interrogatus,
3136 3262 3273 3329 Quid
3324 3264 3522 3319 unam?
3567 3280 3695 3321 mox
3744 3281 3831 3324 re-

2224 3351 2490 3425 spondeo,
2521 3352 2845 3422 Ecclesiam,
2884 3354 3009 3424 quia
3030 3354 3143 3423 jam
3179 3356 3298 3411 illas
3326 3368 3532 3426 septem
3556 3358 3830 3416 Ecciesias

2227 3445 2361 3501 dixi.
2400 3444 2528 3503 Pari
2557 3447 2767 3502 ratione
2806 3447 2851 3501 si
2883 3445 3130 3502 homines
3159 3457 3269 3504 tres
3301 3449 3595 3506 accessisse
3620 3452 3831 3518 aliquo,

2227 3548 2319 3594 aut
2350 3539 2639 3594 recessisse
2658 3537 2874 3594 aliunde
2896 3539 3237 3609 pronuntiem
3258 3580 3274 3607 ,
3297 3555 3418 3596 cum
3442 3542 3651 3608 dixeru,
3678 3541 3832 3598 Unus

2228 3647 2295 3688 ex
2324 3632 2407 3686 his
2434 3630 2583 3686 venit
2607 3630 2674 3686 ad
2714 3644 2833 3700 me,
2869 3631 3267 3704 interrogatus,
3296 3631 3433 3699 Quid
3476 3634 3658 3688 unus?
3708 3647 3831 3689 mox

2228 3722 2553 3797 respondeo,
2586 3720 2791 3791 Homo,
2822 3722 3075 3792 quoniam
3104 3722 3225 3778 illos
3254 3736 3361 3778 tres
3399 3723 3649 3779 homines
3687 3723 3831 3779 dixi.

2226 3815 2362 3872 Cum
2404 3829 2542 3871 vero
2596 3815 2922 3881 dixerimus,
2975 3815 3258 3871 Dominum
3308 3814 3489 3872 Jesum
3549 3815 3830 3872 Christum

2230 3923 2395 3964 unum
2423 3921 2545 3963 esse
2573 3906 2640 3961 de
2668 3915 2854 3961 sancta
2878 3917 2933 3962 et
2956 3906 3230 3962 individua
3263 3907 3525 3964 Trinitate
3545 3950 3561 3973 ,
3595 3911 3832 3965 interro-

2227 4003 2359 4074 gati,
2401 3999 2541 4066 Quid
2565 3997 2740 4054 unus?
2762 4014 2868 4055 non
2899 4012 3188 4069 possumus
3214 4000 3422 4065 dicere,
3462 4016 3603 4056 unus
3650 4001 3829 4071 Dens,

2227 4094 2351 4164 quia
2379 4093 2616 4149 Trinitas
2640 4093 2729 4149 illa
2754 4108 2862 4149 non
2903 4104 2985 4148 est
3014 4093 3276 4158 Deorum;
3310 4108 3410 4148 nec
3440 4094 3712 4163 permittit
3741 4110 3832 4150 ra-

2230 4187 2309 4240 tio
2342 4194 2398 4241 ιιι
2421 4186 2665 4241 dicamus
2699 4204 2712 4240 :
2749 4186 3008 4240 Dominus
3038 4184 3195 4240 Jesus
3235 4186 3479 4240 Christus
3508 4201 3650 4240 unus
3688 4187 3831 4242 De

2227 4286 2308 4331 est
2331 4275 2399 4331 de
2428 4284 2614 4330 sancta
2644 4284 2700 4331 et
2722 4274 2993 4329 individua
3017 4275 3316 4341 Trinitate;
3350 4276 3445 4330 sed
3475 4274 3709 4331 dicimus
3732 4292 3831 4346 po-

2231 4368 2337 4425 tius
2370 4369 2539 4424 :Tota
2570 4370 2807 4423 Trinitas
2835 4384 2972 4422 unus
3004 4367 3167 4423 Deus.
3198 4369 3461 4424 Similiter
3481 4370 3831 4438 interrogati,

2230 4459 2368 4527 Quid
2393 4459 2567 4513 unus?
2591 4457 2805 4528 quando
2831 4458 3061 4513 dicimus
3102 4459 3382 4513 Dominum
3433 4459 3621 4514 .lesum
3670 4459 3832 4514 Chri-

2227 4560 2370 4607 stum
2400 4566 2567 4606 unum
2619 4566 2743 4607 esse
2779 4550 2849 4608 de
2901 4561 3086 4606 sancta
3119 4561 3173 4607 et
3222 4552 3491 4607 individua
3533 4552 3829 4623 Trinitate,

2228 4660 2337 4700 non
2368 4658 2655 4714 possumus
2675 4644 3025 4715 reSpondere,
3054 4645 3254 4713 Filius,
3300 4646 3422 4717 quia
3453 4645 3696 4702 Trinitas
3736 4648 3829 4704 illa

2227 4750 2333 4793 non
2372 4746 2455 4792 est
2483 4736 2711 4791 ﬁliorum
2736 4754 2751 4803 ;
2783 4752 2921 4792 unus
2951 4738 3095 4792 enim
3125 4738 3177 4791 in
3210 4737 3472 4794 Trinitate
3518 4749 3604 4794 est
3630 4739 3828 4797 Filius.

2227 4829 2295 4883 Et
2325 4829 2368 4883 si
2414 4830 2610 4883 dicitur
2637 4829 2708 4882 ita
2741 4828 2846 4882 dici
2880 4845 2894 4881 :
2926 4829 3179 4883 Dominus
3204 4827 3359 4884 Jesus
3383 4828 3656 4895 Christus,
3688 4845 3830 4886 unus

2225 4931 2308 4977 est
2335 4922 2403 4976 de
2432 4930 2615 4975 sancta
2644 4930 2699 4976 et
2728 4919 2999 4974 individua
3030 4920 3294 4976 Trinitate
3314 4963 3327 4986 ,
3360 4929 3611 4991 tauquam
3641 4922 3691 4977 si
3737 4924 3828 4977 di-

2223 5024 2399 5078 catur,
2434 5028 2536 5066 una
2565 5026 2816 5081 persona,
2850 5012 3154 5067 rectissime
3183 5015 3281 5067 hoc
3310 5013 3539 5080 dicitur;
3572 5013 3672 5069 sed
3691 5027 3829 5070 con-

2226 5104 2564 5159 venientibus
2592 5103 2777 5170 modo,
2818 5104 2864 5159 si
2901 5103 3002 5158 hoc
3033 5103 3104 5158 ita
3133 5104 3365 5172 videtur,
3400 5119 3503 5160 una
3536 5120 3766 5173 persona
3796 5104 3825 5144 δ

2223 5215 2382 5268 quam
2428 5213 2565 5254 unus
2611 5197 2836 5264 dicitur,
2878 5214 2945 5253 ne
2997 5212 3180 5267 parum
3232 5198 3680 5270 intelligentibus,
3729 5212 3825 5254 aut

2225 5296 2362 5348 male
2418 5292 2815 5361 suspicantibus
2874 5291 3183 5346 scandalum
3231 5306 3569 5362 procuretur.
3614 5292 3825 5360 Quibus

2225 5400 2351 5455 ergo
2398 5384 2570 5439 modis
2602 5384 2719 5438 inec
2766 5383 3032 5439 sententia
3081 5384 3148 5439 ab
3200 5382 3486 5454 aliquantis
3524 5383 3822 5439 refellenda

2224 5484 2302 5537 vel
2336 5481 2573 5537 Cavenda
2593 5479 2886 5549 judicetur,
2911 5477 3229 5548 simpliciter
3257 5478 3373 5534 dixi
3397 5496 3409 5534 :
3435 5487 3691 5534 ueterum
3718 5490 3822 5547 ego

2295 5679 2321 5717 δ
2357 5679 2452 5733 iiii:
2482 5678 2692 5733 videtur
2723 5677 2933 5747 deesse,
2968 5679 3159 5749 potius.
