4094 6466
289 285 389 343 991

1465 280 1824 339 EPlSTOLE
1866 282 1949 335 ET
1992 283 2374 340 UPlISCL‘LA.

3476 293 3581 349 923

289 418 386 460 nec
415 399 720 459 volentibus
777 416 878 459 nec
933 399 1239 457 nolentibus
1291 400 1475 458 dicere
1524 400 1822 455 contradixi
1857 414 1871 452 :
1906 397 1959 457 Α
2055 401 2223 456 Valde
2282 401 2545 458 niaximas
2601 417 2720 458 sum
2773 417 2962 474 passus
3019 405 3315 474 angustis,
3365 407 3576 476 quando

281 494 410 569 quia
440 493 571 549 nihil
594 508 624 548 a
650 507 737 549 me
757 503 962 549 certum
989 508 1147 562 posse
1176 492 1425 560 deﬁniri,
1468 493 1521 547 in
1576 491 1733 560 hujus
1766 491 1877 558 θινὶ-

280 587 437 645 stolte
457 586 633 656 capite
651 585 761 657 jam
795 586 1045 655 praedixi.

354 680 379 736 1
400 679 449 736 ι.
472 677 739 735 Creterum
762 679 805 732 si
829 689 975 732 certa
998 677 1063 732 ad
1084 693 1181 731 nos
1210 677 1480 731 nian'lavit
1505 675 1686 745 opinio
1702 674 1871 744 (quod

286 774 504 828 ﬁrmare
533 771 652 826 ideo
674 771 885 836 dubito,
915 772 1034 839 quia
1062 768 1188 824 nibi;
1215 769 1409 824 exinde
1440 769 1548 823 tuis
1577 769 1770 821 lutei-is
1796 768 1877 819 iu-

282 867 528 921 timatum
555 878 662 918 non
692 862 924 916 inaniter
945 862 1169 932 cogito),
1203 861 1369 915 miror
1395 860 1665 930 quomodo
1701 858 1753 912 bi
1781 860 1871 926 qui

283 959 568 1013 Dominum
616 963 858 1010 nostrum
902 953 1086 1009 Jesum
1137 955 1409 1009 Christum
1457 963 1651 1021 negant
1706 966 1871 1005 unum

279 1063 405 1103 esse
428 1047 496 1103 de
524 1060 711 1102 saneta
741 1055 795 1101 et
835 1045 1103 1101 individua
1136 1044 1420 1109 Trinitate,
1465 1042 1710 1098 conﬁteri
1747 1058 1868 1096 eum

281 1141 532 1195 dicantur
557 1154 722 1193 unum
747 1154 868 1193 esse
898 1152 961 1191 ex
996 1146 1182 1192 sancta
1212 1146 1266 1190 et
1288 1136 1557 1189 individua
1584 1135 1869 1215 Ttittitate.

278 1234 417 1303 Quid
463 1231 652 1286 harum
684 1231 1107 1301 pr0positionum
1137 1229 1439 1284 diﬁ'crentia
1471 1228 1745 1295 moliatur,
1776 1243 1872 1282 au-

276 1327 395 1381 dire
419 1340 703 1395 cupetem;
751 1326 796 1379 si
850 1324 1057 1390 liceret,
1094 1332 1388 1393 praesentes
1434 1323 1867 1391 interrogarem:

278 1420 471 1475 vellem
500 1419 702 1484 dicere,
728 1418 771 1472 si
796 1418 1013 1472 daretur
1041 1430 1346 1473 sermonem
1389 1415 1506 1470 sine
1535 1414 1714 1470 studio
1737 1404 1869 1469 con—

278 1513 538 1568 tentionis
566 1511 827 1567 inserere.
860 1510 915 1566 Si
945 1509 1088 1565 enim
1110 1509 1372 1565 dicendus
1397 1518 1480 1565 est
1502 1524 1641 1563 unus
1664 1523 1728 1563 ex
1752 1507 1874 1562 Tri-

277 1607 444 1661 nitate
474 1598 738 1660 Dominus
792 1603 950 1659 Jesus
1001 1603 1278 1668 Christus,
1334 1611 1552 1670 propter
1609 1600 1868 1654 unitatem

276 1712 523 1768 personae
557 1698 741 1767 utique
765 1696 1025 1753 dicendus
1052 1706 1157 1761 est,
1182 1706 1237 1750 ut
1268 1694 1583 1751 ostendatur
1607 1693 1759 1763 quia
1780 1693 1869 1748 ille

1983 495 2179 562 scripta
2216 508 2391 550 vcstta
2420 500 2777 566 suscepimus,
2811 501 2964 567 cujus
2996 502 3414 570 perturbationis
3440 502 3576 556 iudi-

1980 586 2123 640 cium
2156 588 2309 658 longa
2356 591 2689 644 taciturnitas
2720 593 2837 646 fuit.
2884 592 3013 646 Nam
3042 593 3086 647 si
3119 595 3462 649 considerare
3488 595 3577 649 di-

1979 680 2217 748 gnemini
2246 698 2401 750 quam
2442 681 2669 737 festinus
2716 698 2836 738 esse
2862 684 3064 739 soleam
3106 699 3318 754 semper
3348 684 3415 739 ad
3441 685 3576 740 obe-

1978 772 2231 826 dicndntn
2268 774 2602 843 jussionibus
2648 778 2867 845 vestris,
2900 793 3004 831 non
3059 778 3251 833 minori
3301 777 3574 833 devotioni

1978 864 2344 932 reSponsionis
2385 866 2542 935 hujus
2592 867 2913 935 deputabitis
2964 883 3167 924 moras.
3209 868 3387 937 Quare
3428 870 3571 924 enim

1978 954 2067 1009 diu
2096 954 2352 1019 silerem,
2385 958 2487 1012 nisi
2521 958 2865 1027 trepidaiem,
2901 975 3004 1013 non
3057 961 3346 1015 veritatem
3392 959 3575 1015 dicere

1976 1046 2042 1100 de
2085 1049 2384 1116 quaestione
2438 1063 2607 1117 nuper
2663 1060 2888 1118 exorta,
2919 1050 3200 1105 silentibus
3255 1050 3352 1105 scd
3396 1052 3575 1106 adhuc

1977 1141 2245 1195 Africanis
2281 1141 2560 1208 Ecclesiis,
2584 1153 2709 1197 ante
2728 1154 2936 1212 tempus
2960 1145 3199 1211 proferre
3223 1146 3572 1200 sermonem?

1977 1230 2303 1300 Simpliciter
2334 1240 2543 1297 tamen,
2564 1233 2919 1302 compellente
2937 1233 3182 1305 jussione
3206 1245 3403 1301 vestra,
3424 1237 3567 1304 quod

1976 1327 2243 1381 credimus
2300 1328 2586 1396 loquimur,
2622 1339 2678 1382 ιιι
2715 1329 2853 1383 scire
2886 1329 3178 1397 dignemini
3221 1330 3345 1398 quia
3392 1330 3573 1383 vobis-

1974 1434 2093 1473 cuin
2127 1419 2310 1486 corde,
2342 1421 2620 1475 vobiscum
2654 1420 2778 1486 ﬁde,
2811 1422 3082 1476 vobiscum
3132 1420 3424 1475 secundum
3477 1420 3572 1473 bo-

1975 1524 2097 1563 nam
2127 1524 2311 1579 spem,
2346 1510 2620 1566 vobiscum
2671 1511 2724 1564 in
2773 1509 3037 1566 cbaritate
3089 1526 3196 1565 non
3237 1509 3380 1565 licta.
3411 1510 3571 1576 Qum:

1974 1618 2186 1675 cunque
2215 1605 2358 1660 enim
2382 1605 2674 1675 sapienter,
2706 1606 2960 1669 breviter,
2992 1606 3255 1661 veraciter
3289 1604 3569 1671 inlimatis,

1975 1696 2163 1752 eadem
2194 1697 2491 1761 credimus,
2517 1698 2705 1752 eadem
2739 1698 3032 1764 sentimus,
3064 1696 3251 1752 eadem
3276 1696 3565 1762 loquimur.

274 1792 417 1851 Deus
444 1793 751 1864 unigenitus
782 1792 895 1861 ipse
922 1791 1094 1846 factus
1120 1797 1204 1846 est
1232 1789 1412 1843 homo.
1445 1789 1551 1843 Cur
1592 1802 1700 1842 non
1738 1802 1865 1856 ergo
1897 1779 1945 1840 Β
2045 1787 2099 1840 2.
2135 1788 2323 1844 \‘erbis
2344 1789 2656 1857 apostolicis
2682 1790 2936 1845 suadeam
2970 1789 3244 1843 ministros
3270 1788 3413 1842 sedis
3437 1802 3567 1856 apo-

271 1888 485 1943 dicatur
511 1887 696 1951 etiam,
728 1885 797 1940 de
829 1883 1125 1948 Trinitate,
1160 1892 1219 1937 ut
1257 1881 1572 1938 ostendatur
1618 1879 1870 1933 similiter

272 1980 547 2048 pertinere
601 1977 670 2031 ad
714 1976 1009 2032 essentiam
1056 1973 1355 2040 Trinitatis,
1414 1972 1537 2043 quia
1591 1982 1864 2038 assumpta

271 2072 455 2127 servili
480 2072 649 2127 .fortna
679 2071 1060 2126 contumeliam
1092 2067 1311 2139 pertulit
1340 2062 1695 2122 mortis?Sed
1729 2062 1773 2118 si
1802 2078 1869 2117 eo

272 2178 440 2218 sensu
486 2178 591 2219 non
620 2158 821 2218 dicitur
848 2178 987 2217 unus
1017 2176 1137 2216 esse
1180 2160 1248 2216 de
1298 2171 1483 2215 sancta
1511 2169 1564 2212 et
1592 2155 1867 2211 individua

270 2255 555 2322 Trinitate,
607 2256 702 2311 sed
757 2270 824 2310 ex
870 2265 1054 2309 sancta
1099 2254 1362 2309 Triuitate
1396 2250 1651 2306 Dominus
1707 2249 1867 2306 Jesus

270 2347 540 2410 Christus,
571 2356 628 2401 ut
652 2347 967 2402 ostendatur
1018 2345 1149 2400 nihil
1188 2346 1502 2399 substantiae
1542 2357 1663 2398 cum
1690 2340 1864 2395 Trini-

274 2450 388 2497 tate
437 2441 638 2495 habere
686 2455 974 2501 commune
1000 2456 1012 2491 :
1040 2441 1182 2495 sicut
1236 2439 1357 2493 ideo
1399 2452 1499 2491 nos
1538 2436 1769 2491 dicimus
1798 2450 1863 2489 ex

268 2532 404 2600 Deo,
432 2542 617 2587 etnon
648 2539 714 2587 de
745 2533 874 2599 Deo,
921 2533 1046 2602 quia
1090 2532 1194 2587 alia
1250 2541 1335 2586 est
1384 2538 1589 2597 nostra,
1635 2528 1739 2582 alia
1772 2527 1863 2582 Dei

268 2624 569 2679 substantia
594 2624 781 2696 (omne
806 2624 961 2693 enim.
991 2624 1136 2693 quod
1172 2624 1239 2678 de
1265 2624 1442 2692 aliquo
1470 2621 1632 2676 fuerit
1652 2665 1665 2689 ,
1703 2622 1863 2676 etiam

269 2726 329 2775 ut
352 2733 418 2775 ex
450 2719 643 2774 eodem
663 2720 848 2789 aliquo
877 2721 944 2774 sit
980 2733 1201 2775 necesse
1223 2727 1338 2785 est;
1366 2734 1471 2773 non
1503 2728 1679 2772 tamen
1703 2733 1863 2773 omne

268 2811 411 2881 quod
440 2826 506 2867 ex
527 2811 709 2881 aliquo
737 2812 863 2877 erit,
893 2813 1151 2866 continuo
1180 2813 1343 2866 etiam
1373 2811 1442 2866 de
1472 2811 1662 2865 eodem
1680 2810 1864 2879 aliquo

268 2914 389 2959 esse
416 2910 593 2971 potest
621 2918 637 2957 :
669 2901 808 2956 sicut
833 2903 1011 2957 omnia
1043 2917 1110 2958 ex
1139 2901 1272 2969 Deo,
1300 2917 1401 2957 non
1428 2910 1606 2956 tamen
1638 2900 1706 2955 de
1730 2900 1860 2967 Deo;

268 2996 461 3052 Filium
494 3011 621 3052 vero
651 2998 1006 3067 unigenitum,
1052 3005 1109 3052 et
1147 2996 1215 3051 de
1256 2997 1366 3051 Deo
1392 3011 1447 3050 et
1472 3010 1535 3050 ex
1586 2994 1695 3049 Deo
1738 3007 1862 3048 esse

266 3088 570 3144 rectissime
607 3087 971 3158 conﬁtemur);
1014 3089 1163 3142 videt
1217 3088 1385 3142 etiam
1436 3085 1718 3155 prudentia
1763 3098 1858 3140 ve-

1971 1883 2172 1939 stolica:
2200 1884 2500 1955 gloriosos:
2534 1884 2709 1951 State,
2735 1895 2780 1938 et
2808 1893 2972 1938 tenete
3002 1883 3303 1936 traditiones
3326 1896 3454 1949 quas
3488 1879 3569 1933 di-

1972 1975 2277 2047 dicistisUl
2326 1975 2505 2030 Thess.
2543 1991 2601 2040 ιι,
2635 1974 2746 2043 14).
2792 1975 2908 2030 Non
2959 1974 3176 2044 expedit
3220 1974 3564 2040 antiquorum

1970 2069 2190 2125 Patrum
2221 2071 2313 2140 qui
2338 2068 2770 2125 Chalcedonensi
2800 2082 3092 2124 noscuntur
3114 2066 3423 2122 inlcrfuisse
3443 2080 3569 2120 con~

1968 2162 2092 2217 cilio
2118 2163 2408 2232 vituperari
2454 2163 2899 2218 deliberationem
2922 2204 2936 2225 ,
2964 2162 3240 2217 retractari
3271 2158 3569 2229 judicium.

1970 2259 2163 2311 mutari
2221 2257 2543 2312 sententiam
2591 2269 2708 2309 :ne
2759 2256 3000 2325 synodus
3047 2252 3392 2316 venerabilis,
3426 2248 3568 2317 apud

1969 2366 2156 2405 omnes
2188 2350 2456 2405 Ecclesias
2480 2350 2712 2406 Orientis
2732 2358 2786 2403 et
2813 2347 3119 2403 Occidentis
3144 2362 3239 2415 per
3261 2360 3435 2400 annos
3457 2356 3567 2399 tam

1971 2442 2233 2513 plurimos
2261 2441 2379 2495 sine
2408 2442 2589 2510 aliqua
2633 2438 2964 2493 dubitatione
2996 2438 3225 2501 ﬁrmata,
3261 2435 3450 2503 perdat
3472 2446 3567 2484 su-

1970 2534 2081 2589 bito
2112 2532 2463 2587 revcrentiatn
2497 2546 2684 2597 suam;
2719 2544 2817 2585 nec
2862 2532 3031 2598 possit
3072 2528 3125 2581 in
3166 2523 3567 2580 definitionibus

1970 2624 2091 2679 ﬁdei
2127 2625 2291 2679 robur
2319 2622 2611 2694 inﬂexibile
2640 2621 2935 2684 custodire,
2969 2621 3012 2673 si
3056 2619 3283 2685 casperit
3303 2630 3366 2671 ex
3391 2615 3567 2683 aliqua

1968 2726 2121 2788 parte
2144 2717 2346 2785 fragilis
2374 2725 2467 2770 aut
2488 2715 2910 2784 reprehensione
2936 2714 3094 2783 digna
3117 2711 3383 2767 convinci.
3402 2709 3565 2778 Quid-

1969 2810 2096 2879 quid
2145 2809 2311 2864 semel
2358 2808 2610 2862 statuitur
2659 2810 2711 2863 in
2759 2807 2989 2873 concilio
3041 2815 3097 2860 et
3143 2803 3562 2875 congregatione

1967 2913 2275 2959 sanctorum
2301 2902 2538 2967 Patrum,
2569 2912 2881 2971 perpetuam
2908 2900 3081 2963 debet,
3100 2900 3345 2954 obtinere
3362 2894 3569 2968 jugiter

1969 2996 2295 3051 ﬁrmitatem.
2341 2996 2456 3061 Qua
2510 2994 2654 3051 enim
2705 2992 2882 3049 fronte
2937 2992 3322 3047 cantabimus:
3359 2991 3567 3057 Quanta

1969 3088 2277 3156 audivimus,
2301 3097 2352 3141 et
2377 3088 2707 3158 cognovimus
2735 3102 2825 3153 ea,
2856 3095 2904 3140 et
2934 3096 3104 3156 patres
3132 3085 3295 3138 nostri
3318 3099 3565 3137 narrare-

266 3194 611 3250 stra,purum
634 3181 703 3237 ab
728 3182 811 3237 bis
838 3182 1111 3238 hominem
1142 3181 1424 3252 praedicari
1452 3180 1734 3235 Dominum
1769 3177 1849 3236 Je-
1888 3168 1933 3230 C
1967 3189 2087 3234 runt
2107 3180 2251 3235 nobis
2293 3177 2410 3251 (Ps.
2439 3195 2643 3245 Lsxvu,
2676 3178 2765 3249 5);
2795 3178 2841 3234 si
2865 3179 3075 3248 quoties
3104 3177 3268 3241 libet,
3306 3177 3466 3231 toties
3504 3176 3568 3229 li-

266 3292 387 3334 sum
415 3273 720 3343 Christum;
749 3286 805 3332 et
832 3274 1057 3332 omnino
1084 3275 1229 3331 hunc
1273 3290 1492 3331 sensum
1518 3316 1533 3342 ,
1568 3274 1671 3329 nisi
1721 3273 1862 3329 forte

266 3365 460 3422 melius
488 3377 581 3422 aut
608 3367 782 3435 aptius
813 3376 1133 3436 exponatur,
1158 3366 1674 3437 periculosissimum
1714 3365 1866 3435 judi-

266 3458 402 3513 cari.
449 3456 602 3515 Unde
641 3458 1016 3514 desistendum
1046 3474 1076 3513 a
1115 3458 1559 3513 contentionibus
1586 3472 1731 3523 reor,
1763 3472 1861 3512 ex-

265 3551 620 3621 spectandum
680 3552 859 3620 potius
915 3549 1271 3619 persuadens,
1323 3551 1695 3620 patienterque
1726 3549 1865 3605 hanc

265 3641 661 3698 dubitationem
692 3642 991 3706 ferendam,
1035 3642 1210 3697 donec
1254 3641 1575 3696 universalis
1606 3639 1866 3696 Ecclesiae

264 3732 591 3787 anetoritate
617 3733 701 3788 vel
730 3733 1109 3801 pronuntietur
1133 3730 1502 3799 suscipienda,
1544 3728 1628 3784 vel
1668 3728 1865 3798 proda-

268 3836 353 3879 tur
382 3823 708 3895 abjicienda.
740 3824 928 3894 Neque
979 3823 1128 3880 enim
1188 3822 1323 3878 ﬁdes
1370 3836 1522 3891 vera,
1554 3822 1600 3875 si
1647 3820 1717 3875 de
1764 3819 1867 3875 hac

265 3922 537 3977 seintentia
573 3928 839 3984 taceatur,
867 3918 1044 3973 minus
1083 3916 1490 3987 praedicabitur;
1513 3921 1608 3969 aut
1641 3913 1740 3968 nisi
1772 3928 1867 3982 per

266 4013 408 4067 hanc
429 4013 756 4067 sementiam
780 4010 1084 4076 roboretur,
1134 4009 1314 4063 minus
1354 4008 1507 4062 ﬁrma
1535 4006 1867 4061 existimabi-

266 4114 398 4159 tur:
430 4118 575 4169 cum,
603 4103 817 4158 etiamsi
874 4103 945 4156 ita
1001 4110 1166 4168 esset,
1214 4099 1368 4170 sequi
1423 4114 1524 4154 nos
1568 4097 1867 4167 apostolica

265 4197 433 4251 verba
485 4196 602 4265 plus
647 4194 890 4259 deceret,
924 4194 1013 4249 ubi
1049 4194 1202 4248 nobis
1224 4193 1460 4248 dicitur:
1499 4191 1867 4245 Verumtamen

263 4290 319 4343 in
347 4287 482 4358 quod
498 4288 838 4358 pervenimus,
869 4288 925 4339 in
952 4302 1010 4340 eo
1034 4287 1393 4351 ambulemus;
1421 4290 1503 4351 et,
1533 4283 1593 4340 Si
1614 4286 1740 4355 quid
1766 4284 1866 4337 ali-

264 4391 343 4437 ter
365 4383 565 4451 sapitis,
598 4382 693 4435 hoc
738 4396 939 4451 quoque
986 4379 1124 4433 vobis
1174 4379 1312 4433 Deus
1340 4377 1579 4431 reuelabit
1628 4376 1862 4447 (Philip.

262 4490 347 4543 ιιι,
382 4474 474 4539 16,
506 4474 618 4546 15).
650 4475 733 4529 Ad
758 4474 858 4527 hoc
888 4475 1253 4543 pervenimus,
1292 4473 1435 4528 scire
1462 4472 1748 4527 Dominum
1772 4472 1860 4526 Je-

263 4534 384 4621 suiu
414 4534 689 4620 Chrisiuln
714 4579 786 4619 ex
817 4534 1025 4619 duabus
1046 4572 1207 4632 atque
1232 4534 1283 4617 in
1308 4563 1516 4617 duabus
1544 4561 1862 4616 substantiis
1891 4534 1941 4594 D

264 4659 349 4713 vel
384 4657 611 4722 naturis,
647 4671 807 4710 unam
842 4656 1042 4709 habere
1072 4667 1379 4722 personam.
1411 4653 1526 4707 Hoc
1560 4664 1859 4716 teneamus,

263 4748 369 4804 hoc
397 4749 697 4819 sapiamus,
729 4750 831 4802 hoc
854 4746 1241 4816 praedicamus;
1272 4746 1397 4802 etsi
1419 4746 1666 4815 quaedam
1696 4746 1857 4800 verba

262 4843 445 4896 minus
484 4849 640 4896 caute
681 4840 1039 4910 proferamus,
1074 4849 1165 4893 aut
1196 4838 1315 4907 plus
1346 4837 1483 4892 forte
1530 4836 1748 4892 solliciti
1781 4847 1864 4891 ta-

261 4949 503 5001 ceamus,
537 4933 679 4989 velut
710 4933 755 4987 si
786 4933 913 5002 quid
939 4933 1096 4987 aliter
1140 4946 1474 5001 sapt-remus,
1515 4932 1617 4988 hoc
1644 4947 1861 5002 quoque

266 5027 409 5080 Deus
438 5025 594 5081 nobis
624 5025 906 5081 revelabit.

822 5139 1158 5195 EPISTOLA
1196 5139 1280 5195 Vl.

297 5249 365 5286 AD
396 5247 662 5288 ιιειΑρισιι
702 5250 769 5288 ΕΤ
808 5249 1108 5289 ΑΝΔΤΟῌΗΜ
1148 5247 1403 5287 DIACONOS
1448 5248 1595 5287 unuts
1623 5248 1801 5290 ROIIE.

262 5346 372 5401 Pro
405 5348 619 5416 epistola
658 5347 766 5401 Iba:
793 5349 1015 5417 episconi
1046 5348 1309 5413 Edesseni,
1354 5351 1583 5418 adeoque
1622 5366 1714 5416 pro
1760 5352 1857 5403 tri-

334 5421 425 5474 bus
466 5421 708 5488 capitulis
733 5420 937 5473 concilii
962 5419 1389 5475 Chalcedonensis
1413 5437 1430 5473 :
1456 5424 1699 5474 adversus
1728 5425 1858 5476 Ace-

332 5490 535 5562 phalos.

336 5588 387 5642 1.
420 5588 660 5644 Dominis
704 5589 1025 5644 beatissimis
1053 5597 1109 5643 et
1135 5585 1352 5642 devotis
1382 5587 1661 5655 obsequiis
1694 5602 1857 5653 veue~

262 5679 503 5734 nbilitcr
532 5680 940 5749 prosequendis,
976 5680 1176 5734 sanctis
1203 5679 1456 5734 fratribus
1485 5689 1539 5734 et
1569 5680 1856 5734 condiacoc

266 5770 371 5841 nis,
400 5770 616 5844 Pelagio
644 5780 699 5826 et
726 5771 976 5828 Anatolio
1006 5770 1308 5827 Fcrrandns
1335 5771 1584 5842 exiguo-3

1968 3284 2055 3332 cet
2094 3290 2283 3331 eorum
2326 3274 2542 3330 decreta
2571 3271 2918 3329 rescindere?
2947 3272 3049 3327 Per
3078 3271 3198 3327 illos
3227 3270 3566 3340 sapientissi-

1967 3383 2086 3423 mos
2119 3367 2332 3437 iudices
2374 3367 2616 3423 Ecclesia
2647 3366 2910 3422 catholica
2951 3367 3091 3423 dixit
3117 3367 3258 3435 quod
3305 3366 3568 3421 catholica

1969 3459 2208 3514 Ecclesia
2246 3459 2563 3523 custodiret,
2595 3459 2683 3515 vel
2721 3460 2899 3530 potius
2926 3458 3065 3528 quod
3093 3473 3263 3528 usque
3292 3473 3435 3513 nunc
3473 3472 3567 3513 cu-

1968 3552 2190 3607 stodivit
2221 3568 2238 3608 :
2271 3567 2369 3608 cur
2398 3553 2678 3609 hodiernis
2708 3568 2855 3609 nunc
2884 3553 3075 3608 iterum
3108 3551 3569 3622 disputationibus

1969 3645 2191 3700 minime
2243 3653 2369 3701 tunc
2426 3646 2766 3715 reprobatam
2821 3645 3177 3712 reprobamus
3232 3645 3567 3713 epistolam?

1969 3735 2135 3793 Fons
2178 3747 2262 3794 εει
2326 3739 2609 3807 signatus,
2661 3736 2931 3793 catholica
2992 3736 3275 3803 Ecclesia;
3329 3736 3568 3791 Jacobus

1969 3845 2099 3885 vero
2154 3830 2428 3900 apostolus
2479 3831 2677 3885 clamat
2725 3845 2741 3886 :
2798 3826 3053 3899 Nunquid
3106 3829 3224 3898 [ous
3276 3827 3339 3881 de
3385 3829 3569 3881 eodem

1970 3921 2223 3991 foramine
2274 3931 2475 3975 emanat
2524 3922 2729 3975 dulcem
2775 3930 2824 3975 et
2872 3934 3105 3975 amaram
3152 3934 3340 3990 aquam
3398 3917 3557 3984 (lae.

1970 4029 2061 4079 ιιι,
2102 4014 2158 4069 Η
2188 4014 2243 4083 )?
2295 4014 2349 4070 Si
2405 4013 2576 4069 dulcis
2619 4028 2752 4082 aqua
2803 4013 3037 4067 manavit
3092 4014 3159 4065 ad
3214 4010 3569 4080 proferendus

1971 4104 2093 4160 ﬁdei
2157 4105 2497 4159 deﬁnitiones
2547 4121 2613 4159 ex
2663 4120 2759 4160 ore
2801 4103 3142 4173 pristinorum
3194 4104 3560 4168 sacerdotum,

1971 4198 2238 4267 quomodo
2286 4197 2405 4253 ﬁeri
2459 4199 2630 4265 potuit
2674 4208 2730 4250 ut
2773 4213 2837 4251 ex
2884 4211 2980 4251 ore
3029 4212 3236 4257 eorum.
3269 4211 3376 4251 non
3425 4197 3562 4250 alio-

1972 4305 2110 4356 rum,
2140 4288 2287 4359 quasi
2332 4304 2397 4343 ex
2449 4302 2636 4343 eorum
2688 4287 2950 4343 foramine
2998 4293 3242 4342 manaret
3289 4287 3341 4341 in
3392 4301 3561 4355 uego-

1972 4384 2046 4438 tin
2076 4381 2397 4438 venerabilis
2431 4380 2532 4436 lbte
2561 4381 2798 4450 episcopi
2825 4423 2841 4446 ,
2874 4394 2981 4434 non
3037 4380 3211 4435 dulcis
3257 4393 3429 4448 aqua,
3463 4378 3560 4432 sed

1970 4475 2205 4530 amarior
2233 4472 2389 4528 felle?
2417 4471 2549 4526 Cum
2599 4473 2790 4527 timore
2829 4487 2893 4527 ac
2922 4482 3155 4527 tremore
3182 4474 3321 4533 dico,
3348 4472 3445 4527 sed
3480 4481 3562 4525 ta-

1970 4582 2091 4621 men
2120 4567 2240 4620 dico
2273 4583 2284 4616 :
2320 4565 2375 4621 Si
2407 4573 2533 4619 tunc
2564 4566 2618 4619 iu
2653 4565 2892 4634 quolibet
2931 4566 3148 4636 negotio
3179 4564 3474 4634 proiiiuavit
3499 4563 3562 4617 ﬁ«

1972 4658 2180 4713 delibus
2211 4673 2450 4712 amarum
2486 4668 2698 4728 gustum
2729 4656 3186 4712 Ch..lcedoneusis
3213 4655 3422 4710 c0ncil'i
3447 4655 3560 4717 lau-

1971 4753 2166 4808 dabilis
2193 4751 2724 4821 disputatio,-demus
2767 4765 2958 4805 manus
2988 4747 3283 4809 haereticis,
3314 4754 3371 4799 ut
3399 4746 3563 4800 liceat

1970 4845 2049 4901 eis
2076 4845 2323 4899 salutaris
2347 4844 2573 4899 antidoti
2605 4843 2871 4912 potionem
2901 4842 3050 4910 quasi
3087 4837 3417 4894 mortiferam
3450 4837 3574 4893 οτι...

1972 4937 2200 5003 minari,
2230 4937 2385 4992 nobis
2436 4935 2794 5005 praebentibus
2842 4934 3179 4988 occasionem
3205 4971 3219 4995 ,
3260 4949 3277 4983 ι
3315 4930 3441 4983 dum
3501 4930 3559 4985 in

1970 5031 2146 5084 verbis
2177 5045 2349 5100 pugna
2379 5040 2491 5094 est,
2523 5030 2648 5082 dum
2697 5026 2766 5081 de
2813 5024 3139 5080 novitatibus
3186 5020 3409 5090 quaestio
3437 5028 3518 5074 est
3538 5060 3561 5085 ι

1967 5122 2089 5174 dum
2118 5119 2183 5176 de
2213 5121 2478 5187 ambiguis
2500 5118 2711 5175 Occasio
2734 5131 2834 5183 ess,
2861 5118 2985 5170 dum
3012 5116 3078 5170 de
3099 5116 3315 5170 auribus
3335 5113 3561 5180 querela

1965 5222 2067 5277 est,
2097 5213 2221 5266 dum
2252 5212 2320 5268 de
2347 5211 2541 5266 Studiis
2582 5220 2854 5265 certamen
2884 5218 2987 5274 cst,
3021 5208 3146 5260 dum
3191 5205 3258 5260 de
3286 5218 3563 5261 consensu,

1966 5306 2254 5360 difﬁcultas
2283 5314 2384 5359 est.
2426 5322 2446 5356 ι
2482 5304 2609 5370 Qua:
2640 5304 2823 5371 verba,
2850 5318 2955 5356 non
2998 5315 3135 5366 mea,
3162 5298 3256 5353 scd
3285 5298 3429 5352 beati
3456 5297 3549 5350 ιιίς

1967 5400 2102 5464 l.:rii,
2132 5398 2186 5452 in
2208 5397 2446 5451 secundo
2473 5399 2608 5450 libro
2631 5395 3066 5465 contiueriquem
3094 5396 3157 5447 ad
3179 5392 3560 5453 Constantium

1966 5491 2346 5559 imperatorem
2388 5489 2600 5552 scribit,
2626 5488 2896 5542 beatit.:do
2927 5499 3103 5542 vestra
3131 5486 3340 5557 plenius
3380 5484 3562 5548 novit.

1963 5585 2287 5655 Pcrpcndite
2316 5598 2464 5653 ergo,
2493 5582 2708 5646 fratres,
2738 5582 2875 5637 inter
2902 5598 3036 5652 quos
3057 5580 3305 5651 scopulos
3334 5578 3563 5641 ﬂuctuet

1964 5677 2115 5733 navis
2167 5675 2484 5741 evangelica)
2518 5672 2931 5740 przedit'atiunis.
2979 5670 3184 5726 Clamat
3215 5670 3419 5725 Isaias:
3462 5667 3587 5731 Vat“

1963 5768 2041 5822 Itis
2071 5771 2157 5836 qui
2182 5775 2379 5834 ponunt
2399 5766 2625 5819 tenebras
2652 5767 2811 5818 lucem
2837 5763 2968 5832 (lsn.
3008 5780 3060 5833 ν,
3092 5764 3215 5832 '20);
3254 5774 3304 5817 ct
3336 5777 3430 5819 ι,ος
3456 5775 3554 5825 au;
