  <div class='ocr_page' id='page_1' title='image "/cluster/home/n/w/nwhite01/storage/ocr_20150623/67/umn.31951002477360y/475.png"; bbox 0 0 4094 6460; ppageno 0'>
   <div class='ocr_carea' id='block_1_1' title="bbox 507 303 613 360">
    <p class='ocr_par' dir='ltr' id='par_1_1' title="bbox 507 303 613 360">
     <span class='ocr_line' id='line_1_1' title="bbox 507 303 613 360; baseline -0.028 0"><span class='ocrx_word' id='word_1_1' title='bbox 507 303 613 360; x_wconf 69' lang='lat'><strong>99.5</strong></span> 
     </span>
    </p>
   </div>
   <div class='ocr_carea' id='block_1_2' title="bbox 1428 289 2894 360">
    <p class='ocr_par' dir='ltr' id='par_1_2' title="bbox 1428 289 2894 360">
     <span class='ocr_line' id='line_1_2' title="bbox 1428 289 2894 360; baseline -0.008 -1"><span class='ocrx_word' id='word_1_2' title='bbox 1428 299 1800 360; x_wconf 78' lang='lat' dir='ltr'><strong>FULGENTH</strong></span> <span class='ocrx_word' id='word_1_3' title='bbox 1843 289 2191 354; x_wconf 67' lang='lat' dir='ltr'><strong>FERRANDI</strong></span> <span class='ocrx_word' id='word_1_4' title='bbox 2236 289 2508 348; x_wconf 76' lang='lat' dir='ltr'><strong>DlACONl</strong></span> <span class='ocrx_word' id='word_1_5' title='bbox 2545 289 2894 351; x_wconf 63' lang='lat' dir='ltr'><strong>CARTHAG.</strong></span> 
     </span>
    </p>
   </div>
   <div class='ocr_carea' id='block_1_3' title="bbox 3695 293 3804 350">
    <p class='ocr_par' dir='ltr' id='par_1_3' title="bbox 3695 293 3804 350">
     <span class='ocr_line' id='line_1_3' title="bbox 3695 293 3804 350; baseline 0 0"><span class='ocrx_word' id='word_1_6' title='bbox 3695 293 3804 350; x_wconf 55' lang='lat'><strong>921</strong></span> 
     </span>
    </p>
   </div>
   <div class='ocr_carea' id='block_1_4' title="bbox 499 407 3800 495">
    <p class='ocr_par' dir='ltr' id='par_1_4' title="bbox 499 407 3800 495">
     <span class='ocr_line' id='line_1_4' title="bbox 499 407 3800 495; baseline -0.003 -13"><span class='ocrx_word' id='word_1_7' title='bbox 499 429 687 483; x_wconf 88' lang='lat' dir='ltr'><strong>demus</strong></span> <span class='ocrx_word' id='word_1_8' title='bbox 719 441 962 483; x_wconf 92' lang='lat' dir='ltr'><strong>asserere</strong></span> <span class='ocrx_word' id='word_1_9' title='bbox 1002 425 1124 495; x_wconf 93' lang='lat' dir='ltr'><strong>quia</strong></span> <span class='ocrx_word' id='word_1_10' title='bbox 1173 430 1356 493; x_wconf 79' lang='lat' dir='ltr'><strong>patres</strong></span> <span class='ocrx_word' id='word_1_11' title='bbox 1400 420 1571 476; x_wconf 90' lang='lat' dir='ltr'><strong>nostri</strong></span> <span class='ocrx_word' id='word_1_12' title='bbox 1618 418 1871 474; x_wconf 89' lang='lat' dir='ltr'><strong>tenebras</strong></span> <span class='ocrx_word' id='word_1_13' title='bbox 1916 415 2090 470; x_wconf 87' lang='lat' dir='ltr'><strong>lucem</strong></span> <span class='ocrx_word' id='word_1_14' title='bbox 2119 410 2170 470; x_wconf 79' lang='grc' dir='ltr'><strong>Δ</strong></span> <span class='ocrx_word' id='word_1_15' title='bbox 2199 408 2501 466; x_wconf 74' lang='lat' dir='ltr'><strong>municasse</strong></span> <span class='ocrx_word' id='word_1_16' title='bbox 2527 409 2863 481; x_wconf 64' lang='lat' dir='ltr'><strong>significant“.</strong></span> <span class='ocrx_word' id='word_1_17' title='bbox 2890 407 2944 464; x_wconf 76' lang='lat' dir='ltr'><strong>Si</strong></span> <span class='ocrx_word' id='word_1_18' title='bbox 2976 407 3285 464; x_wconf 70' lang='lat' dir='ltr'><strong>merebatur</strong></span> <span class='ocrx_word' id='word_1_19' title='bbox 3311 423 3408 479; x_wconf 79' lang='lat' dir='ltr'><strong>pro</strong></span> <span class='ocrx_word' id='word_1_20' title='bbox 3433 409 3576 466; x_wconf 76' lang='lat' dir='ltr'><strong>beati</strong></span> <span class='ocrx_word' id='word_1_21' title='bbox 3604 410 3800 482; x_wconf 77' lang='lat' dir='ltr'><strong>Cyrilli</strong></span> 
     </span>
    </p>
   </div>
   <div class='ocr_carea' id='block_1_5' title="bbox 501 509 2090 585">
    <p class='ocr_par' dir='ltr' id='par_1_5' title="bbox 501 509 2090 585">
     <span class='ocr_line' id='line_1_5' title="bbox 501 509 2090 585; baseline -0.008 -12"><span class='ocrx_word' id='word_1_22' title='bbox 501 534 624 573; x_wconf 86' lang='lat' dir='ltr'><strong>esse</strong></span> <span class='ocrx_word' id='word_1_23' title='bbox 653 520 940 583; x_wconf 75' lang='lat' dir='ltr'><strong>dixerunt,</strong></span> <span class='ocrx_word' id='word_1_24' title='bbox 979 513 1193 585; x_wconf 83' lang='lat' dir='ltr'><strong>quando</strong></span> <span class='ocrx_word' id='word_1_25' title='bbox 1233 513 1515 584; x_wconf 75' lang='lat' dir='ltr'><strong>epistolam</strong></span> <span class='ocrx_word' id='word_1_26' title='bbox 1547 510 1795 566; x_wconf 87' lang='lat' dir='ltr'><strong>Nestorio</strong></span> <span class='ocrx_word' id='word_1_27' title='bbox 1825 509 2090 563; x_wconf 81' lang='lat' dir='ltr'><strong>faventem</strong></span> 
     </span>
    </p>
   </div>
   <div class='ocr_carea' id='block_1_6' title="bbox 499 604 2095 674">
    <p class='ocr_par' dir='ltr' id='par_1_6' title="bbox 499 604 2095 674">
     <span class='ocr_line' id='line_1_6' title="bbox 499 604 2095 674; baseline -0.005 -10"><span class='ocrx_word' id='word_1_28' title='bbox 499 612 756 667; x_wconf 90' lang='lat' dir='ltr'><strong>damnare</strong></span> <span class='ocrx_word' id='word_1_29' title='bbox 787 611 1098 674; x_wconf 90' lang='lat' dir='ltr'><strong>noluerunt,</strong></span> <span class='ocrx_word' id='word_1_30' title='bbox 1134 609 1244 663; x_wconf 91' lang='lat' dir='ltr'><strong>imo</strong></span> <span class='ocrx_word' id='word_1_31' title='bbox 1273 609 1435 663; x_wconf 75' lang='lat' dir='ltr'><strong>etiam</strong></span> <span class='ocrx_word' id='word_1_32' title='bbox 1465 607 1738 674; x_wconf 87' lang='lat' dir='ltr'><strong>suscipere</strong></span> <span class='ocrx_word' id='word_1_33' title='bbox 1767 604 2095 659; x_wconf 83' lang='lat' dir='ltr'><strong>voluerunt?</strong></span> 
     </span>
    </p>
   </div>
   <div class='ocr_carea' id='block_1_7' title="bbox 500 696 2096 771">
    <p class='ocr_par' dir='ltr' id='par_1_7' title="bbox 500 696 2096 771">
     <span class='ocr_line' id='line_1_7' title="bbox 500 696 2096 771; baseline -0.004 -16"><span class='ocrx_word' id='word_1_34' title='bbox 500 702 714 771; x_wconf 79' lang='lat' dir='ltr'><strong>Ergone</strong></span> <span class='ocrx_word' id='word_1_35' title='bbox 743 702 982 771; x_wconf 87' lang='lat' dir='ltr'><strong>patribus</strong></span> <span class='ocrx_word' id='word_1_36' title='bbox 1032 704 1232 756; x_wconf 87' lang='lat' dir='ltr'><strong>nostris</strong></span> <span class='ocrx_word' id='word_1_37' title='bbox 1263 700 1600 769; x_wconf 85' lang='lat' dir='ltr'><strong>coaptabitur</strong></span> <span class='ocrx_word' id='word_1_38' title='bbox 1643 696 1952 768; x_wconf 79' lang='lat' dir='ltr'><strong>prophetica</strong></span> <span class='ocrx_word' id='word_1_39' title='bbox 1983 711 2096 749; x_wconf 83' lang='lat' dir='ltr'><strong>ma-</strong></span> 
     </span>
    </p>
   </div>
   <div class='ocr_carea' id='block_1_8' title="bbox 500 789 2094 862">
    <p class='ocr_par' dir='ltr' id='par_1_8' title="bbox 500 789 2094 862">
     <span class='ocr_line' id='line_1_8' title="bbox 500 789 2094 862; baseline -0.003 -16"><span class='ocrx_word' id='word_1_40' title='bbox 500 794 755 847; x_wconf 89' lang='lat' dir='ltr'><strong>ledictio:</strong></span> <span class='ocrx_word' id='word_1_41' title='bbox 795 793 885 846; x_wconf 76' lang='lat' dir='ltr'><strong>Va:</strong></span> <span class='ocrx_word' id='word_1_42' title='bbox 921 793 1002 846; x_wconf 84' lang='lat' dir='ltr'><strong>his</strong></span> <span class='ocrx_word' id='word_1_43' title='bbox 1045 794 1132 860; x_wconf 87' lang='lat' dir='ltr'><strong>qui</strong></span> <span class='ocrx_word' id='word_1_44' title='bbox 1182 802 1375 862; x_wconf 85' lang='lat' dir='ltr'><strong>ponunt</strong></span> <span class='ocrx_word' id='word_1_45' title='bbox 1422 791 1650 845; x_wconf 83' lang='lat' dir='ltr'><strong>tenebras</strong></span> <span class='ocrx_word' id='word_1_46' title='bbox 1682 790 1881 842; x_wconf 83' lang='lat' dir='ltr'><strong>lucem?</strong></span> <span class='ocrx_word' id='word_1_47' title='bbox 1909 789 2094 842; x_wconf 84' lang='lat' dir='ltr'><strong>Nonne</strong></span> 
     </span>
    </p>
   </div>
   <div class='ocr_carea' id='block_1_9' title="bbox 499 878 2094 950">
    <p class='ocr_par' dir='ltr' id='par_1_9' title="bbox 499 878 2094 950">
     <span class='ocr_line' id='line_1_9' title="bbox 499 878 2094 950; baseline -0.001 -16"><span class='ocrx_word' id='word_1_48' title='bbox 499 881 597 950; x_wconf 84' lang='lat' dir='ltr'><strong>ipsi</strong></span> <span class='ocrx_word' id='word_1_49' title='bbox 631 881 844 936; x_wconf 91' lang='lat' dir='ltr'><strong>fuerunt</strong></span> <span class='ocrx_word' id='word_1_50' title='bbox 868 882 1006 936; x_wconf 86' lang='lat' dir='ltr'><strong>sicut</strong></span> <span class='ocrx_word' id='word_1_51' title='bbox 1031 879 1317 936; x_wconf 88' lang='lat' dir='ltr'><strong>luminaria</strong></span> <span class='ocrx_word' id='word_1_52' title='bbox 1366 880 1418 935; x_wconf 90' lang='lat' dir='ltr'><strong>in</strong></span> <span class='ocrx_word' id='word_1_53' title='bbox 1467 880 1689 947; x_wconf 85' lang='lat' dir='ltr'><strong>mundo,</strong></span> <span class='ocrx_word' id='word_1_54' title='bbox 1719 879 1939 933; x_wconf 79' lang='lat' dir='ltr'><strong>verbum</strong></span> <span class='ocrx_word' id='word_1_55' title='bbox 1969 878 2094 932; x_wconf 67' lang='lat' dir='ltr'><strong>vita:</strong></span> 
     </span>
    </p>
   </div>
   <div class='ocr_carea' id='block_1_10' title="bbox 499 972 2094 1043">
    <p class='ocr_par' dir='ltr' id='par_1_10' title="bbox 499 972 2094 1043">
     <span class='ocr_line' id='line_1_10' title="bbox 499 972 2094 1043; baseline -0.002 -16"><span class='ocrx_word' id='word_1_56' title='bbox 499 973 859 1041; x_wconf 89' lang='lat' dir='ltr'><strong>continentes,</strong></span> <span class='ocrx_word' id='word_1_57' title='bbox 887 988 1114 1043; x_wconf 90' lang='lat' dir='ltr'><strong>quorum</strong></span> <span class='ocrx_word' id='word_1_58' title='bbox 1165 973 1295 1027; x_wconf 88' lang='lat' dir='ltr'><strong>fides</strong></span> <span class='ocrx_word' id='word_1_59' title='bbox 1345 972 1598 1041; x_wconf 82' lang='lat' dir='ltr'><strong>imposuit</strong></span> <span class='ocrx_word' id='word_1_60' title='bbox 1646 972 1913 1025; x_wconf 90' lang='lat' dir='ltr'><strong>silentium</strong></span> <span class='ocrx_word' id='word_1_61' title='bbox 1970 986 2094 1039; x_wconf 82' lang='lat' dir='ltr'><strong>per-</strong></span> 
     </span>
    </p>
   </div>
   <div class='ocr_carea' id='block_1_11' title="bbox 473 1057 2096 1134">
    <p class='ocr_par' dir='ltr' id='par_1_11' title="bbox 473 1057 2096 1134">
     <span class='ocr_line' id='line_1_11' title="bbox 473 1057 2096 1134; baseline -0.002 -16"><span class='ocrx_word' id='word_1_62' title='bbox 473 1057 664 1120; x_wconf 62' lang='lat' dir='ltr'><strong>éfitlis‘!</strong></span> <span class='ocrx_word' id='word_1_63' title='bbox 727 1065 922 1134; x_wconf 88' lang='lat' dir='ltr'><strong>quibus</strong></span> <span class='ocrx_word' id='word_1_64' title='bbox 982 1076 1130 1119; x_wconf 90' lang='lat' dir='ltr'><strong>recte</strong></span> <span class='ocrx_word' id='word_1_65' title='bbox 1193 1065 1536 1119; x_wconf 84' lang='lat' dir='ltr'><strong>credentibus</strong></span> <span class='ocrx_word' id='word_1_66' title='bbox 1613 1064 1788 1118; x_wconf 90' lang='lat' dir='ltr'><strong>omnis</strong></span> <span class='ocrx_word' id='word_1_67' title='bbox 1863 1061 2096 1116; x_wconf 90' lang='lat' dir='ltr'><strong>credidit</strong></span> 
     </span>
    </p>
   </div>
   <div class='ocr_carea' id='block_1_12' title="bbox 498 1157 776 1214">
    <p class='ocr_par' dir='ltr' id='par_1_12' title="bbox 498 1157 776 1214">
     <span class='ocr_line' id='line_1_12' title="bbox 498 1157 776 1214; baseline -0.007 0"><span class='ocrx_word' id='word_1_68' title='bbox 498 1157 728 1214; x_wconf 88' lang='lat' dir='ltr'><strong>mundus</strong></span> <span class='ocrx_word' id='word_1_69' title='bbox 751 1160 776 1212; x_wconf 70' lang='grc' dir='ltr'><strong><em>Ἰ</em></strong></span> 
     </span>
    </p>
   </div>
   <div class='ocr_carea' id='block_1_13' title="bbox 474 1248 2093 1317">
    <p class='ocr_par' dir='ltr' id='par_1_13' title="bbox 474 1248 2093 1317">
     <span class='ocr_line' id='line_1_13' title="bbox 474 1248 2093 1317; baseline -0.001 -13"><span class='ocrx_word' id='word_1_70' title='bbox 474 1279 477 1284; x_wconf 90' lang='lat'><strong><em>-</em></strong></span> <span class='ocrx_word' id='word_1_71' title='bbox 568 1251 622 1304; x_wconf 80' lang='grc'><strong>5.</strong></span> <span class='ocrx_word' id='word_1_72' title='bbox 649 1250 730 1303; x_wconf 81' lang='lat' dir='ltr'><strong>Au</strong></span> <span class='ocrx_word' id='word_1_73' title='bbox 773 1248 970 1303; x_wconf 90' lang='lat' dir='ltr'><strong>dicitur</strong></span> <span class='ocrx_word' id='word_1_74' title='bbox 993 1266 1007 1303; x_wconf 93' lang='lat'><strong>:</strong></span> <span class='ocrx_word' id='word_1_75' title='bbox 1035 1251 1179 1304; x_wconf 82' lang='lat' dir='ltr'><strong>Bene</strong></span> <span class='ocrx_word' id='word_1_76' title='bbox 1207 1249 1577 1317; x_wconf 87' lang='lat' dir='ltr'><strong>crediderunt,</strong></span> <span class='ocrx_word' id='word_1_77' title='bbox 1606 1249 1700 1304; x_wconf 88' lang='lat' dir='ltr'><strong>sed</strong></span> <span class='ocrx_word' id='word_1_78' title='bbox 1735 1249 1837 1303; x_wconf 70' lang='lat' dir='ltr'><strong>Iliae</strong></span> <span class='ocrx_word' id='word_1_79' title='bbox 1865 1264 2093 1303; x_wconf 85' lang='lat' dir='ltr'><strong>venera-</strong></span> 
     </span>
    </p>
   </div>
   <div class='ocr_carea' id='block_1_14' title="bbox 498 1339 2096 1410">
    <p class='ocr_par' dir='ltr' id='par_1_14' title="bbox 498 1339 2096 1410">
     <span class='ocr_line' id='line_1_14' title="bbox 498 1339 2096 1410; baseline -0.001 -15"><span class='ocrx_word' id='word_1_80' title='bbox 498 1339 626 1395; x_wconf 91' lang='lat' dir='ltr'><strong>bilis</strong></span> <span class='ocrx_word' id='word_1_81' title='bbox 653 1340 935 1410; x_wconf 78' lang='lat' dir='ltr'><strong>epistolam</strong></span> <span class='ocrx_word' id='word_1_82' title='bbox 968 1340 1107 1396; x_wconf 89' lang='lat' dir='ltr'><strong>male</strong></span> <span class='ocrx_word' id='word_1_83' title='bbox 1137 1342 1529 1410; x_wconf 85' lang='lat' dir='ltr'><strong>susceperunt?</strong></span> <span class='ocrx_word' id='word_1_84' title='bbox 1559 1341 1612 1395; x_wconf 92' lang='lat' dir='ltr'><strong>in</strong></span> <span class='ocrx_word' id='word_1_85' title='bbox 1636 1355 1732 1393; x_wconf 90' lang='lat' dir='ltr'><strong>sua</strong></span> <span class='ocrx_word' id='word_1_86' title='bbox 1756 1341 2096 1395; x_wconf 83' lang='lat' dir='ltr'><strong>confessione</strong></span> 
     </span>
    </p>
   </div>
   <div class='ocr_carea' id='block_1_15' title="bbox 499 1431 2097 1503">
    <p class='ocr_par' dir='ltr' id='par_1_15' title="bbox 499 1431 2097 1503">
     <span class='ocr_line' id='line_1_15' title="bbox 499 1431 2097 1503; baseline 0 -17"><span class='ocrx_word' id='word_1_87' title='bbox 499 1446 720 1487; x_wconf 89' lang='lat' dir='ltr'><strong>veraces</strong></span> <span class='ocrx_word' id='word_1_88' title='bbox 758 1431 1012 1500; x_wconf 89' lang='lat' dir='ltr'><strong>fuerunt,</strong></span> <span class='ocrx_word' id='word_1_89' title='bbox 1043 1433 1142 1488; x_wconf 87' lang='lat' dir='ltr'><strong>sed</strong></span> <span class='ocrx_word' id='word_1_90' title='bbox 1171 1432 1347 1487; x_wconf 80' lang='lat' dir='ltr'><strong>fallaci</strong></span> <span class='ocrx_word' id='word_1_91' title='bbox 1387 1432 1716 1488; x_wconf 81' lang='lat' dir='ltr'><strong>confessioni</strong></span> <span class='ocrx_word' id='word_1_92' title='bbox 1751 1431 2097 1503; x_wconf 70' lang='lat' dir='ltr'><strong>prtebucrunt</strong></span> 
     </span>
    </p>
   </div>
   <div class='ocr_carea' id='block_1_16' title="bbox 499 1523 2099 1590">
    <p class='ocr_par' dir='ltr' id='par_1_16' title="bbox 499 1523 2099 1590">
     <span class='ocr_line' id='line_1_16' title="bbox 499 1523 2099 1590; baseline 0.001 -14"><span class='ocrx_word' id='word_1_93' title='bbox 499 1524 768 1576; x_wconf 89' lang='lat' dir='ltr'><strong>incautam</strong></span> <span class='ocrx_word' id='word_1_94' title='bbox 813 1524 1264 1578; x_wconf 87' lang='lat' dir='ltr'><strong>consensionem?</strong></span> <span class='ocrx_word' id='word_1_95' title='bbox 1291 1523 1423 1590; x_wconf 91' lang='lat' dir='ltr'><strong>Quis</strong></span> <span class='ocrx_word' id='word_1_96' title='bbox 1455 1525 1592 1579; x_wconf 90' lang='lat' dir='ltr'><strong>ferat</strong></span> <span class='ocrx_word' id='word_1_97' title='bbox 1636 1531 1907 1578; x_wconf 87' lang='lat' dir='ltr'><strong>tortuosas</strong></span> <span class='ocrx_word' id='word_1_98' title='bbox 1934 1524 2099 1578; x_wconf 89' lang='lat' dir='ltr'><strong>inuti-</strong></span> 
     </span>
    </p>
   </div>
   <div class='ocr_carea' id='block_1_17' title="bbox 499 1613 2099 1686">
    <p class='ocr_par' dir='ltr' id='par_1_17' title="bbox 499 1613 2099 1686">
     <span class='ocr_line' id='line_1_17' title="bbox 499 1613 2099 1686; baseline 0.001 -18"><span class='ocrx_word' id='word_1_99' title='bbox 499 1613 628 1668; x_wconf 89' lang='lat' dir='ltr'><strong>lium</strong></span> <span class='ocrx_word' id='word_1_100' title='bbox 657 1615 1014 1684; x_wconf 73' lang='lat' dir='ltr'><strong>qutestionum</strong></span> <span class='ocrx_word' id='word_1_101' title='bbox 1059 1615 1470 1670; x_wconf 85' lang='lat' dir='ltr'><strong>contentiones?</strong></span> <span class='ocrx_word' id='word_1_102' title='bbox 1499 1615 1556 1671; x_wconf 89' lang='lat' dir='ltr'><strong>Si</strong></span> <span class='ocrx_word' id='word_1_103' title='bbox 1603 1630 1726 1686; x_wconf 84' lang='lat' dir='ltr'><strong>pars</strong></span> <span class='ocrx_word' id='word_1_104' title='bbox 1765 1615 1946 1686; x_wconf 91' lang='lat' dir='ltr'><strong>aliqua</strong></span> <span class='ocrx_word' id='word_1_105' title='bbox 1988 1616 2099 1670; x_wconf 89' lang='lat' dir='ltr'><strong>dis-</strong></span> 
     </span>
    </p>
   </div>
   <div class='ocr_carea' id='block_1_18' title="bbox 499 1707 2097 1778">
    <p class='ocr_par' dir='ltr' id='par_1_18' title="bbox 499 1707 2097 1778">
     <span class='ocr_line' id='line_1_18' title="bbox 499 1707 2097 1778; baseline 0.003 -20"><span class='ocrx_word' id='word_1_106' title='bbox 499 1707 661 1774; x_wconf 91' lang='lat' dir='ltr'><strong>plicet</strong></span> <span class='ocrx_word' id='word_1_107' title='bbox 687 1708 740 1760; x_wconf 89' lang='lat' dir='ltr'><strong>in</strong></span> <span class='ocrx_word' id='word_1_108' title='bbox 769 1707 1001 1762; x_wconf 91' lang='lat' dir='ltr'><strong>concilio</strong></span> <span class='ocrx_word' id='word_1_109' title='bbox 1049 1707 1508 1771; x_wconf 84' lang='lat' dir='ltr'><strong>Cltalcctlonensi,</strong></span> <span class='ocrx_word' id='word_1_110' title='bbox 1539 1723 1660 1763; x_wconf 90' lang='lat' dir='ltr'><strong>cum</strong></span> <span class='ocrx_word' id='word_1_111' title='bbox 1705 1708 1948 1778; x_wconf 91' lang='lat' dir='ltr'><strong>periculo</strong></span> <span class='ocrx_word' id='word_1_112' title='bbox 1987 1708 2097 1763; x_wconf 88' lang='lat' dir='ltr'><strong>dis-</strong></span> 
     </span>
    </p>
   </div>
   <div class='ocr_carea' id='block_1_19' title="bbox 2201 501 3801 570">
    <p class='ocr_par' dir='ltr' id='par_1_19' title="bbox 2201 501 3801 570">
     <span class='ocr_line' id='line_1_19' title="bbox 2201 501 3801 570; baseline 0.003 -16"><span class='ocrx_word' id='word_1_113' title='bbox 2201 501 2591 570; x_wconf 84' lang='lat' dir='ltr'><strong>vituperatione</strong></span> <span class='ocrx_word' id='word_1_114' title='bbox 2608 501 2843 570; x_wconf 83' lang='lat' dir='ltr'><strong>culpam,</strong></span> <span class='ocrx_word' id='word_1_115' title='bbox 2866 501 3174 556; x_wconf 71' lang='lat' dir='ltr'><strong>merebatur</strong></span> <span class='ocrx_word' id='word_1_116' title='bbox 3200 517 3296 570; x_wconf 93' lang='lat' dir='ltr'><strong>pro</strong></span> <span class='ocrx_word' id='word_1_117' title='bbox 3320 509 3617 557; x_wconf 89' lang='lat' dir='ltr'><strong>restaurata</strong></span> <span class='ocrx_word' id='word_1_118' title='bbox 3643 519 3801 558; x_wconf 87' lang='lat' dir='ltr'><strong>com-</strong></span> 
     </span>
    </p>
   </div>
   <div class='ocr_carea' id='block_1_20' title="bbox 2199 591 3804 665">
    <p class='ocr_par' dir='ltr' id='par_1_20' title="bbox 2199 591 3804 665">
     <span class='ocr_line' id='line_1_20' title="bbox 2199 591 3804 665; baseline 0.001 -18"><span class='ocrx_word' id='word_1_119' title='bbox 2199 595 2456 648; x_wconf 90' lang='lat' dir='ltr'><strong>munione</strong></span> <span class='ocrx_word' id='word_1_120' title='bbox 2484 607 2590 646; x_wconf 89' lang='lat' dir='ltr'><strong>non</strong></span> <span class='ocrx_word' id='word_1_121' title='bbox 2616 592 2893 647; x_wconf 82' lang='lat' dir='ltr'><strong>minimam</strong></span> <span class='ocrx_word' id='word_1_122' title='bbox 2924 592 3174 662; x_wconf 82' lang='lat' dir='ltr'><strong>gratiam.</strong></span> <span class='ocrx_word' id='word_1_123' title='bbox 3202 591 3269 648; x_wconf 88' lang='lat' dir='ltr'><strong>Ut</strong></span> <span class='ocrx_word' id='word_1_124' title='bbox 3290 593 3460 647; x_wconf 87' lang='lat' dir='ltr'><strong>saneti</strong></span> <span class='ocrx_word' id='word_1_125' title='bbox 3492 593 3676 665; x_wconf 80' lang='lat' dir='ltr'><strong>Cyrilli</strong></span> <span class='ocrx_word' id='word_1_126' title='bbox 3709 609 3804 649; x_wconf 87' lang='lat' dir='ltr'><strong>ca-</strong></span> 
     </span>
    </p>
   </div>
   <div class='ocr_carea' id='block_1_21' title="bbox 2198 685 3800 756">
    <p class='ocr_par' dir='ltr' id='par_1_21' title="bbox 2198 685 3800 756">
     <span class='ocr_line' id='line_1_21' title="bbox 2198 685 3800 756; baseline 0.001 -17"><span class='ocrx_word' id='word_1_127' title='bbox 2198 685 2367 755; x_wconf 89' lang='lat' dir='ltr'><strong>pitula</strong></span> <span class='ocrx_word' id='word_1_128' title='bbox 2399 699 2619 756; x_wconf 85' lang='lat' dir='ltr'><strong>propter</strong></span> <span class='ocrx_word' id='word_1_129' title='bbox 2662 685 3070 753; x_wconf 83' lang='lat' dir='ltr'><strong>ambiguitatem</strong></span> <span class='ocrx_word' id='word_1_130' title='bbox 3095 693 3148 740; x_wconf 89' lang='lat' dir='ltr'><strong>et</strong></span> <span class='ocrx_word' id='word_1_131' title='bbox 3176 685 3464 740; x_wconf 86' lang='lat' dir='ltr'><strong>locutionis</strong></span> <span class='ocrx_word' id='word_1_132' title='bbox 3494 685 3800 741; x_wconf 54' lang='lat' dir='ltr'><strong>obscurita-</strong></span> 
     </span>
    </p>
   </div>
   <div class='ocr_carea' id='block_1_22' title="bbox 2199 775 3804 846">
    <p class='ocr_par' dir='ltr' id='par_1_22' title="bbox 2199 775 3804 846">
     <span class='ocr_line' id='line_1_22' title="bbox 2199 775 3804 846; baseline 0.002 -17"><span class='ocrx_word' id='word_1_133' title='bbox 2199 785 2330 839; x_wconf 87' lang='lat' dir='ltr'><strong>tem,</strong></span> <span class='ocrx_word' id='word_1_134' title='bbox 2365 790 2486 830; x_wconf 90' lang='lat' dir='ltr'><strong>cum</strong></span> <span class='ocrx_word' id='word_1_135' title='bbox 2519 775 2886 830; x_wconf 84' lang='lat' dir='ltr'><strong>Orientalibus</strong></span> <span class='ocrx_word' id='word_1_136' title='bbox 2927 775 3194 844; x_wconf 89' lang='lat' dir='ltr'><strong>episcopis</strong></span> <span class='ocrx_word' id='word_1_137' title='bbox 3225 790 3413 845; x_wconf 90' lang='lat' dir='ltr'><strong>parum</strong></span> <span class='ocrx_word' id='word_1_138' title='bbox 3442 776 3804 846; x_wconf 85' lang='lat' dir='ltr'><strong>intelligendo</strong></span> 
     </span>
    </p>
   </div>
   <div class='ocr_carea' id='block_1_23' title="bbox 2199 872 3804 944">
    <p class='ocr_par' dir='ltr' id='par_1_23' title="bbox 2199 872 3804 944">
     <span class='ocr_line' id='line_1_23' title="bbox 2199 872 3804 944; baseline 0.001 -13"><span class='ocrx_word' id='word_1_139' title='bbox 2199 875 2460 944; x_wconf 87' lang='lat' dir='ltr'><strong>culparet,</strong></span> <span class='ocrx_word' id='word_1_140' title='bbox 2488 874 2733 928; x_wconf 66' lang='lat' dir='ltr'><strong>humanae</strong></span> <span class='ocrx_word' id='word_1_141' title='bbox 2764 872 2860 926; x_wconf 84' lang='lat' dir='ltr'><strong>fuit</strong></span> <span class='ocrx_word' id='word_1_142' title='bbox 2889 873 3214 928; x_wconf 74' lang='lat' dir='ltr'><strong>infirmitatis</strong></span> <span class='ocrx_word' id='word_1_143' title='bbox 3238 893 3252 928; x_wconf 93' lang='lat'><strong>:</strong></span> <span class='ocrx_word' id='word_1_144' title='bbox 3287 883 3344 928; x_wconf 91' lang='lat' dir='ltr'><strong>ut</strong></span> <span class='ocrx_word' id='word_1_145' title='bbox 3365 874 3504 929; x_wconf 88' lang='lat' dir='ltr'><strong>dicta</strong></span> <span class='ocrx_word' id='word_1_146' title='bbox 3531 890 3625 930; x_wconf 89' lang='lat' dir='ltr'><strong>sua</strong></span> <span class='ocrx_word' id='word_1_147' title='bbox 3658 877 3804 933; x_wconf 87' lang='lat' dir='ltr'><strong>bene</strong></span> 
     </span>
    </p>
   </div>
   <div class='ocr_carea' id='block_1_24' title="bbox 2201 965 3806 1035">
    <p class='ocr_par' dir='ltr' id='par_1_24' title="bbox 2201 965 3806 1035">
     <span class='ocr_line' id='line_1_24' title="bbox 2201 965 3806 1035; baseline 0.001 -14"><span class='ocrx_word' id='word_1_148' title='bbox 2201 966 2568 1035; x_wconf 88' lang='lat' dir='ltr'><strong>ittterpretanti</strong></span> <span class='ocrx_word' id='word_1_149' title='bbox 2599 965 2810 1022; x_wconf 82' lang='lat' dir='ltr'><strong>facilius</strong></span> <span class='ocrx_word' id='word_1_150' title='bbox 2832 965 3078 1021; x_wconf 90' lang='lat' dir='ltr'><strong>crederet</strong></span> <span class='ocrx_word' id='word_1_151' title='bbox 3101 979 3163 1020; x_wconf 92' lang='lat' dir='ltr'><strong>ac</strong></span> <span class='ocrx_word' id='word_1_152' title='bbox 3194 965 3546 1022; x_wconf 85' lang='lat' dir='ltr'><strong>libentissime</strong></span> <span class='ocrx_word' id='word_1_153' title='bbox 3565 982 3806 1022; x_wconf 86' lang='lat' dir='ltr'><strong>consen-</strong></span> 
     </span>
    </p>
   </div>
   <div class='ocr_carea' id='block_1_25' title="bbox 2201 1056 3805 1126">
    <p class='ocr_par' dir='ltr' id='par_1_25' title="bbox 2201 1056 3805 1126">
     <span class='ocr_line' id='line_1_25' title="bbox 2201 1056 3805 1126; baseline 0.001 -14"><span class='ocrx_word' id='word_1_154' title='bbox 2201 1057 2343 1123; x_wconf 89' lang='lat' dir='ltr'><strong>tiret,</strong></span> <span class='ocrx_word' id='word_1_155' title='bbox 2377 1058 2598 1111; x_wconf 88' lang='lat' dir='ltr'><strong>omnino</strong></span> <span class='ocrx_word' id='word_1_156' title='bbox 2621 1057 2968 1112; x_wconf 82' lang='lat' dir='ltr'><strong>sacerdotalis</strong></span> <span class='ocrx_word' id='word_1_157' title='bbox 2999 1057 3172 1112; x_wconf 88' lang='lat' dir='ltr'><strong>fuerat</strong></span> <span class='ocrx_word' id='word_1_158' title='bbox 3199 1056 3506 1126; x_wconf 83' lang='lat' dir='ltr'><strong>cbaritatis,</strong></span> <span class='ocrx_word' id='word_1_159' title='bbox 3537 1059 3658 1113; x_wconf 87' lang='lat' dir='ltr'><strong>sine</strong></span> <span class='ocrx_word' id='word_1_160' title='bbox 3692 1059 3805 1114; x_wconf 90' lang='lat' dir='ltr'><strong>ullo</strong></span> 
     </span>
    </p>
   </div>
   <div class='ocr_carea' id='block_1_26' title="bbox 2199 1149 3803 1220">
    <p class='ocr_par' dir='ltr' id='par_1_26' title="bbox 2199 1149 3803 1220">
     <span class='ocr_line' id='line_1_26' title="bbox 2199 1149 3803 1220; baseline 0 -14"><span class='ocrx_word' id='word_1_161' title='bbox 2199 1151 2484 1220; x_wconf 90' lang='lat' dir='ltr'><strong>dispendio</strong></span> <span class='ocrx_word' id='word_1_162' title='bbox 2514 1149 2774 1204; x_wconf 86' lang='lat' dir='ltr'><strong>veritatis.</strong></span> <span class='ocrx_word' id='word_1_163' title='bbox 2811 1150 2920 1205; x_wconf 89' lang='lat' dir='ltr'><strong>Cur</strong></span> <span class='ocrx_word' id='word_1_164' title='bbox 2950 1150 3232 1220; x_wconf 87' lang='lat' dir='ltr'><strong>epistolam</strong></span> <span class='ocrx_word' id='word_1_165' title='bbox 3267 1166 3367 1206; x_wconf 93' lang='lat' dir='ltr'><strong>nos</strong></span> <span class='ocrx_word' id='word_1_166' title='bbox 3392 1152 3803 1220; x_wconf 89' lang='lat' dir='ltr'><strong>damnaremus,</strong></span> 
     </span>
    </p>
   </div>
   <div class='ocr_carea' id='block_1_27' title="bbox 2201 1241 3806 1314">
    <p class='ocr_par' dir='ltr' id='par_1_27' title="bbox 2201 1241 3806 1314">
     <span class='ocr_line' id='line_1_27' title="bbox 2201 1241 3806 1314; baseline 0.002 -18"><span class='ocrx_word' id='word_1_167' title='bbox 2201 1244 2291 1298; x_wconf 89' lang='lat' dir='ltr'><strong>ubi</strong></span> <span class='ocrx_word' id='word_1_168' title='bbox 2322 1254 2571 1314; x_wconf 87' lang='lat' dir='ltr'><strong>tanquam</strong></span> <span class='ocrx_word' id='word_1_169' title='bbox 2599 1241 2888 1311; x_wconf 67' lang='lat' dir='ltr'><strong>praeterita,</strong></span> <span class='ocrx_word' id='word_1_170' title='bbox 2919 1253 3044 1297; x_wconf 90' lang='lat' dir='ltr'><strong>sunt</strong></span> <span class='ocrx_word' id='word_1_171' title='bbox 3075 1254 3300 1314; x_wconf 88' lang='lat' dir='ltr'><strong>utraque</strong></span> <span class='ocrx_word' id='word_1_172' title='bbox 3345 1255 3558 1298; x_wconf 76' lang='lat' dir='ltr'><strong>narrata</strong></span> <span class='ocrx_word' id='word_1_173' title='bbox 3591 1260 3691 1313; x_wconf 88' lang='lat' dir='ltr'><strong>per</strong></span> <span class='ocrx_word' id='word_1_174' title='bbox 3736 1245 3806 1299; x_wconf 88' lang='lat' dir='ltr'><strong>il-</strong></span> 
     </span>
    </p>
   </div>
   <div class='ocr_carea' id='block_1_28' title="bbox 2201 1335 3812 1408">
    <p class='ocr_par' dir='ltr' id='par_1_28' title="bbox 2201 1335 3812 1408">
     <span class='ocr_line' id='line_1_28' title="bbox 2201 1335 3812 1408; baseline 0.001 -18"><span class='ocrx_word' id='word_1_175' title='bbox 2201 1335 2303 1390; x_wconf 92' lang='lat' dir='ltr'><strong>lius</strong></span> <span class='ocrx_word' id='word_1_176' title='bbox 2331 1337 2503 1390; x_wconf 89' lang='lat' dir='ltr'><strong>sancti</strong></span> <span class='ocrx_word' id='word_1_177' title='bbox 2537 1335 2728 1404; x_wconf 83' lang='lat' dir='ltr'><strong>Cyrilli</strong></span> <span class='ocrx_word' id='word_1_178' title='bbox 2762 1335 2951 1390; x_wconf 84' lang='lat' dir='ltr'><strong>fideles</strong></span> <span class='ocrx_word' id='word_1_179' title='bbox 2980 1335 3484 1404; x_wconf 80' lang='lat' dir='ltr'><strong>interpretationes?</strong></span> <span class='ocrx_word' id='word_1_180' title='bbox 3511 1336 3648 1408; x_wconf 89' lang='lat' dir='ltr'><strong>Ipse,</strong></span> <span class='ocrx_word' id='word_1_181' title='bbox 3688 1337 3812 1406; x_wconf 77' lang='lat' dir='ltr'><strong>ipse</strong></span> 
     </span>
    </p>
   </div>
   <div class='ocr_carea' id='block_1_29' title="bbox 2201 1425 3810 1498">
    <p class='ocr_par' dir='ltr' id='par_1_29' title="bbox 2201 1425 3810 1498">
     <span class='ocr_line' id='line_1_29' title="bbox 2201 1425 3810 1498; baseline 0.001 -16"><span class='ocrx_word' id='word_1_182' title='bbox 2201 1436 2420 1482; x_wconf 88' lang='lat' dir='ltr'><strong>sanctus</strong></span> <span class='ocrx_word' id='word_1_183' title='bbox 2444 1425 2675 1497; x_wconf 79' lang='lat' dir='ltr'><strong>Cyrillus</strong></span> <span class='ocrx_word' id='word_1_184' title='bbox 2721 1441 2828 1480; x_wconf 91' lang='lat' dir='ltr'><strong>non</strong></span> <span class='ocrx_word' id='word_1_185' title='bbox 2875 1426 3172 1481; x_wconf 87' lang='lat' dir='ltr'><strong>venerabili</strong></span> <span class='ocrx_word' id='word_1_186' title='bbox 3224 1426 3346 1493; x_wconf 59' lang='lat' dir='ltr'><strong>lbas,</strong></span> <span class='ocrx_word' id='word_1_187' title='bbox 3400 1429 3492 1482; x_wconf 91' lang='lat' dir='ltr'><strong>sed</strong></span> <span class='ocrx_word' id='word_1_188' title='bbox 3549 1428 3810 1498; x_wconf 73' lang='lat' dir='ltr'><strong>pluribus</strong></span> 
     </span>
    </p>
   </div>
   <div class='ocr_carea' id='block_1_30' title="bbox 2201 1515 3813 1586">
    <p class='ocr_par' dir='ltr' id='par_1_30' title="bbox 2201 1515 3813 1586">
     <span class='ocr_line' id='line_1_30' title="bbox 2201 1515 3813 1586; baseline 0 -13"><span class='ocrx_word' id='word_1_189' title='bbox 2201 1515 2568 1574; x_wconf 89' lang='lat' dir='ltr'><strong>Orientalibus</strong></span> <span class='ocrx_word' id='word_1_190' title='bbox 2590 1517 2862 1586; x_wconf 84' lang='lat' dir='ltr'><strong>episcopis</strong></span> <span class='ocrx_word' id='word_1_191' title='bbox 2882 1517 3097 1573; x_wconf 86' lang='lat' dir='ltr'><strong>auferre</strong></span> <span class='ocrx_word' id='word_1_192' title='bbox 3124 1519 3434 1573; x_wconf 86' lang='lat' dir='ltr'><strong>scandalum</strong></span> <span class='ocrx_word' id='word_1_193' title='bbox 3459 1520 3614 1574; x_wconf 64' lang='lat' dir='ltr'><strong>mala:</strong></span> <span class='ocrx_word' id='word_1_194' title='bbox 3646 1520 3813 1574; x_wconf 67' lang='lat' dir='ltr'><strong>inm-</strong></span> 
     </span>
    </p>
   </div>
   <div class='ocr_carea' id='block_1_31' title="bbox 2203 1608 3808 1680">
    <p class='ocr_par' dir='ltr' id='par_1_31' title="bbox 2203 1608 3808 1680">
     <span class='ocr_line' id='line_1_31' title="bbox 2203 1608 3808 1680; baseline 0.001 -15"><span class='ocrx_word' id='word_1_195' title='bbox 2203 1610 2436 1679; x_wconf 74' lang='lat' dir='ltr'><strong>ligentiac</strong></span> <span class='ocrx_word' id='word_1_196' title='bbox 2460 1608 2798 1678; x_wconf 88' lang='lat' dir='ltr'><strong>properavit,</strong></span> <span class='ocrx_word' id='word_1_197' title='bbox 2824 1609 2960 1664; x_wconf 85' lang='lat' dir='ltr'><strong>bene</strong></span> <span class='ocrx_word' id='word_1_198' title='bbox 2985 1609 3394 1679; x_wconf 90' lang='lat' dir='ltr'><strong>interpretando</strong></span> <span class='ocrx_word' id='word_1_199' title='bbox 3415 1611 3646 1680; x_wconf 90' lang='lat' dir='ltr'><strong>capitula</strong></span> <span class='ocrx_word' id='word_1_200' title='bbox 3671 1625 3808 1666; x_wconf 87' lang='lat' dir='ltr'><strong>sua:</strong></span> 
     </span>
    </p>
   </div>
   <div class='ocr_carea' id='block_1_32' title="bbox 2201 1699 3815 1772">
    <p class='ocr_par' dir='ltr' id='par_1_32' title="bbox 2201 1699 3815 1772">
     <span class='ocr_line' id='line_1_32' title="bbox 2201 1699 3815 1772; baseline 0 -15"><span class='ocrx_word' id='word_1_201' title='bbox 2201 1710 2260 1757; x_wconf 90' lang='lat' dir='ltr'><strong>et</strong></span> <span class='ocrx_word' id='word_1_202' title='bbox 2288 1715 2387 1756; x_wconf 90' lang='lat' dir='ltr'><strong>nos</strong></span> <span class='ocrx_word' id='word_1_203' title='bbox 2414 1715 2512 1770; x_wconf 91' lang='lat' dir='ltr'><strong>pro</strong></span> <span class='ocrx_word' id='word_1_204' title='bbox 2541 1699 2751 1769; x_wconf 91' lang='lat' dir='ltr'><strong>injuriis</strong></span> <span class='ocrx_word' id='word_1_205' title='bbox 2771 1699 2908 1769; x_wconf 89' lang='lat' dir='ltr'><strong>ejus,</strong></span> <span class='ocrx_word' id='word_1_206' title='bbox 2937 1701 3174 1756; x_wconf 77' lang='lat' dir='ltr'><strong>historia:</strong></span> <span class='ocrx_word' id='word_1_207' title='bbox 3201 1702 3363 1756; x_wconf 89' lang='lat' dir='ltr'><strong>modo</strong></span> <span class='ocrx_word' id='word_1_208' title='bbox 3396 1702 3521 1771; x_wconf 89' lang='lat' dir='ltr'><strong>quid</strong></span> <span class='ocrx_word' id='word_1_209' title='bbox 3563 1701 3815 1772; x_wconf 79' lang='lat' dir='ltr'><strong>contige-</strong></span> 
     </span>
    </p>
   </div>
   <div class='ocr_carea' id='block_1_33' title="bbox 499 1792 3813 1868">
    <p class='ocr_par' dir='ltr' id='par_1_33' title="bbox 499 1792 3813 1868">
     <span class='ocr_line' id='line_1_33' title="bbox 499 1792 3813 1868; baseline -0.001 -14"><span class='ocrx_word' id='word_1_210' title='bbox 499 1799 734 1867; x_wconf 86' lang='lat' dir='ltr'><strong>plicendi</strong></span> <span class='ocrx_word' id='word_1_211' title='bbox 783 1808 954 1854; x_wconf 89' lang='lat' dir='ltr'><strong>totum</strong></span> <span class='ocrx_word' id='word_1_212' title='bbox 1007 1800 1202 1868; x_wconf 87' lang='lat' dir='ltr'><strong>placet.</strong></span> <span class='ocrx_word' id='word_1_213' title='bbox 1251 1800 1356 1855; x_wconf 85' lang='lat' dir='ltr'><strong>Vas</strong></span> <span class='ocrx_word' id='word_1_214' title='bbox 1395 1801 1680 1856; x_wconf 86' lang='lat' dir='ltr'><strong>electionis</strong></span> <span class='ocrx_word' id='word_1_215' title='bbox 1724 1801 2097 1856; x_wconf 89' lang='lat' dir='ltr'><strong>sanctissimus</strong></span> <span class='ocrx_word' id='word_1_216' title='bbox 2127 1806 2177 1866; x_wconf 81' lang='grc' dir='ltr'><strong>Β</strong></span> <span class='ocrx_word' id='word_1_217' title='bbox 2205 1801 2291 1848; x_wconf 80' lang='lat' dir='ltr'><strong>rat</strong></span> <span class='ocrx_word' id='word_1_218' title='bbox 2311 1801 2668 1860; x_wconf 80' lang='lat' dir='ltr'><strong>exponentem</strong></span> <span class='ocrx_word' id='word_1_219' title='bbox 2712 1792 3130 1861; x_wconf 87' lang='lat' dir='ltr'><strong>reprobaremus</strong></span> <span class='ocrx_word' id='word_1_220' title='bbox 3159 1793 3476 1864; x_wconf 77' lang='lat' dir='ltr'><strong>epistolam?</strong></span> <span class='ocrx_word' id='word_1_221' title='bbox 3503 1794 3560 1851; x_wconf 90' lang='lat' dir='ltr'><strong>Si</strong></span> <span class='ocrx_word' id='word_1_222' title='bbox 3589 1807 3813 1851; x_wconf 86' lang='lat' dir='ltr'><strong>contra-</strong></span> 
     </span>
    </p>
   </div>
   <div class='ocr_carea' id='block_1_34' title="bbox 500 1891 2094 1962">
    <p class='ocr_par' dir='ltr' id='par_1_34' title="bbox 500 1891 2094 1962">
     <span class='ocr_line' id='line_1_34' title="bbox 500 1891 2094 1962; baseline 0.001 -18"><span class='ocrx_word' id='word_1_223' title='bbox 500 1893 695 1948; x_wconf 78' lang='lat' dir='ltr'><strong>Paulus</strong></span> <span class='ocrx_word' id='word_1_224' title='bbox 721 1892 1003 1947; x_wconf 85' lang='lat' dir='ltr'><strong>manifeste</strong></span> <span class='ocrx_word' id='word_1_225' title='bbox 1034 1894 1314 1960; x_wconf 88' lang='lat' dir='ltr'><strong>profitetur</strong></span> <span class='ocrx_word' id='word_1_226' title='bbox 1345 1908 1361 1945; x_wconf 90' lang='lat'><strong>:</strong></span> <span class='ocrx_word' id='word_1_227' title='bbox 1395 1891 1656 1946; x_wconf 80' lang='lat' dir='ltr'><strong>Modicum</strong></span> <span class='ocrx_word' id='word_1_228' title='bbox 1680 1894 1912 1962; x_wconf 81' lang='lat' dir='ltr'><strong>fermenti</strong></span> <span class='ocrx_word' id='word_1_229' title='bbox 1935 1901 2094 1947; x_wconf 89' lang='lat' dir='ltr'><strong>totam</strong></span> 
     </span>
    </p>
   </div>
   <div class='ocr_carea' id='block_1_35' title="bbox 501 1981 2099 2054">
    <p class='ocr_par' dir='ltr' id='par_1_35' title="bbox 501 1981 2099 2054">
     <span class='ocr_line' id='line_1_35' title="bbox 501 1981 2099 2054; baseline 0 -18"><span class='ocrx_word' id='word_1_230' title='bbox 501 2000 722 2037; x_wconf 78' lang='lat' dir='ltr'><strong>massam</strong></span> <span class='ocrx_word' id='word_1_231' title='bbox 751 1983 1028 2052; x_wconf 75' lang='lat' dir='ltr'><strong>corrumpit</strong></span> <span class='ocrx_word' id='word_1_232' title='bbox 1057 1981 1108 2052; x_wconf 88' lang='grc' dir='ltr'><strong>(ι</strong></span> <span class='ocrx_word' id='word_1_233' title='bbox 1139 1982 1259 2037; x_wconf 87' lang='lat' dir='ltr'><strong>Cor.</strong></span> <span class='ocrx_word' id='word_1_234' title='bbox 1291 1999 1346 2048; x_wconf 90' lang='lat' dir='ltr'><strong>v,</strong></span> <span class='ocrx_word' id='word_1_235' title='bbox 1374 1983 1452 2054; x_wconf 87' lang='lat'><strong>6).</strong></span> <span class='ocrx_word' id='word_1_236' title='bbox 1487 1984 1544 2039; x_wconf 91' lang='lat' dir='ltr'><strong>Si</strong></span> <span class='ocrx_word' id='word_1_237' title='bbox 1575 1985 1627 2038; x_wconf 91' lang='lat' dir='ltr'><strong>in</strong></span> <span class='ocrx_word' id='word_1_238' title='bbox 1649 1983 1740 2037; x_wconf 84' lang='lat' dir='ltr'><strong>illa</strong></span> <span class='ocrx_word' id='word_1_239' title='bbox 1769 1997 1943 2037; x_wconf 91' lang='lat' dir='ltr'><strong>massa</strong></span> <span class='ocrx_word' id='word_1_240' title='bbox 1974 1998 2099 2036; x_wconf 90' lang='lat' dir='ltr'><strong>san-</strong></span> 
     </span>
    </p>
   </div>
   <div class='ocr_carea' id='block_1_36' title="bbox 501 2074 2097 2146">
    <p class='ocr_par' dir='ltr' id='par_1_36' title="bbox 501 2074 2097 2146">
     <span class='ocr_line' id='line_1_36' title="bbox 501 2074 2097 2146; baseline 0 -17"><span class='ocrx_word' id='word_1_241' title='bbox 501 2085 706 2130; x_wconf 90' lang='lat' dir='ltr'><strong>ctarum</strong></span> <span class='ocrx_word' id='word_1_242' title='bbox 731 2075 1125 2140; x_wconf 80' lang='lat' dir='ltr'><strong>definitionum,</strong></span> <span class='ocrx_word' id='word_1_243' title='bbox 1154 2075 1239 2129; x_wconf 91' lang='lat' dir='ltr'><strong>vel</strong></span> <span class='ocrx_word' id='word_1_244' title='bbox 1263 2075 1439 2146; x_wconf 73' lang='lat' dir='ltr'><strong>exigui</strong></span> <span class='ocrx_word' id='word_1_245' title='bbox 1469 2074 1723 2130; x_wconf 91' lang='lat' dir='ltr'><strong>fermenti</strong></span> <span class='ocrx_word' id='word_1_246' title='bbox 1751 2084 1927 2143; x_wconf 87' lang='lat' dir='ltr'><strong>potest</strong></span> <span class='ocrx_word' id='word_1_247' title='bbox 1945 2075 2097 2129; x_wconf 89' lang='lat' dir='ltr'><strong>acida</strong></span> 
     </span>
    </p>
   </div>
   <div class='ocr_carea' id='block_1_37' title="bbox 503 2165 2094 2237">
    <p class='ocr_par' dir='ltr' id='par_1_37' title="bbox 503 2165 2094 2237">
     <span class='ocr_line' id='line_1_37' title="bbox 503 2165 2094 2237; baseline -0.002 -15"><span class='ocrx_word' id='word_1_248' title='bbox 503 2166 815 2222; x_wconf 74' lang='lat' dir='ltr'><strong>commistio</strong></span> <span class='ocrx_word' id='word_1_249' title='bbox 845 2165 1108 2235; x_wconf 88' lang='lat' dir='ltr'><strong>reperiri,</strong></span> <span class='ocrx_word' id='word_1_250' title='bbox 1138 2175 1250 2220; x_wconf 90' lang='lat' dir='ltr'><strong>tota</strong></span> <span class='ocrx_word' id='word_1_251' title='bbox 1296 2180 1468 2220; x_wconf 84' lang='lat' dir='ltr'><strong>massa</strong></span> <span class='ocrx_word' id='word_1_252' title='bbox 1514 2165 1846 2237; x_wconf 88' lang='lat' dir='ltr'><strong>judicabitur</strong></span> <span class='ocrx_word' id='word_1_253' title='bbox 1892 2168 2094 2233; x_wconf 82' lang='lat' dir='ltr'><strong>noxia;</strong></span> 
     </span>
    </p>
   </div>
   <div class='ocr_carea' id='block_1_38' title="bbox 503 2257 2097 2330">
    <p class='ocr_par' dir='ltr' id='par_1_38' title="bbox 503 2257 2097 2330">
     <span class='ocr_line' id='line_1_38' title="bbox 503 2257 2097 2330; baseline 0.001 -18"><span class='ocrx_word' id='word_1_254' title='bbox 503 2259 582 2314; x_wconf 86' lang='lat' dir='ltr'><strong>vel</strong></span> <span class='ocrx_word' id='word_1_255' title='bbox 604 2269 770 2323; x_wconf 89' lang='lat' dir='ltr'><strong>certe,</strong></span> <span class='ocrx_word' id='word_1_256' title='bbox 796 2268 854 2312; x_wconf 91' lang='lat' dir='ltr'><strong>ut</strong></span> <span class='ocrx_word' id='word_1_257' title='bbox 881 2274 1074 2330; x_wconf 82' lang='lat' dir='ltr'><strong>magna</strong></span> <span class='ocrx_word' id='word_1_258' title='bbox 1105 2268 1483 2324; x_wconf 79' lang='lat' dir='ltr'><strong>extenuemus,</strong></span> <span class='ocrx_word' id='word_1_259' title='bbox 1516 2259 1719 2314; x_wconf 88' lang='lat' dir='ltr'><strong>inutilis</strong></span> <span class='ocrx_word' id='word_1_260' title='bbox 1756 2259 1823 2313; x_wconf 92' lang='lat' dir='ltr'><strong>ad</strong></span> <span class='ocrx_word' id='word_1_261' title='bbox 1849 2257 2097 2314; x_wconf 88' lang='lat' dir='ltr'><strong>efficien-</strong></span> 
     </span>
    </p>
   </div>
   <div class='ocr_carea' id='block_1_39' title="bbox 502 2351 2098 2423">
    <p class='ocr_par' dir='ltr' id='par_1_39' title="bbox 502 2351 2098 2423">
     <span class='ocr_line' id='line_1_39' title="bbox 502 2351 2098 2423; baseline 0.002 -17"><span class='ocrx_word' id='word_1_262' title='bbox 502 2354 625 2407; x_wconf 90' lang='lat' dir='ltr'><strong>dutn</strong></span> <span class='ocrx_word' id='word_1_263' title='bbox 660 2367 874 2421; x_wconf 82' lang='lat' dir='ltr'><strong>panem,</strong></span> <span class='ocrx_word' id='word_1_264' title='bbox 911 2351 1000 2421; x_wconf 90' lang='lat' dir='ltr'><strong>qui</strong></span> <span class='ocrx_word' id='word_1_265' title='bbox 1023 2351 1306 2407; x_wconf 85' lang='lat' dir='ltr'><strong>confirmat</strong></span> <span class='ocrx_word' id='word_1_266' title='bbox 1334 2367 1428 2406; x_wconf 90' lang='lat' dir='ltr'><strong>cor</strong></span> <span class='ocrx_word' id='word_1_267' title='bbox 1468 2353 1724 2409; x_wconf 86' lang='lat' dir='ltr'><strong>hominis.</strong></span> <span class='ocrx_word' id='word_1_268' title='bbox 1749 2353 1887 2420; x_wconf 84' lang='lat' dir='ltr'><strong>Quid</strong></span> <span class='ocrx_word' id='word_1_269' title='bbox 1934 2355 2098 2423; x_wconf 80' lang='lat' dir='ltr'><strong>igitur</strong></span> 
     </span>
    </p>
   </div>
   <div class='ocr_carea' id='block_1_40' title="bbox 501 2444 2100 2516">
    <p class='ocr_par' dir='ltr' id='par_1_40' title="bbox 501 2444 2100 2516">
     <span class='ocr_line' id='line_1_40' title="bbox 501 2444 2100 2516; baseline 0.004 -22"><span class='ocrx_word' id='word_1_270' title='bbox 501 2445 700 2513; x_wconf 80' lang='lat' dir='ltr'><strong>profuit</strong></span> <span class='ocrx_word' id='word_1_271' title='bbox 743 2446 865 2514; x_wconf 91' lang='lat' dir='ltr'><strong>quia</strong></span> <span class='ocrx_word' id='word_1_272' title='bbox 898 2445 969 2499; x_wconf 91' lang='lat' dir='ltr'><strong>ibi</strong></span> <span class='ocrx_word' id='word_1_273' title='bbox 998 2444 1294 2512; x_wconf 85' lang='lat' dir='ltr'><strong>Nestorius,</strong></span> <span class='ocrx_word' id='word_1_274' title='bbox 1324 2446 1393 2497; x_wconf 87' lang='lat' dir='ltr'><strong>ibi</strong></span> <span class='ocrx_word' id='word_1_275' title='bbox 1440 2445 1711 2516; x_wconf 88' lang='lat' dir='ltr'><strong>Eutyches</strong></span> <span class='ocrx_word' id='word_1_276' title='bbox 1741 2446 2100 2500; x_wconf 85' lang='lat' dir='ltr'><strong>anathemati-</strong></span> 
     </span>
    </p>
   </div>
   <div class='ocr_carea' id='block_1_41' title="bbox 502 2535 2098 2605">
    <p class='ocr_par' dir='ltr' id='par_1_41' title="bbox 502 2535 2098 2605">
     <span class='ocr_line' id='line_1_41' title="bbox 502 2535 2098 2605; baseline 0.003 -17"><span class='ocrx_word' id='word_1_277' title='bbox 502 2535 725 2590; x_wconf 77' lang='lat' dir='ltr'><strong>zantur?</strong></span> <span class='ocrx_word' id='word_1_278' title='bbox 756 2535 920 2601; x_wconf 86' lang='lat' dir='ltr'><strong>Ecce,</strong></span> <span class='ocrx_word' id='word_1_279' title='bbox 948 2535 1295 2590; x_wconf 91' lang='lat' dir='ltr'><strong>damnatores</strong></span> <span class='ocrx_word' id='word_1_280' title='bbox 1317 2535 1552 2591; x_wconf 80' lang='lat' dir='ltr'><strong>Nestorii</strong></span> <span class='ocrx_word' id='word_1_281' title='bbox 1583 2545 1638 2590; x_wconf 91' lang='lat' dir='ltr'><strong>et</strong></span> <span class='ocrx_word' id='word_1_282' title='bbox 1665 2537 1977 2605; x_wconf 85' lang='lat' dir='ltr'><strong>Eutychetis</strong></span> <span class='ocrx_word' id='word_1_283' title='bbox 2011 2551 2098 2592; x_wconf 89' lang='lat' dir='ltr'><strong>re-</strong></span> 
     </span>
    </p>
   </div>
   <div class='ocr_carea' id='block_1_42' title="bbox 501 2627 2095 2698">
    <p class='ocr_par' dir='ltr' id='par_1_42' title="bbox 501 2627 2095 2698">
     <span class='ocr_line' id='line_1_42' title="bbox 501 2627 2095 2698; baseline 0.001 -17"><span class='ocrx_word' id='word_1_284' title='bbox 501 2629 710 2696; x_wconf 81' lang='lat' dir='ltr'><strong>cepisse</strong></span> <span class='ocrx_word' id='word_1_285' title='bbox 754 2628 1040 2697; x_wconf 90' lang='lat' dir='ltr'><strong>culpantur</strong></span> <span class='ocrx_word' id='word_1_286' title='bbox 1088 2627 1372 2697; x_wconf 88' lang='lat' dir='ltr'><strong>epistolam</strong></span> <span class='ocrx_word' id='word_1_287' title='bbox 1396 2669 1413 2694; x_wconf 97' lang='lat'><strong>,</strong></span> <span class='ocrx_word' id='word_1_288' title='bbox 1445 2627 1793 2698; x_wconf 85' lang='lat' dir='ltr'><strong>blasphemiis</strong></span> <span class='ocrx_word' id='word_1_289' title='bbox 1825 2628 2095 2684; x_wconf 87' lang='lat' dir='ltr'><strong>faventem</strong></span> 
     </span>
    </p>
   </div>
   <div class='ocr_carea' id='block_1_43' title="bbox 501 2718 2100 2791">
    <p class='ocr_par' dir='ltr' id='par_1_43' title="bbox 501 2718 2100 2791">
     <span class='ocr_line' id='line_1_43' title="bbox 501 2718 2100 2791; baseline 0.002 -19"><span class='ocrx_word' id='word_1_290' title='bbox 501 2718 752 2783; x_wconf 83' lang='lat' dir='ltr'><strong>Nestorii,</strong></span> <span class='ocrx_word' id='word_1_291' title='bbox 772 2720 853 2774; x_wconf 90' lang='lat' dir='ltr'><strong>vel</strong></span> <span class='ocrx_word' id='word_1_292' title='bbox 885 2720 1174 2791; x_wconf 89' lang='lat' dir='ltr'><strong>ambiguis,</strong></span> <span class='ocrx_word' id='word_1_293' title='bbox 1203 2722 1284 2776; x_wconf 89' lang='lat' dir='ltr'><strong>vel</strong></span> <span class='ocrx_word' id='word_1_294' title='bbox 1334 2720 1651 2776; x_wconf 87' lang='lat' dir='ltr'><strong>manifestis.</strong></span> <span class='ocrx_word' id='word_1_295' title='bbox 1684 2721 1823 2789; x_wconf 86' lang='lat' dir='ltr'><strong>Quid</strong></span> <span class='ocrx_word' id='word_1_296' title='bbox 1868 2721 2100 2789; x_wconf 76' lang='lat' dir='ltr'><strong>utique?</strong></span> 
     </span>
    </p>
   </div>
   <div class='ocr_carea' id='block_1_44' title="bbox 501 2811 2100 2884">
    <p class='ocr_par' dir='ltr' id='par_1_44' title="bbox 501 2811 2100 2884">
     <span class='ocr_line' id='line_1_44' title="bbox 501 2811 2100 2884; baseline 0.001 -17"><span class='ocrx_word' id='word_1_297' title='bbox 501 2811 554 2867; x_wconf 86' lang='lat' dir='ltr'><strong>Si</strong></span> <span class='ocrx_word' id='word_1_298' title='bbox 579 2813 884 2868; x_wconf 85' lang='lat' dir='ltr'><strong>nescientes</strong></span> <span class='ocrx_word' id='word_1_299' title='bbox 905 2812 1255 2877; x_wconf 89' lang='lat' dir='ltr'><strong>admiserunt,</strong></span> <span class='ocrx_word' id='word_1_300' title='bbox 1277 2812 1587 2882; x_wconf 70' lang='lat' dir='ltr'><strong>ignorantia:</strong></span> <span class='ocrx_word' id='word_1_301' title='bbox 1611 2822 1815 2880; x_wconf 88' lang='lat' dir='ltr'><strong>notam,</strong></span> <span class='ocrx_word' id='word_1_302' title='bbox 1837 2813 1983 2884; x_wconf 91' lang='lat' dir='ltr'><strong>quod</strong></span> <span class='ocrx_word' id='word_1_303' title='bbox 2003 2813 2100 2868; x_wconf 90' lang='lat' dir='ltr'><strong>ab-</strong></span> 
     </span>
    </p>
   </div>
   <div class='ocr_carea' id='block_1_45' title="bbox 499 2899 2098 2971">
    <p class='ocr_par' dir='ltr' id='par_1_45' title="bbox 499 2899 2098 2971">
     <span class='ocr_line' id='line_1_45' title="bbox 499 2899 2098 2971; baseline 0.004 -20"><span class='ocrx_word' id='word_1_304' title='bbox 499 2900 590 2964; x_wconf 91' lang='lat' dir='ltr'><strong>sit,</strong></span> <span class='ocrx_word' id='word_1_305' title='bbox 625 2899 915 2954; x_wconf 85' lang='lat' dir='ltr'><strong>incurrisse</strong></span> <span class='ocrx_word' id='word_1_306' title='bbox 939 2901 1283 2965; x_wconf 88' lang='lat' dir='ltr'><strong>videbuntur,</strong></span> <span class='ocrx_word' id='word_1_307' title='bbox 1317 2909 1377 2955; x_wconf 92' lang='lat' dir='ltr'><strong>ut</strong></span> <span class='ocrx_word' id='word_1_308' title='bbox 1400 2915 1588 2956; x_wconf 89' lang='lat' dir='ltr'><strong>eorum</strong></span> <span class='ocrx_word' id='word_1_309' title='bbox 1621 2904 1837 2971; x_wconf 88' lang='lat' dir='ltr'><strong>penitus</strong></span> <span class='ocrx_word' id='word_1_310' title='bbox 1865 2916 2098 2959; x_wconf 81' lang='lat' dir='ltr'><strong>evacue-</strong></span> 
     </span>
    </p>
   </div>
   <div class='ocr_carea' id='block_1_46' title="bbox 502 2993 2097 3062">
    <p class='ocr_par' dir='ltr' id='par_1_46' title="bbox 502 2993 2097 3062">
     <span class='ocr_line' id='line_1_46' title="bbox 502 2993 2097 3062; baseline 0.003 -16"><span class='ocrx_word' id='word_1_311' title='bbox 502 3005 590 3048; x_wconf 89' lang='lat' dir='ltr'><strong>tur</strong></span> <span class='ocrx_word' id='word_1_312' title='bbox 616 2995 908 3049; x_wconf 87' lang='lat' dir='ltr'><strong>auctoritas</strong></span> <span class='ocrx_word' id='word_1_313' title='bbox 935 3035 951 3060; x_wconf 92' lang='lat'><strong>,</strong></span> <span class='ocrx_word' id='word_1_314' title='bbox 980 2993 1026 3048; x_wconf 91' lang='lat' dir='ltr'><strong>si</strong></span> <span class='ocrx_word' id='word_1_315' title='bbox 1055 3008 1185 3048; x_wconf 85' lang='lat' dir='ltr'><strong>vero</strong></span> <span class='ocrx_word' id='word_1_316' title='bbox 1231 2995 1492 3062; x_wconf 88' lang='lat' dir='ltr'><strong>scientes,</strong></span> <span class='ocrx_word' id='word_1_317' title='bbox 1521 2995 1665 3049; x_wconf 89' lang='lat' dir='ltr'><strong>aliud</strong></span> <span class='ocrx_word' id='word_1_318' title='bbox 1709 2994 1937 3050; x_wconf 87' lang='lat' dir='ltr'><strong>fortasse</strong></span> <span class='ocrx_word' id='word_1_319' title='bbox 1967 3010 2097 3051; x_wconf 87' lang='lat' dir='ltr'><strong>sen-</strong></span> 
     </span>
    </p>
   </div>
   <div class='ocr_carea' id='block_1_47' title="bbox 499 3087 2096 3156">
    <p class='ocr_par' dir='ltr' id='par_1_47' title="bbox 499 3087 2096 3156">
     <span class='ocr_line' id='line_1_47' title="bbox 499 3087 2096 3156; baseline 0 -12"><span class='ocrx_word' id='word_1_320' title='bbox 499 3097 706 3156; x_wconf 88' lang='lat' dir='ltr'><strong>serunt,</strong></span> <span class='ocrx_word' id='word_1_321' title='bbox 733 3089 878 3143; x_wconf 91' lang='lat' dir='ltr'><strong>aliud</strong></span> <span class='ocrx_word' id='word_1_322' title='bbox 907 3097 1030 3142; x_wconf 82' lang='lat' dir='ltr'><strong>sunt</strong></span> <span class='ocrx_word' id='word_1_323' title='bbox 1079 3087 1385 3144; x_wconf 89' lang='lat' dir='ltr'><strong>interlocuti</strong></span> <span class='ocrx_word' id='word_1_324' title='bbox 1405 3130 1421 3156; x_wconf 96' lang='lat'><strong>,</strong></span> <span class='ocrx_word' id='word_1_325' title='bbox 1451 3087 1686 3144; x_wconf 85' lang='lat' dir='ltr'><strong>fictionis</strong></span> <span class='ocrx_word' id='word_1_326' title='bbox 1735 3088 1961 3144; x_wconf 89' lang='lat' dir='ltr'><strong>crimine</strong></span> <span class='ocrx_word' id='word_1_327' title='bbox 1990 3103 2096 3144; x_wconf 91' lang='lat' dir='ltr'><strong>non</strong></span> 
     </span>
    </p>
   </div>
   <div class='ocr_carea' id='block_1_48' title="bbox 2201 1884 3813 1956">
    <p class='ocr_par' dir='ltr' id='par_1_48' title="bbox 2201 1884 3813 1956">
     <span class='ocr_line' id='line_1_48' title="bbox 2201 1884 3813 1956; baseline 0.001 -16"><span class='ocrx_word' id='word_1_328' title='bbox 2201 1886 2281 1940; x_wconf 90' lang='lat' dir='ltr'><strong>ria</strong></span> <span class='ocrx_word' id='word_1_329' title='bbox 2312 1900 2458 1940; x_wconf 82' lang='lat' dir='ltr'><strong>verae</strong></span> <span class='ocrx_word' id='word_1_330' title='bbox 2485 1884 2610 1939; x_wconf 83' lang='lat' dir='ltr'><strong>fidei</strong></span> <span class='ocrx_word' id='word_1_331' title='bbox 2634 1885 2835 1955; x_wconf 84' lang='lat' dir='ltr'><strong>regulis</strong></span> <span class='ocrx_word' id='word_1_332' title='bbox 2878 1887 2931 1940; x_wconf 91' lang='lat' dir='ltr'><strong>in</strong></span> <span class='ocrx_word' id='word_1_333' title='bbox 2956 1886 3050 1940; x_wconf 89' lang='lat' dir='ltr'><strong>illa</strong></span> <span class='ocrx_word' id='word_1_334' title='bbox 3082 1887 3308 1956; x_wconf 90' lang='lat' dir='ltr'><strong>epistola</strong></span> <span class='ocrx_word' id='word_1_335' title='bbox 3333 1888 3662 1942; x_wconf 86' lang='lat' dir='ltr'><strong>venerabilis</strong></span> <span class='ocrx_word' id='word_1_336' title='bbox 3690 1889 3813 1942; x_wconf 82' lang='lat' dir='ltr'><strong>lbas</strong></span> 
     </span>
    </p>
   </div>
   <div class='ocr_carea' id='block_1_49' title="bbox 2201 1975 3814 2048">
    <p class='ocr_par' dir='ltr' id='par_1_49' title="bbox 2201 1975 3814 2048">
     <span class='ocr_line' id='line_1_49' title="bbox 2201 1975 3814 2048; baseline 0.002 -17"><span class='ocrx_word' id='word_1_337' title='bbox 2201 1976 2488 2045; x_wconf 87' lang='lat' dir='ltr'><strong>episcopus</strong></span> <span class='ocrx_word' id='word_1_338' title='bbox 2531 1975 2743 2031; x_wconf 90' lang='lat' dir='ltr'><strong>locutus</strong></span> <span class='ocrx_word' id='word_1_339' title='bbox 2772 1975 2938 2032; x_wconf 89' lang='lat' dir='ltr'><strong>fuisse</strong></span> <span class='ocrx_word' id='word_1_340' title='bbox 2983 1977 3250 2043; x_wconf 86' lang='lat' dir='ltr'><strong>firmatur,</strong></span> <span class='ocrx_word' id='word_1_341' title='bbox 3283 1987 3502 2048; x_wconf 87' lang='lat' dir='ltr'><strong>propter</strong></span> <span class='ocrx_word' id='word_1_342' title='bbox 3529 1979 3814 2048; x_wconf 77' lang='lat' dir='ltr'><strong>aliquanta</strong></span> 
     </span>
    </p>
   </div>
   <div class='ocr_carea' id='block_1_50' title="bbox 2203 2068 3810 2140">
    <p class='ocr_par' dir='ltr' id='par_1_50' title="bbox 2203 2068 3810 2140">
     <span class='ocr_line' id='line_1_50' title="bbox 2203 2068 3810 2140; baseline 0.001 -18"><span class='ocrx_word' id='word_1_343' title='bbox 2203 2069 2286 2124; x_wconf 90' lang='lat' dir='ltr'><strong>vel</strong></span> <span class='ocrx_word' id='word_1_344' title='bbox 2316 2068 2564 2138; x_wconf 84' lang='lat' dir='ltr'><strong>ambigua</strong></span> <span class='ocrx_word' id='word_1_345' title='bbox 2585 2109 2600 2136; x_wconf 93' lang='lat'><strong>,</strong></span> <span class='ocrx_word' id='word_1_346' title='bbox 2641 2069 2730 2124; x_wconf 88' lang='lat' dir='ltr'><strong>vel</strong></span> <span class='ocrx_word' id='word_1_347' title='bbox 2759 2069 2988 2125; x_wconf 89' lang='lat' dir='ltr'><strong>obscura</strong></span> <span class='ocrx_word' id='word_1_348' title='bbox 3018 2085 3140 2140; x_wconf 70' lang='lat' dir='ltr'><strong>quae</strong></span> <span class='ocrx_word' id='word_1_349' title='bbox 3185 2068 3388 2138; x_wconf 86' lang='lat' dir='ltr'><strong>faciunt</strong></span> <span class='ocrx_word' id='word_1_350' title='bbox 3435 2071 3538 2125; x_wconf 87' lang='lat' dir='ltr'><strong>hoc</strong></span> <span class='ocrx_word' id='word_1_351' title='bbox 3589 2073 3766 2127; x_wconf 82' lang='lat' dir='ltr'><strong>videri</strong></span> <span class='ocrx_word' id='word_1_352' title='bbox 3794 2114 3810 2139; x_wconf 95' lang='lat'><strong>,</strong></span> 
     </span>
    </p>
   </div>
   <div class='ocr_carea' id='block_1_51' title="bbox 2203 2161 3812 2231">
    <p class='ocr_par' dir='ltr' id='par_1_51' title="bbox 2203 2161 3812 2231">
     <span class='ocr_line' id='line_1_51' title="bbox 2203 2161 3812 2231; baseline 0.001 -15"><span class='ocrx_word' id='word_1_353' title='bbox 2203 2172 2384 2217; x_wconf 78' lang='lat' dir='ltr'><strong>n08tra</strong></span> <span class='ocrx_word' id='word_1_354' title='bbox 2414 2161 2577 2216; x_wconf 86' lang='lat' dir='ltr'><strong>debet</strong></span> <span class='ocrx_word' id='word_1_355' title='bbox 2597 2175 2719 2216; x_wconf 88' lang='lat' dir='ltr'><strong>esse</strong></span> <span class='ocrx_word' id='word_1_356' title='bbox 2745 2161 3014 2218; x_wconf 88' lang='lat' dir='ltr'><strong>sententia</strong></span> <span class='ocrx_word' id='word_1_357' title='bbox 3047 2161 3259 2228; x_wconf 90' lang='lat' dir='ltr'><strong>melior,</strong></span> <span class='ocrx_word' id='word_1_358' title='bbox 3303 2161 3424 2231; x_wconf 84' lang='lat' dir='ltr'><strong>quia</strong></span> <span class='ocrx_word' id='word_1_359' title='bbox 3474 2177 3577 2218; x_wconf 88' lang='lat' dir='ltr'><strong>nos</strong></span> <span class='ocrx_word' id='word_1_360' title='bbox 3607 2178 3679 2217; x_wconf 78' lang='lat' dir='ltr'><strong>ex</strong></span> <span class='ocrx_word' id='word_1_361' title='bbox 3711 2178 3812 2217; x_wconf 90' lang='lat' dir='ltr'><strong>ore</strong></span> 
     </span>
    </p>
   </div>
   <div class='ocr_carea' id='block_1_52' title="bbox 2202 2231 3816 2325">
    <p class='ocr_par' dir='ltr' id='par_1_52' title="bbox 2202 2231 3816 2325">
     <span class='ocr_line' id='line_1_52' title="bbox 2202 2231 3816 2325; baseline -0.001 -16"><span class='ocrx_word' id='word_1_362' title='bbox 2202 2254 2317 2325; x_wconf 84' lang='lat' dir='ltr'><strong>ejus</strong></span> <span class='ocrx_word' id='word_1_363' title='bbox 2345 2255 2437 2324; x_wconf 91' lang='lat' dir='ltr'><strong>qui</strong></span> <span class='ocrx_word' id='word_1_364' title='bbox 2464 2231 2687 2309; x_wconf 74' lang='lat' dir='ltr'><strong>dictavit</strong></span> <span class='ocrx_word' id='word_1_365' title='bbox 2708 2255 2994 2324; x_wconf 88' lang='lat' dir='ltr'><strong>epistolam</strong></span> <span class='ocrx_word' id='word_1_366' title='bbox 3018 2268 3238 2309; x_wconf 91' lang='lat' dir='ltr'><strong>sensum</strong></span> <span class='ocrx_word' id='word_1_367' title='bbox 3271 2254 3539 2308; x_wconf 88' lang='lat' dir='ltr'><strong>valuimus</strong></span> <span class='ocrx_word' id='word_1_368' title='bbox 3581 2255 3816 2308; x_wconf 85' lang='lat' dir='ltr'><strong>investi-</strong></span> 
     </span>
    </p>
   </div>
   <div class='ocr_carea' id='block_1_53' title="bbox 2201 2346 3814 2418">
    <p class='ocr_par' dir='ltr' id='par_1_53' title="bbox 2201 2346 3814 2418">
     <span class='ocr_line' id='line_1_53' title="bbox 2201 2346 3814 2418; baseline 0.001 -18"><span class='ocrx_word' id='word_1_369' title='bbox 2201 2359 2332 2418; x_wconf 91' lang='lat' dir='ltr'><strong>gare</strong></span> <span class='ocrx_word' id='word_1_370' title='bbox 2355 2346 2663 2402; x_wconf 88' lang='lat' dir='ltr'><strong>verborum.</strong></span> <span class='ocrx_word' id='word_1_371' title='bbox 2688 2347 2972 2403; x_wconf 89' lang='lat' dir='ltr'><strong>Postremo</strong></span> <span class='ocrx_word' id='word_1_372' title='bbox 2993 2362 3160 2416; x_wconf 84' lang='lat' dir='ltr'><strong>quare</strong></span> <span class='ocrx_word' id='word_1_373' title='bbox 3183 2355 3492 2416; x_wconf 85' lang='lat' dir='ltr'><strong>putaremus</strong></span> <span class='ocrx_word' id='word_1_374' title='bbox 3517 2347 3814 2417; x_wconf 84' lang='lat' dir='ltr'><strong>epistolam</strong></span> 
     </span>
    </p>
   </div>
   <div class='ocr_carea' id='block_1_54' title="bbox 2202 2437 3815 2509">
    <p class='ocr_par' dir='ltr' id='par_1_54' title="bbox 2202 2437 3815 2509">
     <span class='ocr_line' id='line_1_54' title="bbox 2202 2437 3815 2509; baseline -0.001 -16"><span class='ocrx_word' id='word_1_375' title='bbox 2202 2440 2384 2494; x_wconf 87' lang='lat' dir='ltr'><strong>favere</strong></span> <span class='ocrx_word' id='word_1_376' title='bbox 2407 2439 2682 2507; x_wconf 79' lang='lat' dir='ltr'><strong>Nestorio,</strong></span> <span class='ocrx_word' id='word_1_377' title='bbox 2716 2439 2868 2509; x_wconf 90' lang='lat' dir='ltr'><strong>cujus</strong></span> <span class='ocrx_word' id='word_1_378' title='bbox 2897 2447 3107 2504; x_wconf 87' lang='lat' dir='ltr'><strong>auctor,</strong></span> <span class='ocrx_word' id='word_1_379' title='bbox 3137 2438 3292 2493; x_wconf 91' lang='lat' dir='ltr'><strong>nobis</strong></span> <span class='ocrx_word' id='word_1_380' title='bbox 3316 2437 3699 2508; x_wconf 71' lang='lat' dir='ltr'><strong>prazsentibus,</strong></span> <span class='ocrx_word' id='word_1_381' title='bbox 3725 2439 3815 2507; x_wconf 83' lang='lat' dir='ltr'><strong>ju-</strong></span> 
     </span>
    </p>
   </div>
   <div class='ocr_carea' id='block_1_55' title="bbox 2203 2529 3816 2600">
    <p class='ocr_par' dir='ltr' id='par_1_55' title="bbox 2203 2529 3816 2600">
     <span class='ocr_line' id='line_1_55' title="bbox 2203 2529 3816 2600; baseline -0.004 -10"><span class='ocrx_word' id='word_1_382' title='bbox 2203 2533 2476 2599; x_wconf 78' lang='lat' dir='ltr'><strong>Dentibus,</strong></span> <span class='ocrx_word' id='word_1_383' title='bbox 2510 2533 2888 2600; x_wconf 89' lang='lat' dir='ltr'><strong>audientibus,</strong></span> <span class='ocrx_word' id='word_1_384' title='bbox 2922 2545 3057 2587; x_wconf 89' lang='lat' dir='ltr'><strong>voce</strong></span> <span class='ocrx_word' id='word_1_385' title='bbox 3105 2531 3223 2584; x_wconf 84' lang='lat' dir='ltr'><strong>viva</strong></span> <span class='ocrx_word' id='word_1_386' title='bbox 3275 2530 3496 2585; x_wconf 87' lang='lat' dir='ltr'><strong>minime</strong></span> <span class='ocrx_word' id='word_1_387' title='bbox 3545 2529 3816 2584; x_wconf 79' lang='lat' dir='ltr'><strong>dubitarit</strong></span> 
     </span>
    </p>
   </div>
   <div class='ocr_carea' id='block_1_56' title="bbox 2203 2623 3817 2693">
    <p class='ocr_par' dir='ltr' id='par_1_56' title="bbox 2203 2623 3817 2693">
     <span class='ocr_line' id='line_1_56' title="bbox 2203 2623 3817 2693; baseline -0.002 -11"><span class='ocrx_word' id='word_1_388' title='bbox 2203 2626 2660 2683; x_wconf 77' lang='lat' dir='ltr'><strong>anathematizare</strong></span> <span class='ocrx_word' id='word_1_389' title='bbox 2688 2626 3023 2691; x_wconf 82' lang='lat' dir='ltr'><strong>Nestorium,</strong></span> <span class='ocrx_word' id='word_1_390' title='bbox 3050 2623 3356 2693; x_wconf 87' lang='lat' dir='ltr'><strong>suscipiens</strong></span> <span class='ocrx_word' id='word_1_391' title='bbox 3406 2635 3609 2678; x_wconf 88' lang='lat' dir='ltr'><strong>tomum</strong></span> <span class='ocrx_word' id='word_1_392' title='bbox 3656 2638 3817 2692; x_wconf 76' lang='lat' dir='ltr'><strong>papa:</strong></span> 
     </span>
    </p>
   </div>
   <div class='ocr_carea' id='block_1_57' title="bbox 2203 2716 3816 2788">
    <p class='ocr_par' dir='ltr' id='par_1_57' title="bbox 2203 2716 3816 2788">
     <span class='ocr_line' id='line_1_57' title="bbox 2203 2716 3816 2788; baseline -0.004 -10"><span class='ocrx_word' id='word_1_393' title='bbox 2203 2721 2421 2788; x_wconf 89' lang='lat' dir='ltr'><strong>Leonis,</strong></span> <span class='ocrx_word' id='word_1_394' title='bbox 2454 2730 2510 2776; x_wconf 90' lang='lat' dir='ltr'><strong>et</strong></span> <span class='ocrx_word' id='word_1_395' title='bbox 2539 2719 2936 2775; x_wconf 89' lang='lat' dir='ltr'><strong>confessionem</strong></span> <span class='ocrx_word' id='word_1_396' title='bbox 2982 2733 3125 2774; x_wconf 75' lang='lat' dir='ltr'><strong>verte</strong></span> <span class='ocrx_word' id='word_1_397' title='bbox 3177 2717 3300 2772; x_wconf 86' lang='lat' dir='ltr'><strong>fidei</strong></span> <span class='ocrx_word' id='word_1_398' title='bbox 3352 2717 3630 2772; x_wconf 89' lang='lat' dir='ltr'><strong>nobiscum</strong></span> <span class='ocrx_word' id='word_1_399' title='bbox 3679 2716 3816 2772; x_wconf 80' lang='lat' dir='ltr'><strong>sub-</strong></span> 
     </span>
    </p>
   </div>
   <div class='ocr_carea' id='block_1_58' title="bbox 2203 2808 3819 2878">
    <p class='ocr_par' dir='ltr' id='par_1_58' title="bbox 2203 2808 3819 2878">
     <span class='ocr_line' id='line_1_58' title="bbox 2203 2808 3819 2878; baseline -0.002 -10"><span class='ocrx_word' id='word_1_400' title='bbox 2203 2812 2488 2868; x_wconf 89' lang='lat' dir='ltr'><strong>scribendo</strong></span> <span class='ocrx_word' id='word_1_401' title='bbox 2517 2811 2885 2867; x_wconf 84' lang='lat' dir='ltr'><strong>confirmans?</strong></span> <span class='ocrx_word' id='word_1_402' title='bbox 2915 2809 3044 2864; x_wconf 82' lang='lat' dir='ltr'><strong>Haec</strong></span> <span class='ocrx_word' id='word_1_403' title='bbox 3071 2808 3370 2874; x_wconf 88' lang='lat' dir='ltr'><strong>audientes,</strong></span> <span class='ocrx_word' id='word_1_404' title='bbox 3398 2808 3558 2878; x_wconf 83' lang='lat' dir='ltr'><strong>quale</strong></span> <span class='ocrx_word' id='word_1_405' title='bbox 3584 2823 3819 2878; x_wconf 87' lang='lat' dir='ltr'><strong>respon-</strong></span> 
     </span>
    </p>
   </div>
   <div class='ocr_carea' id='block_1_59' title="bbox 2203 2899 3815 2971">
    <p class='ocr_par' dir='ltr' id='par_1_59' title="bbox 2203 2899 3815 2971">
     <span class='ocr_line' id='line_1_59' title="bbox 2203 2899 3815 2971; baseline -0.002 -14"><span class='ocrx_word' id='word_1_406' title='bbox 2203 2917 2322 2958; x_wconf 89' lang='lat' dir='ltr'><strong>sum</strong></span> <span class='ocrx_word' id='word_1_407' title='bbox 2373 2901 2552 2957; x_wconf 88' lang='lat' dir='ltr'><strong>daturi</strong></span> <span class='ocrx_word' id='word_1_408' title='bbox 2601 2915 2788 2956; x_wconf 89' lang='lat' dir='ltr'><strong>sumus</strong></span> <span class='ocrx_word' id='word_1_409' title='bbox 2827 2909 2906 2955; x_wconf 91' lang='lat' dir='ltr'><strong>tot</strong></span> <span class='ocrx_word' id='word_1_410' title='bbox 2944 2899 3160 2971; x_wconf 87' lang='lat' dir='ltr'><strong>inclytis</strong></span> <span class='ocrx_word' id='word_1_411' title='bbox 3197 2899 3502 2955; x_wconf 83' lang='lat' dir='ltr'><strong>rectoribus</strong></span> <span class='ocrx_word' id='word_1_412' title='bbox 3539 2910 3598 2955; x_wconf 90' lang='lat' dir='ltr'><strong>et</strong></span> <span class='ocrx_word' id='word_1_413' title='bbox 3635 2901 3815 2966; x_wconf 78' lang='lat' dir='ltr'><strong>magi-</strong></span> 
     </span>
    </p>
   </div>
   <div class='ocr_carea' id='block_1_60' title="bbox 2203 2991 3818 3062">
    <p class='ocr_par' dir='ltr' id='par_1_60' title="bbox 2203 2991 3818 3062">
     <span class='ocr_line' id='line_1_60' title="bbox 2203 2991 3818 3062; baseline -0.001 -13"><span class='ocrx_word' id='word_1_414' title='bbox 2203 2995 2331 3050; x_wconf 90' lang='lat' dir='ltr'><strong>stris</strong></span> <span class='ocrx_word' id='word_1_415' title='bbox 2369 2993 2777 3049; x_wconf 74' lang='lat' dir='ltr'><strong>Ecclesiaruml</strong></span> <span class='ocrx_word' id='word_1_416' title='bbox 2816 2991 3098 3062; x_wconf 75' lang='lat' dir='ltr'><strong>Praecipue</strong></span> <span class='ocrx_word' id='word_1_417' title='bbox 3134 3006 3256 3048; x_wconf 92' lang='lat' dir='ltr'><strong>cum</strong></span> <span class='ocrx_word' id='word_1_418' title='bbox 3286 3007 3380 3047; x_wconf 81' lang='lat' dir='ltr'><strong>rex</strong></span> <span class='ocrx_word' id='word_1_419' title='bbox 3399 2991 3580 3062; x_wconf 82' lang='lat' dir='ltr'><strong>justus</strong></span> <span class='ocrx_word' id='word_1_420' title='bbox 3607 2993 3818 3049; x_wconf 83' lang='lat' dir='ltr'><strong>sederit</strong></span> 
     </span>
    </p>
   </div>
   <div class='ocr_carea' id='block_1_61' title="bbox 2207 3086 2529 3142">
    <p class='ocr_par' dir='ltr' id='par_1_61' title="bbox 2207 3086 2529 3142">
     <span class='ocr_line' id='line_1_61' title="bbox 2207 3086 2529 3142; baseline 0 -1"><span class='ocrx_word' id='word_1_421' title='bbox 2207 3087 2260 3142; x_wconf 93' lang='lat' dir='ltr'><strong>in</strong></span> <span class='ocrx_word' id='word_1_422' title='bbox 2294 3086 2529 3142; x_wconf 81' lang='lat' dir='ltr'><strong>throno?</strong></span> 
     </span>
    </p>
   </div>
   <div class='ocr_carea' id='block_1_62' title="bbox 501 3176 3810 3250">
    <p class='ocr_par' dir='ltr' id='par_1_62' title="bbox 501 3176 3810 3250">
     <span class='ocr_line' id='line_1_62' title="bbox 501 3176 3810 3250; baseline -0.001 -16"><span class='ocrx_word' id='word_1_423' title='bbox 501 3180 793 3246; x_wconf 87' lang='lat' dir='ltr'><strong>carebunt;</strong></span> <span class='ocrx_word' id='word_1_424' title='bbox 825 3180 1141 3235; x_wconf 83' lang='lat' dir='ltr'><strong>resistentes</strong></span> <span class='ocrx_word' id='word_1_425' title='bbox 1161 3194 1290 3235; x_wconf 91' lang='lat' dir='ltr'><strong>vero</strong></span> <span class='ocrx_word' id='word_1_426' title='bbox 1317 3193 1504 3235; x_wconf 91' lang='lat' dir='ltr'><strong>eorum</strong></span> <span class='ocrx_word' id='word_1_427' title='bbox 1533 3178 1895 3250; x_wconf 86' lang='lat' dir='ltr'><strong>dogmatibus,</strong></span> <span class='ocrx_word' id='word_1_428' title='bbox 1926 3181 2096 3234; x_wconf 92' lang='lat' dir='ltr'><strong>multo</strong></span> <span class='ocrx_word' id='word_1_429' title='bbox 2121 3183 2168 3246; x_wconf 85' lang='lat' dir='ltr'>C</span> <span class='ocrx_word' id='word_1_430' title='bbox 2270 3181 2324 3236; x_wconf 83' lang='lat'><strong>5.</strong></span> <span class='ocrx_word' id='word_1_431' title='bbox 2358 3181 2676 3248; x_wconf 74' lang='lat' dir='ltr'><strong>Careamus,</strong></span> <span class='ocrx_word' id='word_1_432' title='bbox 2707 3177 2926 3247; x_wconf 86' lang='lat' dir='ltr'><strong>fratres,</strong></span> <span class='ocrx_word' id='word_1_433' title='bbox 2951 3177 3175 3234; x_wconf 84' lang='lat' dir='ltr'><strong>insidias</strong></span> <span class='ocrx_word' id='word_1_434' title='bbox 3197 3176 3418 3233; x_wconf 89' lang='lat' dir='ltr'><strong>diaboli.</strong></span> <span class='ocrx_word' id='word_1_435' title='bbox 3445 3176 3502 3233; x_wconf 93' lang='lat' dir='ltr'><strong>Si</strong></span> <span class='ocrx_word' id='word_1_436' title='bbox 3531 3176 3810 3235; x_wconf 84' lang='lat' dir='ltr'><strong>nefandus</strong></span> 
     </span>
    </p>
   </div>
   <div class='ocr_carea' id='block_1_63' title="bbox 500 3269 2096 3342">
    <p class='ocr_par' dir='ltr' id='par_1_63' title="bbox 500 3269 2096 3342">
     <span class='ocr_line' id='line_1_63' title="bbox 500 3269 2096 3342; baseline 0.002 -20"><span class='ocrx_word' id='word_1_437' title='bbox 500 3270 728 3338; x_wconf 84' lang='lat' dir='ltr'><strong>amplius</strong></span> <span class='ocrx_word' id='word_1_438' title='bbox 754 3269 1064 3324; x_wconf 83' lang='lat' dir='ltr'><strong>insultando</strong></span> <span class='ocrx_word' id='word_1_439' title='bbox 1080 3272 1389 3325; x_wconf 86' lang='lat' dir='ltr'><strong>clamabunt</strong></span> <span class='ocrx_word' id='word_1_440' title='bbox 1411 3287 1426 3326; x_wconf 86' lang='lat'>:</span> <span class='ocrx_word' id='word_1_441' title='bbox 1453 3270 1593 3326; x_wconf 87' lang='lat' dir='ltr'><strong>Ecce</strong></span> <span class='ocrx_word' id='word_1_442' title='bbox 1612 3279 1934 3342; x_wconf 86' lang='lat' dir='ltr'><strong>congregata</strong></span> <span class='ocrx_word' id='word_1_443' title='bbox 1955 3272 2096 3340; x_wconf 90' lang='lat' dir='ltr'><strong>apud</strong></span> 
     </span>
    </p>
   </div>
   <div class='ocr_carea' id='block_1_64' title="bbox 502 3361 2100 3433">
    <p class='ocr_par' dir='ltr' id='par_1_64' title="bbox 502 3361 2100 3433">
     <span class='ocr_line' id='line_1_64' title="bbox 502 3361 2100 3433; baseline 0 -17"><span class='ocrx_word' id='word_1_444' title='bbox 502 3361 838 3417; x_wconf 87' lang='lat' dir='ltr'><strong>Chalcedona</strong></span> <span class='ocrx_word' id='word_1_445' title='bbox 866 3362 1124 3433; x_wconf 88' lang='lat' dir='ltr'><strong>synodus,</strong></span> <span class='ocrx_word' id='word_1_446' title='bbox 1149 3363 1317 3417; x_wconf 76' lang='lat' dir='ltr'><strong>sidera</strong></span> <span class='ocrx_word' id='word_1_447' title='bbox 1339 3371 1363 3399; x_wconf 73' lang='grc' dir='ltr'><strong>ο</strong></span> <span class='ocrx_word' id='word_1_448' title='bbox 1396 3378 1646 3432; x_wconf 91' lang='lat' dir='ltr'><strong>magnum</strong></span> <span class='ocrx_word' id='word_1_449' title='bbox 1675 3362 1884 3432; x_wconf 92' lang='lat' dir='ltr'><strong>pondus</strong></span> <span class='ocrx_word' id='word_1_450' title='bbox 1915 3373 2100 3417; x_wconf 88' lang='lat' dir='ltr'><strong>aucto-</strong></span> 
     </span>
    </p>
   </div>
   <div class='ocr_carea' id='block_1_65' title="bbox 503 3455 2100 3526">
    <p class='ocr_par' dir='ltr' id='par_1_65' title="bbox 503 3455 2100 3526">
     <span class='ocr_line' id='line_1_65' title="bbox 503 3455 2100 3526; baseline 0.001 -18"><span class='ocrx_word' id='word_1_451' title='bbox 503 3457 676 3512; x_wconf 88' lang='lat' dir='ltr'><strong>ritatis</strong></span> <span class='ocrx_word' id='word_1_452' title='bbox 706 3457 927 3512; x_wconf 89' lang='lat' dir='ltr'><strong>minime</strong></span> <span class='ocrx_word' id='word_1_453' title='bbox 962 3456 1236 3522; x_wconf 89' lang='lat' dir='ltr'><strong>dubitatis,</strong></span> <span class='ocrx_word' id='word_1_454' title='bbox 1283 3469 1391 3511; x_wconf 91' lang='lat' dir='ltr'><strong>uno</strong></span> <span class='ocrx_word' id='word_1_455' title='bbox 1439 3465 1599 3526; x_wconf 88' lang='lat' dir='ltr'><strong>atque</strong></span> <span class='ocrx_word' id='word_1_456' title='bbox 1625 3455 1816 3512; x_wconf 86' lang='lat' dir='ltr'><strong>eodem</strong></span> <span class='ocrx_word' id='word_1_457' title='bbox 1852 3464 2100 3526; x_wconf 89' lang='lat' dir='ltr'><strong>tempore</strong></span> 
     </span>
    </p>
   </div>
   <div class='ocr_carea' id='block_1_66' title="bbox 502 3546 2096 3618">
    <p class='ocr_par' dir='ltr' id='par_1_66' title="bbox 502 3546 2096 3618">
     <span class='ocr_line' id='line_1_66' title="bbox 502 3546 2096 3618; baseline 0.001 -17"><span class='ocrx_word' id='word_1_458' title='bbox 502 3546 807 3602; x_wconf 82' lang='lat' dir='ltr'><strong>Nestorium</strong></span> <span class='ocrx_word' id='word_1_459' title='bbox 836 3548 1130 3612; x_wconf 87' lang='lat' dir='ltr'><strong>damnavit,</strong></span> <span class='ocrx_word' id='word_1_460' title='bbox 1155 3557 1212 3602; x_wconf 84' lang='lat' dir='ltr'><strong>et</strong></span> <span class='ocrx_word' id='word_1_461' title='bbox 1230 3547 1462 3603; x_wconf 85' lang='lat' dir='ltr'><strong>Nestorii</strong></span> <span class='ocrx_word' id='word_1_462' title='bbox 1485 3546 1512 3586; x_wconf 75' lang='grc' dir='ltr'>δ</span> <span class='ocrx_word' id='word_1_463' title='bbox 1539 3547 1813 3604; x_wconf 84' lang='lat' dir='ltr'><strong>revocavit</strong></span> <span class='ocrx_word' id='word_1_464' title='bbox 1831 3561 2096 3618; x_wconf 90' lang='lat' dir='ltr'><strong>errorem,</strong></span> 
     </span>
    </p>
   </div>
   <div class='ocr_carea' id='block_1_67' title="bbox 502 3639 2102 3710">
    <p class='ocr_par' dir='ltr' id='par_1_67' title="bbox 502 3639 2102 3710">
     <span class='ocr_line' id='line_1_67' title="bbox 502 3639 2102 3710; baseline 0.001 -16"><span class='ocrx_word' id='word_1_465' title='bbox 502 3639 773 3709; x_wconf 90' lang='lat' dir='ltr'><strong>recipiens</strong></span> <span class='ocrx_word' id='word_1_466' title='bbox 824 3639 1108 3710; x_wconf 89' lang='lat' dir='ltr'><strong>epistolam</strong></span> <span class='ocrx_word' id='word_1_467' title='bbox 1150 3640 1273 3696; x_wconf 82' lang='lat' dir='ltr'><strong>ﬁdei</strong></span> <span class='ocrx_word' id='word_1_468' title='bbox 1320 3640 1597 3695; x_wconf 64' lang='lat' dir='ltr'><strong>catholicae</strong></span> <span class='ocrx_word' id='word_1_469' title='bbox 1623 3643 1848 3696; x_wconf 91' lang='lat' dir='ltr'><strong>omnino</strong></span> <span class='ocrx_word' id='word_1_470' title='bbox 1887 3651 2102 3697; x_wconf 83' lang='lat' dir='ltr'><strong>contra-</strong></span> 
     </span>
    </p>
   </div>
   <div class='ocr_carea' id='block_1_68' title="bbox 503 3730 2099 3803">
    <p class='ocr_par' dir='ltr' id='par_1_68' title="bbox 503 3730 2099 3803">
     <span class='ocr_line' id='line_1_68' title="bbox 503 3730 2099 3803; baseline 0.003 -19"><span class='ocrx_word' id='word_1_471' title='bbox 503 3730 672 3796; x_wconf 89' lang='lat' dir='ltr'><strong>riam;</strong></span> <span class='ocrx_word' id='word_1_472' title='bbox 727 3731 867 3784; x_wconf 89' lang='lat' dir='ltr'><strong>sicut</strong></span> <span class='ocrx_word' id='word_1_473' title='bbox 919 3730 1081 3786; x_wconf 89' lang='lat' dir='ltr'><strong>modo</strong></span> <span class='ocrx_word' id='word_1_474' title='bbox 1116 3731 1319 3786; x_wconf 89' lang='lat' dir='ltr'><strong>sentire</strong></span> <span class='ocrx_word' id='word_1_475' title='bbox 1369 3732 1651 3799; x_wconf 72' lang='lat' dir='ltr'><strong>cmpistis,</strong></span> <span class='ocrx_word' id='word_1_476' title='bbox 1689 3732 2099 3803; x_wconf 79' lang='lat' dir='ltr'><strong>intelligentes,</strong></span> 
     </span>
    </p>
   </div>
   <div class='ocr_carea' id='block_1_69' title="bbox 502 3823 2103 3893">
    <p class='ocr_par' dir='ltr' id='par_1_69' title="bbox 502 3823 2103 3893">
     <span class='ocr_line' id='line_1_69' title="bbox 502 3823 2103 3893; baseline 0.004 -20"><span class='ocrx_word' id='word_1_477' title='bbox 502 3823 748 3890; x_wconf 87' lang='lat' dir='ltr'><strong>quamvis</strong></span> <span class='ocrx_word' id='word_1_478' title='bbox 776 3836 922 3888; x_wconf 88' lang='lat' dir='ltr'><strong>sero,</strong></span> <span class='ocrx_word' id='word_1_479' title='bbox 941 3838 1102 3893; x_wconf 88' lang='lat' dir='ltr'><strong>quam</strong></span> <span class='ocrx_word' id='word_1_480' title='bbox 1137 3823 1232 3877; x_wconf 92' lang='lat' dir='ltr'><strong>toti</strong></span> <span class='ocrx_word' id='word_1_481' title='bbox 1259 3823 1336 3877; x_wconf 91' lang='lat' dir='ltr'><strong>illi</strong></span> <span class='ocrx_word' id='word_1_482' title='bbox 1357 3824 1599 3893; x_wconf 89' lang='lat' dir='ltr'><strong>episcopi</strong></span> <span class='ocrx_word' id='word_1_483' title='bbox 1621 3825 1910 3879; x_wconf 92' lang='lat' dir='ltr'><strong>noluerunt</strong></span> <span class='ocrx_word' id='word_1_484' title='bbox 1941 3825 2103 3880; x_wconf 85' lang='lat' dir='ltr'><strong>intel-</strong></span> 
     </span>
    </p>
   </div>
   <div class='ocr_carea' id='block_1_70' title="bbox 502 3913 2102 3983">
    <p class='ocr_par' dir='ltr' id='par_1_70' title="bbox 502 3913 2102 3983">
     <span class='ocr_line' id='line_1_70' title="bbox 502 3913 2102 3983; baseline 0.006 -19"><span class='ocrx_word' id='word_1_485' title='bbox 502 3913 514 3964; x_wconf 90' lang='lat' dir='ltr'><strong>I</strong></span> <span class='ocrx_word' id='word_1_486' title='bbox 540 3927 668 3981; x_wconf 87' lang='lat' dir='ltr'><strong>gere</strong></span> <span class='ocrx_word' id='word_1_487' title='bbox 708 3913 1014 3970; x_wconf 87' lang='lat' dir='ltr'><strong>veritatem.</strong></span> <span class='ocrx_word' id='word_1_488' title='bbox 1041 3913 1360 3983; x_wconf 77' lang='lat' dir='ltr'><strong>Plangamus</strong></span> <span class='ocrx_word' id='word_1_489' title='bbox 1388 3924 1444 3970; x_wconf 91' lang='lat' dir='ltr'><strong>et</strong></span> <span class='ocrx_word' id='word_1_490' title='bbox 1483 3930 1720 3982; x_wconf 90' lang='lat' dir='ltr'><strong>oremus,</strong></span> <span class='ocrx_word' id='word_1_491' title='bbox 1743 3925 1804 3971; x_wconf 92' lang='lat' dir='ltr'><strong>ut</strong></span> <span class='ocrx_word' id='word_1_492' title='bbox 1829 3918 1938 3973; x_wconf 89' lang='lat' dir='ltr'><strong>cito</strong></span> <span class='ocrx_word' id='word_1_493' title='bbox 1979 3919 2102 3974; x_wconf 87' lang='lat' dir='ltr'><strong>talis</strong></span> 
     </span>
    </p>
   </div>
   <div class='ocr_carea' id='block_1_71' title="bbox 502 4007 2104 4079">
    <p class='ocr_par' dir='ltr' id='par_1_71' title="bbox 502 4007 2104 4079">
     <span class='ocr_line' id='line_1_71' title="bbox 502 4007 2104 4079; baseline 0.004 -21"><span class='ocrx_word' id='word_1_494' title='bbox 502 4021 651 4060; x_wconf 88' lang='lat' dir='ltr'><strong>error</strong></span> <span class='ocrx_word' id='word_1_495' title='bbox 677 4007 908 4061; x_wconf 87' lang='lat' dir='ltr'><strong>abolitus</strong></span> <span class='ocrx_word' id='word_1_496' title='bbox 940 4013 1202 4073; x_wconf 84' lang='lat' dir='ltr'><strong>transeat,</strong></span> <span class='ocrx_word' id='word_1_497' title='bbox 1237 4007 1547 4076; x_wconf 89' lang='lat' dir='ltr'><strong>repudiatus</strong></span> <span class='ocrx_word' id='word_1_498' title='bbox 1572 4019 1878 4077; x_wconf 88' lang='lat' dir='ltr'><strong>evanescat,</strong></span> <span class='ocrx_word' id='word_1_499' title='bbox 1904 4020 1957 4064; x_wconf 89' lang='lat' dir='ltr'><strong>et</strong></span> <span class='ocrx_word' id='word_1_500' title='bbox 1981 4025 2104 4079; x_wconf 88' lang='lat' dir='ltr'><strong>per-</strong></span> 
     </span>
    </p>
   </div>
   <div class='ocr_carea' id='block_1_72' title="bbox 503 4097 2102 4166">
    <p class='ocr_par' dir='ltr' id='par_1_72' title="bbox 503 4097 2102 4166">
     <span class='ocr_line' id='line_1_72' title="bbox 503 4097 2102 4166; baseline 0.003 -14"><span class='ocrx_word' id='word_1_501' title='bbox 503 4105 664 4166; x_wconf 88' lang='lat' dir='ltr'><strong>petuo</strong></span> <span class='ocrx_word' id='word_1_502' title='bbox 693 4098 913 4153; x_wconf 89' lang='lat' dir='ltr'><strong>silentio</strong></span> <span class='ocrx_word' id='word_1_503' title='bbox 954 4097 1266 4166; x_wconf 85' lang='lat' dir='ltr'><strong>sepeliatur.</strong></span> <span class='ocrx_word' id='word_1_504' title='bbox 1310 4099 1504 4154; x_wconf 86' lang='lat' dir='ltr'><strong>Totum</strong></span> <span class='ocrx_word' id='word_1_505' title='bbox 1555 4101 1842 4155; x_wconf 90' lang='lat' dir='ltr'><strong>concilium</strong></span> <span class='ocrx_word' id='word_1_506' title='bbox 1877 4101 2102 4158; x_wconf 89' lang='lat' dir='ltr'><strong>Chalce-</strong></span> 
     </span>
    </p>
   </div>
   <div class='ocr_carea' id='block_1_73' title="bbox 504 4191 2100 4264">
    <p class='ocr_par' dir='ltr' id='par_1_73' title="bbox 504 4191 2100 4264">
     <span class='ocr_line' id='line_1_73' title="bbox 504 4191 2100 4264; baseline 0.003 -18"><span class='ocrx_word' id='word_1_507' title='bbox 504 4192 763 4260; x_wconf 87' lang='lat' dir='ltr'><strong>donense,</strong></span> <span class='ocrx_word' id='word_1_508' title='bbox 789 4207 910 4247; x_wconf 92' lang='lat' dir='ltr'><strong>cum</strong></span> <span class='ocrx_word' id='word_1_509' title='bbox 966 4200 1052 4247; x_wconf 92' lang='lat' dir='ltr'><strong>est</strong></span> <span class='ocrx_word' id='word_1_510' title='bbox 1096 4200 1266 4247; x_wconf 89' lang='lat' dir='ltr'><strong>totum</strong></span> <span class='ocrx_word' id='word_1_511' title='bbox 1317 4193 1607 4248; x_wconf 92' lang='lat' dir='ltr'><strong>concilium</strong></span> <span class='ocrx_word' id='word_1_512' title='bbox 1636 4191 2100 4264; x_wconf 88' lang='lat' dir='ltr'><strong>Chalcedonense,</strong></span> 
     </span>
    </p>
   </div>
   <div class='ocr_carea' id='block_1_74' title="bbox 504 4283 2102 4356">
    <p class='ocr_par' dir='ltr' id='par_1_74' title="bbox 504 4283 2102 4356">
     <span class='ocr_line' id='line_1_74' title="bbox 504 4283 2102 4356; baseline 0.004 -20"><span class='ocrx_word' id='word_1_513' title='bbox 504 4297 692 4339; x_wconf 88' lang='lat' dir='ltr'><strong>verum</strong></span> <span class='ocrx_word' id='word_1_514' title='bbox 723 4293 808 4338; x_wconf 90' lang='lat' dir='ltr'><strong>est</strong></span> <span class='ocrx_word' id='word_1_515' title='bbox 840 4301 855 4339; x_wconf 88' lang='lat'><strong>:</strong></span> <span class='ocrx_word' id='word_1_516' title='bbox 891 4284 1033 4338; x_wconf 91' lang='lat' dir='ltr'><strong>nulla</strong></span> <span class='ocrx_word' id='word_1_517' title='bbox 1073 4298 1202 4353; x_wconf 91' lang='lat' dir='ltr'><strong>pars</strong></span> <span class='ocrx_word' id='word_1_518' title='bbox 1229 4283 1375 4340; x_wconf 84' lang='lat' dir='ltr'><strong>illius</strong></span> <span class='ocrx_word' id='word_1_519' title='bbox 1406 4285 1565 4341; x_wconf 89' lang='lat' dir='ltr'><strong>habet</strong></span> <span class='ocrx_word' id='word_1_520' title='bbox 1595 4287 1758 4340; x_wconf 88' lang='lat' dir='ltr'><strong>ullam</strong></span> <span class='ocrx_word' id='word_1_521' title='bbox 1805 4287 2102 4356; x_wconf 90' lang='lat' dir='ltr'><strong>reprehen-</strong></span> 
     </span>
    </p>
   </div>
   <div class='ocr_carea' id='block_1_75' title="bbox 505 4376 2104 4448">
    <p class='ocr_par' dir='ltr' id='par_1_75' title="bbox 505 4376 2104 4448">
     <span class='ocr_line' id='line_1_75' title="bbox 505 4376 2104 4448; baseline 0.004 -20"><span class='ocrx_word' id='word_1_522' title='bbox 505 4376 745 4442; x_wconf 88' lang='lat' dir='ltr'><strong>sionem;</strong></span> <span class='ocrx_word' id='word_1_523' title='bbox 775 4376 1034 4446; x_wconf 88' lang='lat' dir='ltr'><strong>quidquid</strong></span> <span class='ocrx_word' id='word_1_524' title='bbox 1063 4376 1138 4430; x_wconf 82' lang='lat' dir='ltr'><strong>ibi</strong></span> <span class='ocrx_word' id='word_1_525' title='bbox 1167 4377 1393 4444; x_wconf 89' lang='lat' dir='ltr'><strong>dictum,</strong></span> <span class='ocrx_word' id='word_1_526' title='bbox 1416 4387 1649 4448; x_wconf 86' lang='lat' dir='ltr'><strong>gestum,</strong></span> <span class='ocrx_word' id='word_1_527' title='bbox 1675 4378 1970 4448; x_wconf 89' lang='lat' dir='ltr'><strong>judicatum</strong></span> <span class='ocrx_word' id='word_1_528' title='bbox 2005 4395 2104 4434; x_wconf 90' lang='lat' dir='ltr'><strong>no-</strong></span> 
     </span>
    </p>
   </div>
   <div class='ocr_carea' id='block_1_76' title="bbox 505 4466 2105 4540">
    <p class='ocr_par' dir='ltr' id='par_1_76' title="bbox 505 4466 2105 4540">
     <span class='ocr_line' id='line_1_76' title="bbox 505 4466 2105 4540; baseline 0.004 -22"><span class='ocrx_word' id='word_1_529' title='bbox 505 4467 680 4520; x_wconf 80' lang='lat' dir='ltr'><strong>vimus</strong></span> <span class='ocrx_word' id='word_1_530' title='bbox 705 4475 868 4534; x_wconf 89' lang='lat' dir='ltr'><strong>atque</strong></span> <span class='ocrx_word' id='word_1_531' title='bbox 916 4466 1186 4523; x_wconf 80' lang='lat' dir='ltr'><strong>firmatum</strong></span> <span class='ocrx_word' id='word_1_532' title='bbox 1211 4508 1228 4534; x_wconf 87' lang='lat'><strong>,</strong></span> <span class='ocrx_word' id='word_1_533' title='bbox 1267 4470 1439 4525; x_wconf 89' lang='lat' dir='ltr'><strong>sancti</strong></span> <span class='ocrx_word' id='word_1_534' title='bbox 1467 4470 1718 4540; x_wconf 73' lang='lat' dir='ltr'><strong>.Spiritus</strong></span> <span class='ocrx_word' id='word_1_535' title='bbox 1760 4480 1980 4540; x_wconf 84' lang='lat' dir='ltr'><strong>operata</strong></span> <span class='ocrx_word' id='word_1_536' title='bbox 2021 4480 2105 4527; x_wconf 89' lang='lat' dir='ltr'><strong>est</strong></span> 
     </span>
    </p>
   </div>
   <div class='ocr_carea' id='block_1_77' title="bbox 468 4513 491 4583">
    <p class='ocr_par' dir='ltr' id='par_1_77' title="bbox 468 4513 491 4583">
     <span class='ocr_line' id='line_1_77' title="bbox 468 4513 491 4583; baseline 0 0"><span class='ocrx_word' id='word_1_537' title='bbox 468 4513 491 4583; x_wconf 73' lang='lat' dir='ltr'><strong>i</strong></span> 
     </span>
    </p>
   </div>
   <div class='ocr_carea' id='block_1_78' title="bbox 473 4621 482 4640">
    <p class='ocr_par' dir='ltr' id='par_1_78' title="bbox 473 4621 482 4640">
     <span class='ocr_line' id='line_1_78' title="bbox 473 4621 482 4640; baseline 0 0"><span class='ocrx_word' id='word_1_538' title='bbox 473 4621 482 4640; x_wconf 66' lang='lat' dir='ltr'><strong>r</strong></span> 
     </span>
    </p>
   </div>
   <div class='ocr_carea' id='block_1_79' title="bbox 474 4641 2102 4726">
    <p class='ocr_par' dir='ltr' id='par_1_79' title="bbox 474 4641 2102 4726">
     <span class='ocr_line' id='line_1_79' title="bbox 474 4641 2102 4726; baseline 0.001 -16"><span class='ocrx_word' id='word_1_539' title='bbox 474 4641 487 4717; x_wconf 64' lang='grc' dir='ltr'><em>Ῐ</em></span> <span class='ocrx_word' id='word_1_540' title='bbox 507 4657 827 4711; x_wconf 90' lang='lat' dir='ltr'><strong>memoriam</strong></span> <span class='ocrx_word' id='word_1_541' title='bbox 858 4658 1153 4726; x_wconf 89' lang='lat' dir='ltr'><strong>repentinis</strong></span> <span class='ocrx_word' id='word_1_542' title='bbox 1182 4659 1703 4713; x_wconf 87' lang='lat' dir='ltr'><strong>contradictionibus</strong></span> <span class='ocrx_word' id='word_1_543' title='bbox 1752 4659 2102 4726; x_wconf 87' lang='lat' dir='ltr'><strong>infamamus,</strong></span> 
     </span>
    </p>
   </div>
   <div class='ocr_carea' id='block_1_80' title="bbox 505 4748 2108 4821">
    <p class='ocr_par' dir='ltr' id='par_1_80' title="bbox 505 4748 2108 4821">
     <span class='ocr_line' id='line_1_80' title="bbox 505 4748 2108 4821; baseline 0.004 -21"><span class='ocrx_word' id='word_1_544' title='bbox 505 4764 628 4802; x_wconf 79' lang='lat' dir='ltr'><strong>(um</strong></span> <span class='ocrx_word' id='word_1_545' title='bbox 657 4748 913 4804; x_wconf 86' lang='lat' dir='ltr'><strong>Salomon</strong></span> <span class='ocrx_word' id='word_1_546' title='bbox 964 4750 1157 4817; x_wconf 90' lang='lat' dir='ltr'><strong>plenus</strong></span> <span class='ocrx_word' id='word_1_547' title='bbox 1199 4750 1406 4819; x_wconf 89' lang='lat' dir='ltr'><strong>Spiritu</strong></span> <span class='ocrx_word' id='word_1_548' title='bbox 1451 4761 1640 4804; x_wconf 90' lang='lat' dir='ltr'><strong>sancto</strong></span> <span class='ocrx_word' id='word_1_549' title='bbox 1669 4753 1953 4808; x_wconf 85' lang='lat' dir='ltr'><strong>manifeste</strong></span> <span class='ocrx_word' id='word_1_550' title='bbox 1980 4767 2108 4821; x_wconf 87' lang='lat' dir='ltr'><strong>pro-</strong></span> 
     </span>
    </p>
   </div>
   <div class='ocr_carea' id='block_1_81' title="bbox 507 4841 2033 4914">
    <p class='ocr_par' dir='ltr' id='par_1_81' title="bbox 507 4841 2033 4914">
     <span class='ocr_line' id='line_1_81' title="bbox 507 4841 2033 4914; baseline 0.003 -18"><span class='ocrx_word' id='word_1_551' title='bbox 507 4843 713 4898; x_wconf 83' lang='lat' dir='ltr'><strong>nuntiet</strong></span> <span class='ocrx_word' id='word_1_552' title='bbox 741 4860 754 4896; x_wconf 92' lang='lat'>:</span> <span class='ocrx_word' id='word_1_553' title='bbox 787 4841 1039 4898; x_wconf 86' lang='lat' dir='ltr'><strong>Memoria</strong></span> <span class='ocrx_word' id='word_1_554' title='bbox 1056 4847 1192 4914; x_wconf 82' lang='lat' dir='ltr'><strong>justi</strong></span> <span class='ocrx_word' id='word_1_555' title='bbox 1222 4860 1338 4897; x_wconf 89' lang='lat' dir='ltr'><strong>cum</strong></span> <span class='ocrx_word' id='word_1_556' title='bbox 1363 4846 1604 4898; x_wconf 81' lang='lat' dir='ltr'><strong>laudibus</strong></span> <span class='ocrx_word' id='word_1_557' title='bbox 1630 4845 1814 4914; x_wconf 86' lang='lat' dir='ltr'><strong>(Prov.</strong></span> <span class='ocrx_word' id='word_1_558' title='bbox 1848 4862 1902 4913; x_wconf 78' lang='grc' dir='ltr'><strong>ι,</strong></span> <span class='ocrx_word' id='word_1_559' title='bbox 1928 4847 2033 4914; x_wconf 85' lang='lat'><strong>7)?</strong></span> 
     </span>
    </p>
   </div>
   <div class='ocr_carea' id='block_1_82' title="bbox 578 4937 2105 5008">
    <p class='ocr_par' dir='ltr' id='par_1_82' title="bbox 578 4937 2105 5008">
     <span class='ocr_line' id='line_1_82' title="bbox 578 4937 2105 5008; baseline 0.003 -19"><span class='ocrx_word' id='word_1_560' title='bbox 578 4938 632 4990; x_wconf 74' lang='grc'><strong>4.</strong></span> <span class='ocrx_word' id='word_1_561' title='bbox 663 4937 800 5005; x_wconf 92' lang='lat' dir='ltr'><strong>Quid</strong></span> <span class='ocrx_word' id='word_1_562' title='bbox 841 4939 884 4994; x_wconf 88' lang='lat' dir='ltr'><strong>si</strong></span> <span class='ocrx_word' id='word_1_563' title='bbox 919 4938 1270 5008; x_wconf 86' lang='lat' dir='ltr'><strong>procedentes</strong></span> <span class='ocrx_word' id='word_1_564' title='bbox 1301 4953 1330 4992; x_wconf 91' lang='lat' dir='ltr'><strong>c</strong></span> <span class='ocrx_word' id='word_1_565' title='bbox 1360 4939 1582 4992; x_wconf 92' lang='lat' dir='ltr'><strong>tumulis</strong></span> <span class='ocrx_word' id='word_1_566' title='bbox 1611 4939 1756 5004; x_wconf 88' lang='lat' dir='ltr'><strong>suis,</strong></span> <span class='ocrx_word' id='word_1_567' title='bbox 1779 4953 1962 4993; x_wconf 91' lang='lat' dir='ltr'><strong>coram</strong></span> <span class='ocrx_word' id='word_1_568' title='bbox 1995 4939 2105 4994; x_wconf 89' lang='lat' dir='ltr'><strong>Deo</strong></span> 
     </span>
    </p>
   </div>
   <div class='ocr_carea' id='block_1_83' title="bbox 507 5027 2104 5098">
    <p class='ocr_par' dir='ltr' id='par_1_83' title="bbox 507 5027 2104 5098">
     <span class='ocr_line' id='line_1_83' title="bbox 507 5027 2104 5098; baseline 0.001 -16"><span class='ocrx_word' id='word_1_569' title='bbox 507 5027 591 5082; x_wconf 92' lang='lat' dir='ltr'><strong>cui</strong></span> <span class='ocrx_word' id='word_1_570' title='bbox 619 5028 827 5094; x_wconf 89' lang='lat' dir='ltr'><strong>vivunt,</strong></span> <span class='ocrx_word' id='word_1_571' title='bbox 857 5028 997 5098; x_wconf 90' lang='lat' dir='ltr'><strong>apud</strong></span> <span class='ocrx_word' id='word_1_572' title='bbox 1049 5043 1208 5098; x_wconf 88' lang='lat' dir='ltr'><strong>quem</strong></span> <span class='ocrx_word' id='word_1_573' title='bbox 1259 5028 1491 5084; x_wconf 82' lang='lat' dir='ltr'><strong>ﬁdeliter</strong></span> <span class='ocrx_word' id='word_1_574' title='bbox 1528 5030 1890 5098; x_wconf 86' lang='lat' dir='ltr'><strong>requiescunt,</strong></span> <span class='ocrx_word' id='word_1_575' title='bbox 1919 5028 1974 5084; x_wconf 91' lang='lat' dir='ltr'><strong>in</strong></span> <span class='ocrx_word' id='word_1_576' title='bbox 2005 5045 2104 5084; x_wconf 90' lang='lat' dir='ltr'><strong>no-</strong></span> 
     </span>
    </p>
   </div>
   <div class='ocr_carea' id='block_1_84' title="bbox 511 5119 2107 5192">
    <p class='ocr_par' dir='ltr' id='par_1_84' title="bbox 511 5119 2107 5192">
     <span class='ocr_line' id='line_1_84' title="bbox 511 5119 2107 5192; baseline 0.003 -20"><span class='ocrx_word' id='word_1_577' title='bbox 511 5120 729 5173; x_wconf 72' lang='lat' dir='ltr'><strong>tissima</strong></span> <span class='ocrx_word' id='word_1_578' title='bbox 773 5119 1174 5176; x_wconf 88' lang='lat' dir='ltr'><strong>resurrectione</strong></span> <span class='ocrx_word' id='word_1_579' title='bbox 1202 5119 1386 5174; x_wconf 87' lang='lat' dir='ltr'><strong>dicant</strong></span> <span class='ocrx_word' id='word_1_580' title='bbox 1413 5120 1512 5175; x_wconf 90' lang='lat' dir='ltr'><strong>viri</strong></span> <span class='ocrx_word' id='word_1_581' title='bbox 1543 5120 1776 5192; x_wconf 79' lang='lat' dir='ltr'><strong>religiosi</strong></span> <span class='ocrx_word' id='word_1_582' title='bbox 1810 5139 1823 5175; x_wconf 88' lang='lat'><strong>:</strong></span> <span class='ocrx_word' id='word_1_583' title='bbox 1856 5121 1966 5177; x_wconf 89' lang='lat' dir='ltr'><strong>Cur</strong></span> <span class='ocrx_word' id='word_1_584' title='bbox 1993 5123 2107 5192; x_wconf 90' lang='lat' dir='ltr'><strong>epi-</strong></span> 
     </span>
    </p>
   </div>
   <div class='ocr_carea' id='block_1_85' title="bbox 507 5213 2106 5283">
    <p class='ocr_par' dir='ltr' id='par_1_85' title="bbox 507 5213 2106 5283">
     <span class='ocr_line' id='line_1_85' title="bbox 507 5213 2106 5283; baseline 0.003 -17"><span class='ocrx_word' id='word_1_585' title='bbox 507 5213 700 5266; x_wconf 88' lang='lat' dir='ltr'><strong>stolam</strong></span> <span class='ocrx_word' id='word_1_586' title='bbox 732 5216 1062 5282; x_wconf 89' lang='lat' dir='ltr'><strong>reprobastis</strong></span> <span class='ocrx_word' id='word_1_587' title='bbox 1084 5254 1100 5278; x_wconf 95' lang='lat'><strong>,</strong></span> <span class='ocrx_word' id='word_1_588' title='bbox 1131 5213 1286 5283; x_wconf 90' lang='lat' dir='ltr'><strong>cujus</strong></span> <span class='ocrx_word' id='word_1_589' title='bbox 1325 5213 1642 5270; x_wconf 87' lang='lat' dir='ltr'><strong>catholicam</strong></span> <span class='ocrx_word' id='word_1_590' title='bbox 1673 5229 1795 5270; x_wconf 86' lang='lat' dir='ltr'><strong>esse</strong></span> <span class='ocrx_word' id='word_1_591' title='bbox 1818 5214 2106 5272; x_wconf 89' lang='lat' dir='ltr'><strong>dictionem</strong></span> 
     </span>
    </p>
   </div>
   <div class='ocr_carea' id='block_1_86' title="bbox 509 5304 2105 5377">
    <p class='ocr_par' dir='ltr' id='par_1_86' title="bbox 509 5304 2105 5377">
     <span class='ocr_line' id='line_1_86' title="bbox 509 5304 2105 5377; baseline 0.004 -19"><span class='ocrx_word' id='word_1_592' title='bbox 509 5304 799 5369; x_wconf 83' lang='lat' dir='ltr'><strong>sensimus,</strong></span> <span class='ocrx_word' id='word_1_593' title='bbox 823 5305 1076 5370; x_wconf 76' lang='lat' dir='ltr'><strong>diximus,</strong></span> <span class='ocrx_word' id='word_1_594' title='bbox 1105 5304 1481 5376; x_wconf 83' lang='lat' dir='ltr'><strong>indicavimus,</strong></span> <span class='ocrx_word' id='word_1_595' title='bbox 1507 5315 1560 5360; x_wconf 91' lang='lat' dir='ltr'><strong>et</strong></span> <span class='ocrx_word' id='word_1_596' title='bbox 1579 5304 1842 5377; x_wconf 86' lang='lat' dir='ltr'><strong>judicium</strong></span> <span class='ocrx_word' id='word_1_597' title='bbox 1865 5319 2105 5364; x_wconf 88' lang='lat' dir='ltr'><strong>nostrum</strong></span> 
     </span>
    </p>
   </div>
   <div class='ocr_carea' id='block_1_87' title="bbox 511 5395 2104 5472">
    <p class='ocr_par' dir='ltr' id='par_1_87' title="bbox 511 5395 2104 5472">
     <span class='ocr_line' id='line_1_87' title="bbox 511 5395 2104 5472; baseline 0.006 -24"><span class='ocrx_word' id='word_1_598' title='bbox 511 5395 902 5450; x_wconf 86' lang='lat' dir='ltr'><strong>subscribendo</strong></span> <span class='ocrx_word' id='word_1_599' title='bbox 926 5397 1292 5452; x_wconf 74' lang='lat' dir='ltr'><strong>firmavimus?</strong></span> <span class='ocrx_word' id='word_1_600' title='bbox 1321 5397 1404 5453; x_wconf 87' lang='lat' dir='ltr'><strong>An</strong></span> <span class='ocrx_word' id='word_1_601' title='bbox 1453 5400 1576 5469; x_wconf 90' lang='lat' dir='ltr'><strong>quia</strong></span> <span class='ocrx_word' id='word_1_602' title='bbox 1609 5401 1935 5457; x_wconf 85' lang='lat' dir='ltr'><strong>venerabilis</strong></span> <span class='ocrx_word' id='word_1_603' title='bbox 1965 5403 2104 5472; x_wconf 88' lang='lat' dir='ltr'><strong>lbas,</strong></span> 
     </span>
    </p>
   </div>
   <div class='ocr_carea' id='block_1_88' title="bbox 515 5489 2100 5567">
    <p class='ocr_par' dir='ltr' id='par_1_88' title="bbox 515 5489 2100 5567">
     <span class='ocr_line' id='line_1_88' title="bbox 515 5489 2100 5567; baseline 0.006 -26"><span class='ocrx_word' id='word_1_604' title='bbox 515 5489 896 5546; x_wconf 69' lang='lat' dir='ltr'><strong>Alexandrina:</strong></span> <span class='ocrx_word' id='word_1_605' title='bbox 925 5491 1186 5548; x_wconf 73' lang='lat' dir='ltr'><strong>Ecclesia:</strong></span> <span class='ocrx_word' id='word_1_606' title='bbox 1216 5493 1524 5562; x_wconf 85' lang='lat' dir='ltr'><strong>pontificem</strong></span> <span class='ocrx_word' id='word_1_607' title='bbox 1555 5506 1798 5551; x_wconf 86' lang='lat' dir='ltr'><strong>sanctum</strong></span> <span class='ocrx_word' id='word_1_608' title='bbox 1838 5495 2100 5567; x_wconf 90' lang='lat' dir='ltr'><strong>Cyrillum</strong></span> 
     </span>
    </p>
   </div>
   <div class='ocr_carea' id='block_1_89' title="bbox 517 5585 2106 5662">
    <p class='ocr_par' dir='ltr' id='par_1_89' title="bbox 517 5585 2106 5662">
     <span class='ocr_line' id='line_1_89' title="bbox 517 5585 2106 5662; baseline 0.008 -26"><span class='ocrx_word' id='word_1_609' title='bbox 517 5585 865 5652; x_wconf 74' lang='lat' dir='ltr'><strong>vituperavit?</strong></span> <span class='ocrx_word' id='word_1_610' title='bbox 893 5586 997 5641; x_wconf 82' lang='lat' dir='ltr'><strong>Sed</strong></span> <span class='ocrx_word' id='word_1_611' title='bbox 1034 5587 1175 5642; x_wconf 89' lang='lat' dir='ltr'><strong>idem</strong></span> <span class='ocrx_word' id='word_1_612' title='bbox 1203 5597 1392 5644; x_wconf 88' lang='lat' dir='ltr'><strong>sancto</strong></span> <span class='ocrx_word' id='word_1_613' title='bbox 1419 5586 1623 5660; x_wconf 89' lang='lat' dir='ltr'><strong>Cyrillo</strong></span> <span class='ocrx_word' id='word_1_614' title='bbox 1654 5599 1836 5662; x_wconf 85' lang='lat' dir='ltr'><strong>postea</strong></span> <span class='ocrx_word' id='word_1_615' title='bbox 1869 5606 1930 5650; x_wconf 88' lang='lat' dir='ltr'><strong>se</strong></span> <span class='ocrx_word' id='word_1_616' title='bbox 1958 5606 2106 5657; x_wconf 85' lang='lat' dir='ltr'><strong>com-</strong></span> 
     </span>
    </p>
   </div>
   <div class='ocr_carea' id='block_1_90' title="bbox 591 5741 1460 5813">
    <p class='ocr_par' dir='ltr' id='par_1_90' title="bbox 591 5741 1460 5813">
     <span class='ocr_line' id='line_1_90' title="bbox 591 5741 1460 5813; baseline 0.009 -21"><span class='ocrx_word' id='word_1_617' title='bbox 591 5748 617 5813; x_wconf 68' lang='lat' dir='ltr'><strong>f‘</strong></span> <span class='ocrx_word' id='word_1_618' title='bbox 649 5741 868 5813; x_wconf 28' lang='lat' dir='ltr'><strong>Yitl‘ctur</strong></span> <span class='ocrx_word' id='word_1_619' title='bbox 891 5743 1174 5813; x_wconf 81' lang='lat' dir='ltr'><strong>legendum</strong></span> <span class='ocrx_word' id='word_1_620' title='bbox 1207 5748 1289 5800; x_wconf 78' lang='lat' dir='ltr'><strong>cui</strong></span> <span class='ocrx_word' id='word_1_621' title='bbox 1317 5749 1460 5802; x_wconf 81' lang='lat' dir='ltr'><strong>dare.</strong></span> 
     </span>
    </p>
   </div>
   <div class='ocr_carea' id='block_1_91' title="bbox 589 5806 1530 5872">
    <p class='ocr_par' dir='ltr' id='par_1_91' title="bbox 589 5806 1530 5872">
     <span class='ocr_line' id='line_1_91' title="bbox 589 5806 1530 5872; baseline 0.005 -9"><span class='ocrx_word' id='word_1_622' title='bbox 589 5806 618 5847; x_wconf 64' lang='grc' dir='ltr'><strong>δ’</strong></span> <span class='ocrx_word' id='word_1_623' title='bbox 648 5810 824 5866; x_wconf 77' lang='lat' dir='ltr'><strong>Codex</strong></span> <span class='ocrx_word' id='word_1_624' title='bbox 860 5806 1212 5871; x_wconf 56' lang='lat' dir='ltr'><strong>Arvernensis</strong></span> <span class='ocrx_word' id='word_1_625' title='bbox 1259 5819 1530 5872; x_wconf 79' lang='lat' dir='ltr'><strong>roboravit.</strong></span> 
     </span>
    </p>
   </div>
   <div class='ocr_carea' id='block_1_92' title="bbox 2205 3269 3819 3340">
    <p class='ocr_par' dir='ltr' id='par_1_92' title="bbox 2205 3269 3819 3340">
     <span class='ocr_line' id='line_1_92' title="bbox 2205 3269 3819 3340; baseline -0.001 -12"><span class='ocrx_word' id='word_1_626' title='bbox 2205 3286 2360 3328; x_wconf 90' lang='lat' dir='ltr'><strong>error</strong></span> <span class='ocrx_word' id='word_1_627' title='bbox 2379 3271 2610 3327; x_wconf 85' lang='lat' dir='ltr'><strong>Nestorii</strong></span> <span class='ocrx_word' id='word_1_628' title='bbox 2637 3271 2803 3325; x_wconf 89' lang='lat' dir='ltr'><strong>latere</strong></span> <span class='ocrx_word' id='word_1_629' title='bbox 2847 3277 3065 3340; x_wconf 86' lang='lat' dir='ltr'><strong>putatur</strong></span> <span class='ocrx_word' id='word_1_630' title='bbox 3094 3271 3148 3324; x_wconf 92' lang='lat' dir='ltr'><strong>in</strong></span> <span class='ocrx_word' id='word_1_631' title='bbox 3180 3271 3281 3324; x_wconf 88' lang='lat' dir='ltr'><strong>bac</strong></span> <span class='ocrx_word' id='word_1_632' title='bbox 3309 3269 3537 3339; x_wconf 88' lang='lat' dir='ltr'><strong>epistola</strong></span> <span class='ocrx_word' id='word_1_633' title='bbox 3584 3285 3819 3326; x_wconf 82' lang='lat' dir='ltr'><strong>venera-</strong></span> 
     </span>
    </p>
   </div>
   <div class='ocr_carea' id='block_1_93' title="bbox 2204 3361 3824 3434">
    <p class='ocr_par' dir='ltr' id='par_1_93' title="bbox 2204 3361 3824 3434">
     <span class='ocr_line' id='line_1_93' title="bbox 2204 3361 3824 3434; baseline 0.001 -16"><span class='ocrx_word' id='word_1_634' title='bbox 2204 3363 2327 3418; x_wconf 89' lang='lat' dir='ltr'><strong>bilis</strong></span> <span class='ocrx_word' id='word_1_635' title='bbox 2363 3363 2468 3418; x_wconf 70' lang='lat' dir='ltr'><strong>lbas</strong></span> <span class='ocrx_word' id='word_1_636' title='bbox 2496 3361 2776 3432; x_wconf 88' lang='lat' dir='ltr'><strong>episcopi,</strong></span> <span class='ocrx_word' id='word_1_637' title='bbox 2807 3376 2969 3432; x_wconf 90' lang='lat' dir='ltr'><strong>quam</strong></span> <span class='ocrx_word' id='word_1_638' title='bbox 3017 3361 3208 3416; x_wconf 87' lang='lat' dir='ltr'><strong>Patres</strong></span> <span class='ocrx_word' id='word_1_639' title='bbox 3263 3370 3607 3431; x_wconf 88' lang='lat' dir='ltr'><strong>receperunt,</strong></span> <span class='ocrx_word' id='word_1_640' title='bbox 3633 3378 3824 3434; x_wconf 86' lang='lat' dir='ltr'><strong>neque</strong></span> 
     </span>
    </p>
   </div>
   <div class='ocr_carea' id='block_1_94' title="bbox 2203 3457 3819 3529">
    <p class='ocr_par' dir='ltr' id='par_1_94' title="bbox 2203 3457 3819 3529">
     <span class='ocr_line' id='line_1_94' title="bbox 2203 3457 3819 3529; baseline 0.001 -15"><span class='ocrx_word' id='word_1_641' title='bbox 2203 3458 2414 3529; x_wconf 89' lang='lat' dir='ltr'><strong>magnis</strong></span> <span class='ocrx_word' id='word_1_642' title='bbox 2435 3472 2612 3527; x_wconf 88' lang='lat' dir='ltr'><strong>neque</strong></span> <span class='ocrx_word' id='word_1_643' title='bbox 2643 3457 2885 3527; x_wconf 90' lang='lat' dir='ltr'><strong>parvulis</strong></span> <span class='ocrx_word' id='word_1_644' title='bbox 2925 3466 3086 3513; x_wconf 90' lang='lat' dir='ltr'><strong>nocet</strong></span> <span class='ocrx_word' id='word_1_645' title='bbox 3117 3475 3130 3512; x_wconf 91' lang='lat'>:</span> <span class='ocrx_word' id='word_1_646' title='bbox 3160 3472 3314 3514; x_wconf 90' lang='lat' dir='ltr'><strong>error</strong></span> <span class='ocrx_word' id='word_1_647' title='bbox 3344 3462 3542 3528; x_wconf 88' lang='lat' dir='ltr'><strong>quippe</strong></span> <span class='ocrx_word' id='word_1_648' title='bbox 3571 3457 3819 3516; x_wconf 81' lang='lat' dir='ltr'><strong>Nestorii</strong></span> 
     </span>
    </p>
   </div>
   <div class='ocr_carea' id='block_1_95' title="bbox 2202 3549 3820 3622">
    <p class='ocr_par' dir='ltr' id='par_1_95' title="bbox 2202 3549 3820 3622">
     <span class='ocr_line' id='line_1_95' title="bbox 2202 3549 3820 3622; baseline 0.001 -15"><span class='ocrx_word' id='word_1_649' title='bbox 2202 3552 2419 3622; x_wconf 88' lang='lat' dir='ltr'><strong>publice</strong></span> <span class='ocrx_word' id='word_1_650' title='bbox 2449 3551 2735 3606; x_wconf 88' lang='lat' dir='ltr'><strong>damnatus</strong></span> <span class='ocrx_word' id='word_1_651' title='bbox 2777 3558 2864 3605; x_wconf 90' lang='lat' dir='ltr'><strong>est</strong></span> <span class='ocrx_word' id='word_1_652' title='bbox 2913 3551 2966 3604; x_wconf 92' lang='lat' dir='ltr'><strong>in</strong></span> <span class='ocrx_word' id='word_1_653' title='bbox 3006 3549 3435 3606; x_wconf 84' lang='lat' dir='ltr'><strong>Cltalcedonensi</strong></span> <span class='ocrx_word' id='word_1_654' title='bbox 3463 3552 3719 3606; x_wconf 91' lang='lat' dir='ltr'><strong>concilio.</strong></span> <span class='ocrx_word' id='word_1_655' title='bbox 3753 3553 3820 3608; x_wconf 89' lang='lat' dir='ltr'><strong>Si</strong></span> 
     </span>
    </p>
   </div>
   <div class='ocr_carea' id='block_1_96' title="bbox 2203 3641 3820 3716">
    <p class='ocr_par' dir='ltr' id='par_1_96' title="bbox 2203 3641 3820 3716">
     <span class='ocr_line' id='line_1_96' title="bbox 2203 3641 3820 3716; baseline -0.001 -16"><span class='ocrx_word' id='word_1_656' title='bbox 2203 3644 2526 3716; x_wconf 88' lang='lat' dir='ltr'><strong>vituperatio</strong></span> <span class='ocrx_word' id='word_1_657' title='bbox 2547 3643 2903 3700; x_wconf 67' lang='lat' dir='ltr'><strong>sanctissimas</strong></span> <span class='ocrx_word' id='word_1_658' title='bbox 2931 3643 3321 3698; x_wconf 78' lang='lat' dir='ltr'><strong>recordationis</strong></span> <span class='ocrx_word' id='word_1_659' title='bbox 3351 3641 3541 3714; x_wconf 89' lang='lat' dir='ltr'><strong>Cyrilli</strong></span> <span class='ocrx_word' id='word_1_660' title='bbox 3575 3644 3820 3698; x_wconf 87' lang='lat' dir='ltr'><strong>scanda-</strong></span> 
     </span>
    </p>
   </div>
   <div class='ocr_carea' id='block_1_97' title="bbox 2206 3734 3820 3806">
    <p class='ocr_par' dir='ltr' id='par_1_97' title="bbox 2206 3734 3820 3806">
     <span class='ocr_line' id='line_1_97' title="bbox 2206 3734 3820 3806; baseline -0.001 -13"><span class='ocrx_word' id='word_1_661' title='bbox 2206 3739 2316 3793; x_wconf 94' lang='lat' dir='ltr'><strong>lum</strong></span> <span class='ocrx_word' id='word_1_662' title='bbox 2342 3747 2543 3805; x_wconf 89' lang='lat' dir='ltr'><strong>movet,</strong></span> <span class='ocrx_word' id='word_1_663' title='bbox 2578 3744 2640 3790; x_wconf 91' lang='lat' dir='ltr'><strong>ut</strong></span> <span class='ocrx_word' id='word_1_664' title='bbox 2667 3734 2955 3806; x_wconf 89' lang='lat' dir='ltr'><strong>abjiciatur</strong></span> <span class='ocrx_word' id='word_1_665' title='bbox 2975 3734 3203 3805; x_wconf 89' lang='lat' dir='ltr'><strong>epistola</strong></span> <span class='ocrx_word' id='word_1_666' title='bbox 3246 3749 3405 3804; x_wconf 90' lang='lat' dir='ltr'><strong>quam</strong></span> <span class='ocrx_word' id='word_1_667' title='bbox 3435 3735 3626 3792; x_wconf 85' lang='lat' dir='ltr'><strong>Patres</strong></span> <span class='ocrx_word' id='word_1_668' title='bbox 3657 3752 3820 3792; x_wconf 79' lang='lat' dir='ltr'><strong>recc-</strong></span> 
     </span>
    </p>
   </div>
   <div class='ocr_carea' id='block_1_98' title="bbox 2206 3826 3822 3900">
    <p class='ocr_par' dir='ltr' id='par_1_98' title="bbox 2206 3826 3822 3900">
     <span class='ocr_line' id='line_1_98' title="bbox 2206 3826 3822 3900; baseline -0.001 -14"><span class='ocrx_word' id='word_1_669' title='bbox 2206 3838 2422 3900; x_wconf 88' lang='lat' dir='ltr'><strong>perunt,</strong></span> <span class='ocrx_word' id='word_1_670' title='bbox 2451 3828 2700 3884; x_wconf 84' lang='lat' dir='ltr'><strong>laudatus</strong></span> <span class='ocrx_word' id='word_1_671' title='bbox 2719 3836 2799 3882; x_wconf 84' lang='lat' dir='ltr'><strong>est</strong></span> <span class='ocrx_word' id='word_1_672' title='bbox 2823 3827 2915 3894; x_wconf 89' lang='lat' dir='ltr'><strong>ibi,</strong></span> <span class='ocrx_word' id='word_1_673' title='bbox 2938 3827 3272 3896; x_wconf 90' lang='lat' dir='ltr'><strong>multumque</strong></span> <span class='ocrx_word' id='word_1_674' title='bbox 3294 3826 3572 3892; x_wconf 87' lang='lat' dir='ltr'><strong>laudatus;</strong></span> <span class='ocrx_word' id='word_1_675' title='bbox 3596 3827 3822 3898; x_wconf 85' lang='lat' dir='ltr'><strong>quando</strong></span> 
     </span>
    </p>
   </div>
   <div class='ocr_carea' id='block_1_99' title="bbox 2203 3918 3820 3990">
    <p class='ocr_par' dir='ltr' id='par_1_99' title="bbox 2203 3918 3820 3990">
     <span class='ocr_line' id='line_1_99' title="bbox 2203 3918 3820 3990; baseline -0.001 -14"><span class='ocrx_word' id='word_1_676' title='bbox 2203 3921 2322 3990; x_wconf 91' lang='lat' dir='ltr'><strong>ejus</strong></span> <span class='ocrx_word' id='word_1_677' title='bbox 2349 3921 2614 3975; x_wconf 89' lang='lat' dir='ltr'><strong>dictorum</strong></span> <span class='ocrx_word' id='word_1_678' title='bbox 2647 3932 2868 3975; x_wconf 91' lang='lat' dir='ltr'><strong>suorum</strong></span> <span class='ocrx_word' id='word_1_679' title='bbox 2900 3919 3278 3987; x_wconf 88' lang='lat' dir='ltr'><strong>interpretatio</strong></span> <span class='ocrx_word' id='word_1_680' title='bbox 3308 3919 3603 3972; x_wconf 84' lang='lat' dir='ltr'><strong>removisse</strong></span> <span class='ocrx_word' id='word_1_681' title='bbox 3633 3918 3820 3975; x_wconf 81' lang='lat' dir='ltr'><strong>firma-</strong></span> 
     </span>
    </p>
   </div>
   <div class='ocr_carea' id='block_1_100' title="bbox 2207 4010 3822 4082">
    <p class='ocr_par' dir='ltr' id='par_1_100' title="bbox 2207 4010 3822 4082">
     <span class='ocr_line' id='line_1_100' title="bbox 2207 4010 3822 4082; baseline -0.001 -13"><span class='ocrx_word' id='word_1_682' title='bbox 2207 4027 2292 4069; x_wconf 94' lang='lat' dir='ltr'><strong>tur</strong></span> <span class='ocrx_word' id='word_1_683' title='bbox 2311 4012 2548 4068; x_wconf 75' lang='lat' dir='ltr'><strong>sinistrze</strong></span> <span class='ocrx_word' id='word_1_684' title='bbox 2573 4011 2896 4082; x_wconf 90' lang='lat' dir='ltr'><strong>suspicionis</strong></span> <span class='ocrx_word' id='word_1_685' title='bbox 2917 4010 3292 4080; x_wconf 76' lang='lat' dir='ltr'><strong>offensionem,</strong></span> <span class='ocrx_word' id='word_1_686' title='bbox 3309 4011 3672 4066; x_wconf 88' lang='lat' dir='ltr'><strong>reconciliatis</strong></span> <span class='ocrx_word' id='word_1_687' title='bbox 3696 4013 3822 4080; x_wconf 90' lang='lat' dir='ltr'><strong>paci</strong></span> 
     </span>
    </p>
   </div>
   <div class='ocr_carea' id='block_1_101' title="bbox 2204 4102 3821 4177">
    <p class='ocr_par' dir='ltr' id='par_1_101' title="bbox 2204 4102 3821 4177">
     <span class='ocr_line' id='line_1_101' title="bbox 2204 4102 3821 4177; baseline -0.001 -16"><span class='ocrx_word' id='word_1_688' title='bbox 2204 4106 2322 4177; x_wconf 85' lang='lat' dir='ltr'><strong>ejus</strong></span> <span class='ocrx_word' id='word_1_689' title='bbox 2355 4103 2721 4160; x_wconf 88' lang='lat' dir='ltr'><strong>Orientalibus</strong></span> <span class='ocrx_word' id='word_1_690' title='bbox 2753 4102 3022 4173; x_wconf 88' lang='lat' dir='ltr'><strong>episcopis</strong></span> <span class='ocrx_word' id='word_1_691' title='bbox 3049 4119 3062 4155; x_wconf 88' lang='lat'><strong>:</strong></span> <span class='ocrx_word' id='word_1_692' title='bbox 3094 4102 3151 4156; x_wconf 91' lang='lat' dir='ltr'><strong>in</strong></span> <span class='ocrx_word' id='word_1_693' title='bbox 3181 4117 3283 4171; x_wconf 88' lang='lat' dir='ltr'><strong>qua</strong></span> <span class='ocrx_word' id='word_1_694' title='bbox 3315 4117 3447 4172; x_wconf 89' lang='lat' dir='ltr'><strong>pace</strong></span> <span class='ocrx_word' id='word_1_695' title='bbox 3489 4117 3686 4159; x_wconf 89' lang='lat' dir='ltr'><strong>omnes</strong></span> <span class='ocrx_word' id='word_1_696' title='bbox 3713 4106 3821 4160; x_wconf 85' lang='lat' dir='ltr'><strong>sibi</strong></span> 
     </span>
    </p>
   </div>
   <div class='ocr_carea' id='block_1_102' title="bbox 2204 4193 3821 4265">
    <p class='ocr_par' dir='ltr' id='par_1_102' title="bbox 2204 4193 3821 4265">
     <span class='ocr_line' id='line_1_102' title="bbox 2204 4193 3821 4265; baseline 0 -13"><span class='ocrx_word' id='word_1_697' title='bbox 2204 4197 2663 4252; x_wconf 88' lang='lat' dir='ltr'><strong>communicantes</strong></span> <span class='ocrx_word' id='word_1_698' title='bbox 2686 4195 2886 4264; x_wconf 90' lang='lat' dir='ltr'><strong>pariter</strong></span> <span class='ocrx_word' id='word_1_699' title='bbox 2909 4193 3269 4258; x_wconf 91' lang='lat' dir='ltr'><strong>dormierunt,</strong></span> <span class='ocrx_word' id='word_1_700' title='bbox 3293 4203 3348 4248; x_wconf 88' lang='lat' dir='ltr'><strong>et</strong></span> <span class='ocrx_word' id='word_1_701' title='bbox 3370 4194 3506 4249; x_wconf 87' lang='lat' dir='ltr'><strong>hanc</strong></span> <span class='ocrx_word' id='word_1_702' title='bbox 3524 4196 3821 4265; x_wconf 85' lang='lat' dir='ltr'><strong>epistolam</strong></span> 
     </span>
    </p>
   </div>
   <div class='ocr_carea' id='block_1_103' title="bbox 2204 4285 3819 4356">
    <p class='ocr_par' dir='ltr' id='par_1_103' title="bbox 2204 4285 3819 4356">
     <span class='ocr_line' id='line_1_103' title="bbox 2204 4285 3819 4356; baseline 0 -12"><span class='ocrx_word' id='word_1_703' title='bbox 2204 4290 2332 4345; x_wconf 90' lang='lat' dir='ltr'><strong>talia</strong></span> <span class='ocrx_word' id='word_1_704' title='bbox 2362 4287 2689 4343; x_wconf 87' lang='lat' dir='ltr'><strong>referentem</strong></span> <span class='ocrx_word' id='word_1_705' title='bbox 2736 4301 2804 4341; x_wconf 88' lang='lat' dir='ltr'><strong>ne</strong></span> <span class='ocrx_word' id='word_1_706' title='bbox 2851 4286 3044 4341; x_wconf 86' lang='lat' dir='ltr'><strong>leviter</strong></span> <span class='ocrx_word' id='word_1_707' title='bbox 3088 4285 3409 4356; x_wconf 89' lang='lat' dir='ltr'><strong>culpandam</strong></span> <span class='ocrx_word' id='word_1_708' title='bbox 3445 4297 3468 4324; x_wconf 78' lang='grc'><strong><em>⁸</em></strong></span> <span class='ocrx_word' id='word_1_709' title='bbox 3499 4302 3622 4342; x_wconf 89' lang='lat' dir='ltr'><strong>esse</strong></span> <span class='ocrx_word' id='word_1_710' title='bbox 3652 4289 3819 4345; x_wconf 80' lang='lat' dir='ltr'><strong>dixe-</strong></span> 
     </span>
    </p>
   </div>
   <div class='ocr_carea' id='block_1_104' title="bbox 2202 4379 3811 4450">
    <p class='ocr_par' dir='ltr' id='par_1_104' title="bbox 2202 4379 3811 4450">
     <span class='ocr_line' id='line_1_104' title="bbox 2202 4379 3811 4450; baseline -0.001 -11"><span class='ocrx_word' id='word_1_711' title='bbox 2202 4391 2350 4439; x_wconf 87' lang='lat' dir='ltr'><strong>runt.</strong></span> <span class='ocrx_word' id='word_1_712' title='bbox 2384 4382 2571 4436; x_wconf 82' lang='lat' dir='ltr'><strong>Merito</strong></span> <span class='ocrx_word' id='word_1_713' title='bbox 2600 4395 2727 4435; x_wconf 84' lang='lat' dir='ltr'><strong>tunc</strong></span> <span class='ocrx_word' id='word_1_714' title='bbox 2758 4393 3022 4450; x_wconf 70' lang='lat' dir='ltr'><strong>prmente</strong></span> <span class='ocrx_word' id='word_1_715' title='bbox 3054 4379 3322 4433; x_wconf 78' lang='lat' dir='ltr'><strong>Marciano</strong></span> <span class='ocrx_word' id='word_1_716' title='bbox 3353 4379 3686 4449; x_wconf 89' lang='lat' dir='ltr'><strong>imperatore</strong></span> <span class='ocrx_word' id='word_1_717' title='bbox 3715 4399 3811 4438; x_wconf 88' lang='lat' dir='ltr'><strong>re-</strong></span> 
     </span>
    </p>
   </div>
   <div class='ocr_carea' id='block_1_105' title="bbox 2204 4471 3823 4547">
    <p class='ocr_par' dir='ltr' id='par_1_105' title="bbox 2204 4471 3823 4547">
     <span class='ocr_line' id='line_1_105' title="bbox 2204 4471 3823 4547; baseline -0.001 -16"><span class='ocrx_word' id='word_1_718' title='bbox 2204 4477 2416 4547; x_wconf 91' lang='lat' dir='ltr'><strong>ligioso,</strong></span> <span class='ocrx_word' id='word_1_719' title='bbox 2449 4472 2762 4529; x_wconf 90' lang='lat' dir='ltr'><strong>sacerdotes</strong></span> <span class='ocrx_word' id='word_1_720' title='bbox 2791 4485 2980 4526; x_wconf 90' lang='lat' dir='ltr'><strong>omnes</strong></span> <span class='ocrx_word' id='word_1_721' title='bbox 3003 4472 3096 4540; x_wconf 89' lang='lat' dir='ltr'><strong>qui</strong></span> <span class='ocrx_word' id='word_1_722' title='bbox 3121 4471 3407 4525; x_wconf 90' lang='lat' dir='ltr'><strong>concilium</strong></span> <span class='ocrx_word' id='word_1_723' title='bbox 3440 4473 3590 4542; x_wconf 92' lang='lat' dir='ltr'><strong>pacis</strong></span> <span class='ocrx_word' id='word_1_724' title='bbox 3615 4475 3823 4529; x_wconf 85' lang='lat' dir='ltr'><strong>menti-</strong></span> 
     </span>
    </p>
   </div>
   <div class='ocr_carea' id='block_1_106' title="bbox 474 4551 3824 4639">
    <p class='ocr_par' dir='ltr' id='par_1_106' title="bbox 474 4551 3824 4639">
     <span class='ocr_line' id='line_1_106' title="bbox 474 4551 3824 4639; baseline 0.002 -26"><span class='ocrx_word' id='word_1_725' title='bbox 474 4551 793 4639; x_wconf 56' lang='lat' dir='ltr'><strong>finefl‘abilis</strong></span> <span class='ocrx_word' id='word_1_726' title='bbox 819 4569 873 4614; x_wconf 89' lang='lat' dir='ltr'><strong>et</strong></span> <span class='ocrx_word' id='word_1_727' title='bbox 910 4572 1116 4616; x_wconf 85' lang='lat' dir='ltr'><strong>secreta</strong></span> <span class='ocrx_word' id='word_1_728' title='bbox 1170 4565 1432 4632; x_wconf 90' lang='lat' dir='ltr'><strong>potentia.</strong></span> <span class='ocrx_word' id='word_1_729' title='bbox 1485 4564 1665 4628; x_wconf 90' lang='lat' dir='ltr'><strong>Quare</strong></span> <span class='ocrx_word' id='word_1_730' title='bbox 1710 4571 1788 4618; x_wconf 88' lang='lat' dir='ltr'><strong>tot</strong></span> <span class='ocrx_word' id='word_1_731' title='bbox 1832 4565 2098 4633; x_wconf 85' lang='lat' dir='ltr'><strong>justorum</strong></span> <span class='ocrx_word' id='word_1_732' title='bbox 2126 4576 2180 4637; x_wconf 82' lang='lat' dir='ltr'><strong>D</strong></span> <span class='ocrx_word' id='word_1_733' title='bbox 2205 4569 2305 4625; x_wconf 86' lang='lat' dir='ltr'><strong>bus</strong></span> <span class='ocrx_word' id='word_1_734' title='bbox 2335 4565 2573 4639; x_wconf 83' lang='lat' dir='ltr'><strong>pacificis</strong></span> <span class='ocrx_word' id='word_1_735' title='bbox 2625 4566 2935 4621; x_wconf 88' lang='lat' dir='ltr'><strong>inchoatum</strong></span> <span class='ocrx_word' id='word_1_736' title='bbox 2975 4563 3379 4620; x_wconf 88' lang='lat' dir='ltr'><strong>definitionibus</strong></span> <span class='ocrx_word' id='word_1_737' title='bbox 3421 4551 3824 4623; x_wconf 74' lang='lat' dir='ltr'><strong>ecclesiastica:</strong></span> 
     </span>
    </p>
   </div>
   <div class='ocr_carea' id='block_1_107' title="bbox 2211 4657 3820 4733">
    <p class='ocr_par' dir='ltr' id='par_1_107' title="bbox 2211 4657 3820 4733">
     <span class='ocr_line' id='line_1_107' title="bbox 2211 4657 3820 4733; baseline 0 -17"><span class='ocrx_word' id='word_1_738' title='bbox 2211 4665 2357 4733; x_wconf 90' lang='lat' dir='ltr'><strong>pacis</strong></span> <span class='ocrx_word' id='word_1_739' title='bbox 2387 4659 2834 4716; x_wconf 86' lang='lat' dir='ltr'><strong>convenientibus</strong></span> <span class='ocrx_word' id='word_1_740' title='bbox 2877 4659 3158 4725; x_wconf 88' lang='lat' dir='ltr'><strong>finierunt,</strong></span> <span class='ocrx_word' id='word_1_741' title='bbox 3195 4658 3246 4712; x_wconf 90' lang='lat' dir='ltr'><strong>in</strong></span> <span class='ocrx_word' id='word_1_742' title='bbox 3275 4673 3406 4728; x_wconf 89' lang='lat' dir='ltr'><strong>pace</strong></span> <span class='ocrx_word' id='word_1_743' title='bbox 3431 4657 3670 4714; x_wconf 88' lang='lat' dir='ltr'><strong>fraterna</strong></span> <span class='ocrx_word' id='word_1_744' title='bbox 3719 4675 3820 4716; x_wconf 88' lang='lat' dir='ltr'><strong>re-</strong></span> 
     </span>
    </p>
   </div>
   <div class='ocr_carea' id='block_1_108' title="bbox 2209 4749 3824 4820">
    <p class='ocr_par' dir='ltr' id='par_1_108' title="bbox 2209 4749 3824 4820">
     <span class='ocr_line' id='line_1_108' title="bbox 2209 4749 3824 4820; baseline -0.002 -12"><span class='ocrx_word' id='word_1_745' title='bbox 2209 4753 2424 4810; x_wconf 92' lang='lat' dir='ltr'><strong>dierunt</strong></span> <span class='ocrx_word' id='word_1_746' title='bbox 2455 4751 2522 4806; x_wconf 92' lang='lat' dir='ltr'><strong>ad</strong></span> <span class='ocrx_word' id='word_1_747' title='bbox 2551 4764 2770 4806; x_wconf 89' lang='lat' dir='ltr'><strong>suarum</strong></span> <span class='ocrx_word' id='word_1_748' title='bbox 2814 4749 3049 4820; x_wconf 88' lang='lat' dir='ltr'><strong>plebium</strong></span> <span class='ocrx_word' id='word_1_749' title='bbox 3082 4749 3222 4816; x_wconf 91' lang='lat' dir='ltr'><strong>loca,</strong></span> <span class='ocrx_word' id='word_1_750' title='bbox 3249 4750 3367 4805; x_wconf 88' lang='lat' dir='ltr'><strong>sine</strong></span> <span class='ocrx_word' id='word_1_751' title='bbox 3395 4749 3550 4816; x_wconf 90' lang='lat' dir='ltr'><strong>odio,</strong></span> <span class='ocrx_word' id='word_1_752' title='bbox 3578 4749 3699 4805; x_wconf 87' lang='lat' dir='ltr'><strong>sine</strong></span> <span class='ocrx_word' id='word_1_753' title='bbox 3728 4751 3824 4806; x_wconf 87' lang='lat' dir='ltr'><strong>in-</strong></span> 
     </span>
    </p>
   </div>
   <div class='ocr_carea' id='block_1_109' title="bbox 2209 4845 3821 4916">
    <p class='ocr_par' dir='ltr' id='par_1_109' title="bbox 2209 4845 3821 4916">
     <span class='ocr_line' id='line_1_109' title="bbox 2209 4845 3821 4916; baseline -0.001 -11"><span class='ocrx_word' id='word_1_754' title='bbox 2209 4851 2375 4916; x_wconf 83' lang='lat' dir='ltr'><strong>vidia,</strong></span> <span class='ocrx_word' id='word_1_755' title='bbox 2420 4850 2538 4904; x_wconf 89' lang='lat' dir='ltr'><strong>sine</strong></span> <span class='ocrx_word' id='word_1_756' title='bbox 2578 4849 2945 4912; x_wconf 90' lang='lat' dir='ltr'><strong>contentione,</strong></span> <span class='ocrx_word' id='word_1_757' title='bbox 2975 4845 3295 4912; x_wconf 85' lang='lat' dir='ltr'><strong>concordes,</strong></span> <span class='ocrx_word' id='word_1_758' title='bbox 3325 4847 3631 4912; x_wconf 90' lang='lat' dir='ltr'><strong>unanimes,</strong></span> <span class='ocrx_word' id='word_1_759' title='bbox 3660 4860 3821 4904; x_wconf 87' lang='lat' dir='ltr'><strong>com-</strong></span> 
     </span>
    </p>
   </div>
   <div class='ocr_carea' id='block_1_110' title="bbox 2212 4939 3825 5010">
    <p class='ocr_par' dir='ltr' id='par_1_110' title="bbox 2212 4939 3825 5010">
     <span class='ocr_line' id='line_1_110' title="bbox 2212 4939 3825 5010; baseline 0 -12"><span class='ocrx_word' id='word_1_760' title='bbox 2212 4959 2375 4998; x_wconf 94' lang='lat' dir='ltr'><strong>mune</strong></span> <span class='ocrx_word' id='word_1_761' title='bbox 2425 4942 2795 4997; x_wconf 90' lang='lat' dir='ltr'><strong>testimonium</strong></span> <span class='ocrx_word' id='word_1_762' title='bbox 2848 4941 3219 5010; x_wconf 90' lang='lat' dir='ltr'><strong>perltibentes.</strong></span> <span class='ocrx_word' id='word_1_763' title='bbox 3263 4940 3340 4994; x_wconf 89' lang='lat' dir='ltr'><strong>lbi</strong></span> <span class='ocrx_word' id='word_1_764' title='bbox 3370 4939 3470 4994; x_wconf 87' lang='lat' dir='ltr'><strong>fuit</strong></span> <span class='ocrx_word' id='word_1_765' title='bbox 3516 4941 3569 4995; x_wconf 93' lang='lat' dir='ltr'><strong>in</strong></span> <span class='ocrx_word' id='word_1_766' title='bbox 3619 4941 3825 5010; x_wconf 84' lang='lat' dir='ltr'><strong>legatis</strong></span> 
     </span>
    </p>
   </div>
   <div class='ocr_carea' id='block_1_111' title="bbox 2212 5031 3826 5104">
    <p class='ocr_par' dir='ltr' id='par_1_111' title="bbox 2212 5031 3826 5104">
     <span class='ocr_line' id='line_1_111' title="bbox 2212 5031 3826 5104; baseline 0 -12"><span class='ocrx_word' id='word_1_767' title='bbox 2212 5039 2323 5092; x_wconf 88' lang='lat' dir='ltr'><strong>suis</strong></span> <span class='ocrx_word' id='word_1_768' title='bbox 2372 5035 2529 5091; x_wconf 79' lang='lat' dir='ltr'><strong>sedes</strong></span> <span class='ocrx_word' id='word_1_769' title='bbox 2559 5035 2886 5104; x_wconf 89' lang='lat' dir='ltr'><strong>apostolica,</strong></span> <span class='ocrx_word' id='word_1_770' title='bbox 2919 5035 3205 5104; x_wconf 86' lang='lat' dir='ltr'><strong>primatum</strong></span> <span class='ocrx_word' id='word_1_771' title='bbox 3249 5041 3440 5088; x_wconf 91' lang='lat' dir='ltr'><strong>tenens</strong></span> <span class='ocrx_word' id='word_1_772' title='bbox 3489 5031 3826 5092; x_wconf 83' lang='lat' dir='ltr'><strong>universalis</strong></span> 
     </span>
    </p>
   </div>
   <div class='ocr_carea' id='block_1_112' title="bbox 2213 5125 3824 5195">
    <p class='ocr_par' dir='ltr' id='par_1_112' title="bbox 2213 5125 3824 5195">
     <span class='ocr_line' id='line_1_112' title="bbox 2213 5125 3824 5195; baseline -0.004 -8"><span class='ocrx_word' id='word_1_773' title='bbox 2213 5129 2502 5195; x_wconf 65' lang='lat' dir='ltr'><strong>Ecclesiae;</strong></span> <span class='ocrx_word' id='word_1_774' title='bbox 2527 5128 2600 5183; x_wconf 90' lang='lat' dir='ltr'><strong>ibi</strong></span> <span class='ocrx_word' id='word_1_775' title='bbox 2622 5127 2849 5182; x_wconf 88' lang='lat' dir='ltr'><strong>aliarum</strong></span> <span class='ocrx_word' id='word_1_776' title='bbox 2869 5126 3253 5182; x_wconf 87' lang='lat' dir='ltr'><strong>venerabilium</strong></span> <span class='ocrx_word' id='word_1_777' title='bbox 3271 5125 3477 5181; x_wconf 90' lang='lat' dir='ltr'><strong>sedium</strong></span> <span class='ocrx_word' id='word_1_778' title='bbox 3501 5126 3824 5195; x_wconf 85' lang='lat' dir='ltr'><strong>pontiﬁces,</strong></span> 
     </span>
    </p>
   </div>
   <div class='ocr_carea' id='block_1_113' title="bbox 2213 5218 3823 5290">
    <p class='ocr_par' dir='ltr' id='par_1_113' title="bbox 2213 5218 3823 5290">
     <span class='ocr_line' id='line_1_113' title="bbox 2213 5218 3823 5290; baseline -0.001 -13"><span class='ocrx_word' id='word_1_779' title='bbox 2213 5223 2378 5278; x_wconf 91' lang='lat' dir='ltr'><strong>astuti</strong></span> <span class='ocrx_word' id='word_1_780' title='bbox 2421 5230 2480 5277; x_wconf 86' lang='lat' dir='ltr'><strong>ut</strong></span> <span class='ocrx_word' id='word_1_781' title='bbox 2523 5229 2845 5290; x_wconf 88' lang='lat' dir='ltr'><strong>serpentes,</strong></span> <span class='ocrx_word' id='word_1_782' title='bbox 2885 5219 3156 5288; x_wconf 87' lang='lat' dir='ltr'><strong>simplices</strong></span> <span class='ocrx_word' id='word_1_783' title='bbox 3183 5229 3243 5274; x_wconf 93' lang='lat' dir='ltr'><strong>ut</strong></span> <span class='ocrx_word' id='word_1_784' title='bbox 3295 5219 3591 5284; x_wconf 71' lang='lat' dir='ltr'><strong>columbae;</strong></span> <span class='ocrx_word' id='word_1_785' title='bbox 3632 5218 3706 5274; x_wconf 90' lang='lat' dir='ltr'><strong>ibi</strong></span> <span class='ocrx_word' id='word_1_786' title='bbox 3737 5236 3823 5276; x_wconf 77' lang='lat' dir='ltr'><strong>ex</strong></span> 
     </span>
    </p>
   </div>
   <div class='ocr_carea' id='block_1_114' title="bbox 2215 5310 3825 5382">
    <p class='ocr_par' dir='ltr' id='par_1_114' title="bbox 2215 5310 3825 5382">
     <span class='ocr_line' id='line_1_114' title="bbox 2215 5310 3825 5382; baseline 0.001 -16"><span class='ocrx_word' id='word_1_787' title='bbox 2215 5313 2514 5370; x_wconf 88' lang='lat' dir='ltr'><strong>minoribus</strong></span> <span class='ocrx_word' id='word_1_788' title='bbox 2536 5311 2846 5368; x_wconf 86' lang='lat' dir='ltr'><strong>civitatibus</strong></span> <span class='ocrx_word' id='word_1_789' title='bbox 2877 5311 3064 5380; x_wconf 86' lang='lat' dir='ltr'><strong>ingens</strong></span> <span class='ocrx_word' id='word_1_790' title='bbox 3113 5310 3271 5365; x_wconf 91' lang='lat' dir='ltr'><strong>turba</strong></span> <span class='ocrx_word' id='word_1_791' title='bbox 3301 5321 3597 5382; x_wconf 84' lang='lat' dir='ltr'><strong>pastorum,</strong></span> <span class='ocrx_word' id='word_1_792' title='bbox 3631 5311 3825 5368; x_wconf 81' lang='lat' dir='ltr'><strong>domi-</strong></span> 
     </span>
    </p>
   </div>
   <div class='ocr_carea' id='block_1_115' title="bbox 2217 5402 3825 5474">
    <p class='ocr_par' dir='ltr' id='par_1_115' title="bbox 2217 5402 3825 5474">
     <span class='ocr_line' id='line_1_115' title="bbox 2217 5402 3825 5474; baseline 0.002 -16"><span class='ocrx_word' id='word_1_793' title='bbox 2217 5405 2322 5458; x_wconf 91' lang='lat' dir='ltr'><strong>nici</strong></span> <span class='ocrx_word' id='word_1_794' title='bbox 2371 5404 2549 5474; x_wconf 82' lang='lat' dir='ltr'><strong>gregis</strong></span> <span class='ocrx_word' id='word_1_795' title='bbox 2568 5403 2754 5458; x_wconf 91' lang='lat' dir='ltr'><strong>caulas</strong></span> <span class='ocrx_word' id='word_1_796' title='bbox 2775 5402 3036 5473; x_wconf 85' lang='lat' dir='ltr'><strong>pastorali</strong></span> <span class='ocrx_word' id='word_1_797' title='bbox 3089 5402 3455 5458; x_wconf 87' lang='lat' dir='ltr'><strong>sollicitudine</strong></span> <span class='ocrx_word' id='word_1_798' title='bbox 3499 5403 3825 5474; x_wconf 83' lang='lat' dir='ltr'><strong>gubernan-</strong></span> 
     </span>
    </p>
   </div>
   <div class='ocr_carea' id='block_1_116' title="bbox 2217 5494 3825 5566">
    <p class='ocr_par' dir='ltr' id='par_1_116' title="bbox 2217 5494 3825 5566">
     <span class='ocr_line' id='line_1_116' title="bbox 2217 5494 3825 5566; baseline 0.002 -16"><span class='ocrx_word' id='word_1_799' title='bbox 2217 5498 2369 5551; x_wconf 90' lang='lat' dir='ltr'><strong>tium.</strong></span> <span class='ocrx_word' id='word_1_800' title='bbox 2397 5495 2566 5552; x_wconf 87' lang='lat' dir='ltr'><strong>Nemo</strong></span> <span class='ocrx_word' id='word_1_801' title='bbox 2593 5495 2666 5551; x_wconf 86' lang='lat' dir='ltr'><strong>ibi</strong></span> <span class='ocrx_word' id='word_1_802' title='bbox 2696 5495 2969 5550; x_wconf 81' lang='lat' dir='ltr'><strong>damnavit</strong></span> <span class='ocrx_word' id='word_1_803' title='bbox 2990 5494 3222 5564; x_wconf 83' lang='lat' dir='ltr'><strong>aliquem</strong></span> <span class='ocrx_word' id='word_1_804' title='bbox 3246 5497 3548 5552; x_wconf 82' lang='lat' dir='ltr'><strong>nolentibus</strong></span> <span class='ocrx_word' id='word_1_805' title='bbox 3568 5500 3825 5566; x_wconf 75' lang='lat' dir='ltr'><strong>cmteris,</strong></span> 
     </span>
    </p>
   </div>
   <div class='ocr_carea' id='block_1_117' title="bbox 2215 5589 3830 5659">
    <p class='ocr_par' dir='ltr' id='par_1_117' title="bbox 2215 5589 3830 5659">
     <span class='ocr_line' id='line_1_117' title="bbox 2215 5589 3830 5659; baseline 0.002 -13"><span class='ocrx_word' id='word_1_806' title='bbox 2215 5607 2376 5648; x_wconf 89' lang='lat' dir='ltr'><strong>nemo</strong></span> <span class='ocrx_word' id='word_1_807' title='bbox 2418 5591 2648 5647; x_wconf 90' lang='lat' dir='ltr'><strong>absolvit</strong></span> <span class='ocrx_word' id='word_1_808' title='bbox 2691 5589 3002 5646; x_wconf 88' lang='lat' dir='ltr'><strong>nolentibus</strong></span> <span class='ocrx_word' id='word_1_809' title='bbox 3044 5592 3294 5659; x_wconf 69' lang='lat' dir='ltr'><strong>caeteris;</strong></span> <span class='ocrx_word' id='word_1_810' title='bbox 3321 5606 3511 5650; x_wconf 86' lang='lat' dir='ltr'><strong>omnes</strong></span> <span class='ocrx_word' id='word_1_811' title='bbox 3544 5592 3644 5648; x_wconf 86' lang='lat' dir='ltr'><strong>sibi</strong></span> <span class='ocrx_word' id='word_1_812' title='bbox 3677 5608 3830 5657; x_wconf 73' lang='lat' dir='ltr'><strong>oon-</strong></span> 
     </span>
    </p>
   </div>
   <div class='ocr_carea' id='block_1_118' title="bbox 2289 5747 3208 5822">
    <p class='ocr_par' dir='ltr' id='par_1_118' title="bbox 2289 5747 3208 5822">
     <span class='ocr_line' id='line_1_118' title="bbox 2289 5747 3208 5822; baseline 0.005 -19"><span class='ocrx_word' id='word_1_813' title='bbox 2289 5760 2312 5788; x_wconf 86' lang='grc' dir='ltr'><strong>ο</strong></span> <span class='ocrx_word' id='word_1_814' title='bbox 2347 5747 2530 5821; x_wconf 82' lang='lat' dir='ltr'><strong>Forte,</strong></span> <span class='ocrx_word' id='word_1_815' title='bbox 2559 5765 2624 5805; x_wconf 79' lang='lat' dir='ltr'><strong>ne</strong></span> <span class='ocrx_word' id='word_1_816' title='bbox 2653 5749 2826 5804; x_wconf 68' lang='grc' dir='ltr'><strong>(θυίων</strong></span> <span class='ocrx_word' id='word_1_817' title='bbox 2853 5763 3050 5813; x_wconf 71' lang='lat' dir='ltr'><strong>octoni</strong></span> <span class='ocrx_word' id='word_1_818' title='bbox 3074 5752 3208 5822; x_wconf 84' lang='lat' dir='ltr'><strong>culp.</strong></span> 
     </span>
    </p>
   </div>
  </div>
