4094 6468
250 305 353 361 925

1428 306 1789 365 ΕΡΙΞΤΟΙηΕ
1826 308 1913 365 ΕΤ
1954 308 2335 367 OPUSCULA.

3430 304 3532 360 9‘26

246 421 578 489 sentientes,
610 420 949 478 et-DoctOris
993 421 1230 495 gentium
1280 422 1441 477 verba
1482 423 1711 479 libenter
1738 424 1836 477 im-
1866 423 2028 484 Atur
2059 426 2268 481 irritum
2313 423 2492 479 facere
2536 422 2678 492 quod
2728 436 3087 492 prtecessorcs
3141 436 3270 477 suos
3303 423 3534 493 gessisse

246 516 475 585 plentes,
513 515 832 570 obedierunt
873 515 1067 571 dicenti
1113 515 1212 571 sibi
1250 534 1260 567 :
1297 513 1516 570 Obsecro
1561 532 1671 579 vos,
1725 519 1837 585 fra-

243 616 367 675 tres,
397 615 450 661 ut
478 606 535 661 id
559 608 728 676 ipsum
755 608 939 662 dicatis
984 625 1188 673 omnes,
1218 620 1265 663 et
1305 625 1409 662 non
1461 609 1561 662 sint
1605 611 1659 663 in
1702 609 1840 663 vobis

243 700 519 755 schismata
553 699 609 771 (Ι
637 698 819 769 Com,
850 698 961 767 10).
983 700 1109 756 ldeo
1136 716 1319 756 eorum
1338 699 1595 770 judicium
1621 701 1837 766 mansit,

244 802 300 850 et
329 792 382 846 in
412 805 509 845 sua
535 790 829 847 stabilitate
859 792 1157 862 permansit
1203 791 1510 848 nullatenus
1552 793 1840 847 immutan-

243 885 394 949 dum,
424 884 547 954 quia
568 883 924 955 judicantium
952 884 1292 941 sacerdotum
1334 899 1434 941 nec
1480 885 1713 957 dignitas
1741 886 1841 942 fuit

244 977 491 1041 inferior,
517 991 617 1030 nec
644 991 900 1033 numerus
928 992 1142 1046 parvus,
1185 992 1287 1031 nec
1311 979 1602 1033 auctoritas
1640 978 1839 1046 minor,

247 1082 348 1122 nec
379 1067 628 1136 ignobilis
655 1067 868 1134 electio,
902 1081 1003 1122 nec
1032 1069 1303 1138 superﬂua
1343 1071 1715 1139 praesumptio,
1742 1086 1842 1126 nec

247 1157 508 1227 insipiens
537 1158 877 1225 deliberatio,
910 1176 1010 1215 nec
1050 1161 1285 1229 vulgaris
1328 1177 1603 1227 assensus,
1632 1180 1733 1218 nec
1761 1166 1842 1219 in-

246 1250 553 1307 fructuosus
582 1252 763 1318 labor,
796 1266 895 1308 nec
918 1252 1282 1319 tranquillitati
1312 1254 1672 1310 Ecclesiarum
1712 1272 1842 1312 con-

246 1342 448 1399 trarius
493 1342 634 1397 ﬁnis.
677 1343 759 1397 Ad
812 1343 1078 1398 sedandas
1129 1345 1428 1413 praeteritas
1468 1349 1842 1404 contentiones

246 1446 532 1501 venerunt,
557 1446 849 1506 prmsentes
871 1446 1304 1506 amputaverunt,
1328 1441 1489 1494 etiam
1516 1440 1721 1495 futuras
1744 1442 1844 1495 mi-

247 1528 553 1597 tigaverunt
585 1546 598 1580 :
630 1528 831 1585 addere
860 1529 1134 1600 quidpiam
1167 1541 1289 1599 post
1332 1546 1519 1586 eorum
1566 1532 1839 1587 deﬁnitio-

247 1634 365 1689 nes,
394 1628 623 1687 mutare,
656 1622 919 1689 minuere,
955 1623 1091 1678 nihil
1118 1633 1202 1680 est
1232 1624 1373 1678 aliud
1407 1633 1431 1660 ⁸
1466 1641 1627 1694 quam
1675 1642 1841 1682 novas

247 1711 523 1767 seminare
549 1713 867 1768 discordias.
898 1714 1067 1770 Nemo
1087 1715 1305 1784 culpare
1334 1715 1551 1773 festinet
1578 1718 1714 1773 bene
1739 1719 1839 1776 de-

1947 516 2328 587 cognoverint?
2348 515 2503 573 Unde
2533 515 2649 570 lucc
2678 530 2812 571 nova
2848 515 3089 569 cautela?
3125 515 3367 583 nunquid
3411 522 3535 583 post

1945 622 2136 678 papam
2168 608 2425 672 Leonem,
2451 607 2792 672 Anatolium,
2826 606 3109 661 Maximum
3134 645 3152 671 ,
3182 606 3533 681 Juyenalem,

1943 701 2028 755 vel
2058 709 2287 757 ceteros
2314 700 2462 756 illius
2490 702 2745 769 temporis
2774 699 3105 765 sacerdotes,
3135 698 3312 753 nullus
3346 697 3443 751 fuit
3468 712 3535 751 ex

1944 805 2133 846 eorum
2157 790 2562 846 successoribus
2589 790 2681 860 qui
2711 790 2917 860 legeret
2944 792 3217 855 attentius,
3244 798 3296 842 et
3338 789 3537 843 intelli-

1944 891 2095 954 geret
2126 882 2405 953 epistolam
2434 881 2760 938 venerabilis
2782 882 2887 937 lbaa
2907 882 3143 951 episcopi
3166 881 3307 937 male
3330 881 3537 952 synodo

1945 976 2200 1031 insertam
2240 974 2448 1029 fuisse?
2490 974 2646 1029 Modo
2683 973 2848 1043 coepit
2886 972 3265 1028 hmreticorum
3317 973 3534 1041 querela

1945 1081 2168 1121 movere
2206 1064 2525 1130 catholicos,
2567 1074 2625 1119 ut
2673 1067 2909 1135 cogitent
2945 1065 3084 1119 hanc
3127 1064 3410 1132 epistolam
3451 1078 3537 1119 re—

1944 1160 2196 1229 probare.

2016 1250 2070 1303 7.
2114 1248 2318 1304 llabeoo
2341 1247 2555 1303 dicere:
2593 1246 2640 1303 si
2684 1253 3039 1302 retractentur
3089 1244 3540 1311 Chalcedonensis

1946 1340 2162 1395 decreta
2184 1340 2420 1404 concilii,
2450 1338 2518 1394 de
2545 1337 2759 1394 Nicaena
2788 1338 2996 1410 synodo
3020 1339 3339 1409 cogitemus,
3368 1354 3435 1394 ne
3461 1339 3537 1392 si-

1946 1431 2072 1486 mile
2100 1431 2394 1500 pcriculum
2425 1431 2677 1499 patiatur.
2708 1429 3040 1485 Universalia
3069 1430 3319 1495 concilia,
3348 1431 3540 1501 praeci-

1948 1546 2051 1601 pue
2075 1530 2166 1585 illa
2187 1531 2384 1600 quibus
2410 1531 2669 1587 Ecclesia:
2688 1530 2944 1587 Romanae
2971 1545 3270 1587 consensus
3288 1534 3539 1599 accessit,

1946 1624 2200 1680 Secundae
2231 1626 2569 1681 auctoritatis
2597 1626 2768 1679 locum
2792 1635 2921 1697 post
2947 1626 3237 1681 canonicos
3262 1627 3429 1683 libros
3457 1638 3538 1682 te-

1948 1728 2100 1775 nent.
2128 1717 2279 1773 Sicut
2323 1718 2619 1788 legentibus
2658 1718 2987 1787 Scripturam
3023 1718 3276 1774 divinitus
3304 1719 3540 1789 inspira-

250 1803 422 1873 posita
465 1803 567 1876 [An
617 1805 943 1878 disposita],
978 1822 1138 1862 nemo
1188 1817 1331 1863 recta
1376 1809 1667 1879 corrigere.
1700 1812 1839 1879 Quid
1870 1802 1915 1861 Β
1945 1820 2051 1864 tam
2082 1824 2188 1864 non
2218 1809 2345 1863 licet
2372 1808 2573 1878 aliquid
2602 1808 3019 1876 reprehendere,
3043 1810 3285 1877 quamvis
3316 1809 3535 1865 minime

247 1896 355 1951 erit
379 1896 615 1975 ﬁrmum,
635 1897 682 1952 si
708 1900 851 1968 quod
879 1899 1068 1954 statuit
1098 1898 1535 1958 Cbalcedonense
1554 1905 1839 1959 c0neilium

248 1998 472 2051 vocatur
495 1988 545 2042 in
570 1987 826 2045 dubium?

322 2101 377 2156 6.
405 2100 563 2156 Plura
604 2100 731 2156 hinc
771 2115 986 2170 possem
1018 2104 1255 2173 querelis
1298 2105 1558 2162 luctuOsis
1583 2105 1683 2161 sub
1711 2122 1844 2177 qua-

250 2192 374 2248 dam
400 2195 657 2265 tragoedia
691 2194 941 2250 flebiliter
970 2197 1282 2266 deplorare;
1314 2198 1408 2254 sed
1442 2200 1690 2276 sufﬁcere
1712 2202 1843 2257 mihi

250 2286 463 2342 videtur
517 2287 643 2357 quid
695 2289 932 2343 Ecciesia
992 2289 1308 2346 Justiniana:
1355 2292 1717 2364 Carthaginis,
1751 2310 1846 2365 per

251 2378 485 2447 linguam
516 2380 735 2450 gloriosi
785 2382 1053 2450 pontiﬁcis
1081 2384 1163 2437 sui
1194 2384 1365 2439 beatae
1410 2385 1690 2442 memoriae
1738 2389 1813 2441 Ca

251 2470 446 2553 preoli,
476 2470 897 2527 clementissimo
944 2473 1167 2544 principi
1197 2473 1502 2532 Theodosio
1531 2477 1843 2543 scribentis,

252 2559 648 2615 rationabiliter
672 2560 937 2626 deﬁnivit,
956 2562 1138 2619 dicens
1164 2580 1179 2619 :
1220 2582 1237 2616 ι
1269 2564 1411 2620 Nihil
1441 2568 1493 2621 in
1524 2566 1720 2622 divinis
1749 2568 1846 2623 hu-

260 2651 542 2722 manisque
569 2653 797 2723 actibus,
832 2653 962 2708 nihil
986 2662 1091 2709 tam
1122 2655 1175 2709 in
1209 2656 1389 2711 sacris
1407 2671 1567 2726 quam
1598 2655 1649 2711 in
1673 2657 1849 2727 publi-

256 2744 339 2801 cis
365 2747 529 2801 rebus
551 2746 796 2802 obtinere
821 2748 982 2802 ullam
1006 2750 1203 2820 p0terit
1225 2750 1551 2818 ﬁrmitatem,
1578 2752 1622 2807 si
1645 2767 1707 2807 ea
1730 2768 1848 2817 quae

258 2843 442 2899 debito
471 2845 753 2900 sententiae
774 2844 1045 2913 judicialis
1077 2846 1181 2900 ﬁne
1225 2846 1567 2914 clauduntur,
1600 2854 1721 2918 post
1750 2863 1849 2902 an-

256 2953 449 2993 norum
478 2938 647 3007 spatia
677 2946 732 2994 et
757 2939 1009 3009 quaelibet
1037 2938 1309 2994 volumina
1357 2940 1699 3007 saeculorum,
1734 2952 1850 2995 tan-

256 3044 416 3101 quam
448 3030 502 3084 in
548 3029 927 3085 emendatione
956 3030 1171 3086 Patrum
1201 3033 1348 3087 velut
1392 3035 1688 3089 instructor
1714 3048 1850 3103 prte-

258 3131 435 3177 sumat
459 3122 750 3178 emendare
790 3123 1096 3191 posteritas.
1134 3142 1155 3176 ι
1191 3124 1256 3178 Ει
1302 3124 1353 3180 in
1395 3125 1497 3179 alia
1528 3125 1752 3194 epistola
1781 3124 1845 3179 ad

1944 1904 2158 1960 valeant
2188 1903 2524 1959 altitudinem
2552 1903 2790 1958 caelestis
2818 1903 3023 1957 oraculi
3056 1903 3537 1971 comprehendere,

1862 2024 1863 2033 ι
1945 1997 2041 2052 sed
2067 1996 2184 2065 pius
2214 1996 2387 2050 lector
2415 2005 2469 2049 et
2498 1995 2640 2064 quod
2668 2009 2771 2048 non
2795 1994 3042 2065 intelligit
3066 1994 3237 2049 credit
3257 2034 3272 2059 ,
3303 2002 3364 2048 ut
3399 1995 3541 2063 quod

1944 2087 2116 2145 credit
2170 2095 2441 2143 mereatur
2487 2086 2821 2155 intelligere;
2861 2086 2939 2140 sic
2977 2085 3201 2140 omnino
3242 2100 3342 2139 nec
3384 2085 3542 2141 aliter

1945 2178 2175 2236 concilia
2214 2193 2336 2249 quae
2374 2185 2617 2235 vetustas
2663 2178 2897 2231 ﬁrmavit
2938 2186 2993 2231 et
3031 2176 3323 2231 custodivit
3350 2176 3542 2231 devota

1949 2272 2236 2342 posteritas
2262 2269 2621 2325 obedientiam
2650 2268 2719 2323 de
2747 2269 2902 2322 nobis
2931 2270 3187 2339 exigunt,
3220 2269 3421 2322 nullam
3452 2285 3541 2323 re-

1949 2364 2252 2431 linquentes
2274 2360 2550 2415 dubitandi
2576 2360 2969 2414 necessitatem.
3001 2359 3183 2429 Longe
3206 2360 3292 2414 illa
3323 2368 3452 2415 sunt
3476 2361 3544 2415 de

1949 2457 2144 2528 quibus
2174 2453 2466 2524 Apostolus
2495 2452 2621 2507 dicit
2649 2469 2662 2505 :
2708 2452 2894 2505 Omnia
2920 2453 3167 2521 probate;
3194 2452 3332 2520 quod
3354 2452 3539 2506 bonum

1950 2561 2022 2606 est
2053 2559 2250 2614 tenete;
2277 2549 2342 2602 ab
2371 2548 2509 2601 omni
2538 2549 2706 2618 specie
2729 2548 2854 2600 mali
2881 2546 3126 2600 abstinete
3150 2562 3240 2600 vos
3265 2545 3331 2617 (1
3364 2546 3541 2602 Thess.

1950 2659 2005 2707 v,
2036 2643 2130 2710 2|,
2150 2640 2264 2713 Ἡ).
2288 2641 2420 2708 Quae
2450 2648 2630 2695 autem
2662 2639 2919 2694 ﬁniuntur
2943 2636 3309 2709 iudicantibus
3333 2639 3544 2707 episco-

1952 2735 2032 2805 pis
2055 2734 2277 2799 sanctis,
2326 2739 2383 2788 et
2416 2731 2483 2786 ad
2530 2730 2670 2786 beati
2699 2729 2726 2769 ι)
2761 2729 3075 2785 memoriam
3124 2729 3380 2798 perducta
3421 2714 3544 2783 dili-

1951 2829 2165 2897 gentius
2190 2822 2565 2879 examinantur
2590 2830 2750 2892 atque
2773 2821 3071 2885 ﬁrmantur,
3088 2821 3358 2891 sequenda
3388 2828 3535 2885 sunt,

1952 2917 2323 2989 amplectenda
2351 2924 2515 2972 sunt:
2544 2914 2601 2971 in
2629 2915 3013 2971 retractatione
3039 2914 3140 2968 sub
3165 2915 3403 2984 qualibet
3430 2915 3544 2983 pie—

1954 3011 2079 3066 tatis
2128 3009 2414 3065 occasione
2454 3006 2630 3065 teneri
2676 3022 2783 3063 non
2827 3006 3054 3073 debent;
3094 3007 3362 3077 praecipue
3405 3007 3546 3076 apud

1954 3114 2220 3176 posteros,
2264 3105 2374 3173 jam
2420 3102 2714 3159 secundum
2744 3114 2961 3159 carnem
3017 3100 3242 3154 mortuis
3272 3101 3363 3168 qui
3400 3100 3547 3168 judi-

462 3170 749 3178 ---ηπ-η
793 3170 1096 3191 ,-_--.-----.
1134 3170 1151 3176 -
1191 3170 1256 3178 ..-
1395 3170 1497 3179 _....
1530 3170 1752 3194 erm-.-
1781 3170 1845 3179 η.

260 3208 587 3286 Ephesinum
600 3215 883 3270 concilium
906 3230 1006 3285 per
1018 3213 1295 3271 Versulam
1310 3215 1511 3271 directa
1529 3216 1840 3271 diaconum:

1955 3170 2096 3254 cium
2133 3170 2508 3267 protulerunt,
2543 3205 2596 3250 et
2628 3195 2697 3249 ibi
2740 3192 2852 3264 jam
2896 3191 3202 3247 constitutis
3247 3193 3358 3257 ubi,
3398 3192 3549 3261 juxta

263 3326 284 3360 ι
315 3307 488 3363 Habet
527 3306 783 3378 quidquid
813 3306 953 3363 forte
997 3323 1170 3375 nuper
1210 3308 1467 3373 exoritur,
1496 3308 1846 3365 discussionis

260 3400 663 3467 necessitatem,
685 3409 743 3455 ut
771 3409 862 3455 aut
892 3401 1057 3469 recipi
1080 3401 1382 3471 probatum,
1416 3412 1508 3456 aut
1536 3403 1844 3457 damnatum

260 3492 431 3563 possit
457 3492 688 3547 excludi.
716 3490 790 3545 Ea
820 3506 948 3546 vero
973 3492 1041 3548 de
1070 3492 1260 3560 quibus
1308 3502 1465 3547 antea
1490 3493 1602 3563 jam
1637 3494 1852 3563 judica-

263 3590 374 3637 tum
404 3592 489 3639 est
514 3583 558 3637 si
581 3582 700 3653 quis
727 3580 999 3638 admiserit
1019 3584 1073 3637 in
1097 3586 1526 3639 retractationem
1551 3586 1747 3649 vocari,
1774 3586 1852 3639 vi-

264 3676 481 3731 debitur
510 3674 577 3731 de
608 3675 713 3731 ﬁde
753 3690 912 3747 quam
958 3690 1098 3730 nunc
1141 3691 1309 3746 usque
1338 3679 1509 3732 tenuit
1554 3678 1670 3746 ipse
1698 3676 1855 3731 dubi-

265 3778 400 3827 tare.
430 3789 449 3822 ι
480 3769 616 3825 Ecce
640 3768 751 3839 jam
782 3783 887 3824 non
918 3777 1111 3824 statuta
1154 3779 1357 3824 tantum
1408 3770 1717 3842 synodalia,
1760 3768 1855 3824 sed

267 3876 407 3932 pene
457 3870 771 3917 cunctorum
820 3861 1026 3916 ﬁrmata
1072 3860 1311 3929 judicia,
1361 3861 1541 3916 vocari
1589 3875 1775 3916 rursus
1804 3861 1858 3915 in

267 3968 499 4009 examen
556 3954 716 4008 nimis
767 3967 887 4008 esse
937 3952 1203 4023 culpabile
1253 3954 1618 4009 memorabilis
1671 3953 1861 4009 doctor

269 4044 732 4113 Carthaginiensis
778 4043 1038 4099 Ecclesia:
1082 4044 1394 4111 proﬁtetur;
1433 4046 1702 4115 quomodo
1733 4061 1862 4116 ergo

270 4150 416 4189 nunc
439 4135 565 4190 olim
595 4134 832 4204 judicata
867 4134 1287 4204 judicabuntur?
1317 4136 1374 4192 Si
1404 4149 1529 4191 tunc
1555 4138 1746 4205 aliquis
1776 4154 1866 4191 ac-

275 4234 494 4279 cusator
522 4225 767 4294 epistola:
797 4226 947 4294 cujus
975 4225 1239 4280 catholica
1266 4241 1389 4281 esse
1418 4226 1638 4282 dictatio
1675 4227 1871 4282 claruit

273 4317 343 4371 ad
377 4316 583 4388 majora
634 4317 830 4387 judicia
865 4327 1216 4387 provocaret,
1250 4319 1596 4389 appellationi
1648 4318 1869 4375 forsitan

274 4409 569 4464 secundum
593 4410 1033 4465 consuetudinem
1055 4410 1204 4465 locus
1228 4419 1465 4479 pateret;
1490 4410 1584 4465 sed
1606 4426 1710 4480 quo
1733 4409 1871 4467 iret?

275 4511 363 4554 aut
394 4500 482 4555 ubi
510 4500 746 4580 majqres
795 4502 1057 4571 reperiret
1103 4503 1156 4557 in
1196 4502 1431 4557 Ecclesia
1458 4502 1711 4571 judices?
1741 4512 1863 4558 ante

275 4607 337 4647 se
367 4591 569 4646 habens
616 4592 668 4645 in
716 4593 906 4662 legatis
954 4593 1064 4649 suis
1103 4594 1451 4663 apostolicam
1506 4593 1730 4661 sedem,
1758 4609 1860 4663 qua

276 4688 673 4753 consentiente,
704 4686 963 4756 quidquid
992 4688 1077 4743 illa
1110 4688 1355 4743 deﬁnivit
1384 4687 1641 4759 synodus,
1663 4688 1869 4757 accepit

280 4780 446 4834 robur
468 4779 761 4835 invictum?
784 4780 899 4835 Vox
933 4780 1093 4850 igitur
1115 4781 1363 4850 adempta
1392 4780 1699 4836 volentibus
1731 4782 1870 4834 male

278 4882 552 4942 assumpta
603 4872 916 4936 defendere,
951 4873 1223 4942 quomodo
1269 4875 1463 4928 iterum
1515 4870 1872 4927 restituetur?

280 4964 403 5034 quis
432 4964 535 5018 erit
561 4972 687 5034 post
703 4971 883 5018 tantos
926 4976 990 5016 ac
1030 4964 1164 5018 tales
1190 4963 1470 5033 pontiﬁces
1518 4964 1719 5034 negotii
1758 4964 1869 5035 jam

284 5053 490 5124 peracti
516 5069 689 5110 novus
715 5063 770 5109 et
798 5053 1024 5109 idoneus
1051 5054 1327 5125 cognitor?
1359 5070 1423 5109 ex
1467 5055 1662 5123 quibus
1689 5053 1875 5110 mundi

286 5146 528 5216 partibus
551 5155 641 5201 aut
669 5145 973 5201 civitatibus
1024 5146 1275 5200 meliores
1325 5146 1560 5216 antiquis
1608 5147 1876 5219 episcopis

285 5239 759 5311 congregabuntur
785 5238 1022 5310 episcopi
1046 5277 1061 5304 ,
1091 5239 1283 5308 quibus
1310 5247 1546 5307 potestas
1572 5238 1729 5294 detur
1754 5256 1879 5296 sen-

290 5334 485 5388 tentias
512 5334 801 5389 emendare
836 5332 1138 5403 majorum?
1166 5331 1247 5387 vel
1291 5348 1392 5401 qua
1425 5348 1519 5403 spe
1545 5333 1881 5388 conﬁdenter

289 5436 563 5481 assumant
591 5427 792 5498 aliquid
820 5425 1080 5495 deﬁnire,
1123 5425 1365 5480 videntes
1409 5429 1591 5481 talium
1644 5428 1878 5481 virorum

286 5518 484 5591 judicia
509 5528 732 5589 repente
758 5520 994 5574 cassari?
1024 5516 1304 5586 Quomodo
1330 5516 1738 5573 successoribus
1783 5533 1882 5572 no-

290 5612 417 5669 stris
440 5613 637 5684 poterit
663 5613 873 5684 placere
897 5614 1038 5683 quod
1065 5614 1291 5683 agimus,
1310 5610 1353 5665 si
1378 5626 1472 5680 per
1494 5625 1591 5665 nos
1611 5609 1882 5665 docebun-

367 5802 394 5839 ο
429 5792 524 5850 llic
550 5792 773 5850 restituo
795 5791 927 5847 nihil
956 5793 1099 5848 aliud
1126 5806 1192 5848 ex
1218 5791 1404 5848 (Στωςο
1435 5790 1577 5847 οὐδὲν
1610 5791 1803 5866 ἕτερον.

1950 3290 2321 3360 Evangelium,
2357 3287 2515 3341 Pater
2545 3303 2647 3341 non
2668 3286 2873 3358 judicat
2899 3300 3205 3356 quemquam
3229 3328 3243 3351 ,
3276 3284 3365 3338 sed
3402 3301 3551 3338 omne

1941 3383 2201 3456 judicium
2227 3380 2367 3434 dedit
2398 3379 2541 3433 Filio
2566 3378 2748 3450 (Joan.
2777 3395 2832 3447 v,
2857 3377 2978 3449 22).
3010 3378 3147 3446 Quid
3179 3377 3400 3447 prodest
3428 3395 3550 3433 cum

1952 3472 2341 3530 dormientibus
2389 3472 2591 3526 habere
2628 3480 2943 3536 certamen,
2974 3477 3070 3525 aut
3110 3484 3206 3539 pro
3229 3468 3521 3527 dormienti

1954 3566 2056 3621 bus
2088 3563 2381 3619 Ecclesiam
2413 3561 2765 3633 perturbare?
2796 3562 2849 3617 Si
2889 3560 3008 3629 quis
3040 3560 3213 3616 adhuc
3238 3562 3551 3629 incorpore

1956 3657 2143 3712 mortis
2167 3654 2325 3724 hujus
2353 3661 2638 3708 accusatus
2660 3660 2715 3706 et
2735 3651 3041 3718 damnatus,
3065 3660 3350 3721 antequam
3378 3666 3556 3706 meru-

1958 3758 2107 3806 retur
2137 3746 2373 3813 absolvi,
2396 3746 2464 3801 de
2490 3746 2686 3801 smculo
2719 3753 2903 3814 raptus
2931 3754 3035 3807 est,
3078 3745 3283 3799 absolvi
3316 3760 3421 3798 non
3456 3761 3553 3813 po-

1963 3851 2067 3899 test
2089 3842 2309 3898 nlterius
2340 3841 2574 3896 humano
2597 3838 2819 3909 judicio.
2851 3837 2907 3895 Si
2938 3836 3057 3907 quis
3080 3846 3361 3893 accusatus
3388 3849 3439 3893 et
3458 3838 3553 3892 ab—

1964 3936 2173 3992 solutus
2195 3936 2246 3989 in
2278 3949 2409 4005 pace
2443 3934 2698 3989 Ecclesiae
2727 3931 2972 3986 transivit
3001 3930 3070 3985 ad
3095 3929 3401 3996 Dominum,
3428 3946 3557 3984 con-

1965 4028 2210 4085 demnari
2244 4044 2348 4082 non
2379 4034 2559 4097 potest
2587 4027 2823 4081 humano
2845 4025 3067 4095 judicio.
3092 4024 3149 4079 Si
3177 4023 3296 4092 quis
3334 4038 3558 4077 accusa-

1970 4130 2055 4176 tus
2079 4130 2201 4175 ante
2227 4120 2369 4175 diem
2414 4118 2766 4174 sacerdotalis
2792 4117 3054 4171 examinis
3094 4113 3372 4185 repentina
3402 4128 3559 4169 voca-

1971 4214 2120 4269 tione
2156 4218 2459 4281 praaventus
2508 4219 2623 4274 est,
2674 4210 2809 4262 intra
2851 4209 3027 4263 sinum
3072 4208 3261 4263 matris
3308 4206 3561 4261 Ecclesia:

1973 4308 2315 4371 constitutus,
2355 4302 2538 4358 divino
2578 4300 2954 4371 intelligendus
2979 4308 3064 4355 est
3084 4299 3288 4369 judicio
3312 4313 3559 4354 reserva-

1977 4407 2096 4455 tus:
2128 4398 2195 4454 de
2226 4397 2327 4451 hoc
2354 4397 2532 4452 nullus
2558 4396 2717 4449 homo
2747 4402 2924 4464 potest
2952 4393 3286 4447 manifestam
3321 4391 3563 4461 proferre

1980 4490 2339 4554 sententiam;
2371 4489 2455 4543 cui
2505 4486 2548 4541 si
2593 4486 2735 4541 Deus
2768 4483 3159 4553 indulgentiam
3206 4483 3387 4546 dedit,
3433 4482 3564 4538 nihil

1890 4551 1945 4612 Β
1972 4592 2130 4639 nocet
2153 4593 2335 4637 nostra
2366 4579 2655 4644 severitas;
2687 4577 2730 4632 si
2760 4576 3080 4647 supplicium
3104 4576 3449 4661 praeparavit.
3484 4573 3566 4627 ni-

1974 4676 2050 4730 hil
2080 4674 2297 4746 prodest
2325 4682 2506 4727 nostra
2537 4669 2856 4740 benignitas.

2046 4772 2101 4826 8.
2149 4771 2301 4826 Vetat
2329 4784 2426 4825 nos
2467 4766 2753 4837 Apostolus
2798 4766 2917 4836 plus
2962 4778 3142 4835 sapere
3168 4777 3324 4831 quam
3371 4765 3568 4829 oportet

1973 4882 2150 4937 sapere
2177 4865 2355 4935 (Rom.
2382 4877 2477 4926 xu,
2511 4862 2565 4931 5)
2593 4876 2609 4926 ;
2639 4859 2939 4928 quicunque
2965 4870 3090 4926 ergo
3116 4854 3270 4906 aliter
3297 4852 3490 4915 sentit,
3515 4858 3568 4904 et

1977 4970 2184 5019 rectum
2214 4967 2364 5028 putat
2380 4971 2501 5012 esse
2521 4953 2659 5023 quod
2683 4951 2867 5018 sentit,
2898 4949 2999 5004 sub
3027 4949 3126 5002 hac
3146 4946 3438 5001 devotione
3460 4946 3570 5011 pie-

1983 5055 2105 5109 tatis
2136 5053 2407 5122 loquatur,
2438 5046 2656 5110 scribat,
2688 5042 2944 5111 disputet,
2986 5040 3040 5093 in
3087 5036 3304 5106 negotio
3344 5050 3571 5104 preser-

1982 5146 2076 5199 tim
2110 5142 2415 5212 religionis,
2447 5147 2504 5192 ut
2548 5135 2816 5190 nemiuem
2847 5131 3006 5187 dictis
3035 5129 3147 5184 suis
3174 5126 3396 5183 obedire
3422 5140 3573 5181 com-

1986 5238 2148 5308 pellat
2175 5236 2429 5297 invitum;
2471 5243 2569 5285 nec
2600 5227 2757 5282 unius
2788 5223 3020 5279 hominis
3042 5219 3363 5277 sententiam
3394 5217 3573 5269 valere

1985 5339 2194 5384 tantum
2237 5324 2461 5387 credat,
2505 5330 2562 5375 ut
2598 5316 2967 5389 prmjudicium
3013 5319 3235 5382 generet
3264 5309 3419 5362 aliter
3449 5320 3574 5360 sen-

1987 5424 2265 5481 tientihus.
2308 5419 2491 5473 Potest
2532 5410 2894 5482 unusquisque
2938 5415 3139 5462 rectam
3190 5400 3487 5473 praedicans
3516 5399 3574 5453 ﬁ-

1985 5521 2131 5582 dem,
2165 5513 2307 5585 quod
2349 5512 2513 5566 sentit
2554 5507 2827 5572 scribere,
2878 5518 2986 5559 non
3016 5512 3192 5556 tamen
3236 5497 3304 5553 ad
3340 5495 3578 5551 subscri-

1989 5609 2217 5667 bendum
2248 5621 2369 5675 qua:
2399 5603 2513 5673 ipse
2541 5600 2855 5670 scripserat,
2883 5597 3018 5653 alios
3047 5607 3358 5667 provocare.
3390 5592 3577 5659 Quan-

2066 5791 2092 5830 δ
2135 5788 2229 5845 llic
2260 5785 2474 5840 videtur
2504 5781 2693 5837 deesse
2724 5776 2890 5832 Petri.
