4070 6448
548 300 650 358 9⁴ὶτ
1465 297 1833 356 FULGENTII
1874 297 2224 354 FEliRANDI
2269 297 2540 352 [ΗΜ]οΜ
2570 297 2920 355 CARTIIAG.
3754 309 3866 366 923

549 425 662 471 tum
693 416 1068 471 laboraverunt
1102 413 1154 469 in
1197 411 1576 483 prtedicatione
1615 414 1760 468 verbi
1791 461 1805 482 ,
1849 423 1970 484 post
2017 428 2145 479 ap-i-
2176 415 2228 472 Α
2256 409 2434 464 nullus
2461 410 2600 464 libro
2630 426 2730 463 suo
2754 428 2846 478 per
2871 412 3298 480 subscriptiones
3335 414 3692 484 plurimorum
3726 421 3867 476 dare

551 509 740 574 stolas,
769 506 1090 561 sanctissimi
1139 505 1214 560 illi
1265 506 1614 576 prmclarique
1643 507 1912 570 doctores,
1947 507 2147 576 quibus
2256 501 2382 555 velit
2409 503 2782 556 auctoritatem
2810 543 2824 569 ,
2872 518 3032 572 quam
3077 508 3207 560 solis
3245 509 3518 564 canonicis
3563 511 3721 568 libris
3755 515 3867 570 Ec—

554 614 650 669 per
677 600 928 668 Spiritum
957 599 1239 669 sapientiae
1285 611 1340 654 et
1387 600 1998 655 scienti:e‘concesserat
2036 599 2147 653 Do-

552 693 727 746 minus
752 693 946 748 docere
990 693 1284 748 catholicos
1309 737 1322 760 ,
1375 703 1431 749 et
1476 694 1758 748 literaticps
1793 694 2148 764 expugnare?

549 781 714 837 libros
746 793 921 838 tamen
950 798 1080 838 suos
1110 798 1138 837 a
1165 785 1381 839 nemine
1409 784 1742 852 subscriptus
1770 787 2000 855 posteris
2021 786 2146 840 reli-

553 885 808 941 querunt.
842 873 1263 931 Consideremus
1309 878 1435 946 quid
1486 878 1676 935 beatus
1709 878 1998 948 Apostolus
2031 895 2146 933 mo-

548 975 674 1020 neat
699 985 712 1020 :
741 964 1017 1033 Propheta:
1043 969 1148 1021 duo
1177 968 1252 1021 υιιι
1282 980 1383 1022 trrs
1413 970 1620 1034 dicant,
1650 972 1728 1024 vel
1754 972 1921 1025 ueteri
1950 971 2143 1025 exami-

513 1055 743 1125 7nent(l
775 1058 894 1113 Cor.
929 1076 1037 1126 xw,
1091 1061 1206 1128 ‘29).
1261 1061 1506 1129 Nunquid
1553 1062 1728 1116 dixit:
1769 1061 2140 1130 Subscribam,

547 1162 634 1205 aut
666 1152 1006 1206 subscribere
1035 1153 1464 1219 compellantur?
1497 1153 1814 1222 Diligentius
1845 1155 2138 1209 exatniuari

545 1259 664 1310 quae
706 1243 847 1298 dicta
891 1251 1017 1297 sunt
1055 1244 1224 1312 jubet,
1263 1262 1329 1300 uc
1371 1260 1666 1300 consensus
1695 1232 1862 1301 facilis
1904 1249 2145 1303 incurrat

543 1352 826 1393 errorem:
864 1339 935 1391 s't
967 1338 1256 1408 unicuique
1304 1339 1530 1394 liberum
1563 1380 1580 1404 ,
1630 1351 1906 1410 postquam
1953 1341 2143 1410 legerit

543 1430 686 1498 quod
721 1445 857 1484 unus
891 1432 1052 1485 homo
1081 1432 1324 1500 dictavit,
1380 1449 1486 1488 non
1525 1435 1595 1489 ita
1646 1434 1787 1490 dicta
1836 1436 1953 1507 ejus
1999 1437 2143 1492 acci—

545 1537 673 1592 pere
721 1523 870 1592 quasi
918 1524 1205 1580 canonicas
1258 1526 1584 1593 scripturas;
1635 1528 1726 1583 sed
1756 1529 1992 1598 cogitare
2013 1529 2140 1600 quid

544 1615 725 1686 eligat,
758 1617 885 1684 quid
916 1628 1154 1686 respuat,
1195 1618 1323 1686 quid
1352 1629 1607 1689 sequatur
1631 1622 1834 1687 statim,
1863 1621 1991 1691 quid
2019 1637 2140 1677 cum

541 1706 978 1774 prudentioribus
1041 1709 1332 1764 arbitretur
1395 1710 1648 1765 fratribus
1705 1713 2138 1776 conferendum:

2250 592 2415 646 clesia
2448 593 2712 647 catholica
2761 593 2976 648 detttlit.
3032 595 3164 650 Illud
3213 613 3429 669 quoque
3475 605 3860 674 tranquillitati

2251 683 2617 738 Ecclesnrum
2678 687 2940 754 prolicere
2993 690 3208 755 poterit,
3255 691 3300 744 si
3342 695 3519 749 nullus
3550 696 3684 752 velit
3717 714 3861 767 pra:-

2248 775 2487 830 scribere
2510 776 2635 844 quid
2660 787 2914 844 sequatur
2944 777 3210 844 Ecclesia,
3243 782 3339 836 sed
3371 793 3553 840 tenere
3577 791 3724 856 quod
3755 791 3860 844 Ec-

2246 866 2410 920 clesia
2443 868 2629 932 dot-et;
2683 867 2795 936 ipsa
2850 868 3077 924 Domino
3129 888 3224 940 per
3266 874 3486 946 Moysen
3533 879 3587 932 in
3635 883 3860 935 cantico

2249 957 2648 1012 Denterouomii
2679 959 2926 1015 dicente:
2961 960 3234 1034 Interroga
3258 977 3454 1033 patrem
3483 977 3649 1036 tuum,
3678 985 3729 1026 et
3757 990 3859 1027 an-

2246 1049 2502 1102 nuntiabi!
2531 1050 2658 1113 tibi;
2685 1051 2908 1104 seniores
2935 1063 3069 1119 tuos,
3101 1065 3148 1107 et
3166 1056 3336 1109 dicent
3358 1059 3448 1111 tibi
3469 1061 3640 1113 omnia
3659 1063 3852 1131 (Deut.

2247 1157 2414 1205 χχχιι,
2455 1141 2547 1212 7).
2603 1143 2758 1198 Tunc
2799 1145 2996 1214 quippe
3045 1148 3354 1216 implebitur
3396 1152 3554 1206 etiam
3599 1154 3857 1211 Doctoris

2245 1235 2481 1303 gentium
2513 1236 2696 1290 suavis
2725 1237 2994 1297 doctrina.
3047 1239 3358 1297 Corinthios
3405 1246 3750 1301 admonentis
3801 1259 3857 1303 et

2245 1324 2477 1380 dicentis
2504 1343 2516 1378 :
2546 1324 2673 1379 Cum
2701 1329 3057 1399 conveneritis,
3087 1333 3436 1403 unusquisque
3457 1347 3679 1389 vestrum
3708 1341 3855 1408 psal-

2245 1434 2384 1472 mum
2407 1419 2576 1484 habet,
2609 1421 2896 1473 doctrinam
2927 1422 3107 1482 habet,
3135 1425 3605 1494 interpretationem
3653 1434 3808 1484 habet
3835 1448 3857 1485 :

2245 1512 2418 1566 omnia
2445 1512 2514 1565 ad
2538 1512 2935 1580 wdiﬁcationem
2967 1515 3093 1581 ﬁant
3141 1516 3161 1588 (
3189 1516 3211 1568 Ι
3239 1516 3358 1571 Cor.
3394 1535 3503 1589 xrv,
3528 1519 3649 1586 9.6).
3687 1522 3852 1588 Ecce,

2249 1603 2612 1672 interrogatus
2635 1645 2650 1666 ,
2681 1615 2902 1673 propter
2931 1605 3294 1662 obedientiam
3325 1609 3486 1665 silere
3513 1625 3620 1665 non
3669 1616 3848 1681 potui,

2247 1694 2584 1763 respondens
2606 1696 2874 1766 magistris
2895 1697 3215 1768 discipulus,
3235 1699 3410 1755 doctis
3431 1701 3703 1770 indoctus,
3735 1721 3852 1759 ωτι-

543 1800 685 1852 "una
719 1799 811 1854 “at
840 1802 1134 1857 necessitas
1171 1817 1431 1874 generare
1467 1804 1570 1859 sibi
1604 1806 1968 1874 pmjudicium
2007 1779 2135 1866 sub;
2171 1781 2220 1840 B
2248 1785 2460 1854 joribus
2488 1785 2683 1839 minor.
2710 1787 3054 1853 Examinate,
3091 1805 3429 1859 quasumus,
3463 1808 3688 1862 pr0pter
3716 1799 3849 1850 cha-

541 1891 848 1958 scribendn,
883 1907 950 1946 ne
978 1893 1123 1948 aliud
1169 1904 1350 1963 postea
1399 1897 1617 1961 sentiat,
1662 1898 1707 1950 si
1754 1899 1899 1953 aliud
1948 1909 2131 1969 postea

540 1983 879 2036 sentiendum
913 1986 1147 2038 revelata
1177 1986 1626 2041 demonstraverit
1656 1988 1852 2043 veritas
1878 2005 1892 2044 :
1927 1993 2133 2058 patien-

541 2081 626 2128 ter
651 2082 830 2126 autem
865 2073 994 2128 ferat
1028 2075 1145 2143 pius
1175 2075 1403 2144 scriptor
1431 2077 1846 2134 sollicitudinem
1882 2080 2021 2148 piam
2049 2097 2134 2138 re-

539 2164 866 2231 quirentium
887 2167 1188 2233 veritatem,
1225 2183 1324 2222 uec
1367 2168 1585 2224 festinet
1611 2171 1913 2228 auditorum
1943 2183 2132 2232 tenere

541 2270 780 2323 manum,
829 2259 924 2312 sed
981 2273 1074 2325 per
1120 2274 1337 2316 suavem
1383 2275 1601 2317 sensum
1649 2273 1864 2334 paratus
1906 2268 2129 2326 meliora

538 2343 893 2401 sentientibus
921 2348 1249 2404 consentire.
2049 2363 2054 2368 ’

607 2455 660 2508 9.
702 2455 867 2527 Cujus
920 2458 1234 2514 humilitatis
1283 2463 1588 2529 exemplum
1649 2465 1837 2522 beatus
1887 2471 2128 2540 pontifex

540 2551 886 2618 Augustinus,
916 2551 966 2602 in
992 2551 1250 2608 cliaritate
1278 2551 1472 2609 Clu-isti
1505 2572 1639 2625 pene
1669 2560 1917 2615 omnibus
1943 2561 2129 2616 catlio-

536 2641 652 2696 licae
684 2642 937 2699 Ecclesia:
966 2645 1276 2704 doctoribus
1299 2650 1541 2719 prmbens
1568 2667 1583 2707 :
1612 2669 1633 2705 ι
1664 2651 1774 2708 Nec
1805 2655 2022 2726 pigebit,
2046 2657 2130 2710 in-

535 2734 668 2803 quit,
719 2749 825 2803 me,
874 2736 1046 2790 sicubi
1097 2738 1306 2805 haesito,
1353 2756 1635 2812 quaerere;
1683 2760 1782 2800 nec
1813 2745 2049 2815 pudebit,
2081 2747 2126 2803 si

533 2841 676 2891 erro,
713 2825 914 2883 dicere.
951 2824 1183 2886 Proinde
1209 2831 1448 2902 quisquis
1480 2833 1596 2891 haec
1622 2833 1777 2906 legit,
1809 2836 1896 2892 ubi
1926 2840 2128 2907 pariter

533 2931 710 2976 cerius
739 2933 841 2991 est,
875 2933 1060 2995 pergat
1088 2937 1330 2990 mecum;
1365 2925 1456 2980 ubi
1489 2911 1694 2996 pariter
1718 2928 1949 2997 btesitat,
1981 2945 2127 3000 quae-

531 3025 616 3067 rat
645 3029 887 3081 mecum;
919 3015 1005 3071 ubi
1048 3030 1290 3072 errorem
1333 3033 1488 3073 suum
1531 3022 1810 3092 agnoscit,
1845 3022 2032 3079 redeat
2057 3025 2124 3081 ad

531 3119 650 3170 me;
699 3109 787 3160 ubi
822 3123 998 3162 meum
1030 3151 1045 3176 ,
1090 3119 1305 3165 revocet
1335 3125 1441 3166 me.
1472 3110 1549 3166 Ita
1580 3113 1941 3184 ingrediamur
1966 3117 2122 3174 simul

533 3199 818 3255 cbaritatis
843 3203 1003 3272 viam,
1023 3203 1303 3261 tendentes
1325 3207 1389 3260 ad
1409 3221 1530 3262 eum
1559 3207 1628 3264 de
1651 3224 1757 3279 quo
1778 3211 1979 3276 dictum
2008 3223 2118 3268 est:

534 3289 763 3356 ουτω-ἰὼ
791 3295 974 3364 faciem
1003 3298 1112 3367 ejus
1141 3314 1360 3369 srntper.
1409 3300 1476 3355 Et
1520 3299 1622 3356 hoc
1665 3301 1942 3372 placitum,
1978 3306 2122 3376 pium

531 3392 693 3451 atque
717 3382 921 3453 justum
951 3401 1131 3442 coram
1163 3389 1389 3463 Domino
1415 3391 1523 3448 Deo
1553 3401 1760 3449 nostro.
1791 3395 1924 3452 Cum
1952 3399 2123 3452 omni-

531 3473 632 3529 bus
661 3475 876 3531 interim
911 3480 999 3549 qui
1029 3493 1089 3535 ea
1113 3497 1231 3550 quae
1259 3483 1436 3540 scribo
1464 3484 1666 3556 legunt,
1699 3496 1802 3543 etc.
1845 3488 2003 3562 (Aug.
2029 3490 2123 3549 lib.

531 3581 546 3620 I
581 3566 644 3620 de
669 3565 854 3623 Trinit.
883 3586 997 3643 cap.
1027 3571 1082 3638 2,
1116 3573 1197 3642 5).
1226 3593 1244 3626 ›
1277 3573 1400 3630 Sola
1429 3577 1572 3631 enim
1603 3589 1747 3644 sunt,
1783 3587 1840 3634 ut
1874 3581 2124 3650 superius

529 3657 637 3730 iam
668 3675 810 3729 saepe
840 3662 1072 3719 diximus
1094 3704 1110 3732 ,
1145 3665 1195 3718 in
1243 3667 1515 3722 canonicis
1560 3667 1710 3724 libris
1743 3681 2008 3741 praecepta
2043 3674 2125 3728 di-

529 3750 677 3818 vina,
705 3765 756 3807 et
787 3755 838 3808 in
869 3756 1210 3826 generalibus
1235 3759 1458 3829 synodis
1488 3770 1709 3829 paterna
1734 3762 1972 3835 decreta,
2014 3780 2123 3822 non

527 3844 806 3900 refutanda
836 3862 934 3904 nec
960 3849 1260 3918 respuenda
1280 3895 1294 3920 ,
1337 3853 1432 3908 sed
1457 3854 1808 3910 custodienda
1838 3867 1890 3911 et
1921 3858 2123 3928 ample-

523 3935 750 4004 ctenda;
782 3939 1130 4009 praecipiente
1160 3951 1342 3996 sancta
1372 3944 1648 4015 Scriptura
1675 3965 1690 4002 :
1723 3948 1880 4015 Audi,
1913 3949 2013 4017 ﬁli,
2044 3950 2121 4003 le-

521 4043 639 4097 gem
687 4028 848 4097 patris
899 4029 996 4097 tui,
1045 4038 1092 4084 et
1136 4047 1198 4085 ne
1238 4049 1449 4099 spernas
1497 4038 1766 4090 consilium
1798 4040 1976 4092 matris
2020 4049 2123 4095 ture

520 4117 708 4189 (Prov.
742 4134 788 4187 ι,
821 4119 889 4188 8;
917 4135 970 4175 γι
995 4166 1010 4192 ,
1049 4120 1164 4193 20).
1219 4122 1328 4178 Lex
1361 4126 1502 4179 enim
1533 4128 1702 4196 patris
1733 4127 1916 4200 fulget,
1950 4150 2122 4203 quatt-

520 4218 638 4265 ςιιιιπ
671 4210 801 4266 milii
829 4211 1062 4280 videtur,
1108 4213 1160 4268 in
1192 4215 1466 4272 canonicis
1495 4217 1681 4286 libris;
1705 4223 1985 4278 consilium
2010 4241 2119 4282 ina-

520 4300 622 4356 .tris
668 4299 721 4356 in
770 4302 1162 4359 universalibus
1202 4305 1446 4362 conciliis
1475 4311 1811 4379 continetur;
1853 4315 1941 4369 ubi
1989 4331 2120 4386 pro-

521 4397 707 4458 pterea
754 4391 844 4460 qui
876 4393 1206 4449 conveniunt
1251 4397 1382 4452 tales
1421 4402 1730 4456 sacerdotes
1777 4413 1975 4462 statuta
2021 4421 2118 4463 sua

527 4497 567 4535 Si
595 4481 889 4550 bscribuut,
923 4493 981 4540 ut
1009 4486 1227 4543 dubium
1257 4493 1364 4544 uo'n
1405 4492 1736 4564 relinquatur
1757 4511 1787 4551 a
1815 4499 2010 4566 quibus
2037 4508 2118 4556 est

517 4573 704 4629 diabita
733 4575 1022 4646 disputatio
1049 4599 1060 4634 :
1093 4592 1346 4638 creterum
1380 4563 1578 4654 prmter
1605 4587 1725 4643 illos
1757 4563 1847 4659 qui
1876 4599 2119 4648 statuunt
2149 4563 2197 4624 θ

517 4683 645 4734 qua:
671 4669 955 4723 statuenda
987 4681 1144 4739 sunt,
1184 4674 1364 4728 nullus
1393 4676 1540 4744 cogit
1567 4677 1704 4732 ultra
1733 4679 2074 4738 subscribere
2099 4698 2114 4749 ;

521 4761 770 4817 su'ficere
800 4764 941 4818 enim
969 4765 1238 4833 indicatur
1267 4767 1332 4820 ad
1367 4768 1576 4836 plenam
1608 4771 2072 4829 continuationem
2098 4815 2115 4842 ,

523 4855 570 4908 si
605 4855 858 4924 perducta
887 4857 936 4912 in
968 4858 1215 4914 notitiam
1243 4861 1406 4915 totius
1434 4863 1690 4920 Ecclesiae
1718 4867 1922 4921 uulluut
1950 4868 2119 4925 offen-

517 4947 754 5015 diculum
791 4960 1059 5018 moveant,
1096 4953 1182 5006 vel
1216 4953 1527 5009 scandalum
1564 4957 1840 5025 fratribus,
1869 4961 1961 5015 sed
1990 4977 2118 5031 apo-

514 5041 724 5096 stolicae
774 5040 894 5096 tidci
933 5043 1224 5101 convenire
1269 5044 1577 5115 firmentur,
1612 5051 1920 5120 aposmlicae
1967 5053 2114 5110 sedis

515 5131 768 5186 roborata
800 5145 1086 5186 consensu.

593 5223 680 5278 t0.
723 5221 980 5292 Dignetur
1009 5222 1186 5294 itaque
1218 5223 1488 5283 bratitudo
1519 5241 1691 5287 vestra
1719 5241 1827 5288 tres
1867 5233 1997 5290 istas
2029 5249 2114 5290 re-
2157 5233 2173 5250 '

511 5328 552 5388 ε
574 5317 666 5366 slus
695 5314 885 5367 ordine
916 5322 974 5369 et
1003 5327 1390 5389 scrtnone‘quo
1421 5323 1688 5390 pctuimus
1720 5326 1990 5380 iutimatas
2030 5327 2112 5381 di-

515 5405 747 5473 ligenter
776 5405 1055 5461 attendere
1078 5449 1091 5471 ,
1117 5417 1168 5461 et
1202 5407 1272 5478 (si
1315 5423 1492 5466 nostra
1529 5416 1702 5481 placet
1743 5415 1962 5470 burnilis
1992 5433 2112 5487 per-

514 5496 723 5566 suasio)
750 5497 1041 5553 custodire.
1077 5497 1144 5554 Ut
1173 5504 1383 5557 conz-ifii
1415 5504 1870 5563 Chalcedonensis
1922 5509 2006 5563 vel
2038 5509 2108 5565 si-

514 5589 721 5644 milium
755 5591 898 5645 nulla
927 5596 1236 5648 retractatio
1258 5596 1497 5664 placeat;
1525 5598 1620 5652 scd
1659 5616 1782 5670 quze
1808 5603 1974 5657 semel
1997 5610 2108 5657 sta-

487 5663 628 5735 ltuta
659 5693 803 5746 sunt,
839 5684 1149 5739 intemerata
1180 5700 1480 5744 serventur.
1519 5689 1585 5746 Ut
1609 5707 1704 5760 pro
1735 5695 1961 5748 mortuis
1995 5694 2106 5751 fra-

514 5776 691 5832 tribus
741 5777 880 5830 nulla
935 5795 1257 5846 gtncrcu‘ur
1312 5784 1444 5837 intr
1501 5784 1648 5841 νῖκος
1699 5787 1968 5843 scandala.
2035 5790 2096 5847 Ut

2234 1878 2474 1942 ritatem,
2504 1878 2551 1933 si
2584 1879 2758 1948 potuit
2787 1879 2904 1936 haec
2953 1896 3116 1951 parva
3147 1887 3431 1955 responsio
3475 1891 3851 1958 comprehen-

2233 1969 2362 2024 dere
2404 1971 2726 2039 veritatem;
2777 1983 2850 2040 et,
2901 1977 2946 2029 si
2996 1977 3212 2045 quidem
3258 1977 3547 2046 placuerit,
3583 1982 3848 2041 discretio

2234 2071 2409 2119 vestra
2439 2065 2734 2135 perpendat
2765 2073 2944 2122 utrum
2978 2068 3130 2138 prodi
3161 2068 3359 2127 debeat
3389 2074 3671 2130 fratribus.

2795 2198 3129 2255 EPISTOLA
3169 2200 3284 2257 VII.

2502 2327 2571 2366 ΔΙ)
2610 2326 2838 2367 REGINUI
2878 2328 3114 2368 COMITEM
3152 2331 3554 2374 PAR.£NETICUS.

2236 2404 2416 2471 Qualis
2440 2421 2549 2460 esse
2575 2405 2754 2486 debeat
2777 2406 2884 2460 dua;
2906 2407 3176 2486 religiosus
3198 2410 3249 2486 in
3290 2412 3483 2486 actibus
3506 2413 3844 2486 militaribus,

2547 2491 2634 2529 seu
2664 2477 2727 2528 de
2755 2486 2945 2545 septem
2981 2480 3171 2550 regulis
3197 2483 3520 2536 innocentiaz.

2308 2590 2357 2644 Ι.
2403 2590 2634 2645 Socialis
2681 2591 2802 2645 vitae
2847 2592 3122 2647 laboribus
3149 2597 3501 2664 exercendus,
3531 2599 3843 2669 ignorantia

2232 2684 2475 2753 pueritia:
2509 2699 2632 2738 mox
2683 2671 2741 2738 ut
2791 2686 3072 2740 rationalis
3107 2687 3266 2743 homo
3295 2693 3569 2759 caruerit,
3599 2705 3701 2749 aut
3729 2696 3845 2752 Dec

2232 2776 2439 2845 incipit,
2483 2777 2591 2853 dux
2648 2778 2870 2832 illustris
2899 2778 3125 2853 Regiue,
3177 2791 3271 2836 aut
3320 2784 3518 2839 saeculo
3573 2788 3843 2845 militare.

2233 2868 2461 2940 Propter
2503 2852 2605 2925 boc
2649 2871 2923 2940 apostolus
2972 2852 3203 2926 Paulus:
3249 2873 3436 2941 Nemo,
3469 2878 3567 2943 ait,
3599 2880 3842 2936 militans

2233 2958 2342 3015 Deo
2371 2961 2602 3030 implicat
2637 2979 2690 3016 se
2730 2963 2947 3031 negotiis
2973 2964 3304 3019 amarioribus
3348 2963 3442 3039 (11
3471 2967 3605 3025 Tim.
3639 2985 3702 3036 ιι,
3733 2971 3797 3043 4)
3824 2989 3842 3039 ς

2231 3051 2522 3106 ostendens
2549 3065 2673 3106 esse
2704 3051 2899 3107 milites
2930 3053 3043 3120 Dei,
3087 3056 3230 3108 sicut
3269 3067 3395 3110 sunt
3436 3058 3599 3112 etiam
3634 3061 3843 3117 milites

2233 3141 2436 3198 seculi.
2475 3142 2678 3213 Duplex
2703 3158 2832 3214 ergo
2864 3143 3054 3199 militia
3096 3145 3204 3200 duo
3240 3161 3436 3217 genera
3479 3151 3717 3206 militum
3761 3155 3842 3210 si-

2230 3241 2394 3303 gnat:
2427 3233 2565 3292 alios
2598 3233 2789 3292 militia
2815 3237 3114 3304 corporalis
3161 3239 3407 3297 laborare
3436 3257 3557 3298 cum
3594 3247 3840 3312 mundo,

2229 3327 2525 3381 secundum
2570 3328 2899 3382 Voluntatem
2944 3330 3144 3384 terreni
3183 3332 3324 3403 regis
3352 3337 3642 3406 astringit;
3697 3338 3844 3396 alius

2230 3419 2422 3474 militia
2472 3420 2733 3492 spiritalis
2775 3421 2845 3476 ad
2889 3423 3134 3478 cmlestia
3173 3437 3350 3480 castra
3400 3443 3494 3497 per
3538 3434 3842 3501 gratuitam

2227 3512 2456 3581 gratiam
2483 3513 2718 3568 ccelestis
2747 3513 3085 3584 imperatoris
3130 3515 3367 3572 adducit.
3407 3519 3603 3577 Milites
3645 3527 3846 3583 saeculi

2228 3605 2569 3674 passiouibus
2618 3615 2674 3661 et
2713 3605 3003 3662 desideriis
3050 3610 3212 3666 variis
3264 3619 3515 3669 tenentur
3560 3616 3843 3689 obnoxii;

2227 3696 2426 3751 milites
2480 3698 2570 3752 Dei
2615 3711 2834 3753 carnem
2882 3714 3033 3755 suam
3083 3705 3402 3775 crucifigunt
3441 3722 3563 3764 cum
3602 3710 3758 3766 vitiis
3788 3726 3845 3769 et

2225 3787 2700 3856 concupiscentiis.
2735 3789 2816 3856 Illi
2847 3791 3076 3862 dapibus
3106 3795 3458 3864 nutriuntur;
3497 3801 3583 3855 isti
3620 3803 3844 3860 virtuti-

2227 3877 2347 3934 bus.
2381 3878 2460 3934 Illi
2489 3895 2683 3949 rapere
2723 3882 2897 3938 aliena
2949 3895 3250 3953 conantur;
3298 3887 3385 3943 isti
3413 3890 3576 3944 etiam
3613 3897 3842 3963 propria

2228 3969 2310 4024 vel
2345 3972 2605 4038 patienter
2632 3974 2858 4042 perdere
2880 4017 2893 4040 ,
2925 3977 3008 4031 vel
3039 3977 3463 4037 misericorditer
3487 3989 3840 4043 contendunt

2224 4072 2474 4131 erogare.
2509 4062 2584 4116 Illi
2610 4065 2838 4133 pr0priis
2867 4066 3192 4124 utilitatibus
3221 4073 3541 4139 consulunt;
3569 4074 3662 4130 isti
3685 4093 3842 4134 com-

2224 4155 2495 4209 mit-nibus.
2531 4155 2608 4210 Illi
2639 4169 2830 4227 gerunt
2860 4160 3002 4216 unde
3027 4161 3177 4217 falsis
3203 4164 3449 4222 laudibus
3470 4170 3839 4244 extollantur;

2224 4243 2310 4297 isti
2340 4257 2589 4315 quierunt
2615 4250 2756 4304 unde
2783 4253 3132 4321 sempiternis
3181 4258 3417 4326 praemiis
3462 4243 3836 4322 bonorentur.

2225 4333 2334 4390 Illis
2366 4337 2545 4392 tribuit
2579 4339 2867 4411 imaginem
2893 4343 3092 4400 Letitize
3126 4347 3368 4417 vanitas;
3401 4349 3518 4406 istis
3547 4369 3676 4409 vera
3702 4374 3842 4413 cou-

2221 4427 2326 4482 fcrt
2356 4429 2550 4497 gaudia
2594 4432 2810 4485 veritas.
2860 4433 2938 4488 Illi
2993 4437 3286 4503 perituram
3334 4440 3591 4509 patriam,
3631 4451 3842 4515 pariter

2222 4517 2467 4586 perituri,
2518 4520 2728 4575 salvare
2775 4538 2839 4578 ac
2889 4538 3104 4596 semper
3154 4537 3339 4585 tenere
3389 4533 3678 4604 festinant;
3735 4539 3832 4598 isti

2223 4629 2493 4683 nunquam
2520 4617 2835 4685 perituram,
2865 4637 2932 4676 tte
2960 4621 3014 4676 in
3045 4632 3308 4680 mlemum
3349 4639 3594 4696 pereant,
3648 4638 3838 4702 possi-

2221 4703 2351 4759 dere
2377 4705 2702 4760 desiderant.
2739 4709 2847 4763 Illis
2881 4711 3063 4768 vivere
3113 4715 3263 4770 labor
3287 4726 3388 4784 est,
3422 4732 3474 4774 et
3506 4725 3647 4778 mori
3694 4741 3841 4797 sup-

2224 4795 2481 4865 plicium;
2516 4797 2631 4852 istis
2662 4799 2842 4855 vivere
2865 4799 3109 4859 Christus
3153 4814 3256 4876 est,
3309 4818 3362 4862 et
3403 4813 3540 4865 mori
3591 4795 3840 4874 lucrum.

2223 4885 2302 4939 Illi
2331 4888 2639 4956 prmliautur
2668 4899 2853 4945 contra
2888 4891 3137 4971 inimicos
3171 4898 3410 4954 visibiles
3441 4920 3454 4967 ;
3508 4903 3595 4958 isti
3625 4919 3834 4965 ciuitra

2225 4977 2548 5034 invisibiles.
2577 4980 2700 5036 Illos
2727 4985 2946 5037 avaritia
2975 4987 3253 5054 crudeles;
3284 4992 3412 5046 iStos
3449 4995 3841 5062 misericordia

2223 5066 2352 5123 facit
2378 5069 2654 5140 benignos.
2688 5071 2813 5128 Illos
2843 5073 3043 5132 invidia
3073 5079 3474 5151 contentiosos;
3505 5086 3636 5140 istos
3669 5105 3842 5146 uian-

2217 5165 2453 5219 suetudo
2483 5167 2754 5237 paciﬁcos.
2787 5169 2863 5223 Illi
2897 5185 2994 5239 per
3022 5172 3332 5242 superbiam
3377 5193 3474 5247 pro
3502 5180 3613 5234 suis
3643 5182 3842 5241 liomi-

2223 5255 2381 5310 nibus
2428 5257 2677 5330 litigant;
2734 5259 2820 5314 isti
2869 5275 2965 5330 per
3010 5262 3365 5320 humilitatem
3407 5269 3542 5324 alter
3586 5272 3841 5332 alterum

2221 5349 2531 5405 existimant
2557 5353 2891 5422 superiorem
2919 5355 3044 5411 sibi.
3095 5356 3198 5414 Per
3246 5359 3364 5416 illos
3405 5361 3696 5433 Babylonia
3737 5383 3837 5425 re-

2218 5441 2398 5510 gitur;
2438 5458 2532 5514 per
2563 5443 2695 5498 istos
2719 5452 2773 5498 et
2817 5445 2868 5499 in
2910 5445 3024 5502 istis
3052 5462 3083 5501 a
3119 5450 3346 5505 Domino
3374 5451 3670 5510 Jerusalem
3706 5474 3840 5517 cce.

2219 5531 2367 5587 Iestis
2393 5534 2818 5591 administratur.
2857 5537 2922 5591 Et
2953 5537 3269 5609 plerumque
3299 5545 3555 5614 contingit
3580 5557 3641 5601 ut
3688 5565 3837 5608 cor-

2217 5623 2434 5692 poribus
2466 5625 2683 5679 adunati
2733 5627 3002 5698 (quamvis
3051 5633 3318 5689 tueutibus
3360 5637 3613 5709 separati)
3646 5641 3835 5702 simul

2215 5715 2410 5772 milites
2447 5717 2537 5774 Dei
2569 5728 2623 5773 ct
2653 5720 2848 5776 milites
2876 5723 3057 5777 smculi
3089 5727 3469 5794 prosperitates
3514 5742 3567 5786 et
3598 5734 3828 5793 adver-

2212 5807 2394 5867 sitatcs
2427 5812 2657 5871 sentiant
2692 5817 3031 5882 temporales.
3083 5818 3188 5876 Sed
3236 5823 3430 5880 milites
3461 5829 3647 5884 sate-ult
3681 5846 3825 5900 pro-
