4070 6552
278 384 384 441 920

1457 384 1812 441 EPISTULA“.
1852 385 1939 440 ΕΤ
1978 380 2359 444 OPUSLULA.

3463 401 3567 456 920

279 502 508 567 Speritas
557 474 805 566 extollit,
855 502 1150 557 adversitas
1191 499 1419 572 dejicit;
1462 502 1662 556 milites
1689 509 1868 553 autem
1903 500 1950 558 Α
1977 497 2166 554 similis
2214 499 2339 554 data
2392 510 2475 556 est
2521 503 2817 559 auctoritas
2868 505 3192 575 dignitatis?
3222 518 3309 561 aut
3342 507 3424 563 vel
3456 511 3569 579 ipsa

281 592 396 658 Dei,
425 592 537 647 sive
570 592 619 645 in
652 595 1030 662 prosperitate,
1078 595 1198 650 sive
1240 595 1292 648 in
1323 594 1649 648 adversitate
1681 594 1871 645 immn-

279 681 415 736 bilcs
460 695 841 751 perseverant;
881 686 1002 755 quia
1042 686 1213 756 gloria
1265 702 1452 740 eorum
1500 684 1868 738 testimonium

279 784 359 829 est
404 775 751 831 conscientia:
798 777 1072 846 ipsorum;
1123 780 1210 833 ubi
1262 779 1609 848 requiescunt
1654 776 1870 845 quando

280 866 652 923 tribulationes
670 870 866 937 patitur
895 872 1160 935 mundus;
1192 870 1281 924 nbi
1316 886 1419 922 non
1448 870 1636 923 timent
1660 867 1875 921 hostem

282 961 625 1014 continentiae
654 964 886 1028 perpeti,
914 962 1129 1030 quando
1157 961 1393 1029 suppetit
1421 958 1748 1013 abundantia
1781 972 1875 1017 vo-

282 1051 576 1120 luptatum,
611 1052 679 1106 de
710 1053 891 1107 radice
921 1054 1232 1121 temporalis
1264 1053 1534 1108 felicitatis
1562 1051 1873 1122 germinans

282 1148 467 1217 spinas
495 1145 823 1215 cupiditatis.
870 1149 1066 1202 Milites
1110 1149 1200 1201 Dei
1236 1146 1465 1201 libenter
1491 1146 1713 1199 audiunt
1743 1146 1871 1198 bea-

282 1252 393 1297 tum
422 1241 681 1296 Joannem
729 1241 1182 1294 commilitonibus
1226 1239 1454 1307 propriis
1500 1237 1623 1290 tuba
1653 1236 1876 1289 fortiore

283 1333 645 1389 clamantem:
689 1331 867 1385 Nolite
906 1333 1121 1403 diligere
1168 1331 1436 1394 mundum,
1481 1343 1644 1398 neque
1672 1343 1733 1381 ea
1763 1341 1878 1396 quia

284 1425 337 1479 in
366 1425 556 1478 mundo
582 1434 718 1478 sunt.
754 1424 815 1479 Si
844 1427 957 1493 quis
982 1423 1155 1495 diligit
1183 1423 1451 1486 mundum,
1497 1436 1601 1475 non
1641 1430 1715 1473 est
1749 1420 1878 1471 cliu-

284 1516 410 1570 ritas
438 1514 610 1569 Patris
630 1515 684 1568 in
732 1532 827 1579 eo;
856 1517 1099 1583 quoniam
1128 1530 1276 1568 omne
1306 1516 1447 1586 quod
1477 1514 1529 1565 in
1560 1514 1751 1564 mundo
1778 1520 1876 1579 est,

285 1606 697 1675 concupiscentia
726 1606 896 1657 carnis
925 1616 997 1659 est
1021 1646 1035 1668 ,
1074 1615 1122 1659 et
1149 1605 1561 1679 concupiscentia
1592 1604 1873 1665 oculorum,

286 1707 332 1752 et
358 1698 566 1750 ambitio
592 1697 786 1761 circuli,
818 1714 933 1766 quin
961 1713 1061 1750 non
1091 1708 1164 1750 est
1195 1711 1258 1750 ea:
1279 1695 1457 1758 Patre,
1485 1697 1574 1748 sed
1601 1710 1664 1749 ea:
1689 1694 1881 1749 mundo

287 1798 382 1843 est.
416 1788 485 1843 Et
512 1788 734 1842 mundus
758 1790 942 1841 transit
978 1798 1023 1841 et
1052 1787 1465 1857 concupiscentia
1486 1789 1599 1857 ejus
1624 1799 1644 1839 :
1678 1786 1766 1853 qui
1789 1801 1884 1836 au—

1974 589 2160 643 saltcm
2185 592 2612 649 conversationis
2637 596 2945 651 innocentia
2970 598 3089 650 talis
3112 606 3196 651 est
3223 598 3381 663 mihi,
3409 616 3568 668 quem

1974 682 2261 752 praeteritis
2315 700 2379 739 ac
2426 688 2795 755 praisentibus
2856 688 3174 742 excessibus
3238 689 3567 755 implicatum

1973 775 2169 830 mentis
2220 778 2422 846 pariter
2471 789 2527 835 et
2574 781 2820 848 corporis
2860 791 3049 850 gravat
3077 781 3403 836 infirmitas?
3430 785 3568 849 Quid

1970 857 2138 937 igitur
2166 869 2393 924 faciam?
2430 869 2563 925 Volo
2590 873 2902 927 satisfacere
2924 874 3191 928 desiderio
3220 884 3330 937 tuo,
3364 889 3463 930 nec
3484 892 3575 928 va-

1979 957 2100 1013 leo:
2155 961 2390 1017 maxime
2418 961 2634 1031 quando
2675 963 2918 1031 cogitans
2954 971 3011 1019 et
3054 974 3351 1019 retractans
3385 969 3572 1021 merita

1979 1050 2318 1119 iniquitatum
2350 1068 2616 1117 mearum,
2646 1056 2913 1123 superbia
2940 1060 3245 1124 proximum
3274 1058 3455 1125 judico
3481 1062 3575 1113 du-

1979 1158 2102 1197 cere
2145 1144 2278 1199 alios
2322 1161 2417 1215 per
2459 1145 2685 1215 iustitia:
2731 1150 2954 1203 semitas
3007 1164 3102 1218 per
3130 1164 3262 1219 quas
3305 1154 3419 1220 ipse
3467 1169 3572 1207 non

1978 1234 2212 1290 ambulo.

2053 1326 2107 1380 5.
2145 1326 2232 1380 Va:
2260 1327 2390 1381 milii
2420 1327 2638 1393 misero,
2671 1329 2841 1385 donec
2877 1331 3199 1386 misereatur
3239 1333 3573 1390 Altissimus.

1986 1416 2127 1472 Ecce
2148 1434 2247 1488 ego
2270 1420 2475 1474 militiai
2499 1422 2875 1477 ecclesiastica:
2900 1422 3125 1478 vinculis
3145 1425 3411 1494 alligatus,
3435 1427 3579 1482 curis

1984 1511 2618 1582 smcularibus'diSsipor;
2651 1524 2704 1569 ct
2728 1516 2996 1584 quomodo
3027 1516 3081 1569 in
3101 1520 3299 1572 saiculo
3329 1519 3579 1574 militanti

1987 1602 2193 1656 militia:
2225 1605 2486 1673 spiritalis
2519 1606 2745 1660 audeam
2779 1607 2946 1675 legem
2978 1608 3304 1662 ostendere?
3357 1610 3580 1663 Ploran-

1986 1695 2185 1751 dumne
2218 1696 2345 1751 tnibi
2389 1708 2491 1763 est,
2547 1714 2615 1751 an
2649 1699 3013 1767 loquendum?
3057 1699 3172 1753 Vita
3201 1699 3422 1754 alterius
3452 1715 3580 1755 eru-

1989 1786 2181 1840 dienda
2210 1788 2441 1854 videtur,
2476 1803 2560 1867 .an
2601 1804 2720 1844 mea
2770 1790 2946 1859 potius
2994 1792 3348 1861 corrigenda?
3404 1793 3582 1847 Virtus

288 1894 389 1938 mu
427 1883 553 1953 facit
582 1884 894 1938 voluntatem
929 1881 1019 1934 Dei
1039 1922 1053 1945 ,
1090 1890 1261 1935 manet
1288 1882 1340 1934 in
1368 1888 1618 1934 internum
1642 1876 1696 1949 (1
1721 1877 1880 1931 Joan.
1914 1883 1964 1945 Β
1994 1879 2161 1945 prima
2188 1889 2303 1947 est,
2337 1879 2473 1934 bene
2499 1880 2710 1946 vivere;
2758 1881 2993 1936 secunda
3025 1893 3127 1949 est,
3164 1894 3310 1939 recte
3338 1884 3535 1962 dueere
3563 1902 3578 1939 :

289 1990 347 2041 η,
398 1975 602 2042 Ili-l7).
640 1974 846 2041 Quibus
904 1972 1244 2026 audientibus
1293 1981 1454 2041 atque
1507 1969 1882 2025 obedientibus

290 2067 414 2124 huic
460 2067 830 2130 saluberrima:
858 2065 1254 2130 admonitioni,
1288 2065 1502 2134 quoties
1529 2063 1740 2118 occulta
1773 2062 1883 2116 dis-

291 2161 535 2233 pensatio
576 2158 801 2228 piissimi
828 2158 1103 2213 Creatoris
1152 2166 1472 2226 potestatem
1512 2154 1789 2233 judicandi
1818 2167 1882 2210 ac

292 2252 611 2322 imponendi
654 2262 922 2307 terrenam
970 2251 1354 2321 rempublicam
1403 2251 1627 2316 tribuit.
1662 2232 1789 2305 tunc
1817 2263 1883 2304 ex

293 2352 444 2415 parte
474 2340 664 2397 militia
688 2343 873 2397 seaculi
904 2357 1011 2397 non
1042 2353 1125 2397 est
1163 2343 1503 2413 gravioribus
1526 2343 1723 2397 referta
1748 2355 1886 2412 pec-

293 2436 458 2491 catis:
495 2445 621 2491 tunc
648 2435 805 2491 facile
840 2436 1205 2505 corripiuntur
1237 2436 1492 2505 inquieti,
1538 2435 1887 2489 consolantur

295 2532 686 2599 pusillanimes,
716 2532 1086 2601 suscipiuntur
1119 2530 1349 2595 infirmi;
1380 2528 1593 2583 licentia
1624 2530 1885 2582 scelerum

291 2623 529 2677 demitur
558 2623 836 2693 improbis,
863 2634 917 2678 et
938 2622 1078 2677 bene
1106 2621 1297 2692 agendi
1325 2620 1549 2676 sortitur
1580 2620 1887 2675 innocentia

293 2712 618 2772 libertatem.

365 2806 421 2861 2.
463 2806 732 2876 Rogemus
760 2820 890 2875 ergo
911 2805 1160 2875 precibus
1181 2788 1414 2861 assiduis
1442 2817 1566 2858 eum
1589 2803 1677 2873 qui
1704 2802 1890 2872 (ἰὶερθο

300 2897 376 2953 nit
403 2897 589 2952 orbem
621 2907 777 2953 terrai
801 2899 854 2951 in
879 2896 1151 2967 arquitate,
1186 2895 1390 2951 faciens
1412 2895 1662 2949 universa
1697 2907 1893 2949 secun-

301 2992 429 3046 dum
487 2990 769 3044 consilium
824 2991 1111 3045 voluntatis
1155 3002 1303 3053 suae;
1355 2988 1608 3056 quoniam
1661 2987 1729 3041 de
1776 2988 1893 3055 ipso

302 3080 583 3135 Psaltnista
612 3072 880 3135 Veraciter
912 3084 1055 3135 canit
1081 3098 1092 3132 :
1144 3080 1333 3134 Omnia
1370 3095 1683 3149 qna'cunque
1709 3077 1890 3144 voluit,

303 3172 421 3241 {erit
443 3174 492 3224 in
520 3171 642 3225 mlo
672 3180 714 3225 et
744 3172 796 3224 in
827 3181 992 3235 terra,
1025 3172 1078 3225 in
1108 3172 1241 3224 muri
1271 3183 1316 3223 ιιι
1348 3172 1398 3224 in
1426 3170 1662 3224 omnibus
1697 3169 1895 3238 abyssi:

1987 1973 2187 2025 frustra
2213 1981 2389 2026 autem
2437 1983 2581 2028 recte
2624 1971 2805 2041 docet,
2837 1976 2927 2043 qui
2957 1974 3095 2030 bene
3136 1992 3242 2030 non
3276 1980 3399 2031 vivit
3428 1993 3443 2044 ;
3481 1992 3582 2046 ego

1988 2074 2117 2132 ergo
2148 2063 2374 2119 necdum
2409 2065 2544 2119 bene
2572 2069 2778 2132 vivens,
2811 2068 3082 2136 quomodo
3130 2079 3277 2122 recte
3314 2071 3583 2123 doceam?

1993 2155 2378 2214 Verumtamen
2425 2158 2547 2226 quia
2598 2173 2704 2213 non
2749 2158 2911 2214 homo
2949 2159 3110 2214 ducet
3144 2160 3452 2226 hominem,
3489 2162 3583 2215 aed

1992 2248 2133 2303 Deus
2160 2248 2349 2303 doctor
2376 2259 2460 2305 est
2493 2252 2756 2315 omnium.
2792 2268 2892 2306 nec
2923 2252 3154 2307 humana
3183 2256 3455 2321 mandata,
3487 2255 3586 2309 sed

1993 2341 2171 2394 divina
2218 2341 2415 2408 quaeris
2461 2343 2648 2396 audire
2672 2382 2688 2407 ,
2739 2344 3057 2410 praeteriens
3095 2346 3273 2413 qualis
3312 2359 3414 2413 ego
3440 2360 3585 2411 sum,

1992 2448 2258 2503 cognosce
2304 2435 2476 2504 qualis
2504 2449 2626 2490 esse
2665 2436 2899 2501 debeas;
2949 2439 3058 2492 imo
3087 2446 3264 2507 potius
3295 2441 3505 2508 qualem
3535 2450 3587 2495 te

1994 2540 2116 2581 esse
2146 2526 2303 2582 nobis
2328 2528 2786 2596 congaudentibus
2815 2530 3071 2599 gzzudeas.
3346 2572 3353 2577 .
3550 2578 3559 2587 .

2070 2617 2125 2672 1°
2173 2617 2370 2673 Gratia:
2418 2618 2511 2673 Dei
2560 2619 2889 2689 adjuturium
2937 2619 3031 2677 tibi
3078 2620 3443 2677 necessarium
3494 2637 3588 2690 per

1995 2718 2148 2764 actus
2190 2710 2427 2779 singulos
2467 2710 2646 2777 crede,
2688 2710 2872 2765 dicens
2910 2726 3031 2765 cum
3064 2711 3329 2780 Apostolo
3357 2729 3370 2764 :
3402 2708 3593 2766 Gratia

1995 2800 2094 2856 Dei
2123 2818 2236 2856 sum
2263 2803 2317 2856 id
2343 2802 2480 2873 quod
2504 2820 2614 2856 sum
2643 2801 2695 2874 (1
2719 2803 2835 2858 Cor.
2863 2819 2948 2872 xv,
2977 2804 3086 2873 10).
3113 2802 3171 2856 2⁸
3200 2803 3317 2859 Vita
3348 2814 3433 2858 tua
3464 2819 3590 2873 spe-

1996 2896 2177 2948 culum
2205 2895 2295 2961 sit,
2322 2895 2411 2949 ubi
2435 2894 2634 2950 milites
2662 2896 2733 2948 tui
2758 2895 2974 2949 videant
2999 2896 3124 2965 quid
3151 2910 3312 2966 agere
3338 2896 3589 2950 debeant.

1998 2981 2056 3039 5⁸
2103 2985 2219 3040 Non
2271 3001 2504 3055 prmesse
2555 2999 2813 3057 appetas,
2852 2988 2945 3040 sed
2993 2987 3267 3054 prodesse.
3321 2987 3378 3038 4°
3419 2986 3590 3055 Dilige

1999 3078 2382 3146 rempublicam
2416 3078 2557 3133 sicut
2584 3087 2635 3132 te
2663 3079 2859 3146 ip-um.
2889 3076 2944 3130 5°
2970 3077 3229 3132 lluinanis
3249 3077 3429 3131 divina
3454 3093 3591 3147 pra:-

2001 3185 2161 3241 pone.
2208 3169 2264 3224 6°
2301 3169 2418 3225 Noli
2467 3186 2591 3226 esse
2635 3170 2862 3226 multum
2909 3170 3105 3239 justus.
3159 3169 3215 3222 τ’
3249 3171 3513 3224 Memento
3543 3178 3594 3225 te

304 3264 422 3335 (Ps.
448 3281 666 3328 cxutv,
698 3265 788 3333 6);
824 3274 879 3319 ut
922 3264 1172 3319 videlicet
1202 3264 1400 3318 milites
1425 3277 1554 3318 suos
1581 3261 1681 3317 sub
1711 3260 1895 3315 habitu
1930 3251 1972 3308 C
2004 3279 2125 3318 esse
2151 3262 2543 3317 Chrisuanum.

303 3358 509 3413 tnilitire
561 3358 833 3412 saecularis
890 3338 1117 3412 latcrries
1167 3370 1484 3427 promovere
1532 3356 1781 3424 dignetur
1827 3353 1897 3406 ad

305 3453 564 3505 maximas
596 3451 932 3521 dignitates:
984 3465 1174 3520 regens
1218 3466 1313 3505 eos
1362 3449 1525 3515 intus,
1572 3460 1627 3503 et
1673 3445 1897 3517 regendi

304 3546 441 3600 alios
481 3546 760 3601 scientiam
810 3545 1083 3608 tribuens;
1132 3544 1272 3599 sic-..-t
1300 3543 1391 3599 tibi
1420 3558 1655 3613 quoque,
1683 3543 1789 3597 dux
1834 3540 1900 3594 il-

305 3635 490 3691 lustris
523 3636 746 3706 Regius,
765 3638 878 3706 jam
907 3637 1137 3692 donasse
1160 3636 1519 3705 cognoscitur.
1548 3634 1613 3688 Et
1640 3633 1761 3689 ideo
1785 3633 1899 3686 Iau-

305 3727 465 3783 dabili
515 3729 873 3785 sollicitudine
902 3730 1227 3783 venerabilis
1254 3726 1525 3783 memorie
1558 3726 1897 3797 Fulgentium

307 3824 614 3893 pontificem
667 3821 966 3889 ὶὶιιειιειιείε
1024 3822 1281 3877 Ecclesiae
1336 3820 1677 3891 interrogasti
1727 3820 1901 3887 qualis

308 3914 400 3971 tibi
433 3914 752 3969 militaribus
783 3915 991 3971 actibus
1021 3922 1283 3983 occupato
1323 3914 1504 3983 regula
1536 3912 1604 3966 sit
1643 3910 1901 3980 spiritalis

307 4007 566 4075 propositi
618 4007 917 4062 retinenda.
969 4006 1255 4076 Sapienter
1304 4006 1547 4076 profecto
1581 4020 1899 4074 responsum

307 4099 644 4167 sapientiam
695 4101 940 4168 sapiente
988 4100 1302 4169 qumsieras,
1356 4115 1455 4154 nec
1509 4098 1899 4170 interroganti,

310 4206 410 4245 nec.
442 4191 770 4261 interrogato
814 4202 1001 4248 sancta
1046 4192 1327 4263 prudentia
1360 4191 1548 4247 deluit.
1582 4192 1647 4246 Et
1676 4201 1728 4245 tu
1757 4189 1902 4261 quod

311 4283 401 4338 ille
430 4283 629 4339 docens
660 4295 888 4353 poterat,
919 4284 1032 4355 j-Inl
1058 4287 1324 4354 gerebas;
1367 4296 1420 4341 et
1449 4286 1536 4340 ille
1575 4284 1678 4339 hoc
1706 4285 1904 4343 docere

310 4387 522 4446 poterat
549 4376 690 4446 quod
721 4384 774 4431 tu
804 4377 1052 4443 gerebas,
1078 4387 1134 4432 ut
1166 4393 1345 4433 mores
1378 4386 1498 4432 tuus
1525 4386 1578 4431 tu
1606 4377 1659 4430 in
1694 4392 1903 4432 sermo-

310 4469 468 4523 nibus
496 4467 545 4539 cj
574 4484 614 4522 es
642 4483 987 4539 agnosceres,
1018 4478 1073 4523 ct
1092 4484 1375 4525 sermones
1405 4484 1533 4524 suos
1573 4471 1662 4524 ille
1693 4487 1757 4523 ex
1797 4472 1902 4524 tuis

310 4561 553 4619 moribus
582 4560 925 4630 approbaret.
956 4560 1112 4615 Modo
1142 4572 1318 4615 autem
1360 4561 1481 4630 quia
1522 4561 1800 4629 semipleni
1838 4561 1901 4614 li-

2074 3352 2299 3411 V’idetnr
2327 3357 2469 3411 enim
2503 3355 2632 3411 mihi
2664 3371 2758 3424 per
2790 3356 2884 3411 bas
2917 3365 3118 3425 septem
3147 3354 3356 3424 regulas
3386 3355 3439 3408 in
3467 3355 3598 3408 a.~ti-

2004 3450 2103 3505 bus
2134 3432 2459 3504 militaribus
2486 3465 2644 3519 posse
2682 3450 2925 3506 homines
2953 3464 3073 3505 esse
3102 3449 3372 3520 spiritales
3403 3459 3457 3503 et
3488 3451 3599 3504 Deo

2005 3542 2247 3612 placere;
2298 3542 2612 3611 nullumque
2652 3540 2990 3611 dislzendium
3031 3542 3142 3610 pati
3178 3557 3391 3596 morum
3431 3543 3594 3611 bono-

2007 3648 2168 3705 rum,
2217 3633 2313 3687 sed
2378 3633 2638 3702 prolicere
2686 3635 2863 3702 potius
2915 3632 2980 3687 ad
3022 3633 3351 3688 incrementa
3393 3634 3598 3701 majora

2002 3724 2243 3797 iustitiae.
2293 3726 2347 3783 Si
2398 3727 2478 3780 vis
2518 3740 2646 3794 ergo
2684 3725 2951 3795 perfectus
2982 3740 3103 3779 esse
3148 3725 3303 3779 miles
3332 3724 3429 3778 Dei
3458 3722 3602 3777 inter

2007 3820 2207 3875 milites
2233 3819 2412 3873 seaculi
2442 3861 2453 3883 ,
2491 3826 2610 3870 tene
2638 3816 2863 3871 ﬁrmiter
2892 3818 3034 3886 quod
3072 3816 3308 3870 diximus
3338 3814 3596 3869 breviter.

2006 3910 2063 3967 Si
2093 3911 2232 3964 enim
2265 3910 2493 3980 gratiam
2522 3908 2849 3975 conlitraris,
2878 3905 3184 3974 requiescet
3213 3920 3372 3972 super
3401 3913 3452 3959 te
3480 3904 3601 3971 Spi-

2008 4006 2144 4061 ritus
2169 4004 2376 4059 timoris
2407 4002 2637 4055 Domini.
2680 4001 2738 4055 Si
2773 4003 2876 4053 vita
2916 4007 3002 4054 tua
3042 3997 3319 4067 speculum
3365 3999 3471 4063 sit,
3507 3997 3596 4050 ubi

2009 4097 2209 4153 milites
2237 4096 2453 4150 videant
2478 4094 2605 4165 quid
2635 4108 2792 4162 agere
2819 4093 3074 4157 debeant,
3108 4088 3411 4159 requiescet
3437 4102 3605 4157 super

2012 4200 2063 4245 te
2084 4189 2314 4261 Spiritus
2342 4185 2575 4258 pietatis.
2608 4186 2665 4240 Si
2694 4200 2797 4238 non
2824 4198 3057 4253 prter-sse
3078 4190 3325 4252 appetas,
3360 4181 3451 4235 sed
3478 4196 3600 4248 pro-

2010 4283 2192 4347 desse,
2216 4282 2518 4352 requiescet
2541 4294 2704 4346 super
2730 4291 2779 4331 te
2799 4276 2857 4345 Si
2878 4274 3031 4331 iritus
3054 4274 3314 4329 St-icntim.
3344 4273 3433 4327 llle
3456 4274 3599 4326 enim

2009 4378 2111 4434 scit
2142 4389 2401 4447 praeesse,
2432 4374 2523 4442 qui
2550 4374 2661 4425 vult
2694 4369 2973 4440 prodesse.
3004 4367 3059 4423 Si
3089 4367 3279 4436 diligas
3304 4365 3602 4434 rempubli-

2009 4450 2126 4528 cam
2160 4470 2296 4524 sicut
2324 4477 2375 4521 te
2406 4468 2601 4536 ipsum,
2636 4464 2935 4532 requiescet
2958 4475 3122 4529 super
3149 4470 3199 4514 te
3230 4458 3461 4528 Spiritus
3492 4456 3605 4511 for-

2008 4548 2275 4621 titudinis.
2331 4560 2387 4616 Si
2428 4559 2674 4614 humanis
2719 4557 2898 4611 divina
2948 4570 3272 4626 praeponas,
3305 4551 3607 4621 requiescet

311 4653 436 4707 belli
486 4651 800 4721 imperfecta
842 4653 1083 4719 dii-tatio,
1128 4655 1257 4708 nii.il
1289 4655 1412 4709 huic
1460 4664 1561 4708 tua:
1607 4654 1891 4723 interroga-

2010 4675 2170 4728 snper
2211 4667 2262 4712 te
2290 4657 2523 4725 Spiritus
2559 4651 2789 4708 consilii.
2836 4650 2896 4707 Si
2942 4650 3172 4704 libenter
3213 4647 3440 4702 audias:
3474 4644 3605 4700 Noli

310 4746 447 4801 lieni
473 4746 815 4816 C(lgﬂOSCllur
843 4747 1187 4815 respondisse
1213 4747 1495 4816 (principia
1520 4748 1660 4803 enim
1683 4747 1903 4817 gloriosi

308 4840 514 4907 aperis,
560 4838 784 4907 primam
815 4841 1167 4906 quaistioncm
1203 4840 1500 4894 litteratum
1533 4848 1742 4893 tuarum
1782 4838 1904 4892 diu-

312 4930 420 4985 tius
447 4931 741 4984 ventilant:
796 4930 984 4984 Utrum
1019 4944 1147 4986 caro
1179 4931 1377 4985 Christi
1425 4930 1793 5000 corruptibilis
1838 4945 1903 4984 an

311 5022 736 5092 incorruptibilis
776 5021 974 5087 fuerit;
1018 5023 1159 5077 unde
1202 5025 1377 5078 adhuc
1405 5023 1686 5094 disputans
1718 5025 1905 5079 doctor

312 5113 406 5168 ille
436 5113 700 5184 egregius,
741 5125 1026 5182 antequam
1062 5113 1286 5168 fideliter
1315 5115 1523 5168 ratione
1548 5114 1668 5169 fidei
1696 5115 1901 5171 reddita

312 5206 384 5262 de
412 5206 622 5261 actibus
648 5207 969 5261 militaribus
1000 5222 1119 5261 cum
1155 5208 1348 5274 pietate
1380 5208 1669 5262 tractandis
1702 5207 1906 5276 int-ipe-

313 5307 402 5353 ret
430 5297 594 5369 loqui,
620 5298 863 5351 transivit
892 5300 955 5350 ad
987 5310 1205 5352 interna:
1238 5297 1585 5352 beatitudinis
1631 5299 1905 5352 immorta-

311 5390 385 5446 lia
425 5391 637 5462 gaudia,
678 5391 913 5447 Verbum
963 5393 1076 5457 Dei,
1111 5392 1250 5459 quod
1287 5392 1338 5446 in
1371 5393 1533 5447 corde
1567 5402 1621 5448 rt
1649 5409 1741 5448 ore
1767 5409 1907 5448 scru-

314 5498 411 5553 per
441 5483 625 5539 habuit
655 5485 788 5539 faeie
817 5486 882 5539 ad
913 5484 1101 5541 faciem
1131 5488 1610 5556 conteinplaturus)
1639 5527 1654 5552 ,
1705 5503 1907 5557 tmpor-

313 5575 535 5630 labilem
585 5578 848 5632 εει-εἱειεηι
898 5594 1058 5647 sn,er
1110 5580 1365 5635 humeros
1396 5580 1601 5636 debiles
1638 5581 1815 5649 ponis,
1849 5589 1909 5635 ut

315 5681 405 5722 me
446 5668 635 5737 iubeas
686 5672 812 5723 tanti
866 5672 961 5725 viii
1026 5673 1176 5741 quasi
1234 5673 1623 5727 ba‘reditarium
1672 5675 1907 5728 debitum

314 5760 549 5816 Solvere.
581 5762 825 5832 Nunquid
851 5779 946 5833 ego
975 5766 1051 5819 sic
1079 5765 1315 5834 repletus
1338 5784 1451 5819 sum
1481 5767 1742 5832 sapit-uta
1767 5769 1902 5821 sicut

319 5853 411 5908 ille
431 5856 453 5905 ’ξ
478 5854 682 5927 Nunqui
708 5859 717 5907 Ι
750 5857 939 5913 eadem
974 5857 1100 5912 mihi
1128 5858 1349 5924 iaculans
1380 5860 1578 5930 eloqui
1604 5862 1625 5914 ?
1654 5860 1900 5929 Numqui]

2011 4770 2118 4809 esse
2147 4751 2365 4805 multum
2398 4753 2603 4823 justus,
2638 4746 2940 4815 requiescet
2984 4758 3145 4811 super
3180 4751 3230 4796 te
3260 4742 3491 4809 Spiritus
3519 4738 3604 4790 in-

2013 4848 2280 4902 tellectus.
2312 4843 2368 4899 Si
2402 4841 2713 4896 memineris
2745 4848 2796 4892 te
2822 4852 2943 4892 esse
2973 4834 3355 4895 Christianum,
3391 4830 3605 4921 requie-

2011 4950 2123 4995 seet
2150 4953 2308 5006 Super
2338 4944 2390 4990 te
2417 4934 2650 5000 Spiritus
2677 4928 2956 4999 sapientite
2988 4945 3001 4993 ;
3054 4936 3107 4981 et
3147 4941 3243 4995 per
3273 4922 3607 4993 septiforniis

2011 5031 2244 5103 Spiritus
2274 5026 2653 5083 abundantiam
2701 5020 3006 5075 misericors
3050 5019 3191 5072 Deus
3237 5017 3416 5086 (sicut
3445 5030 3601 5069 vera-

2013 5126 2230 5180 cissime
2257 5123 2414 5177 amici
2445 5120 2527 5177 sui
2560 5117 2878 5173 ﬁdelissimo
2907 5113 3011 5170 Job
3050 5111 3331 5178 dixerunt)
3371 5127 3381 5160 :
3418 5105 3484 5160 In
3513 5122 3602 5161 seu

2009 5214 2426 5269 tribulationibus
2464 5210 2694 5265 liberabit
2736 5219 2821 5271 te;
2870 5206 2922 5259 in
2965 5205 3181 5271 septima
3218 5217 3317 5253 nou
3357 5208 3526 5269 lm‘g't
3558 5209 3607 5252 te

2011 5310 2226 5362 ma'um.
2260 5305 2326 5360 In
2353 5307 2485 5376 fume
2512 5314 2649 5358 eruet
2672 5312 2721 5363 te
2740 5301 2802 5354 de
2825 5308 3001 5365 morte,
3029 5306 3071 5351 et
3099 5295 3151 5349 in
3179 5293 3329 5358 bello,
3357 5293 3420 5347 de
3450 5313 3506 5344 ml
3532 5309 3603 5347 nu

2012 5402 2075 5470 gli
2102 5400 2197 5453 dii.
2252 5402 2292 5451 Α
2326 5397 2537 5467 ﬂagello
2567 5397 2755 5463 lingua:
2802 5390 3127 5445 absconderis
3151 5430 3165 5455 ,
3198 5398 3245 5441 et
3275 5404 3375 5439 non
3407 5386 3608 5442 timebis

2018 5492 2359 5546 calain'tutem
2388 5505 2503 5542 cum
2532 5488 2742 5540 venerit.
2787 5481 2850 5536 In
2882 5485 3111 5536 vastitate
3145 5489 3193 5532 et
3224 5479 3359 5547 [ante
3392 5477 3607 5541 ridebis,

2018 5594 2063 5639 et
2094 5585 2275 5637 bestias
2305 5592 2449 5635 teri-rc
2476 5596 2573 5632 non
2602 5577 2923 5648 formidabis,
2956 5578 3042 5628 sed
3076 5590 3195 5627 cum
3234 5570 3490 5641 lapidibus
3521 5587 3607 5626 re-

2019 5678 2225 5746 gionum
2262 5682 2464 5742 pactum
2496 5683 2670 5733 tuum,
2712 5679 2757 5723 et
2804 5669 2973 5723 bestia
3014 5677 3160 5721 (trra:
3190 5666 3419 5736 paciﬁca:
3454 5674 3608 5719 erunt

2021 5770 2128 5821 tibi.
2173 5764 2235 5817 Et
2272 5766 2397 5818 scies
2426 5763 2559 5833 quod
2589 5777 2762 5830 parem
2795 5760 2971 5812 habent
3007 5760 3392 5813 tabernaculum
3422 5772 3609 5821 tuum;

2020 5873 2065 5916 et
2098 5860 2307 5915 tiiituus
2332 5858 2548 5926 aperiam
2576 5863 2741 5925 luant,
2769 5870 2867 5909 non
2894 5852 3123 5921 peccabis
3154 5851 3295 5920 (Job.
3324 5868 3375 5921 ν,
3402 5849 3604 5919 Ili-2b).
