4070 6458
508 276 602 329 951

1425 265 1790 325 FULGENTII
1829 260 2182 347 FEBRANDI
2227 257 2501 315 DIACONI
2541 253 2894 311 CAﬂ'l'ilAG.

3709 238 3826 298 9'52

511 412 881 470 Necessarium
905 412 1066 482 plane
1087 420 1170 466 est
1196 419 1248 463 ut
1274 409 1578 478 partitionis
1601 406 1794 462 ordine
1815 405 2106 471 custodito,
2141 382 2195 443 Α
2219 384 2350 482 tif"?
2369 385 2626 482 (Ῐίεικξηειε
2653 383 2938 482 ειευιῄξεν.
2955 369 3198 482 Mli-Il“?

511 506 822 574 singillatim
853 503 922 559 de
954 504 1036 556 his
1061 509 1268 572 septem
1301 501 1590 572 generibus
1617 499 1981 569 disputantem
2015 499 2108 553 be-

514 597 738 654 nevolus
785 602 840 650 et
888 594 1126 649 intentus
1191 594 1477 659 advertas;
1547 591 1676 647 illud
1741 589 2113 660 principaliter

513 688 731 754 sciens,
779 687 1050 741 neminem
1098 686 1216 741 sine
1259 687 1430 756 gratia
1481 684 1576 740 Dei
1605 692 1753 740 recte
1791 683 2132 760 intelligere,_

516 779 789 834 neminem
810 776 954 846 juste
977 777 1178 831 vivere.
1199 776 1458 830 Dominus
1478 777 1620 850 enim
1642 775 1736 830 dat
1755 775 2109 840 intellectum,

514 869 774 924 Dominus
813 883 976 938 quem
1012 868 1248 923 voluerit
1273 867 1581 938 religiosum
1612 865 1763 922 facit.
1809 866 1952 922 Nihil
1984 865 2111 922 boni

514 979 574 1018 ex
609 963 765 1018 nobis
809 961 1068 1016 habemus
1099 978 1112 1014 :
1150 960 1314 1015 Omne
1344 961 1528 1015 datum
1557 962 1808 1029 optimum
1830 1001 1847 1027 ,
1879 970 1929 1015 et
1966 975 2114 1013 omne

515 1059 706 1109 donum
727 1059 1008 1126 perfectum
1037 1055 1264 1126 (Jacobo
1289 1053 1535 1123 apostolo
1555 1052 1916 1124 contestante)
1937 1052 2114 1106 desur-

517 1165 626 1200 sum
655 1158 750 1212 est,
783 1147 1090 1201 descendens
1121 1163 1153 1199 a
1184 1145 1342 1201 Patre
1365 1146 1640 1211 luminum,
1664 1147 1805 1216 apud
1835 1160 1985 1214 quem
2009 1159 2115 1196 non

517 1249 592 1294 est
624 1239 988 1294 transmutatio
1011 1255 1105 1292 nec
1131 1237 1374 1292 momenti
1403 1236 1724 1290 obumbratis
1751 1232 1892 1304 (Jac.
1926 1249 1966 1300 I,
1998 1234 2114 1303 17).

735 1349 894 1398 Ριιιω
915 1363 1123 1400 nanus.
1149 1350 1351 1401 Omnem
1372 1345 1586 1413 gloriam
1598 1346 1700 1396 Deo
1715 1342 1889 1397 tribue.

585 1452 639 1506 li.
690 1452 864 1506 Prima
916 1452 1140 1522 proinde
1180 1462 1262 1507 est
1306 1451 1490 1521 regula
1515 1493 1530 1515 ,
1573 1465 1732 1519 quam
1764 1459 1948 1506 tenere
1978 1449 2120 1504 inter

521 1556 673 1598 actus
696 1543 892 1598 debeas
922 1543 1204 1608 militares,
1230 1552 1286 1597 ut
1316 1541 1450 1596 nihil
1482 1541 1682 1596 viribus
1707 1539 1810 1595 tuis
1836 1539 2122 1609 superbius

521 1635 765 1705 assignas
785 1677 800 1703 ,
831 1635 926 1690 sed
962 1636 1142 1691 omnia
1170 1651 1288 1704 qua:
1331 1635 1623 1704 sapienter,
1655 1645 1745 1690 aut
1770 1633 2003 1701 fortiter,
2031 1639 2126 1687 aut

523 1725 750 1806 feliciter
789 1728 954 1797 geris,
987 1727 1055 1783 ad
1086 1727 1296 1783 laudem
1324 1726 1526 1782 referas
1557 1725 1916 1794 potentissimi
1957 1723 2124 1778 Crea-

525 1823 659 1873 toris
691 1837 704 1873 :
739 1835 945 1875 memor
980 1833 1194 1889 semper
1228 1820 1352 1889 quid
1386 1820 1582 1888 potiulo
1620 1817 1912 1874 Israelitico
1941 1817 2124 1886 ingre-

527 1910 694 1965 dienti
725 1919 921 1965 terram
965 1912 1338 1980 promissionis
1367 1911 1576 1980 Moyses
1608 1910 1882 1976 loquatur,
1918 1907 2130 1980 humili-

531 2000 658 2055 tatis
695 2007 899 2054 sancta:
934 2002 1123 2056 volens
1171 2017 1358 2055 omnes
1407 1999 1608 2056 habere
1658 1999 1934 2053 virtutem.
1989 1998 2131 2052 Dicit

532 2095 680 2147 enim
716 2109 730 2146 :
766 2091 850 2146 Ne
879 2093 1022 2146 dicas
1049 2094 1101 2144 in
1129 2093 1281 2146 corde
1309 2102 1394 2146 tuo
1423 2108 1443 2147 :
1479 2091 1656 2146 Virtus
1683 2106 1797 2144 mea
1827 2100 1873 2142 et
1903 2088 2131 2159 potentia

529 2201 638 2236 mea
667 2184 786 2253 fecit
808 2184 934 2237 mihi
960 2185 1195 2237 virtutem
1225 2185 1356 2238 hanc
1386 2200 1662 2255 magnam;
1693 2184 1780 2236 sed
1806 2198 1998 2235 memor
2028 2182 2128 2236 eris

537 2277 748 2330 Domini
779 2275 877 2329 Dei
909 2277 1004 2342 tui,
1038 2277 1155 2346 quia
1184 2275 1273 2330 ille
1301 2276 1391 2329 tibi
1417 2277 1506 2328 dat
1539 2274 1814 2344 potentiam
1844 2273 1911 2326 ad
1934 2273 2130 2342 fac'en—

532 2371 653 2423 dam
685 2371 917 2423 virtutem
945 2369 1124 2441 (Deut.
1152 2385 1265 2436 vm,
1293 2371 1380 2438 l7,
1409 2367 1521 2437 18).
1553 2369 1702 2423 Sicut
1733 2365 1940 2436 plenius
1971 2366 2128 2420 etiam

530 2463 789 2531 propheta
846 2462 1105 2518 Jeremias
1152 2463 1403 2518 admonet
1438 2480 1453 2518 :
1489 2461 1609 2516 Non
1637 2463 1886 2535 glorietur
1928 2463 2132 2532 sapiens

530 2556 582 2607 in
629 2555 882 2623 sapientia
936 2571 1050 2618 sua,
1081 2565 1127 2608 et
1182 2571 1286 2609 non
1339 2555 1587 2628 glorietur
1637 2555 1780 2612 fortis
1826 2556 1880 2608 in
1929 2554 2134 2624 fortitu-

533 2646 654 2700 dine
694 2662 808 2711 sua,
860 2654 910 2699 et
963 2663 1065 2700 non
1120 2647 1371 2718 glorietur
1426 2646 1562 2699 dives
1609 2645 1666 2698 in
1723 2645 1911 2698 divitiis
1978 2643 2133 2710 suis;

530 2741 621 2794 sed
652 2742 704 2793 in
747 2741 843 2794 hoc
888 2741 1138 2810 glorietur
1166 2742 1253 2809 qui
1293 2741 1546 2812 gloriatur
1573 2755 1593 2794 :
1619 2740 1904 2812 intelligere
1929 2751 1975 2796 et
2005 2743 2134 2796 scire

529 2835 771 2902 quoniam
793 2849 885 2904 ego
911 2849 1022 2886 sum
1046 2831 1318 2901 Dominus,
1348 2833 1436 2902 qui
1459 2833 1594 2904 facio
1622 2833 2053 2900 miscricordiam,
2085 2841 2132 2887 et

530 2925 820 2998 judicium,
855 2935 900 2979 et
920 2926 1181 2999 justi:iam
1211 2943 1362 2994 super
1385 2935 1575 2980 terram
1621 2923 1754 2996 (Jer.
1778 2943 1854 2993 lx,
1884 2924 1977 2994 25,
2007 2925 2128 2999 24).

531 3015 863 3087 Frequenter
892 3017 1076 3087 igitur,
1117 3029 1172 3074 et
1220 3018 1307 3086 (si
1338 3017 1454 3072 fieri
1487 3026 1663 3093 potest
1687 3015 2128 3090 )-indesinenter,

2218 475 2337 532 Nisi
2371 455 2623 532 Dominus
2659 475 2959 532 custodierit
3003 470 3294 529 civitatem,
3338 462 3391 515 in
3429 473 3614 513 vanum
3636 455 3830 557 vigilat

2214 571 2301 635 qui
2329 570 2553 624 custodit
2576 586 2688 624 eam
2726 568 2846 640 (Ps.
2875 580 3059 624 cxxvr.
3094 560 3174 631 l).
3221 558 3280 614 Si
3325 566 3522 625 parvus
3545 557 3831 640 exercitus

2205 672 2402 742 .contra
2421 660 2652 716 hostium
2675 636 3042 715 multitudines
3064 645 3490 708 innumerabiles
3503 636 3834 697 educendos

2215 735 2326 819 sit,
2362 761 2552 807 orante
2591 751 2777 807 Judith
2823 745 3066 818 protinus
3104 735 3492 798 confortaberis
3515 773 3532 801 ,
3580 740 3835 786 consona

2215 844 2461 900 oratione
2510 843 2640 899 dum
2688 837 3060 912 gemebundus
3104 828 3490 890 exclamaveris
3532 841 3547 879 :
3592 821 3723 876 Non
3771 820 3834 873 its

2217 935 2553 990 multitudine
2573 943 2644 990 est
2667 932 2912 1002 fortitudo
2935 939 3048 995 tua,
3075 941 3237 995 neque
3259 924 3416 978 uirtus
3441 930 3530 973 tua
3556 917 3612 972 in
3637 921 3834 984 poten-

2220 1029 2444 1094 tatibus;
2471 1028 2565 1082 sed
2592 1026 2870 1080 humilium
2900 1022 3129 1096 (Iudith.
3161 1034 3241 1086 ιι,
3271 1015 3360 1081 16)
3391 1027 3451 1068 es
3480 1011 3649 1074 Deus,
3681 1004 3836 1061 indi-

2220 1122 2456 1191 gentium
2495 1119 2798 1184 auxiliator,
2841 1116 3178 1171 infirmorum
3217 1107 3536 1180 opitulator.
3589 1101 3651 1156 Si
3689 1113 3842 1154 con-

2227 1212 2409 1268 cordia
2456 1211 2690 1266 militum
2736 1209 3033 1278 quzeritur,
3083 1199 3450 1260 recordaberis
3493 1193 3767 1262 scriptum
3818 1206 3834 1240 :

2222 1302 2436 1358 Domini
2467 1312 2538 1356 est
2579 1318 2680 1371 pax
2731 1299 2930 1372 (Judic.
2959 1314 3034 1364 vt,
3066 1296 3189 1366 24).
3237 1292 3294 1349 Si
3325 1285 3657 1349 obedientia,
3692 1295 3840 1336 voce

2225 1394 2416 1466 psalmi
2443 1393 2668 1448 Domino
2697 1391 2809 1447 Deo
2837 1403 2928 1446 tuo
2953 1388 3198 1445 cantabis
3231 1402 3245 1439 :
3281 1383 3479 1454 Eripies
3503 1395 3582 1432 me
3605 1377 3676 1429 de
3706 1390 3840 1426 con-

2227 1485 2615 1541 tradictionibus
2644 1484 2824 1553 populi
2863 1481 2982 1552 (Ps.
3013 1495 3152 1546 xvn,
3175 1475 3306 1547 lii);
3347 1473 3447 1528 sub
3472 1467 3700 1525 nomine
3729 1479 3837 1516 au-

2228 1588 2338 1635 tem
2389 1577 2574 1648 p0puli
2617 1577 2782 1632 etiam
2832 1571 3116 1629 multimdo
3155 1567 3381 1624 militum
3431 1577 3540 1618 non
3590 1554 3840 1613 absurde
3925 1555 3930 1562 '

2229 1671 2588 1740 intelligitur:
2615 1669 2848 1724 maxime
2878 1665 3001 1737 quia
3029 1666 3083 1720 in
3117 1657 3420 1730 huiusmodi
3450 1652 3654 1726 populo
3683 1663 3839 1717 sape

2155 1763 2203 1824 B
2231 1763 2466 1820 abundat
2495 1762 2868 1841 contradictio
2891 1801 2908 1827 ,
2947 1758 3238 1815 severitate
3281 1750 3514 1809 naturali
3543 1747 3838 1804 materiam

2233 1840 2589 1914 seditionibus
2623 1857 2984 1912 ministrante.
3030 1850 3335 1908 Periculosa
3364 1855 3448 1903 est
3474 1852 3662 1898 autem
3691 1840 3838 1896 mili-

2231 1959 2342 2005 tum
2381 1951 2770 2015 conlradictio;
2815 1947 3056 2005 cmdibus
3100 1945 3243 2000 enim
3292 1939 3606 2010 rapinisque
3655 1935 3837 1989 vicina

2231 2050 2314 2096 est
2346 2057 2361 2096 :
2393 2049 2448 2097 et
2484 2041 2655 2096 dulcis
2697 2038 3001 2095 obedientia
3031 2078 3048 2104 ,
3079 2036 3207 2092 dum
3240 2033 3458 2088 monitis
3497 2024 3836 2084 salutaribus

2231 2132 2614 2201 sapientissimi
2640 2131 2790 2186 ducis
2816 2131 3045 2185 libenter
3071 2128 3424 2193 obtemperat.
3455 2120 3567 2176 Nec
3594 2115 3837 2173 dubitari

2235 2223 2448 2293 penitus
2475 2233 2690 2294 oportet
2719 2223 2772 2278 in
2797 2221 3005 2276 actibus
3030 2215 3352 2273 militaribus
3380 2225 3633 2282 supernae
3667 2208 3835 2261 virtu-

2236 2318 2304 2373 tis
2333 2316 2531 2372 anxilio
2561 2314 2724 2370 duces
2763 2312 3082 2383 fortissimos
3119 2307 3394 2376 indigere,
3425 2305 3701 2360 clamante
3732 2297 3834 2351 Da-

2235 2409 2344 2476 vid,
2366 2419 2421 2466 et
2439 2407 2592 2478 quasi
2622 2407 2677 2463 in
2703 2405 2967 2462 concione
2989 2401 3204 2473 generis
3225 2397 3445 2454 humani
3468 2391 3836 2464 respondente

2234 2503 2314 2558 eis
2336 2501 2426 2571 qui
2457 2497 2739 2555 confidunt
2771 2498 2823 2552 in
2855 2496 3052 2551 virtute
3077 2506 3172 2548 sua
3198 2509 3212 2544 ε
3242 2489 3547 2544 Benedictus
3578 2485 3837 2538 Dominus

2238 2592 2374 2646 Deus
2411 2607 2554 2646 meus
2579 2631 2595 2656 ,
2635 2589 2725 2660 qui
2764 2589 2909 2642 docet
2954 2600 3140 2639 manus
3177 2599 3314 2637 meas
3353 2581 3420 2634 ad
3460 2577 3702 2649 prndium
3727 2620 3746 2644 ,
3789 2585 3837 2630 et

2236 2684 2428 2756 digitos
2454 2698 2593 2737 meos
2623 2681 2689 2736 ad
2722 2679 2933 2734 bellum.
2964 2673 3320 2731 Misericordia
3341 2688 3473 2737 meo,
3495 2681 3546 2725 et
3573 2669 3837 2740 refugium

2235 2792 2426 2840 meum,
2444 2783 2710 2842 susceptor
2724 2787 2885 2837 meus,
2902 2780 2949 2826 et
2965 2769 3211 2823 liberator
3233 2763 3496 2832 meus,qui
3517 2762 3696 2818 subdit
3741 2777 3835 2829 po-

2236 2868 2386 2939 pulos
2408 2866 2502 2922 sub
2522 2881 2602 2920 me
2620 2863 2738 2935 (Ps.
2753 2876 2935 2925 cxun,
2951 2859 3090 2930 1,2).
3115 2859 3226 2915 Hoc
3239 2858 3437 2928 quippe
3452 2854 3784 2923 intelligens,
3809 2869 3838 2906 ει

2240 2959 2468 3016 Domino
2497 2958 2591 3014 tibi
2620 2956 2849 3028 populos
2874 2952 3086 3024 subjici,
3111 2951 3436 3007 voluntatem
3465 2945 3685 3002 Domini
3714 2959 3839 3014 pro-

2237 3053 2324 3109 cul
2361 3050 2528 3109 dubio
2571 3050 2748 3106 facere
2788 3045 3102 3118 pr0perabis
3127 3087 3143 3112 ,
3181 3053 3236 3100 et
3274 3058 3379 3098 non
3411 3049 3684 3112 potestate
3719 3037 3840 3092 sola

534 3125 664 3165 mea
693 3109 870 3222 cordis,
901 3120 954 3166 et
982 3110 1225 3214 (Emporia
1263 3109 1520 3222 Clama?"
1553 3128 1566 3163 ³
1602 3109 1854 3222 omine’,
1872 3113 2129 3222 [θνίίηίάθ
2155 3159 2202 3222 c
2247 3144 2476 3201 terrebis
2515 3139 2757 3198 subditos
2771 3109 2803 3204 ;'
2835 3109 2931 3194 sed
2983 3109 3265 3207 tranquilla
3304 3109 3526 3189 consilia
3567 3129 3840 3201 praebebis

531 3219 674 3268 utea,
700 3213 748 3258 et
776 3203 1098 3275 adjutorium
1125 3218 1292 3257 meum
1328 3202 1383 3256 in
1414 3204 1497 3256 die
1533 3203 1790 3257 malorum
1836 3202 1970 3276 (Jer.
2007 3220 2120 3275 xvr,

530 3292 643 3362 l9).
692 3293 760 3348 Et
788 3294 980 3348 iterum
1013 3311 1026 3348 :
1059 3293 1203 3350 Sana
1234 3311 1348 3360 me,
1381 3294 1633 3362 Domine,
1663 3305 1710 3350 et
1734 3296 1989 3362 sanabor;
2019 3298 2127 3352 salo

530 3402 646 3439 vum
669 3403 747 3440 me
768 3385 870 3458 fac,
895 3397 939 3441 et
967 3388 1138 3442 salrus
1167 3404 1272 3455 ero,
1300 3390 1420 3454 quia
1442 3387 1609 3459 gloria
1629 3405 1742 3442 mea
1773 3396 1826 3442 tu
1847 3405 1900 3443 es
1931 3387 2123 3462 (Ibid.,

534 3493 666 3543 xvn,
687 3475 796 3544 id).
817 3476 922 3530 Ista
942 3478 1084 3532 enim
1117 3477 1379 3546 dicendo,
1411 3481 1580 3535 saneti
1627 3479 1777 3536 Pauli
1823 3481 2123 3539 doctrinam

531 3568 679 3636 Sequi
707 3567 1006 3638 videberis,
1052 3569 1278 3625 dicentis
1310 3587 1325 3625 :
1359 3572 1460 3636 Qui
1499 3572 1774 3642 gloriatur,
1804 3574 1858 3628 in
1900 3573 2124 3630 Domino

526 3660 772 3730 glorietur
801 3661 885 3733 (Il
909 3661 1030 3718 Cor.
1060 3678 1115 3731 ι,
1143 3663 1253 3734 l7).
1289 3664 1352 3718 Et
1379 3673 1507 3719 tunc
1536 3680 1697 3735 super
1725 3675 1777 3720 te
1807 3666 2124 3736 prephetica

526 3759 791 3813 sententia
821 3759 1215 3829 complcbitur:
1243 3760 1547 3816 Benedictus
1587 3762 1741 3818 homo
1779 3765 1870 3834 qui
1908 3764 2125 3835 conﬁdit

525 3851 579 3904 in
620 3851 858 3919 Domino,
901 3862 950 3907 et
991 3855 1085 3906 erit
1124 3849 1378 3908 Dominus
1418 3871 1530 3925 spes
1573 3855 1719 3926 ejus;
1761 3857 1957 3927 eritque
1992 3859 2123 3912 sicut

525 3943 723 4012 tignum
751 3943 1077 4012 fructiferum
1107 3960 1251 3997 secus
1277 3960 1483 4012 aquam,
1510 3955 1555 3998 et
1592 3945 1645 3998 in
1674 3947 1937 4000 humorem
1959 3947 2133 4002 mittet.

526 4035 723 4087 radices
743 4041 897 4099 suas;
928 4049 1030 4087 non
1055 4034 1248 4088 timebit
1271 4051 1383 4088 cum
1414 4037 1600 4089 venerit
1625 4048 1800 4103 (estus,
1830 4047 1876 4091 et
1898 4049 2044 4093 erunt
2068 4038 2122 4092 in

524 4145 582 4183 eo
611 4130 821 4198 frutices
844 4129 1106 4184 numerosi
1130 4147 1148 4196 ;
1189 4139 1235 4184 et
1262 4132 1315 4185 in
1339 4147 1476 4184 anno
1500 4130 1742 4186 siccitatis
1764 4148 1867 4185 non
1906 4133 2120 4199 timebit,

523 4231 570 4273 et
608 4236 714 4274 non
757 4220 956 4291 deﬁciet
997 4238 1028 4275 a
1073 4221 1310 4291 faciendo
1349 4221 1576 4291 fructum
1618 4219 1752 4294 (Jer.
1791 4238 1920 4288 xvn,
1955 4224 2008 4288 7,
2041 4223 2121 4294 8).

533 4312 754 4368 Deficiet
796 4323 974 4369 autem
1021 4313 1065 4369 si
1104 4313 1461 4370 obliviscatur
1490 4315 1632 4371 illius
1657 4358 1673 4384 ,
1721 4317 1787 4370 de
1819 4331 1925 4385 quo
1953 4317 2124 4372 fidelis

532 4402 697 4458 Isaias
725 4403 972 4461 fidelibus
1010 4415 1191 4460 narrat
1224 4423 1239 4462 :
1274 4405 1409 4463 Deus
1448 4409 1826 4476 sempiternus,
1870 4406 2124 4463 Dominus

519 4491 610 4561 qui
631 4494 818 4547 creauit
849 4495 1089 4550 terminos
1115 4505 1300 4563 terrae;
1341 4514 1445 4551 non
1467 4499 1694 4566 deficiet,
1727 4513 1889 4568 neque
1916 4499 2122 4552 labora-

519 4584 610 4649 bit,
642 4600 735 4638 nec
774 4594 848 4639 est
887 4587 1202 4658 investigatio
1242 4589 1508 4660 sapientia:
1545 4591 1677 4660 ejus.
1705 4589 1808 4654 Qui
1846 4595 1936 4643 dat
1976 4591 2118 4644 lasso

518 4678 775 4746 virtutem,
801 4687 850 4732 et
871 4678 946 4733 his
969 4680 1059 4750 qui
1079 4697 1179 4735 non
1207 4690 1328 4734 sunt
1359 4683 1714 4750 fortitudinem
1735 4691 1784 4736 et
1805 4683 1959 4736 robur
1983 4684 2118 4737 mul-

517 4768 740 4848 tiplicat.
789 4769 1038 4839 Deﬁcieut
1073 4773 1252 4840 pueri,
1280 4784 1327 4826 et
1354 4773 1689 4842 laborabunt,
1717 4784 1764 4828 et
1790 4775 2007 4843 juvenes
2031 4777 2118 4828 in-

518 4864 762 4932 ﬁrmitate
791 4867 994 4921 cadent.
1041 4867 1141 4931 Qui
1169 4876 1338 4921 autem
1368 4875 1576 4936 sperant
1595 4867 1652 4921 in
1676 4865 1918 4934 Domino,
1946 4879 2116 4923 muta-

517 4958 640 5011 bunt
699 4958 1094 5028 fortitudinem,
1143 4971 1404 5015 assument
1449 4977 1638 5031 pennas
1699 4963 1831 5015 sicut
1886 4962 2115 5030 aquilw;

515 5058 720 5104 current
761 5060 807 5104 et
850 5067 953 5105 non
992 5051 1297 5105 laborabunt
1321 5091 1336 5117 ,
1374 5051 1616 5105 volabunt
1653 5063 1700 5106 et
1739 5069 1842 5106 non
1881 5053 2122 5120 deﬁcient

515 5139 650 5210 (lsa.
683 5157 780 5209 xc,
809 5140 1048 5221 28751).
1088 5143 1287 5221 (farre,
1330 5143 1487 5198 miles
1519 5135 1645 5207 Dei,
1683 5143 2019 5208 festinanter,
2061 5153 2120 5199 ut

516 5249 740 5291 numero
779 5217 962 5289 talitim
1005 5217 1239 5290 sociatus
1265 5277 1280 5300 ,
1329 5236 1543 5304 negotia
1590 5235 1843 5290 militaria
1892 5249 2118 5292 securus

514 5344 692 5396 geras.
745 5327 799 5383 Si
832 5327 972 5382 enim
1003 5327 1230 5381 consilio
1259 5327 1336 5381 uti
1377 5329 1739 5383 necessarium
1784 5327 1983 5398 fuerit,
2028 5344 2116 5382 re-

515 5419 746 5485 spondet
770 5417 861 5473 tibl
884 5420 1142 5474 continuo
1169 5419 1439 5490 Sapientia
1465 5438 1479 5474 :
1508 5419 1684 5474 Meum
1715 5430 1792 5473 est
1814 5420 2104 5485 consilium,

513 5519 562 5563 et
592 5528 701 5565 inea
730 5514 886 5567 tutela
917 5511 1100 5583 (Prov.
1133 5530 1245 5579 vnt,
1281 5513 1396 5583 14).
1443 5514 1499 5571 Si
1543 5516 1592 5569 in
1636 5516 1821 5584 prmlio
1850 5514 2112 5569 dimican-

515 5603 664 5669 dum,
696 5605 970 5661 fortissimi
1002 5608 1214 5662 Davidis
1257 5610 1445 5664 audies
1473 5626 1660 5666 vocem
1694 5628 1707 5664 :
1743 5610 1867 5665 Non
1907 5612 1962 5664 in
1993 5611 2105 5679 gla-

517 5695 620 5758 ιίὶο,
647 5712 802 5762 neque
830 5699 882 5751 in
911 5701 1056 5754 hasta
1086 5704 1248 5756 salvat
1282 5703 1533 5758 Dominus
1566 5722 1584 5758 :
1616 5705 1779 5773 ipsius
1814 5716 1887 5757 est
1919 5704 2111 5756 bellum

520 5786 572 5853 υ
603 5786 728 5854 Περι
759 5802 890 5856 XV".
920 5791 1033 5858 4⁵1).
1068 5793 1125 5848 Si
1149 5806 1334 5850 contra
1368 5795 1586 5854 ltoStilcs
1617 5798 1849 5863 impetus
1875 5805 2112 5861 praeten—

2231 3234 2789 3304 ohedientihus,dans
2819 3246 3040 3303 operam
3072 3228 3195 3284 talis
3219 3241 3359 3293 esse,
3379 3225 3568 3298 quales
3589 3223 3676 3278 vis
3701 3221 3840 3278 alios

2233 3331 2499 3389 invenire.

2373 3455 2595 3505 Saeuam
2621 3463 2830 3502 ηοω.
2861 3447 2976 3502 Vita
2999 3453 3082 3498 tua
3103 3443 3165 3498 sit
3186 3443 3394 3496 militum
3415 3438 3690 3506 speculum.

2301 3565 2354 3620 5.
2397 3559 2643 3619 Secunda
2674 3559 2874 3629 quippe
2900 3553 3084 3626 regula
3116 3562 3204 3609 est
3232 3548 3552 3608 innocentia:
3583 3547 3841 3601 militari-

2232 3659 2332 3714 bus
2362 3655 2570 3712 actibus
2599 3662 2884 3723 occupato,
2917 3661 2974 3704 ut
3003 3649 3152 3719 quasi
3185 3648 3237 3702 in
3267 3643 3510 3715 speculo,
3543 3641 3625 3696 sic
3659 3641 3714 3696 in
3743 3642 3841 3694 illo

2231 3753 2425 3810 milites
2470 3749 2686 3805 videant
2735 3745 2862 3816 quid
2905 3758 3065 3814 agere
3104 3741 3368 3802 debeant;
3419 3747 3472 3792 et
3518 3736 3696 3804 magis
3745 3748 3844 3789 eos

2231 3846 2459 3903 imitatio
2479 3842 2545 3898 ad
2569 3843 2766 3896 bonum
2792 3847 3066 3908 provocet,
3086 3849 3243 3905 quam
3267 3840 3525 3901 poteSIas.
3547 3827 3669 3882 Dux
3692 3827 3839 3881 enim

2229 3941 2445 4008 sapiens
2475 3936 2603 3993 illuc
2631 3935 2792 3990 debet
2819 3932 2928 3995 ire,
2970 3943 3078 3999 quo
3109 3927 3260 3996 cupit
3298 3924 3505 3979 ducere
3533 3919 3799 3976 subdi:os
3826 3937 3841 3981 ;

2229 4034 2352 4091 ideo
2373 4031 2518 4087 enim
2547 4029 2744 4084 dicitur
2773 4024 2904 4092 dux,
2930 4023 3054 4094 quia
3089 4020 3270 4084 ducit;
3298 4027 3355 4074 et
3375 4017 3620 4085 seipsutn
3649 4013 3842 4083 utique

2229 4124 2474 4186 seducit,
2513 4121 2558 4176 si
2588 4133 2682 4189 per
2708 4118 2848 4173 viam
2890 4115 3091 4184 regiam
3139 4118 3293 4180 putat
3340 4121 3496 4178 posse
3525 4105 3841 4168 ambulare,

2229 4231 2368 4287 quos
2399 4215 2464 4268 ad
2506 4213 2713 4268 f0veam
2756 4208 2914 4263 malae
2948 4207 3093 4272 vitae,
3129 4203 3328 4256 malum
3355 4197 3666 4266 exemplum
3699 4211 3846 4266 pra:-

2231 4309 2406 4366 bendo
2429 4305 2699 4377 perducit.
2728 4303 2808 4357 Tu
2835 4309 2954 4357 esto
2977 4314 3107 4370 ergo
3129 4294 3354 4366 signifer
3381 4291 3688 4362 disciplina:
3712 4306 3846 4346 san-

2229 4401 2520 4462 etissimac;
2558 4407 2612 4451 tu
2640 4395 2788 4463 erige
2833 4403 3090 4461 troptcum
3119 4386 3333 4444 virtutis
3353 4426 3368 4453 ,
3395 4381 3718 4438 intuendum
3749 4381 3846 4452 ju-

2230 4494 2366 4563 giier
2397 4488 2639 4555 canoris;
2687 4495 2744 4540 tu
2777 4483 3065 4539 imitandus
3091 4493 3289 4550 appare
3314 4518 3330 4543 ,
3371 4477 3571 4564 quique
3595 4486 3653 4528 te
3681 4475 3844 4529 audit

2230 4583 2628 4653 prmtipientem
2657 4621 2672 4646 ,
2720 4595 2826 4633 non
2871 4587 2924 4631 te
2961 4575 3250 4642 redarguat
3287 4569 3441 4624 aliter
3483 4576 3841 4636 operantem.

2229 4676 2378 4732 Pone
2409 4688 2622 4743 semper
2649 4673 2698 4726 in
2729 4669 2894 4725 corde
2923 4676 3014 4722 tuo
3056 4676 3337 4720 sermones
3366 4659 3612 4728 Apostoli
3642 4659 3842 4714 dicen-

2229 4768 2295 4822 tis
2337 4784 2352 4823 :
2385 4763 2761 4819 Inexcusabilis
2793 4778 2844 4815 es
2869 4802 2884 4827 ,
2916 4776 2946 4813 θ
2977 4759 3128 4812 homo
3171 4753 3334 4809 omnis
3367 4753 3455 4822 qui
3474 4749 3732 4821 judicas;
3785 4753 3844 4804 in

2227 4877 2326 4930 quo
2356 4859 2492 4912 enim
2523 4857 2683 4911 alium
2706 4854 2917 4927 judicas
2942 4892 2957 4918 ,
2991 4859 3040 4904 te
3066 4852 3230 4919 ipsum
3257 4844 3610 4907 condemnas;
3649 4846 3846 4896 eodun

2227 4957 2363 5010 enim
2387 4955 2496 5025 agis
2522 4968 2638 5024 quis
2651 4951 2862 5022 judicas
2905 4947 3086 5019 (Rom.
3111 4960 3172 5012 ιι,
3198 4941 3274 5014 1).
3309 4941 3377 4997 Et
3395 4956 3515 5011 qua:
3535 4937 3842 5008 culpabilia

2225 5045 2568 5118 pronuntias,
2593 5043 2766 5096 vitare
2796 5040 2942 5109 prius
2969 5035 3235 5098 studebis,
3267 5042 3452 5101 postea
3484 5030 3839 5086 condemna-

2224 5157 2284 5198 re
2314 5157 2332 5199 ξ
2360 5152 2694 5210 quaecunque
2731 5133 3035 5193 laudabilia.
3067 5128 3278 5200 operari
3323 5127 3491 5198 prius,
3519 5136 3709 5197 postea
3745 5126 3838 5196 ju-

2225 5240 2373 5291 bere.
2415 5232 2536 5287 Vita
2583 5231 2778 5301 quippe
2809 5226 2994 5295 optimi
3029 5223 3200 5289 ducis,
3231 5219 3453 5290 speculo
3481 5229 3839 5288 comparata,

2221 5328 2359 5384 bene
2389 5323 2692 5393 inspicitur,
2717 5321 2760 5375 si
2795 5321 2971 5373 luceat
3000 5317 3051 5370 in
3081 5330 3166 5380 ea,
3193 5329 3300 5368 non
3334 5312 3583 5366 simulato
3611 5309 3841 5375 colore,

2220 5419 2314 5474 sed
2348 5417 2630 5472 verissima
2659 5425 2880 5484 prorsus
2907 5407 3236 5472 ostensione,
3271 5404 3426 5469 fides,
3456 5403 3684 5472 justitia.
3717 5405 3839 5456 mi-

2217 5509 2536 5572 sericordia,
2565 5505 2818 5576 patientia
2841 5544 2857 5569 ,
2897 5500 3247 5563 continentia,
3278 5506 3331 5552 et
3359 5511 3466 5549 non
3497 5495 3837 5564 imprudens

2219 5605 2503 5661 aestimatio
2546 5602 2869 5656 futurorum.
2936 5594 3132 5650 Fidelis
3190 5592 3292 5644 dux
3336 5589 3482 5651 eris,
3527 5587 3569 5640 si
3605 5587 3835 5653 judicio

2218 5691 2560 5767 sapientium,
2595 5709 2700 5747 non
2732 5687 3072 5746 sermonibus
3103 5685 3460 5748 adulatorum,
3487 5680 3738 5750 probetis
3773 5693 3833 5735 et

2221 5789 2568 5857 cognosceris
2595 5794 2738 5843 recte
2767 5784 3012 5841 credere.
3034 5778 3297 5835 nemiuem
3321 5773 3524 5838 fallere,
3545 5775 3829 5841 promissa
