4070 6474
319 270 426 329 933

1517 271 1875 333 EPISTULKE
1916 272 2001 327 ΕΤ
2041 273 2423 330 ΟΡΠΒΟΙΞΙΛ.

3505 279 3611 336 θδι

321 386 595 457 perlicere.
643 384 830 442 Justus
855 394 1033 441 autem
1072 386 1178 441 dux
1208 385 1318 441 eris
1339 427 1353 452 ,
1384 387 1426 441 si
1459 387 1665 456 judicio
1695 392 1911 458 sapien-
1939 390 1991 448 Α
2021 386 2255 443 Contenti
2288 399 2443 443 estote
2474 389 2743 458 stipendiis
2772 392 2970 446 vestris.
3018 392 3165 449 Beati
3196 402 3354 449 erunt
3387 392 3614 449 milites.

317 479 452 535 tium
482 522 496 544 ,
530 496 635 534 non
669 481 1010 536 sermonibus
1047 480 1386 535 adulatorum
1413 522 1425 546 ,
1460 483 1709 551 proberis
1742 492 1795 536 et
1824 498 1917 536 co-

317 571 597 641 gnosceris
630 580 1037 640 perseverantes
1077 571 1128 625 in
1167 573 1367 627 malitia
1402 574 1615 642 punire,
1646 573 1804 630 bonis
1834 574 1915 628 fa-

319 677 466 727 vere,
490 662 824 730 singulorum
848 661 1041 716 merita
1062 661 1397 728 discernere,
1420 663 1645 718 reddere
1664 665 1917 721 omnibus

319 754 520 810 debita.
556 755 876 811 Misericors
914 756 1018 810 dux
1060 762 1202 823 eris,
1248 759 1291 811 si
1327 757 1531 826 judicio
1569 760 1910 830 sapientium,

321 868 429 905 non
460 851 801 905 sermonibus
830 850 1186 920 adulatorum,
1219 853 1461 921 proberis
1491 864 1545 907 et
1572 857 1916 922 cognosceris

320 948 542 1016 diligere
570 960 855 1016 pauperes,
887 945 1193 1016 gubernare
1222 947 1515 1013 subjectos,
1552 946 1915 1017 indigentibus

320 1040 668 1105 ministrare,
722 1039 1120 1109 postulantibus
1158 1055 1369 1094 veniam
1422 1042 1717 1095 clementer
1764 1040 1916 1111 igno-

320 1147 474 1187 scere
501 1174 516 1199 ,
570 1132 768 1186 docere
815 1132 1132 1201 insipientes
1180 1133 1521 1201 sapientiam,
1568 1149 1824 1188 revocare
1864 1134 1914 1187 in

322 1227 539 1297 flagitiis
583 1225 921 1281 ambulantes
955 1242 983 1279 a
1024 1226 1105 1280 via
1146 1241 1243 1280 sua
1281 1228 1419 1281 mala
1444 1267 1459 1293 ,
1512 1227 1679 1281 Deum
1726 1243 1917 1296 rogare

323 1333 420 1385 pro
448 1314 704 1381 inimicis,
744 1316 1031 1385 pacificare
1061 1300 1358 1371 discordes.
1398 1316 1613 1371 Patiens
1641 1318 1750 1372 dux
1784 1319 1912 1383 eris,

318 1410 362 1462 si
384 1406 586 1477 judicio
618 1408 959 1476 sapientium,
996 1423 1100 1462 non
1126 1408 1373 1464 laudibus
1399 1410 1761 1479 adulatorum,
1793 1428 1917 1479 pru-

318 1500 464 1556 beris
493 1509 546 1556 et
575 1501 918 1570 cognoscaris
946 1501 1192 1554 laborare
1225 1516 1321 1570 pro
1346 1502 1662 1556 utilitatibus
1689 1503 1914 1558 aliorum

318 1592 436 1647 sine
460 1591 829 1647 emolumento
855 1592 1181 1662 cupiditatis,
1210 1592 1429 1663 injurias
1454 1594 1560 1663 pati
1589 1610 1688 1649 nec
1711 1596 1913 1663 facere,

318 1700 425 1740 non
459 1684 657 1740 habere
690 1685 983 1741 ulciscendi
1025 1685 1301 1741 libidinem
1331 1728 1345 1753 ,
1386 1695 1531 1742 metu
1576 1688 1915 1744 adversitatis

2023 483 2070 536 si
2099 481 2215 537 haec
2244 490 2506 552 prtecepta
2538 483 2876 552 custodiant;
2911 486 3064 540 beata
3096 487 3422 558 respublica,
3454 492 3499 544 si
3527 500 3609 546 ta—

2024 573 2104 628 les
2140 576 2400 629 meruerit
2439 572 2638 631 habere
2677 577 2914 644 milites;
2964 578 3154 634 beatus
3193 581 3323 645 dux,
3373 582 3426 636 in
3457 580 3612 651 cujus

2021 666 2263 719 exercitu
2288 665 2417 720 tales
2444 680 2567 719 esse
2591 667 2872 735 contigerit
2903 669 3161 736 plurimos
3191 688 3205 722 :
3238 684 3607 726 verumtamen

2024 758 2142 828 plus
2170 757 2382 813 beatior
2409 759 2687 827 apparebit
2723 761 2769 813 si
2809 762 2923 828 ipse
2964 761 3122 816 fuerit
3167 764 3306 827 talis,
3340 764 3614 819 neminem

2021 851 2226 906 scilicet
2256 852 2594 917 concutiens,
2623 851 2756 907 nulli
2783 854 3103 908 calumniam
3137 855 3356 920 faciens,
3389 866 3614 911 conten-

2024 951 2105 995 tus
2136 942 2420 1011 stipendiis
2458 946 2591 998 suis.
2639 944 2774 999 Nam
2822 944 3064 1016 profecto
3111 958 3309 1015 quanto
3357 950 3614 1020 dignitate

2021 1036 2194 1106 major
2222 1036 2430 1103 existit,
2463 1048 2609 1092 tanto
2637 1040 2805 1109 magis
2828 1049 2881 1094 et
2910 1054 3216 1107 concutere,
3244 1051 3296 1097 et
3316 1044 3615 1100 calumnias

2022 1127 2195 1183 facere
2225 1138 2436 1198 potest,
2470 1139 2522 1183 et
2566 1146 2671 1184 non
2702 1146 2823 1184 esse
2853 1141 3136 1186 Contentus
3168 1134 3446 1200 stipendiis
3479 1138 3611 1192 suis.

2023 1217 2156 1274 llinc
2198 1230 2375 1275 autem
2410 1220 2727 1290 plerumque
2775 1223 3007 1276 maxime
3047 1224 3352 1278 civitatibus
3391 1225 3613 1280 afflictio

2021 1314 2277 1379 nascitur,
2320 1313 2447 1368 hinc
2492 1314 2825 1382 gravissima:
2871 1315 3218 1370 crudelitates
3246 1358 3258 1382 ,
3305 1316 3427 1372 hinc
3467 1318 3613 1374 mille

2020 1404 2225 1458 artibus
2258 1404 2392 1458 lucri
2422 1406 2691 1475 exquisita
2720 1406 3038 1475 compendia
3060 1449 3073 1471 ,
3113 1406 3237 1461 hinc
3266 1410 3524 1463 venalitas
3557 1409 3613 1464 in

2018 1497 2257 1565 jndiciis,
2293 1498 2417 1552 hinc
2448 1498 2692 1553 remissio
2725 1499 2776 1552 in
2804 1499 3020 1568 przeliis,
3056 1500 3179 1554 hinc
3225 1502 3383 1556 totius
3431 1503 3612 1572 reipu-

2019 1590 2175 1645 blicae
2206 1591 2521 1657 diminutio,
2567 1591 2613 1645 si
2640 1592 2747 1646 dux
2774 1594 2998 1662 coeperit
3029 1608 3131 1648 non
3164 1609 3288 1650 esse
3325 1606 3613 1652 contentus

2019 1682 2303 1751 Stipendiis
2329 1687 2461 1749 suis,
2488 1694 2537 1739 et
2558 1698 2719 1754 super
2741 1685 3103 1741 emolumenta
3130 1688 3360 1757 publica,
3388 1690 3613 1759 privatis

318 1780 628 1835 nullatenus
677 1777 896 1850 frangi,
948 1778 1224 1834 desiderio
1271 1780 1645 1848 prosperitatis
1693 1780 1914 1835 minime
1947 1788 1992 1847 Β
2020 1772 2339 1841 ampliticari
2367 1774 2665 1829 commodis
2691 1775 2945 1844 cupiens,
2982 1776 3228 1831 utilitatis
3262 1785 3466 1832 tantum
3497 1794 3610 1834 sua:

319 1874 465 1943 rapi,
518 1886 868 1941 perseverare
915 1872 968 1925 in
1019 1870 1102 1924 his
1151 1885 1271 1940 quae
1322 1869 1461 1925 bene
1510 1870 1909 1940 assumpseris;

316 1979 540 2035 sperare
571 1963 995 2018 misericordiam
1038 1962 1171 2031 Dei,
1214 1961 1425 2016 etiamsi
1483 1961 1753 2016 distulerit
1787 1965 1913 2016 suli-

243 2035 253 2044 ’
319 2056 529 2122 venire;
562 2055 695 2109 nihil
722 2056 832 2111 cito
856 2056 977 2110 sine
1014 2054 1242 2110 consilio
1280 2054 1486 2119 facere;
1516 2054 1773 2123 quidquid
1815 2055 1914 2108 im-

316 2157 472 2218 perat
505 2149 774 2217 superior,
808 2148 1130 2204 obedienter
1169 2148 1452 2217 excipere;
1487 2146 1744 2217 quidquid
1778 2163 1915 2216 prae-

230 2232 231 2235 “
317 2240 450 2308 cipis
479 2239 751 2306 inferiori,
782 2241 897 2295 sine
930 2239 1333 2309 perturbatione
1370 2240 1683 2309 disponere.
1727 2237 1913 2294 Conti—

274 2330 277 2333 ’
318 2346 455 2388 nens
482 2333 588 2386 dux
618 2332 728 2387 eris
752 2372 769 2400 ,
815 2332 861 2387 si
899 2332 1101 2401 judicio
1140 2332 1488 2401 sapientium,
1532 2348 1639 2387 non
1669 2332 1913 2389 laudibus

318 2424 683 2489 adulatorum,
716 2424 963 2494 proberis
995 2432 1051 2479 et
1082 2426 1433 2495 eognoscaris
1464 2439 1552 2480 res
1582 2425 1785 2481 alienas
1814 2440 1913 2480 nec

316 2514 744 2585 concupiscere,
781 2529 881 2571 nec
917 2515 1135 2572 auferte
1169 2517 1296 2570 dum
1337 2517 1549 2586 possis;
1592 2517 1724 2572 nihil
1754 2532 1914 2586 agere

322 2611 607 2679 violenter,
638 2609 774 2663 nihil
822 2608 1208 2677 fraudulenter,
1241 2610 1370 2664 nihil
1413 2610 1532 2665 sine
1564 2610 1746 2679 modo,
1780 2610 1911 2665 nihil

319 2715 539 2771 promer
567 2703 898 2770 voluptatem
925 2742 939 2767 ,
972 2701 1107 2756 nihil
1148 2709 1387 2771 propter.
1413 2702 1692 2756 avaritiam
1717 2743 1731 2767 ,
1780 2702 1913 2757 nihil

321 2795 548 2848 vetitum
577 2793 785 2864 legibus
813 2801 906 2847 aut
931 2791 1307 2847 consuetudini
1329 2792 1658 2848 contrarium
1681 2793 1913 2848 civitatis

318 2886 401 2941 vel
441 2887 615 2956 gentis
642 2928 656 2951 ,
697 2886 743 2942 si
774 2895 955 2955 tamen
983 2885 1098 2954 ipsa
1136 2886 1473 2941 consuetudo
1517 2901 1618 2942 nec
1664 2885 1911 2957 religioni

316 2988 497 3041 nocet,
526 2994 629 3034 nec
660 2979 817 3033 bonis
846 2977 1085 3032 moribus
1113 2977 1455 3033 adversatur.
1504 2977 1754 3048 Alioquin
1780 2993 1914 3033 con-

315 3070 545 3127 suetudo
571 3070 713 3125 mala
738 3071 879 3125 sicut
907 3069 1128 3125 morbus
1155 3071 1425 3139 antiquus,
1459 3071 1562 3124 nisi
1588 3070 1904 3140 expellatur,

2018 1882 2200 1923 curam
2224 1877 2415 1937 gerat,
2460 1869 2688 1923 salutem
2721 1884 2848 1923 vero
2889 1869 2972 1923 vel
3003 1872 3344 1925 securitatem
3379 1872 3610 1943 negligat

2018 1958 2377 2013 subditorum.
2423 1958 2570 2013 Talis
2602 1959 2708 2013 dux
2738 1976 2845 2013 non
2879 1971 2962 2015 est
2991 1963 3132 2016 circa
3165 1963 3610 2032 aequales-mode-

2016 2067 2134 2113 stus
2165 2058 2363 2127 pariter
2392 2066 2445 2113 et
2475 2059 2684 2125 suavis,
2717 2058 2813 2113 sed
2846 2059 3113 2131 litigiosus
3142 2070 3198 2118 et
3235 2079 3459 2129 avarus;
3504 2083 3611 2121 non

2016 2160 2098 2205 est
2127 2152 2269 2205 circa
2301 2150 2586 2209 inferiores
2626 2162 2959 2218 mansuetus,
2991 2157 3292 2211 communis
3332 2167 3385 2212 et
3416 2157 3606 2223 facilis,

2016 2241 2111 2295 sed
2142 2242 2375 2297 crudelis
2404 2285 2417 2308 ,
2461 2258 2811 2313 personarum
2838 2257 3088 2316 acceptor
3118 2259 3171 2302 et
3198 2248 3455 2305 difficilis.
3501 2250 3636 2321 th_

2016 2336 2126 2392 isto
2157 2336 2441 2405 disciplina
2473 2337 2699 2391 militum
2746 2336 2856 2391 cito
2905 2338 3299 2407 deterioratur;
3351 2344 3435 2397 cui
3466 2344 3608 2399 enim

2018 2426 2425 2495 provincialium
2468 2428 2635 2483 velint
2685 2428 2886 2484 milites
2920 2445 3139 2498 parcere
3163 2473 3177 2496 ,
3218 2448 3349 2503 quos
3396 2436 3463 2489 ab
3493 2436 3608 2505 ipso

2016 2516 2154 2573 duce
2184 2517 2294 2587 pati
2321 2516 2701 2588 conspexerint
2732 2516 3013 2574 fraudem?
3052 2522 3335 2588 Quomodo
3366 2518 3603 2580 contenti

2008 2614 2175 2666 Erunt
2196 2610 2476 2678 stipendiis
2513 2613 2648 2680 suis,
2674 2614 2760 2683 qui
2787 2612 2978 2668 ducem
3003 2629 3160 2669 suum
3188 2616 3459 2672 nobilitari
3483 2633 3607 2672 sen-

2015 2703 2154 2758 tiunt
2179 2710 2245 2758 de
2282 2702 2625 2759 facultatibus
2653 2705 2887 2760 alienis?
2913 2707 3103 2764 Nonne
3128 2710 3340 2778 quando
3365 2709 3472 2765 dux
3503 2713 3605 2766 ali-

2014 2809 2173 2865 quem
2211 2794 2474 2862 concutit,
2510 2795 2639 2865 ipsis
2665 2798 2832 2850 utitur
2865 2782 3124 2853 ministris
3158 2801 3224 2855 ad
3261 2802 3605 2857 violentiam?

2014 2887 2230 2957 quando
2266 2885 2426 2941 alicui
2456 2886 2779 2942 calumniam
2827 2886 2974 2955 facit,
3018 2906 3111 2959 per
3150 2893 3295 2962 ipsos
3330 2894 3604 2963 negotium

2013 2980 2218 3035 fraudis
2270 2982 2522 3037 exercet?
2587 2981 2903 3049 Imperando
2979 3000 3107 3055 ergo
3153 2986 3233 3040 eis
3290 2986 3605 3058 frequenter

2013 3069 2371 3141 iniquitatem,
2403 3080 2752 3127 contemnere
2788 3088 2884 3129 eos
2915 3074 3083 3129 eflicit
3115 3077 3443 3145 aequitatem.
3480 3078 3605 3133 Vult

316 3164 533 3219 occidit.
567 3164 708 3219 Nihil
735 3177 866 3233 ergo
893 3165 1155 3219 adversus
1185 3163 1649 3228 consuetudinem,
1677 3164 1773 3218 sed
1804 3164 1905 3218 bo-
1933 3160 1979 3222 C
2014 3165 2193 3234 itaque
2222 3162 2327 3219 dux
2350 3165 2567 3234 sapiens
2597 3174 2651 3219 ut
2701 3165 2770 3219 sit
2797 3165 2951 3221 miles
2977 3168 3213 3237 quietus,
3240 3171 3497 3240 pacificus
3548 3182 3606 3229 et

315 3271 462 3324 nam,
486 3271 694 3326 gerere,
721 3256 891 3311 virtus
919 3264 1004 3311 est
1037 3254 1408 3310 continentiae.
1447 3252 1698 3311 Profecto
1726 3263 1904 3311 autem

316 3349 360 3402 si
392 3349 675 3403 continens
705 3347 814 3403 dux
852 3346 961 3402 eris
986 3388 1001 3412 ,
1043 3347 1210 3402 etiam
1242 3345 1311 3401 de
1338 3346 1533 3401 futuris
1562 3362 1669 3402 non
1695 3347 1906 3417 impru-

316 3444 451 3496 dens
489 3440 779 3495 invenieris
831 3439 1191 3507 existimator,
1241 3438 1357 3494 sive
1406 3438 1673 3508 vigilando
1722 3448 1906 3494 contra

316 3532 536 3588 insidias
592 3533 1021 3588 adversariorum
1048 3574 1065 3599 ,
1114 3531 1230 3587 sive
1279 3529 1498 3586 sciendo
1554 3531 1648 3600 qui
1699 3531 1907 3587 soleant

314 3636 547 3682 eventus
577 3627 740 3681 rebus
767 3623 992 3695 singulis
1019 3616 1288 3694 deputari,
1323 3624 1463 3680 unde
1494 3622 1738 3679 oriantur
1761 3623 1908 3679 sedi-

317 3722 523 3787 tiones,
553 3721 696 3776 unde
739 3735 878 3775 nova
908 3719 1051 3774 bella
1099 3728 1410 3785 nascantur,
1443 3720 1584 3774 unde
1621 3716 1909 3773 dissolutio

314 3814 647 3880 severitatis,
674 3813 815 3869 unde
838 3812 1148 3882 rapinarum
1172 3812 1430 3868 damnosa
1452 3810 1688 3876 licentia,
1715 3821 1774 3867 ut
1795 3809 1909 3865 haec

299 3905 497 3960 .omnia
528 3906 580 3959 in
611 3906 723 3960 suis
762 3913 1031 3974 amputata
1078 3903 1351 3959 radicibus
1376 3903 1481 3958 iter
1508 3902 1910 3974 sapientissimo

316 4001 438 4055 duci
467 3999 814 4070 quietissimus
844 3997 1215 4069 dispositionis
1246 3997 1506 4067 aperiant.

390 4112 443 4168 6.
493 4113 773 4170 Audienda
812 4121 939 4168 sunt
964 4085 1382 4167 etiam'Joannis
1416 4111 1671 4181 Baptistae
1704 4111 1909 4166 fidelis—

318 4205 453 4260 sima
499 4206 702 4260 monita
729 4250 743 4274 ,
787 4218 909 4275 quas
950 4203 1148 4258 milites
1189 4202 1511 4267 audierunt,
1563 4201 1780 4271 quando
1830 4201 1912 4255 eis

317 4297 769 4369 interrogantibus
796 4314 809 4350 :
838 4295 975 4364 Quid
1003 4294 1261 4349 faciemus
1292 4302 1345 4349 et
1370 4294 1505 4348 nos?
1533 4306 1638 4348 non
1666 4293 1738 4348 ait
1765 4308 1780 4347 :
1810 4292 1908 4357 lte,

299 4402 463 4445 arma
492 4391 766 4460 deponite,
796 4389 1063 4444 bellorum
1095 4387 1262 4456 fugite
1289 4386 1602 4451 certamina,
1632 4384 1763 4438 solis
1790 4400 1912 4438 ora-

317 4485 550 4541 tionibus
580 4492 853 4549 vacantes,
882 4480 1224 4551 imperatoris
1252 4487 1515 4548 praecepta
1541 4476 1902 4542 cOutemnite,

316 4580 412 4635 sed
460 4580 563 4634 alia
614 4562 858 4649 quaedam
911 4576 1192 4647 proposuit
1240 4572 1577 4631 observanda
1605 4613 1620 4637 ,
1667 4571 1904 4626 dicens:

320 4676 593 4730 Neminem
621 4675 921 4730 concutiatis
945 4720 959 4744 ,
1002 4672 1136 4728 nulli
1165 4672 1472 4726 calumniam
1504 4670 1707 4741 faciatis
1732 4709 1745 4735 ,
1778 4685 1907 4722 con-

319 4768 438 4821 tenti
469 4774 626 4821 estote
655 4767 925 4836 stipendiis
953 4766 1130 4821 vestris
1163 4764 1315 4834 (Luc.
1347 4779 1425 4829 ιιι,
1454 4761 1568 4833 14).
1609 4762 1911 4815 Concutere

320 4876 446 4915 vero
474 4870 559 4915 est
588 4870 772 4929 aperte
803 4858 978 4914 facere
1004 4859 1340 4921 violentiam,
1373 4854 1717 4921 calumniari,
1748 4867 1910 4907 occa-

319 4953 525 5008 sionem
560 4951 789 5006 nocendi
838 4951 1133 5019 requirere.
1182 4949 1447 5018 Quoniam
1493 4949 1583 5019 qui
1630 4945 1911 5016 stipendiis

318 5045 432 5099 suis
478 5044 710 5099 noluerit
757 5056 879 5099 esse
927 5053 1244 5106 contentus,
1290 5051 1381 5097 aut
1422 5041 1571 5098 frena
1614 5041 1910 5109 disciplina.-

320 5138 481 5191 sinml
533 5136 844 5207 disrumpit,
888 5146 978 5191 aut
1024 5136 1330 5191 temerariis
1375 5136 1688 5190 excessibus
1737 5136 1910 5189 al'eua

318 5230 503 5299 diripit
560 5232 656 5301 (et
701 5218 804 5285 hoc
854 5228 1146 5299 prohibens
1195 5237 1412 5282 sanctus
1451 5228 1691 5283 JOannes
1726 5226 1860 5280 dixit
1896 5243 1908 5279 :

322 5321 595 5376 Neminem
627 5320 1029 5391 concusseritis),
1073 5330 1160 5374 aut
1190 5320 1405 5389 requirit
1435 5334 1623 5374 causas
1655 5319 1909 5373 offensio-

320 5416 404 5470 nis
432 5426 492 5468 ut
521 5413 622 5471 sub
648 5416 829 5486 aliquo
860 5415 1079 5486 justitiae
1122 5413 1303 5468 colore
1346 5421 1545 5468 terreat
1573 5411 1908 5476 innocentes,

319 5515 482 5576 atque
509 5507 746 5560 avaritia:
778 5522 890 5561 suae
912 5547 926 5570 ,
960 5504 1045 5559 vel
1078 5506 1253 5581 potius
1292 5503 1573 5573 rapacitati
1607 5504 1918 5558 satisfacere

319 5606 477 5669 cogat
497 5597 735 5665 invitos;
760 5599 901 5668 quod
929 5600 1221 5668 prohibens
1245 5607 1460 5651 sanctus
1484 5597 1719 5651 Joannes
1743 5595 1875 5649 dixit
1902 5613 1912 5622 ·

326 5686 477 5743 Nulli
509 5692 821 5746 calumniam
862 5693 1107 5763 feceritis.
1156 5692 1223 5744 Et
1264 5699 1470 5744 remota
1506 5690 1661 5757 hujus
1690 5688 1919 5754 duplicis

323 5782 542 5839 malitiae
565 5785 935 5857 perversitate,
961 5783 1084 5855 quid
1110 5783 1439 5857 sequendum
1471 5782 1660 5838 luisset
1682 5780 1876 5851 adjecit
1902 5799 1911 5833 :

2009 3256 2298 3311 subditas?
2334 3255 2404 3310 sit
2430 3256 2544 3325 ipse
2567 3256 2767 3327 justus,
2800 3258 3130 3327 misericors,
3160 3270 3514 3334 temperatus,
3549 3273 3605 3319 et

2012 3351 2067 3401 in
2098 3361 2194 3402 sua
2217 3346 2684 3403 administratione
2711 3364 2820 3403 non
2854 3365 3091 3418 praeesse
3117 3352 3323 3424 diligat,
3355 3355 3449 3409 sed
3480 3371 3606 3423 pro—

2011 3440 2187 3497 desse.
2232 3441 2477 3498 lmitetur
2518 3443 2673 3499 bonis
2722 3446 2934 3500 actibus
2990 3446 3336 3517 Samuelem;
3387 3464 3605 3521 compa-

2010 3544 2093 3588 ret
2122 3532 2224 3587 sibi
2252 3534 2475 3588 liberam
2517 3533 2768 3591 ﬁduciam
2810 3540 3129 3593 verecundae
3175 3551 3228 3596 et
3266 3542 3508 3599 honesta:
3539 3546 3602 3598 li-

2012 3625 2257 3697 bertatis,
2303 3635 2361 3681 ut
2408 3626 2643 3697 ingenua
2695 3628 2873 3682 fronte
2923 3630 3105 3685 dicere
3134 3631 3311 3688 valeat
3350 3635 3605 3705 subjectis

2010 3719 2138 3787 sibi,
2170 3719 2308 3775 sicut
2337 3718 2474 3774 dixit
2504 3720 2755 3776 Samuel:
2790 3719 2925 3776 Ecce
2948 3724 3131 3776 adsunt
3150 3740 3275 3795 ego;
3301 3728 3605 3796 respondete

2014 3828 2300 3887 contrame
2328 3821 2384 3876 in
2406 3828 2682 3889 conspectu
2714 3818 2946 3889 Domini,
2974 3833 3022 3877 et
3050 3823 3104 3876 in
3128 3833 3399 3895 conspectu
3428 3825 3606 3881 Christi

2011 3919 2155 3988 ejus;
2214 3917 2258 3972 si
2302 3917 2523 3971 vitulum
2575 3916 2797 3986 alicujus
2847 3915 2963 3984 tuli,
3013 3924 3103 3967 aut
3139 3915 3342 3969 asinum
3382 3915 3607 3988 alicujus

2013 4012 2133 4078 tuli,
2160 4020 2251 4064 aut
2279 4010 2439 4064 alicui
2476 4020 2693 4064 oestrum
2734 4023 2826 4077 per
2866 4007 3147 4079 potentiam
3187 4009 3361 4076 nocui,
3395 4018 3483 4063 aut
3510 4011 3610 4063 ali-

2013 4121 2162 4176 quem
2188 4105 2444 4175 oppressi,
2476 4118 2562 4157 aut
2584 4105 2647 4156 de
2678 4117 2835 4156 manu
2858 4101 3081 4174 alicujus
3106 4101 3280 4170 accepi
3309 4116 3402 4169 pro
3430 4119 3608 4157 exora-

2014 4202 2150 4255 tione
2179 4202 2257 4254 vel
2303 4200 2718 4254 calciamentum.
2759 4193 3086 4265 Respondete
3124 4194 3394 4249 advertunt
3419 4211 3518 4260 me,
3560 4207 3606 4251 et

2013 4296 2230 4350 reddam
2280 4294 2418 4348 vobis
2456 4291 2509 4365 (1
2558 4292 2688 4361 Reg.
2737 4306 2834 4357 xu,
2873 4290 2929 4356 Ξ,
2960 4289 3039 4360 5).
3096 4288 3161 4344 Et
3218 4289 3606 4359 reSpondeatur

2013 4389 2175 4445 etiam
2204 4387 2252 4441 ei
2275 4385 2419 4457 quod
2449 4386 2704 4441 dixerunt
2731 4385 2798 4439 ad
2829 4383 3052 4439 Samuel
3083 4401 3096 4436 :
3129 4381 3341 4437 Nemini
3371 4391 3606 4438 nostrum

2019 4487 2262 4551 nocuisti,
2317 4502 2407 4539 nec
2447 4486 2853 4556 perpotentiam
2898 4483 3121 4550 aliquem
3160 4482 3480 4554 oppressisti,
3517 4497 3609 4536 nec

2014 4579 2311 4651 confregisti
2340 4594 2452 4643 nos,
2487 4592 2646 4646 neque
2674 4576 2917 4645 accepisti
2945 4573 3141 4640 aliquid
3172 4574 3237 4628 de
3260 4576 3496 4628 manibus
3515 4590 3608 4627 no-

2015 4676 2135 4729 stris
2171 4672 2361 4744 (Ibid.,
2390 4672 2470 4741 ll).
2501 4672 2545 4727 Ο
2590 4686 2750 4741 quam
2788 4672 3060 4741 gloriosus
3102 4670 3209 4724 dux
3237 4670 3341 4723 erit
3374 4677 3505 4725 ante
3534 4668 3607 4723 fa-

2015 4768 2152 4823 ciem
2184 4766 2462 4837 principis,
2492 4766 2581 4835 qui
2613 4766 2713 4819 ista
2750 4765 2938 4820 audire
2969 4761 3262 4818 meruerit!
3297 4762 3607 4832 magnifica-

2018 4861 2151 4917 bunt
2198 4875 2318 4915 eum
2361 4874 2637 4930 proceres,
2677 4857 3001 4913 benedicent
3055 4855 3305 4921 humiles,
3353 4865 3606 4924 sequetur

2018 4955 2166 5011 illum
2194 4953 2332 5009 fama
2362 4952 2566 5007 divitiis
2587 4951 2841 5007 omnibus
2873 4947 3086 5004 melior.
3121 4945 3346 4999 Dabitur
3373 4946 3443 5011 ei,
3468 4946 3605 5001 sicut

2020 5048 2276 5116 scriptum
2320 5056 2423 5112 est,
2457 5046 2577 5113 ﬁdei
2616 5045 2806 5099 donum
2831 5042 3066 5109 electum,
3099 5050 3147 5094 et
3171 5056 3281 5094 sors
3324 5040 3380 5094 in
3416 5041 3605 5107 templo

2022 5138 2118 5205 Dei
2166 5139 2440 5208 placidior,
2472 5138 2720 5191 bonorum
2760 5138 2994 5189 laborum
3033 5133 3229 5199 {ructus
3273 5131 3415 5185 bona!
3452 5135 3606 5202 fama

2024 5232 2178 5302 (Sap.
2221 5246 2300 5297 tn,
2338 5228 2448 5300 14).
2483 5229 2624 5283 Etsi
2675 5228 2897 5283 forsitan
2926 5232 3294 5290 removeatur,
3327 5232 3419 5277 aut
3459 5237 3603 5276 rem-

2020 5324 2286 5393 publicam
2336 5338 2442 5375 uon
2500 5319 2881 5375 administrare
2936 5319 3212 5387 iubeatur,
3264 5315 3505 5371 manebit
3552 5325 3607 5369 et

2022 5414 2357 5482 permanebit
2411 5413 2464 5466 in
2508 5412 2751 5466 omnium
2801 5412 3096 5466 dilectione
3145 5409 3296 5480 quasi
3347 5423 3607 5478 praesens.

2018 5508 2269 5576 Quisquis
2299 5516 2479 5562 autem
2523 5506 2849 5561 successerit
2875 5506 2948 5570 ei,
2985 5520 3090 5559 non
3134 5506 3275 5574 quod
3317 5503 3607 5572 reprehen-

2005 5600 2130 5664 .dat,
2158 5599 2253 5654 sed
2276 5599 2420 5668 quod
2454 5597 2681 5652 miretur
2708 5598 2967 5651 inveniet.
3002 5598 3056 5653 Si
3084 5608 3259 5651 tamen
3294 5598 3458 5665 magis
3485 5610 3607 5664 pro-

2018 5694 2178 5747 desse
2227 5691 2436 5762 diligat,
2479 5707 2636 5759 quam
2673 5706 2930 5760 praeerse.
2965 5690 3115 5744 Multi
3162 5691 3303 5743 enim
3346 5697 3604 5759 prmsunt,

2018 5785 2111 5842 sed
2152 5784 2370 5841 omnino
2401 5783 2556 5851 pauci
2611 5796 2832 5852 prosunt
2879 5783 2954 5838 eis
2990 5780 3199 5849 populis
3230 5780 3424 5845 quibus
3467 5793 3603 5845 prae-
