4070 6452
474 254 580 310 935

1412 257 1780 313 FULGENTH
1823 257 2172 313 FERBANDI
2218 253 2491 311 DlACONl
2531 253 2881 310 CAli'lllAG.

3662 247 3783 301 936

477 375 623 425 sunt.
673 362 925 435 Quisquis
972 365 1191 436 privatis
1235 366 1529 421 honoribus
1579 368 1767 434 inhiat,
1817 369 2072 438 despecta
2102 375 2148 428 Α
2180 384 2240 422 se
2269 383 2442 439 neque
2485 367 2554 422 ab
2582 367 2688 422 alio
2715 367 2846 421 sinit
2873 367 3177 438 quempiam
3216 366 3362 423 laedi.
3393 366 3579 424 Potest
3614 368 3784 437 plano

473 459 706 514 utilitate
741 458 1126 529 subiectorum,
1172 460 1339 528 magis
1374 475 1607 528 praeesse
1656 462 1860 529 appetit
1909 476 2069 527 quam

476 554 755 619 prodesse.
781 552 926 606 Talis
972 561 1148 606 autem
1184 555 1288 606 dux
1324 555 1527 621 inutilis
1555 564 1660 619 est,
1693 565 1746 608 et
1790 554 2018 622 iniustus
2052 569 2065 605 :

477 659 577 699 nec
605 658 790 714 regere
830 653 1007 713 potest
1047 653 1275 700 stantem
1322 647 1727 716 rempublicam,
1762 660 1862 702 nec
1904 661 2072 717 repa-

478 750 599 790 rare
627 736 946 804 collapsam.

567 847 747 897 ΤειιτιΑ
772 864 973 899 ιιεαῑτιλ.
1002 852 1112 900 Νοη
1136 861 1345 912 prwesse
1368 858 1582 913 appetas,
1612 852 1698 902 sed
1724 851 1973 914 prodesse.

550 953 598 1005 7.
646 953 825 1006 Tertia
864 969 992 1023 ergo
1034 964 1117 1008 est
1151 956 1328 1024 regula
1374 957 1691 1011 innocentiae
1733 958 1938 1012 actibus
1969 959 2068 1011 mi-

473 1041 721 1098 litoribus
759 1055 1042 1113 occupato,
1092 1048 1135 1100 si
1186 1048 1307 1102 ideo
1354 1050 1561 1116 prarsis,
1604 1058 1661 1102 ut
1687 1048 1883 1119 prosis.
1931 1049 2066 1103 Pro-

472 1134 633 1189 desse
661 1147 838 1189 autem
873 1136 1163 1206 videberis,
1208 1139 1251 1191 si
1296 1146 1506 1208 tempus
1548 1152 1603 1193 et
1631 1140 1808 1195 locum
1843 1151 1946 1196 ture
1970 1145 2068 1198 ad-

472 1227 884 1282 muristrationis
914 1229 1205 1299 intelligas.
1240 1230 1303 1285 Et
1333 1240 1543 1299 tempus
1572 1233 1787 1303 quidem
1821 1234 2066 1289 conside—

473 1318 655 1381 rabis,
716 1319 843 1372 dum
890 1320 1119 1386 sapienti
1174 1322 1501 1377 discretione
1541 1325 1838 1393 perpendes
1884 1335 2064 1379 utrum

474 1400 754 1476 pacificum
784 1412 871 1478 sit,
898 1426 963 1465 an
995 1413 1311 1467 tumultibus
1336 1414 1538 1469 bellicis
1561 1417 1879 1484 inquietum.
1908 1417 2067 1484 Stepe

474 1504 616 1557 enim
641 1504 783 1573 quod
817 1508 867 1558 in
918 1507 1063 1574 pacis
1093 1507 1206 1561 otio
1236 1506 1436 1562 vindex
1464 1508 1749 1577 disciplina
1792 1512 2068 1581 persequi-

476 1606 582 1662 tur,
627 1598 766 1653 inter
796 1599 979 1652 turbas
1024 1611 1075 1653 et
1102 1600 1310 1669 gladios
1351 1612 1504 1656 cauta
1554 1603 1747 1658 tolerat
1790 1606 2064 1673 patientia.

473 1687 675 1743 anum
717 1705 843 1744 vero
890 1700 1035 1745 recte
1078 1693 1466 1760 considerabis,
1510 1704 1687 1749 utrum
1740 1697 1938 1752 sterilis
1990 1715 2057 1753 an

475 1779 703 1844 fertilis;
736 1791 913 1835 utrum
946 1785 1230 1838 nutriendo
1260 1788 1517 1841 exercitui
1541 1786 1840 1855 sufficiens,
1870 1805 1936 1842 an
1968 1792 2065 1845 mi-

474 1886 574 1926 nus
601 1872 857 1939 idoneos;
889 1881 1070 1928 utrum
1101 1875 1374 1929 desolatus
1402 1886 1456 1931 et
1501 1878 1754 1945 incultus,
1780 1894 1847 1932 an
1880 1881 2067 1934 incon-

474 1979 666 2018 cussus
703 1976 756 2019 et
777 1966 1064 2035 diligenter
1089 1977 1344 2036 appareat
1383 1980 1654 2027 exaratus.
1680 1973 1898 2040 Quoties
1923 1962 2066 2030 enim

474 2056 815 2122 reparatione
871 2057 1070 2126 indiget
1126 2060 1307 2118 locus.
1364 2061 1453 2116 ubi
1507 2063 1811 2131 gubernare
1870 2066 2067 2121 videris

474 2157 791 2213 exercitum,
840 2151 1237 2205 contemnenda
1265 2162 1390 2206 sunt
1430 2155 1608 2208 omnia
1652 2157 1795 2210 lucra
1841 2158 2065 2226 privata,

446 2241 633 2293 etiam
663 2257 781 2308 qua:
804 2244 902 2297 sibi
927 2244 1258 2298 consuetudo
1279 2244 1389 2315 jam
1415 2247 1584 2301 libere
1611 2251 1870 2313 vrttdieal;
1900 2260 1954 2305 et
1979 2266 2067 2306 sc-

475 2334 716 2388 veritatis
747 2338 905 2403 paulo
934 2337 1157 2406 rigidior
1188 2342 1533 2407 temperanda
1566 2358 1818 2399 censura.
1861 2346 2067 2401 Pra:tcr

474 2423 595 2480 haec
619 2440 834 2497 quoque
854 2429 1063 2485 duobus
1092 2431 1265 2487 modis
1293 2424 1547 2502 prodesse
1579 2436 1864 2503 videberis,
1897 2439 1939 2493 si
1973 2454 2067 2494 ne-

474 2520 679 2576 minem
711 2520 900 2587 lmdas,
936 2533 993 2578 et
1019 2524 1140 2579 illos
1168 2527 1261 2596 qui
1304 2528 1482 2585 solent
1537 2540 1628 2584 aut
1660 2531 1845 2586 volunt
1874 2533 2070 2591 lzedere

477 2609 767 2679 prohibeas
790 2624 1048 2682 quantum
1084 2630 1257 2683 pores,
1290 2617 1399 2673 imo
1425 2630 1680 2689 quantum
1709 2636 1866 2691 poSse
1897 2623 2069 2678 dona-

475 2706 614 2760 verit
652 2704 916 2761 Christus.
960 2708 1113 2764 ‘l’unc
1144 2721 1322 2766 autem
1356 2711 1462 2766 dux
1513 2717 1749 2784 Optimus
1798 2717 2068 2772 neminem

474 2798 656 2866 laedet,
689 2800 731 2853 si
762 2801 813 2854 in
855 2802 1001 2855 omni
1035 2806 1289 2870 prretmio
1335 2806 1476 2861 illius
1506 2824 1610 2862 non
1641 2809 1837 2864 audeat
1876 2810 2069 2880 aliquis

477 2889 706 2953 amicus,
737 2889 924 2950 cliens.
957 2891 1218 2958 medicus,
1249 2896 1503 2964 armiger,
1539 2909 1627 2951 aut
1655 2910 1874 2968 prepter
1904 2900 2070 2956 ofﬁcii

474 2979 672 3050 pub'ici
714 2982 1061 3038 dev0tionem
1103 2985 1256 3039 lateri
1314 2987 1469 3042 ducis
1517 3005 1733 3057 semper
1762 2991 2064 3063 adjunctus,

474 3084 730 3125 concessa
773 3071 1030 3128 beneficia
1066 3076 1323 3131 vendere.
1358 3079 1495 3146 Quid
1528 3081 1671 3136 enim
1725 3084 1951 3140 miseros
1981 3086 2067 3155 ju-

2177 476 2270 530 per
2296 462 2433 517 hanc
2461 461 2795 532 diligentiam
2827 461 2907 515 sic
2932 462 3216 529 acquirere
3241 460 3437 517 famam
3466 462 3691 528 bonam,
3720 473 3783 519 ut

2170 556 2333 609 etiam
2366 557 2411 610 si
2440 569 2671 625 persona
2701 554 2946 622 superior
2988 555 3186 609 hedera
3216 554 3450 609 voluerit
3495 555 3780 620 subditos,

2172 648 2336 702 libera
2371 646 2759 701 interceSsione
2801 645 3123 711 subveniat;
3164 656 3221 700 et
3248 647 3575 715 parcendum
3616 647 3782 702 facile

2173 740 2514 808 persuadeat,
2545 739 2741 809 quibus
2778 743 2887 808 ipse
2920 740 3093 809 primo
3124 743 3452 810 pepercerit.
3504 814 3517 819 J

2241 833 2295 887 8.
2338 832 2568 887 Pulchre
2603 841 2780 887 autem
2826 846 2925 886 nos
2967 832 3048 886 vi:
3096 833 3475 902 disputationis
3513 833 3580 887 ad
3622 833 3781 889 hunc

2171 922 2348 978 locum
2375 923 2620 991 deduxit,
2662 923 2749 979 ubi
2775 923 3142 979 necessarium
3181 924 3337 979 boais
3365 925 3592 980 ducibus
3616 926 3782 982 dice-

2169 1030 2373 1082 remus,
2407 1016 2583 1070 etiam-
2602 1015 2938 1086 suggerendo
2965 1016 3319 1085 principibus,
3354 1020 3611 1087 prodesse
3646 1021 3782 1074 sub-

2165 1106 2346 1175 jectis.
2396 1105 2654 1161 Novimus
2681 1107 2825 1160 enim
2860 1108 3141 1177 plurimos,
3175 1120 3231 1162 ut
3268 1110 3511 1179 placeant
3537 1112 3778 1180 potiori-

2169 1200 2292 1266 bus,
2331 1201 2510 1254 minus
2567 1201 2855 1254 consulere
2904 1199 3269 1256 inferioribus.
3321 1203 3398 1257 Ex
3435 1219 3623 1259 eorum
3670 1223 3783 1261 nu-

2170 1305 2321 1344 mero
2351 1305 2471 1345 esse
2501 1291 2733 1345 arbitror
2762 1293 2851 1360 qui
2897 1293 3187 1361 provincia
3230 1294 3319 1349 ubi
3364 1296 3782 1362 administrant.

2172 1381 2521 1452 indigentiam
2553 1382 2674 1437 sive
2701 1383 3081 1440 tribulationes
3109 1384 3360 1448 celando,
3389 1386 3598 1441 salvum
3634 1406 3784 1445 nunc

2174 1475 2309 1527 tiant
2341 1490 2661 1544 permanere
2690 1475 2950 1545 quidquid
2981 1477 3251 1547 aspiciunt
3278 1478 3505 1547 lapsum,
3530 1481 3773 1550 gloriam

2169 1582 2322 1622 suam
2365 1578 2616 1636 putantes
2644 1572 2688 1623 si
2730 1571 3059 1626 mentiantur
3084 1580 3230 1626 stare
3255 1572 3397 1641 quod
3434 1582 3637 1629 norunt
3670 1591 3771 1645 pe-

2175 1662 2352 1717 riisse.
2383 1660 2659 1732 Coguntur
2687 1678 2817 1718 vero
2847 1673 2906 1718 ut
2949 1664 3130 1720 verbis
3176 1664 3436 1734 improbis
3479 1667 3783 1722 credulita-

2097 1761 2147 1821 Β
2175 1763 2280 1809 tein
2321 1763 2661 1823 comparent,
2712 1756 3071 1824 multiplicare
3107 1756 3425 1813 miserorum
3468 1760 3781 1829 provincia~

2174 1847 2304 1901 lium
2356 1845 2586 1913 damna;
2638 1862 2733 1917 per
2778 1864 2897 1919 quae
2934 1848 3213 1905 videantur
3259 1851 3411 1919 quasi
3454 1851 3631 1918 lucra,
3674 1856 3778 1908 sed

2172 1936 2387 1991 inimica
2428 1953 2647 2008 prorsus
2704 1940 3053 2009 reipublicm,
3120 1942 3375 2011 piissimis
3426 1944 3777 2015 principibus

2176 2028 2487 2097 providere,
2534 2032 2929 2101 reparationem
2975 2034 3155 2102 potius
3184 2034 3418 2104 regionis
3463 2036 3775 2105 impedien-

2175 2130 2275 2173 tes.
2300 2120 2367 2174 Et
2396 2120 2484 2175 ubi
2507 2136 2772 2190 apparere
2803 2121 3041 2191 gestiunt
3065 2125 3251 2193 utiles,
3286 2124 3359 2180 ibi
3389 2136 3515 2181 sunt
3546 2143 3780 2196 prorsus

2181 2212 2423 2267 inutiles.
2456 2213 2787 2284 lmponendo
2816 2216 2958 2270 enim
2997 2218 3243 2288 graviora
3285 2233 3472 2285 onera,
3522 2233 3780 2275 succum-

2172 2305 2301 2359 bere
2326 2305 2532 2360 faciunt
2574 2308 2804 2377 populos
2842 2308 3120 2377 fatigatos;
3168 2324 3269 2366 nec
3314 2312 3632 2382 relinquunt
3658 2328 3779 2369 soc-

2172 2399 2483 2454 cessoribus
2532 2401 2643 2455 suis
2688 2409 2883 2471 prazter
2912 2404 3086 2458 luctus
3131 2412 3189 2458 et
3232 2405 3519 2476 lacrymas.
3548 2406 3691 2460 Nolo
3723 2418 3778 2463 te

2173 2491 2292 2547 istis
2347 2493 2581 2549 similem
2633 2494 2883 2564 reperiri.
2943 2496 3000 2552 Si
3066 2498 3328 2566 prodesse
3387 2497 3604 2569 diligis,
3664 2517 3777 2555 non

2173 2598 2437 2654 praeesse,
2472 2596 2669 2655 priuata
2695 2588 2896 2658 aliquid
2924 2589 3144 2659 dignum
3187 2593 3467 2660 memoria,
3509 2594 3660 2662 quod
3690 2608 3778 2649 re-

2171 2678 2426 2734 cordetur
2454 2681 2763 2749 posteritas,
2809 2693 2860 2737 et
2893 2692 3194 2753 temporum
3238 2696 3452 2740 tuorum
3488 2688 3640 2743 nulla
3674 2705 3775 2743 na-

2171 2784 2356 2827 scatur
2396 2773 2617 2828 oblivio.
2666 2775 2738 2828 Da
2770 2789 2990 2846 operam
3034 2776 3231 2831 divites
3279 2778 3586 2848 relinquere
3631 2796 3778 2850 quos

2172 2868 2448 2924 inveneris
2473 2883 2757 2939 pauperes,
2786 2869 3165 2925 abundantiam
3192 2872 3473 2940 providere
3491 2874 3577 2927 ubi
3603 2876 3775 2929 etiam

2175 2971 2229 3017 tu
2260 2963 2539 3033 penuriam
2587 2964 2887 3032 pertulisti;
2931 2974 2983 3019 et
3026 2966 3071 3019 si
3102 2965 3319 3035 quidem
3366 2967 3563 3021 sufficit
3596 2970 3777 3024 virtus

2174 3065 2286 3119 tua,
2322 3057 2649 3125 provinciam
2679 3057 2798 3115 sine
2822 3057 3071 3112 tarditate
3102 3069 3379 3124 restaura;
3413 3059 3462 3113 si
3489 3074 3623 3113 vero
3649 3060 3778 3128 piis-

475 3173 580 3231 ηι,
634 3164 678 3218 si
723 3164 832 3219 dux
872 3166 1123 3221 exhibe,"
1180 3139 1564 3225 com-mgnum“
1613 3173 1735 3227 boni
1786 3139 2067 3241 dudm},
2096 3139 2140 3201 C
2173 3148 2504 3222 simioperis
2533 3151 2676 3205 inest
2699 3150 2967 3215 voluntas,
2995 3150 3146 3205 deest
3194 3150 3445 3217 facultas,
3482 3152 3638 3206 defer
3671 3153 3779 3208 hoc

473 3256 611 3310 alios
638 3255 741 3310 sibi
772 3259 838 3311 de
864 3266 1130 3327 potestate
1162 3259 1307 3316 illius
1336 3264 1674 3318 occasionem
1708 3265 1866 3320 faciat
1894 3269 2071 3322 avari-

477 3349 567 3403 tia:
610 3348 913 3403 satiandie?
964 3350 1124 3406 Tales
1178 3352 1371 3408 habeat
1420 3356 1593 3409 socios
1624 3365 1719 3410 aut
1768 3360 2067 3429 ministros,

479 3443 690 3511 qualem
722 3455 781 3496 se
801 3457 922 3498 esse
953 3443 1151 3499 debere
1177 3446 1469 3515 cognoscit.
1504 3447 1757 3518 Quisquis
1778 3451 1922 3506 enim
1947 3453 2069 3509 duci

479 3534 819 3590 familiariter
846 3535 1090 3603 iuharret,
1124 3539 1211 3593 cui
1242 3539 1404 3595 multa
1449 3543 1789 3610 exsequenda
1823 3546 2071 3601 commit-

477 3626 564 3693 tit,
597 3641 786 3681 manus
828 3637 911 3683 est
961 3630 1151 3695 ducis;
1195 3639 1252 3686 et
1292 3632 1484 3687 merito
1514 3634 1775 3704 quidquid
1808 3636 1886 3691 illi
1932 3640 2072 3694 acci-

481 3716 655 3787 piunt,
689 3718 754 3771 ad
788 3719 937 3773 illum
968 3721 1086 3776 sine
1115 3722 1276 3778 dubio
1309 3725 1545 3780 creditur
1576 3731 1906 3797 pertransire
1933 3746 1946 3783 :
1971 3745 2073 3787 nec

481 3813 661 3876 potest
699 3824 820 3866 esse
846 3811 999 3867 ducis
1046 3815 1235 3882 optimi
1267 3815 1404 3870 fama
1437 3818 1600 3884 bona,
1632 3820 1846 3889 quando
1875 3823 2074 3879 fuerint

479 3900 779 3956 ministeria
812 3904 970 3958 mala.
1013 3904 1238 3973 Deinde,
1274 3910 1542 3975 quomodo
1587 3913 1845 3980 corripiet
1888 3924 2070 3969 extra-

478 4008 631 4061 neos,
664 3995 767 4049 nisi
800 3997 1050 4063 primitus
1079 4001 1377 4055 correxerit
1423 4004 1590 4058 suos?
1616 4004 1746 4070 Quis
1782 4006 1988 4063 dubitet
2018 4009 2070 4064 in

476 4088 719 4143 exercitu
760 4090 1084 4144 constitutos
1113 4091 1323 4147 facilius
1373 4094 1438 4149 ad
1484 4098 1865 4153 committenda
1902 4103 2073 4170 prosi-

480 4178 583 4232 lire
614 4179 873 4247 facinora,
917 4182 960 4235 si
1005 4182 1229 4237 viderint
1262 4186 1576 4240 assistentes
1611 4188 1731 4244 duci
1763 4206 2074 4260 per-perraro

478 4268 727 4325 licentius
773 4272 1085 4328 deteriora?
1133 4275 1289 4332 facile
1344 4289 1520 4334 autem
1590 4286 1861 4341 custodiet
1910 4302 2074 4344 omne

476 4360 685 4429 vulgus,
730 4364 974 4428 quamvis
1025 4366 1265 4421 indomiti
1314 4375 1602 4440 exercitus,
1646 4377 1786 4445 quod
1826 4378 2073 4436 homines

478 4451 603 4506 duci
631 4453 787 4507 valde
809 4455 1098 4512 familiares
1120 4465 1469 4518 servaverint.
1495 4466 1691 4522 Caveat
1718 4484 1847 4538 ergo
1872 4482 1925 4526 et
1953 4472 2071 4526 dili-

474 4553 671 4612 genter
700 4556 905 4611 caveat,
936 4564 1003 4601 ne
1032 4551 1152 4618 quis
1175 4551 1446 4609 hominum
1476 4573 1692 4613 suorum
1726 4563 1938 4618 miseris
1967 4579 2067 4619 no-
2100 4526 2152 4586 υ

478 4643 633 4698 ceat;
662 4642 720 4688 et
747 4636 873 4690 dum
905 4654 965 4693 se
996 4639 1191 4696 bouum
1236 4656 1402 4712 putat,
1436 4653 1609 4703 malus
1655 4665 1872 4721 propter
1902 4659 2069 4711 malos

479 4734 737 4793 putetur;
772 4729 963 4797 quibus
992 4742 1086 4786 aut
1119 4734 1302 4791 favere
1322 4737 1581 4796 dicendus
1610 4754 1693 4796 est
1722 4754 1813 4798 aut
1841 4761 2069 4802 consen-

480 4817 606 4883 tire,
655 4820 871 4887 quando
899 4824 1016 4891 ipso
1066 4838 1336 4894 pmscnte
1380 4831 1502 4883 talia
1551 4834 1838 4899 gesserint,
1891 4840 2067 4907 qualia

470 4911 636 4965 etiam
681 4915 724 4966 si
774 4915 889 4985 ipse
930 4933 1036 4971 non
1067 4930 1238 4989 geret,
1284 4938 1392 4977 non
1443 4924 1641 4981 habere
1670 4931 1937 4995 credetur,
1971 4934 2066 4989 sed

472 5002 680 5073 fingere
710 5006 1030 5065 bonitatem.
1064 5011 1177 5065 Non
1211 5024 1385 5081 potest
1426 5019 1641 5086 sapiens
1667 5019 1770 5074 dux
1813 5028 2067 5080 excusari

475 5099 547 5152 de
575 5098 899 5169 ignorantia,
930 5105 1146 5172 quoties
1176 5104 1401 5160 forsitan
1450 5109 1646 5165 dixerit
1672 5127 1687 5166 :
1714 5113 1827 5183 Ego
1862 5119 2066 5183 nescio,

470 5205 584 5243 non
632 5192 833 5258 audivi,
880 5196 1085 5251 nullius
1139 5197 1205 5252 ad
1260 5216 1348 5256 me
1394 5205 1613 5271 querela
1663 5210 1929 5276 pervenit.
1972 5212 2070 5266 Per

476 5282 655 5350 ipsum
686 5299 919 5356 namque
950 5290 1075 5356 quid
1108 5301 1299 5360 agatur
1344 5308 1373 5345 a
1402 5295 1537 5357 suis,
1588 5306 1800 5366 oportet
1832 5302 2065 5371 inquiri;

476 5375 602 5441 quia
632 5392 793 5431 nemo
827 5395 921 5436 eos
958 5384 1119 5438 audet
1158 5387 1389 5449 publicis
1433 5390 1949 5458 interpellationibus
1975 5414 2066 5451 ac-

469 5481 687 5538 cusare,
711 5488 940 5541 quorum
975 5478 1255 5535 \iolentias
1278 5482 1368 5537 alii
1407 5486 1614 5549 timent,
1644 5488 1731 5542 alii
1766 5492 2060 5557 patiuntur.

476 5555 595 5610 Dux
621 5575 750 5629 ergo
779 5580 1139 5631 perscrutator
1161 5575 1458 5631 acerrimus
1480 5578 1616 5632 effici
1648 5581 1949 5636 nullatenus
1970 5584 2067 5638 du-

474 5646 631 5715 bitet,
670 5657 755 5711 cui
795 5674 859 5713 ex
900 5661 999 5718 hac
1037 5666 1311 5738 diligentia
1360 5673 1585 5740 publica).
1624 5678 1927 5732 severitatis
1968 5696 2064 5733 na-

476 5750 659 5799 BCatur
689 5752 981 5806 auctoritas
1002 5772 1021 5828 ς,
1055 5766 1111 5811 ut
1139 5760 1357 5817 omnino
1391 5768 1574 5831 prosit,
1602 5770 1815 5834 quando
1841 5785 2012 5833 neque
2035 5788 2063 5827 a

2174 3241 2239 3296 ad
2263 3243 2646 3297 conscientiam
2694 3245 2972 3312 pOtesluliS
2996 3245 3312 3313 superioris.
3355 3246 3483 3300 Esto
3516 3247 3682 3302 testis
3712 3250 3779 3300 ti-

2175 3334 2313 3390 delis
2338 3336 2636 3390 alienarum
2681 3337 3041 3392 miseriarum.
3088 3337 3362 3406 Supplice,
3396 3340 3647 3407 obsecra,
3675 3340 3782 3393 do-

2175 3440 2277 3480 nec
2298 3426 2556 3493 impetres
2583 3427 2932 3496 adjutorium.
2956 3428 3166 3483 Labora
3188 3431 3278 3483 ditt
3304 3434 3556 3500 petendo,
3588 3449 3658 3487 ne
3681 3435 3777 3489 alii

2175 3514 2464 3569 diuturnas
2512 3518 2789 3586 angustias
2834 3518 3109 3588 perferant
3153 3521 3478 3587 laborando,
3524 3532 3575 3577 tu
3626 3529 3779 3580 enim

2173 3608 2504 3675 judica-bcris
2539 3610 2858 3679 praestitisse
2899 3612 3156 3682 quidquid
3198 3616 3541 3669 universitati
3591 3627 3781 3684 postu-

2177 3698 2323 3755 lante
2346 3709 2397 3753 te
2427 3701 2794 3770 praestabitur.
2827 3702 2948 3756 Noli
2973 3717 3241 3772 apparere
3264 3705 3457 3760 similis
3484 3705 3551 3761 ad
3580 3707 3781 3765 horam

2178 3788 2394 3859 placere
2425 3790 2730 3845 volentibus
2759 3809 2774 3859 ;
2803 3794 2894 3862 qui
2918 3782 3313 3859 videntes,’aut
3337 3798 3659 3864 sentientes,
3682 3812 3781 3856 aut

2176 3883 2450 3937 interdum
2478 3885 2640 3939 etiam
2679 3884 3016 3954 perferentes
3063 3889 3117 3943 iu
3156 3890 3449 3959 provinciis
3495 3891 3585 3946 ubi
3632 3894 3779 3947 mili-

2179 3984 2293 4029 tant
2320 3976 2482 4043 mala,
2514 3992 2612 4048 per
2652 3978 2949 4035 relationes
2987 3979 3153 4035 falsas
3193 3982 3441 4036 nuntiant.
3486 3982 3651 4044 bona.
3685 3984 3781 4038 la:-

2178 4068 2387 4123 tissimo
2427 4072 2620 4125 nuntio
2651 4080 2902 4140 putantes
2939 4072 3041 4127 sibi
3090 4075 3357 4143 praestari,
3387 4082 3446 4129 ut
3483 4076 3565 4130 vel
3608 4077 3781 4133 utiles

2175 4160 2630 4217 administrationi
2656 4178 2813 4234 quam
2842 4174 3056 4234 gerunt,
3092 4165 3174 4219 vel
3228 4167 3516 4220 nccemarii
3543 4167 3779 4223 videan-

2179 4263 2284 4307 tur.
2312 4253 2357 4307 Ο
2379 4254 2840 4323 ingemisceudum
2869 4255 3050 4310 nefas!
3077 4255 3203 4310 dum
3236 4266 3485 4325 quaerunt
3509 4272 3779 4326 praeesse,

2180 4362 2287 4402 non
2315 4348 2557 4417 cogitant
2583 4348 2878 4417 prodesse;
2911 4349 3003 4403 sed
3037 4350 3228 4418 privati
3258 4351 3482 4405 honoris
3516 4351 3783 4420 injustam

2178 4439 2470 4506 potentiam
2505 4453 2598 4507 rer
2624 4438 2798 4493 aliena
2842 4454 3064 4495 servare
3096 4450 3357 4494 conantur
3404 4441 3782 4500 incommoda.

2177 4529 2321 4598 Quos
2378 4539 2556 4584 tamen
2594 4529 2881 4599 aliquando
2933 4532 3177 4601 malignae
3220 4533 3529 4588 ambitionis
3572 4541 3781 4593 a~tatia

2177 4622 2401 4692 decipit,
2437 4621 2563 4675 dum
2614 4624 2843 4692 cmperit
2894 4623 3035 4677 fama
3088 4625 3299 4692 putlita
3343 4626 3479 4694 loqui
3508 4629 3652 4695 qu-d
3698 4642 3781 4682 ta-

2176 4724 2326 4781 cent,
2362 4716 2672 4785 repertique
2701 4716 2906 4771 fuerint
2949 4718 3000 4771 in
3033 4733 3127 4771 sua
3172 4718 3511 4788 professione
3549 4722 3782 4777 menda-

2176 4824 2288 4863 ces.
2333 4812 2559 4864 Avertat
2590 4809 2731 4864 Deus
2778 4810 2916 4865 hanc
2946 4809 3271 4865 dementiam
3319 4826 3532 4880 semper
3579 4825 3637 4869 et
3674 4816 3783 4872 hos

2177 4914 2355 4955 mores
2383 4916 2411 4954 a
2441 4901 2670 4956 ducibus
2700 4902 2943 4972 optimis,
2973 4903 3062 4973 qui
3096 4905 3352 4975 prodesse
3384 4906 3635 4977 diligunt,
3660 4926 3782 4967 non

2174 5009 2407 5064 praeesse
2423 4996 2436 5049 ε

2287 5106 2485 5165 Quum
2508 5120 2709 5157 mnu.
2736 5105 2897 5173 Dilige
2920 5110 3265 5171 rempublicam
3283 5110 3404 5161 siau
3426 5117 3474 5162 te
3495 5116 3671 5175 ipsam.

2247 5212 2301 5267 9.
2344 5212 2496 5267 Tunc
2524 5213 2665 5268 enim
2711 5214 3017 5283 respublica
3047 5216 3182 5270 bene
3226 5218 3577 5285 gubernatur,
3620 5228 3677 5273 et
3706 5222 3784 5275 de

2177 5306 2389 5375 magnis
2424 5315 2605 5373 potest
2635 5309 2851 5361 liberari
2896 5309 3172 5377 periculis,
3205 5309 3250 5362 si
3281 5311 3388 5364 dux
3421 5312 3535 5379 ejus
3557 5321 3783 5369 tantum

2176 5414 2294 5452 eam
2344 5400 2549 5470 diligat,
2583 5409 2838 5469 quantum
2888 5415 2947 5455 se
3000 5402 3199 5469 ipsum.
3251 5401 3527 5458 ManifeSta
3568 5406 3783 5472 quippe

2176 5497 2443 5548 sententia
2492 5505 2573 5547 est
2619 5496 2819 5547 veteris
2849 5494 3243 5566 legiszbiliges
3282 5498 3575 5567 proximum
3624 5508 3781 5552 tum

2175 5588 2304 5642 sicut
2335 5596 2383 5640 te
2412 5589 2577 5654 ipsum
2609 5587 2752 5657 (Leu.
2781 5603 2888 5652 ars,
2921 5589 3041 5657 18):
3074 5604 3232 5659 quam
3265 5590 3397 5646 Novi
3428 5591 3777 5649 Tesmmenti

2178 5680 2496 5750 przedicator
2524 5681 2747 5735 idoneus
2778 5681 2851 5733 ita
2884 5683 3178 5751 repetendo
3218 5686 3502 5738 confirmat
3523 5694 3573 5737 et
3603 5684 3779 5739 inno-

2177 5783 2266 5828 vat
2322 5773 2554 5831 Paulus:
2586 5772 2785 5839 Omnis,
2820 5775 3092 5843 inquiens,
3157 5775 3239 5830 (ea:
3286 5778 3338 5830 in
3389 5794 3490 5831 uno
3530 5795 3778 5834 serntoae
