4070 6484
276 315 378 388 937

1486 320 1844 392 Erimus:
1886 333 1972 389 ET
2014 320 2396 392 orusc'um.

3459 334 3564 401 938

273 449 589 523 completur,-
618 450 749 504 ineo
783 451 921 520 quod
973 449 1147 522 diligis
1175 451 1467 521 proximum
1494 462 1637 507 tuum
1664 455 1797 507 sicut
1821 464 1867 508 te
1900 468 1944 525 Α
1974 467 2095 505 men
2120 451 2388 521 aliquanta
2423 452 2534 508 loca
2563 453 2694 508 satis
2725 466 2865 519 rara,
2895 469 3037 525 qute,
3062 455 3431 513 misericordia
3463 460 3563 515 Do-

273 544 446 611 ipsum
479 540 625 611 (Gal.
657 558 713 605 v,
765 542 873 609 14).
931 543 1063 609 Quis
1108 551 1285 596 autem
1334 542 1528 597 melior
1585 545 1862 613 proximus

270 633 626 689 aestimandus
653 644 736 687 est
764 632 888 687 duci
916 632 1319 701 sapientissimo
1338 647 1497 703 quam
1528 634 1863 702 respublica,

270 724 430 795 cujus
460 725 511 780 ei
542 734 595 779 et
622 726 853 794 negotia,
888 732 944 778 et
969 731 1164 788 status,
1198 724 1453 794 salusque
1474 722 1866 779 committi'ur?

272 815 467 886 Diligat
495 829 625 886 ergo
653 830 773 870 eam
806 814 1028 870 sieutse
1051 817 1247 883 ipsum,
1279 815 1406 885 quia
1432 812 1708 885 diligendo
1745 829 1862 867 eam

268 910 414 964 sicut
450 922 511 964 se
554 911 756 980 ipsum,
791 908 1122 965 desiderabit
1163 923 1285 963 eam
1326 909 1516 964 videre
1559 908 1860 980 paciﬁcum,

268 1004 551 1073 quietam,
608 1000 982 1067 fructiferam,
1052 1002 1169 1056 sine
1227 1001 1407 1071 aliqua
1463 1000 1864 1071 perturbatione

270 1092 639 1161 tranquillam,
674 1092 814 1146 sicut
849 1091 965 1161 ipse
1012 1091 1196 1162 utique
1241 1098 1500 1163 quantum
1532 1100 1708 1160 potest
1737 1091 1864 1145 niti.

271 1193 380 1250 tur,
417 1194 475 1240 ut
518 1182 792 1254 pacificus,
824 1185 1058 1254 quietus,
1091 1185 1395 1252 opulentus,
1427 1192 1485 1241 et
1524 1184 1641 1240 sine
1684 1186 1861 1255 aliqua

268 1276 337 1329 sit
388 1275 802 1344 perturbatione
848 1277 1189 1346 tranquillus.
1229 1277 1524 1348 Ingredere
1565 1277 1728 1349 igitur
1778 1284 1861 1343 tu,

270 1368 508 1422 virorum
538 1369 767 1437 optime,
798 1369 1012 1438 quoties
1046 1371 1252 1438 cogitas
1281 1368 1456 1437 qualis
1483 1383 1603 1424 esse
1632 1369 1684 1422 in
1727 1367 1863 1423 aeti-

270 1460 370 1512 bus
404 1457 735 1514 militaribus
781 1458 1002 1522 debeas,
1052 1458 1338 1529 ingredere
1378 1459 1729 1514 conscientia:
1758 1468 1860 1514 tute

272 1551 535 1605 latissima
586 1551 904 1618 penetralia.
942 1550 1071 1605 Vide
1114 1551 1188 1606 ibi
1238 1551 1510 1621 quomodo
1548 1550 1733 1619 cupias
1776 1550 1866 1603 ha-

270 1642 399 1695 bere
450 1642 727 1703 laetitiam;
775 1651 831 1697 et
882 1641 1168 1710 diligenter
1206 1658 1358 1707 cave,
1416 1650 1476 1697 ut
1532 1641 1860 1710 reSpublica,

269 1744 428 1802 quam
450 1734 631 1804 diligis
671 1736 811 1790 sicut
859 1744 909 1791 te
940 1736 1140 1805 ipsum,
1186 1737 1384 1791 nullam
1418 1737 1587 1806 possit
1624 1738 1730 1808 pati
1766 1740 1860 1792 tri-

268 1826 496 1880 stitiam.
521 1826 811 1882 Considera
837 1828 961 1897 quia
986 1842 1083 1884 nec
1104 1829 1357 1883 damnum
1389 1830 1480 1884 tibi
1512 1830 1591 1899 vis
1616 1830 1856 1895 evenire,
1892 1844 1936 1903 Β

271 1933 374 1974 nec
399 1920 663 1984 dolorem,
685 1934 787 1977 nec
821 1919 1055 1976 dedecus
1081 1938 1093 1975 :
1123 1931 1179 1976 et
1218 1922 1285 1976 ab
1312 1922 1430 1975 istis
1469 1921 1622 1975 malis
1647 1921 1859 1990 eripere

269 2006 463 2062 festina
510 2008 911 2077 rempublicam.
963 2006 1020 2063 Si
1064 2008 1309 2077 displicet
1358 2008 1451 2063 tibi
1492 2008 1706 2076 quando
1746 2009 1859 2077 ipse

268 2101 515 2169 privatim
540 2101 848 2156 violentiam
873 2101 1092 2171 pateris,
1122 2100 1270 2155 odire
1293 2100 1460 2156 debes
1492 2116 1721 2170 quorum
1746 2101 1858 2153 vio-

269 2190 451 2246 lentiis
506 2193 804 2262 respublica
858 2192 1163 2247 tribulatur.
1218 2192 1273 2247 Si
1324 2193 1542 2261 rapinas
1595 2193 1858 2247 bonorum

270 2291 481 2337 tuorum
530 2285 762 2338 tolerare
814 2283 1088 2350 formidas,
1134 2285 1578 2339 consuetudinem
1618 2282 1862 2353 rapiendi

271 2376 401 2429 tolle
423 2378 748 2445 raptoribus.
780 2377 838 2433 Si
867 2378 1175 2444 detestaris,
1210 2390 1262 2433 et
1293 2378 1571 2445 inimicum
1600 2377 1861 2433 veraciter

269 2477 449 2536 putas,
485 2470 791 2539 quicunque
821 2476 875 2524 te
924 2468 1074 2525 falsis
1114 2469 1545 2525 accusationibus
1588 2469 1861 2539 appetive-

269 2559 358 2622 rit,
407 2559 767 2613 exsecrabiles
811 2557 994 2629 jndica
1042 2559 1333 2628 provinciae
1374 2560 1536 2614 totius
1582 2567 1862 2614 accusato-

271 2663 380 2705 res.
424 2654 504 2705 An
537 2650 760 2706 forsitan
793 2652 1009 2706 difficile
1046 2651 1318 2715 arbitrari,
1348 2662 1407 2708 ut
1444 2653 1676 2721 patiatur
1706 2666 1862 2706 arcu-

274 2750 485 2797 satores
519 2752 621 2798 tot:
654 2744 962 2813 provincia?
1002 2743 1126 2798 Mihi
1171 2744 1354 2811 crede,
1404 2743 1601 2814 szrpius
1641 2745 1857 2813 patitur.

271 2833 632 2890 Accusatores
662 2835 777 2904 ejus
807 2844 933 2890 sunt
970 2835 1285 2898 ambitores,
1318 2834 1511 2904 quibus
1538 2844 1593 2889 ut
1625 2840 1862 2903 potestas

272 2930 429 2982 detur
455 2929 756 2997 opprimere
791 2943 1072 2998 pauperes,
1106 2928 1459 2998 impossibilia
1497 2928 1858 2998 pollicentur;

230 3058 233 3061 .
272 3029 325 3073 it
348 3018 626 3081 desolatis.
661 3020 787 3074 belli
815 3035 1029 3091 quoque
1057 3022 1277 3076 incursu
1305 3022 1415 3091 jam
1438 3020 1660 3091 perditis
1688 3023 1864 3092 regio-

274 3113 454 3179 nibus;
486 3120 683 3167 statum
716 3113 953 3181 pristinae
1000 3114 1119 3168 stab
1143 3116 1306 3169 litatis
1336 3113 1583 3171 ascribun
1629 3130 1645 3179 _:
1690 3114 1863 3169 adhuc

276 3207 463 3277 vigere
489 3214 680 3260 cuncta
713 3206 1063 3273 mentientes,
1105 3207 1277 3262 adhuc
1303 3222 1463 3278 posse
1494 3222 1605 3262 non
1629 3206 1861 3262 functio-
1887 3219 1931 3279 (ζ

271 3305 368 3352 nes
398 3295 605 3363 solitas,
637 3297 731 3352 sed
763 3312 899 3351 nova
925 3311 1161 3367 quoque,
1189 3297 1232 3352 si
1264 3297 1601 3371 adjiciantur,
1635 3298 1856 3351 tributo-

271 3394 393 3443 rum
428 3386 667 3456 pondera
696 3388 983 3442 suStinere.
1016 3387 1245 3456 Culpam
1265 3403 1330 3442 au
1356 3396 1442 3443 em
1473 3387 1710 3441 susurris
1740 3388 1863 3440 abs-

182 3512 185 3515 λ
269 3482 500 3537 conditis
552 3482 828 3539 ministros
890 3482 1088 3539 fisicalis
1141 3484 1478 3551 exactionis,
1543 3483 1864 3552 desidesque

271 3587 389 3641 ros,
437 3585 528 3628 aut
572 3575 792 3628 nimiutn
834 3576 1112 3644 remissos,
1157 3575 1454 3629 voluntarie
1504 3576 1647 3628 nulla
1687 3576 1863 3644 provi-

272 3667 406 3722 dere
454 3665 601 3721 lucra
657 3666 969 3737 reipublicae
1017 3667 1514 3723 mentiunturzsibi
1562 3682 1691 3722 vero
1738 3669 1863 3721 dum

270 3758 558 3814 commissa
597 3759 755 3815 fuerit
793 3761 954 3826 actio,
1004 3775 1102 3830 per
1132 3760 1349 3816 nimiam
1399 3761 1716 3832 fidelemqne
1745 3762 1885 3816 (ηιξ--

268 3852 505 3918 gentiam
535 3859 731 3907 cuncta
772 3852 917 3909 effici
950 3869 1229 3924 prospera.
1273 3854 1379 3910 Sed
1404 3853 1461 3925 (ο
1500 3858 1745 3926 pertinax
1777 3870 1867 3908 cn-

274 3942 472 4012 piditas
494 3944 534 4015 ε)
564 3944 842 4015 diligentia
876 3961 1083 4012 eorum,
1125 3946 1444 4011 crudelitas;
1473 3949 1627 4010 ratio,
1663 3948 1869 4017 deprss-

270 4036 420 4089 datio
466 4033 661 4090 melius
690 4037 1010 4103 appellatur.
1043 4037 1164 4092 ideo
1194 4039 1419 4107 cupiunt
1448 4053 1628 4093 emere
1662 4036 1868 4106 gravis-

272 4130 441 4182 simas
489 4131 752 4196 actiones,
804 4130 925 4199 quia
974 4130 1215 4198 cogitant
1243 4129 1509 4194 vendere;
1553 4128 1870 4197 promittunt

274 4220 433 4286 falsa,
470 4230 525 4275 ut
572 4235 697 4276 vera
744 4221 1081 4291 subripiam;
1130 4222 1477 4286 blandiuntur
1518 4231 1575 4274 ut
1613 4231 1866 4283 noceant;

279 4311 423 4378 piam
470 4314 622 4381 quasi
671 4312 1089 4367 sollicitudinem
1143 4327 1243 4383 pro
1282 4312 1604 4368 utilitatibus
1648 4313 1871 4382 publicis

271 4412 489 4470 gerunt,
519 4403 612 4459 sed
641 4405 880 4475 aﬂligerc
909 4405 1067 4460 simul
1100 4404 1276 4460 omnia
1314 4414 1367 4460 et
1396 4404 1727 4461 deteriorare
1758 4420 1872 4460 tuo-

274 4496 499 4549 liantur.
530 4495 789 4552 Evenere
817 4500 1062 4567 cupiunt,
1092 4513 1194 4551 non
1218 4500 1550 4566 gubernare;
1584 4497 1867 4569 dissipare,

272 4602 384 4639 non
415 4587 721 4652 custodire;
752 4588 1033 4651 devorare,
1064 4602 1169 4643 non
1203 4603 1443 4657 pascere.
1473 4588 1744 4644 Materiam
1775 4605 1859 4646 se-
1898 4615 1949 4673 ο

273 4680 586 4748 ditionibus,
621 4680 949 4737 incrementa
976 4683 1233 4753 miseriis,
1254 4698 1471 4738 causam
1505 4684 1716 4739 fletibus
1737 4686 1864 4739 sub-

273 4773 585 4827 ministrant
611 4790 622 4825 :
650 4773 752 4827 hoc
783 4784 1026 4843 agentes,
1058 4792 1178 4829 cum
1220 4777 1490 4844 provincia
1534 4791 1700 4846 prope
1726 4792 1777 4831 m
1804 4792 1871 4831 Ir-

273 4873 385 4925 tna,
418 4879 485 4919 ne
518 4866 722 4919 tardius
757 4867 1035 4921 moriatur.
1076 4868 1202 4936 Sept
1232 4886 1382 4923 aures
1406 4878 1519 4924 tuas
1545 4871 1704 4937 spinis
1737 4870 1867 4939 (Εσ-

272 4959 360 5010 rli.
400 4974 592 5024 xxvnt,
621 4959 740 5028 28),
798 4977 864 5014 ne
913 4961 1099 5016 audi-is
1145 4980 1326 5019 vocem
1375 4967 1603 5033 maligne
1646 4966 1869 5036 lﬂqul'll-

274 5048 431 5103 tium.
502 5052 731 5118 Quando
798 5066 891 5108 cos
974 5055 1246 5121 conspicis
1318 5071 1569 5124 agrorum
1648 5058 1871 5110 laudare

276 5140 640 5205 fertilitatem,
690 5143 940 5199 nuntiare
969 5145 1352 5201 abundantiam
1402 5149 1724 5216 pluviarum,
1760 5150 1873 5203 loca

278 5234 590 5303 frequenter
628 5250 840 5293 amoena
899 5238 1210 5308 depingere,
1259 5240 1389 5296 time
1434 5241 1661 5296 fabulam
1719 5241 1871 5295 blan-

275 5326 424 5381 dam.
450 5326 644 5383 Sermo
678 5328 981 5397 bujusmodi
1014 5332 1191 5387 viscus
1212 5344 1295 5397 est
1320 5350 1333 5384 :
1361 5333 1567 5389 Inurcre
1594 5335 1663 5389 ibi
1698 5337 1871 5392 nulla-

276 5428 435 5476 tenus
466 5421 631 5476 debet
674 5422 798 5479 boni
846 5424 997 5480 ducis
1034 5426 1304 5481 voluntas.
1350 5428 1456 5484 Nec
1489 5410 1870 5501 reqnirendum

278 5529 501 5570 censeas
556 5524 732 5570 utrum
785 5518 982 5584 aliquid
1050 5521 1313 5575 veraciter
1362 5534 1613 5591 narrent;
1676 5524 1870 5580 artiﬁci

280 5612 420 5660 enim
452 5610 842 5663 consul-tudine
872 5612 1117 5665 vitiorum
1149 5626 1253 5667 non
1286 5616 1461 5668 ni'nus
1494 5616 1635 5670 cauti
1670 5616 1737 5670 ad
1773 5632 1874 5669 no-

278 5698 533 5759 cendum.
568 5699 691 5754 licet
718 5703 888 5756 sciant
918 5703 1098 5756 otnnia
1142 5703 1459 5774 depcriise,
1505 5718 1753 5776 quaerunt
1786 5717 1868 5763 ta-

365 5872 389 5895 υ
410 5854 567 5912 Forte
599 5856 679 5926 leg
733 5873 889 5927 genus
920 5873 1181 5914 nomnen.

796 5956 1069 6017 PATROL.
1108 5956 1214 6015 LX
1230 5956 1361 6017 VH.

1978 544 2108 597 uiiui
2142 552 2477 613 protegente,
2526 553 2837 601 meruerunt
2878 545 2964 601 vel
3012 546 3175 602 illmsa
3218 550 3445 618 servari,
3478 554 3566 610 vel

1976 634 2200 688 forsitan
2245 651 2431 705 parum
2461 636 2604 692 laedi.
2642 636 2885 705 Quorum
2930 640 3144 694 nomina
3187 644 3561 699 commendata

1972 726 2246 782 memorias
2300 727 2637 797 frequentius
2687 729 2998 795 recitantes,
3031 734 3436 800 comparatione
3467 749 3565 789 eo-

1973 833 2091 872 rum
2136 819 2557 889 magnitudinem
2589 821 2853 889 generalis
2885 822 3211 878 calamitatis
3248 832 3560 896 extenuant,

1972 916 2028 961 et
2068 908 2254 963 dicunt
2301 911 2467 978 (sicut
2515 911 2739 980 probare
2789 912 2905 967 sine
2949 912 3110 969 dubio
3160 916 3560 986 potuisti):ilis

1971 1001 2336 1069 functionibus
2379 1005 2651 1074 provincia
2682 1006 2910 1073 sufﬁcit;
2946 1007 3035 1062 ille
3081 1007 3223 1062 enim
3264 1007 3415 1064 locus
3444 1018 3561 1064 tau-

1971 1102 2082 1145 tum
2117 1092 2278 1147 babet
2310 1094 2576 1150 utilitatis.
2611 1095 2656 1151 Ο
2688 1097 2869 1151 miseri
2902 1112 3121 1169 quorum
3150 1114 3207 1152 os
3236 1100 3461 1153 locutum
3488 1108 3563 1153 (εει

1969 1185 2270 1251 vanitatem,
2305 1194 2352 1240 et
2384 1186 2595 1242 dextera
2637 1204 2835 1255 eorum,
2885 1192 3091 1244 dextera
3122 1191 3406 1261 iniquitatis
3437 1191 3557 1263 (Ps.

1968 1287 2153 1339 cxun,
2187 1274 2243 1345 8)
2272 1278 2284 1330 ι
2319 1278 2375 1330 Si
2401 1277 2544 1333 bono
2577 1294 2675 1333 suo
2712 1290 2930 1348 apertos
2961 1281 3154 1336 habent
3181 1284 3387 1352 oculos,
3420 1286 3561 1339 unde

1971 1367 2200 1436 pepulus
2223 1369 2428 1437 getiiit?
2467 1370 2742 1439 Aspiciant
2766 1371 2808 1426 si
2836 1381 3035 1427 statera
3059 1372 3204 1444 justa
3230 1374 3301 1429 sit
3325 1376 3379 1430 in
3402 1376 3560 1431 labiis

1968 1469 2178 1511 eorum.
2243 1457 2400 1512 Prius
2463 1472 2747 1517 numerent
2794 1470 2990 1532 quanta
3052 1464 3343 1534 perierint,
3415 1476 3560 1534 post-

1966 1546 2190 1601 modum
2245 1557 2440 1617 quantzi
2493 1551 2871 1607 remanserint.
2922 1554 3004 1606 An
3054 1553 3126 1607 ibi
3174 1554 3310 1608 nihil
3351 1555 3552 1624 vident,

1968 1639 2057 1694 ubi
2095 1640 2268 1710 pietas
2299 1642 2595 1713 indigetur;
2629 1652 2683 1699 et
2720 1643 2822 1700 hoc
2852 1646 3143 1702 luminibus
3186 1647 3430 1703 sollicitis
3460 1664 3559 1704 no-

1969 1739 2103 1799 tant,
2138 1735 2280 1789 unde
2307 1736 2506 1790 invidia
2535 1739 2861 1806 generetur?

2040 1825 2128 1879 10.
2173 1825 2358 1895 Longe
2408 1829 2489 1883 fac
2519 1829 2658 1883 viam
2705 1837 2849 1884 tuam
2895 1829 2961 1886 ab
2991 1830 3116 1898 illis,
3158 1830 3377 1887 domum
3412 1843 3554 1888 tuam

1966 1928 2180 1984 semper
2230 1916 2504 1973 inveniant
2546 1918 2808 1973 clausam.
2873 1921 3203 1988 Displiceant
3258 1922 3349 1977 tibi
3401 1927 3557 1980 noxia

1964 2014 2337 2074 suggerentes,
2400 2016 2454 2061 et
2511 2021 2570 2063 se
2625 2007 2966 2077 displicuisse
3012 2022 3357 2080 cognoscant.
3422 2014 3556 2084 ipsis

1963 2097 2161 2165 quippe
2186 2096 2429 2153 adbmret
2460 2098 2795 2154 familiariter
2820 2100 2983 2156 etiam
3019 2102 3173 2157 turba
3194 2104 3428 2172 pessima
3461 2106 3558 2159 de-

1964 2185 2219 2252 latorum,
2262 2190 2350 2256 qui
2402 2189 2586 2243 latenti
2637 2205 2912 2246 murmure
2954 2191 3180 2247 ducibus
3227 2196 3446 2264 Optimis
3474 2194 3551 2248 fi-

1965 2279 2202 2334 cu'tates
2227 2280 2501 2335 insinuant
2527 2283 2757 2348 alienas;
2803 2293 2857 2337 ut
2890 2284 3091 2355 laqueis
3119 2289 3357 2343 avaritia:
3382 2292 3558 2358 capti-

1966 2371 2097 2440 vati,
2129 2372 2228 2439 piae
2255 2373 2733 2429 administrationis
2773 2375 2999 2445 perdant
3027 2372 3355 2448 opinionem,
3389 2382 3435 2436 si
3465 2396 3558 2439 aco

1965 2464 2245 2532 quiescant
2272 2466 2531 2536 improbis
2560 2471 2920 2539 suasionibus,
2951 2484 3005 2528 et
3026 2475 3265 2546 cogitent
3302 2492 3422 2548 quas
3451 2479 3555 2533 sibi

1967 2560 2280 2611 nuntiantur
2310 2558 2540 2615 auferre.
2574 2562 2712 2628 Quid
2750 2562 2894 2620 aliud
2945 2566 3045 2621 nisi
3092 2567 3360 2622 calumnia
3400 2569 3555 2625 inuo-

1965 2651 2211 2704 centbus
2244 2652 2552 2708 hominibus
2599 2656 2900 2711 excitatur?
2950 2658 3274 2715 Detestabile
3315 2662 3554 2730 profecto

1964 2756 2135 2811 genus
2166 2743 2457 2799 harnanum
2489 2754 2512 2781 ⁸
2542 2746 2810 2816 nimisque
2855 2748 3236 2815 abominabile,
3264 2750 3554 2807 delatores.

1968 2831 2024 2885 fn
2071 2832 2226 2902 cujus
2277 2835 2533 2904 praetorio
2574 2837 2793 2892 minime
2841 2839 3181 2907 emerseiittt,
3236 2841 3350 2911 ipse
3381 2842 3557 2916 diligit

1967 2928 2351 2995 rempublicam
2400 2929 2542 2984 sicut
2594 2943 2655 2985 se
2707 2930 2914 2999 ipsum;
2973 2920 3161 2988 nolens
3207 2934 3328 2989 aliis
3378 2934 3556 2992 facere

1967 3017 2108 3086 quod
2141 3018 2255 3087 ipse
2288 3018 2397 3088 pati
2430 3021 2681 3076 noluerit.
2718 3021 2840 3077 ΙΙωο
2884 3022 3027 3076 enim
3059 3031 3247 3093 quarta
3276 3035 3359 3080 est
3396 3025 3553 3082 inno-

1969 3108 2157 3163 ccnlizc
2189 3112 2366 3179 regula
2393 3111 2719 3166 militzribns
2750 3113 2954 3168 actibus
2983 3126 3260 3184 occupato,
3293 3131 3449 3186 quam
3475 3126 3556 3173 te-

1969 3216 2060 3255 nes
2084 3211 2138 3255 et
2167 3210 2349 3257 tenere
2378 3205 2603 3259 firmiter
2640 3206 2825 3272 debes,
2860 3215 2917 3261 ut
2949 3206 3139 3276 diligas
3168 3208 3552 3277 rempublicam

1965 3290 2103 3345 siz'ut
2131 3303 2181 3345 te
2213 3292 2403 3362 ipsum,
2428 3294 2693 3349 cltaritate
2720 3296 2908 3353 libera.
2940 3295 3105 3367 Cujus
3135 3298 3430 3354 abundanti
3459 3315 3554 3356 re-

1971 3384 2142 3450 t-lnttts
2200 3385 2483 3441 dulcedine
2548 3388 2793 3458 Moyses,
2867 3388 2989 3441 (Ιιιιυ
3049 3389 3258 3446 videret
3304 3397 3556 3462 populum

1971 3474 2152 3539 Israel,
2191 3479 2575 3545 rempublicam
2609 3480 3012 3546 scilicetsuam,
3050 3496 3298 3550 peccasse
3321 3485 3561 3555 omnipo-

1972 3576 2099 3618 tenti
2136 3568 2266 3634 Deo,
2302 3570 2622 3641 timeretque
2652 3571 2938 3640 jnsussimi
2967 3574 3164 3642 judicis
3195 3576 3427 3632 futuram
3476 3593 3561 3634 se-

1972 3662 2277 3726 veritatem,
2307 3662 2384 3717 sic
2421 3664 2630 3731 placare
2660 3666 2887 3733 arripuit
2924 3669 3239 3722 irascentem
3268 3688 3279 3721 :
3318 3669 3559 3736 Obsecro,

1974 3752 2167 3820 inquit,
2200 3751 2436 3820 Domine,
2473 3755 2515 3807 si
2543 3755 2758 3809 dimittis
2794 3758 2866 3810 eis
2895 3769 3181 3825 peccatum,
3224 3760 3456 3825 dimitte;
3481 3761 3561 3815 sit:

1974 3853 2165 3909 autem,
2201 3844 2315 3898 dele
2346 3860 2424 3899 me
2452 3845 2513 3897 dc
2559 3844 2685 3899 libro
2711 3857 2796 3899 tuo
2826 3858 2973 3913 quem
3019 3848 3334 3917 scripserunt
3382 3864 3562 3904 manus

1976 3947 2077 3993 tute
2112 3937 2309 4010 (Exod.
2339 3953 2508 4004 xxxn,
2538 3937 2652 4010 5t).
2686 3939 3107 3995 Consideremus
3135 3942 3262 4012 quid
3306 3944 3560 4012 proderat

1978 4029 2144 4099 Moysi
2178 4030 2310 4084 alios
2352 4031 2528 4086 Salvos
2574 4031 2766 4092 facere.
2802 4032 2845 4084 si
2877 4033 3096 4100 petire1.
3129 4034 3230 4087 Sed
3263 4034 3383 4104 quia
3419 4051 3562 4089 rottt-

1980 4123 2246 4190 publicam
2281 4125 2533 4195 dil'gebat
2555 4142 2769 4195 semper
2799 4128 2937 4181 sicut
2968 4143 3026 4181 se
3068 4129 3263 4198 ipsum,
3289 4130 3563 4186 cbaitatis

1980 4210 2138 4281 hujus
2179 4212 2642 4283 sacrificiogbeum
2698 4215 2951 4285 placavit;
3001 4226 3053 4269 ct
3099 4232 3195 4272 nec
3239 4218 3354 4285 ipse
3383 4218 3563 4287 periit,

1980 4318 2079 4359 nec
2109 4304 2358 4375 populum
2402 4318 2560 4377 quem
2606 4308 2826 4377 regebat
2873 4308 3045 4377 perire
3100 4310 3364 4380 permisit.
3411 4311 3562 4367 Hunc

1981 4394 2147 4450 David
2194 4406 2413 4451 sanctus
2458 4398 2651 4466 :equali
2711 4398 2903 4454 virtute
2952 4400 3253 4457 di‘ectionis
3301 4402 3565 4471 imitatus,

1982 4488 2317 4557 perrutiente
2366 4489 2561 4558 angelo
2607 4490 2881 4544 civitatem
2919 4510 2931 4544 :
2963 4490 3319 4561 Converlalur,
3371 4494 3563 4565 inquit,

1982 4598 2163 4635 manus
2190 4591 2285 4653 tua
2311 4584 2362 4635 in
2393 4598 2473 4635 me
2525 4596 2571 4635 et
2606 4584 2814 4637 domum
2858 4588 3019 4654 patris
3060 4588 3176 4641 mei.
3213 4587 3309 4642 Isti
3337 4590 3426 4659 qui
3453 4607 3566 4645 ore:

1972 4690 2113 4739 sum,
2146 4672 2275 4744 quid
2307 4677 2537 4743 fecerunt
2570 4673 2657 4746 (Il
2699 4676 2826 4748 Reg.
2861 4689 3007 4746 xnv,
3038 4678 3164 4747 t7)?
3196 4681 3267 4733 Da
3301 4679 3566 4735 hominem

1969 4767 2058 4835 qui
2081 4766 2465 4835 rempublicam
2500 4769 2579 4824 sic
2610 4770 2815 4839 diligat,
2851 4781 2905 4825 et
2935 4771 3139 4825 videbis
3174 4780 3430 4840 quantum
3458 4772 3567 4826 Deo

1970 4858 2201 4928 placeat,
2233 4858 2396 4912 etiam
2441 4858 2763 4914 militaribus
2795 4861 3000 4915 actibus
3033 4870 3346 4931 occupatus.
3376 4862 3566 4918 Profe-

1971 4958 2060 5003 cto
2082 4949 2272 5020 dignus
2294 4964 2354 5006 es
2395 4961 2454 5006 ut
2496 4954 2681 5007 talium
2720 4954 2913 5007 similis
2949 4955 3116 5021 vivas,
3154 4966 3375 5024 paratus
3414 4956 3565 5012 labo-

1980 5058 2100 5100 rare
2132 5061 2227 5113 pro
2250 5048 2435 5117 requie
2461 5046 2674 5116 subject
2697 5063 2861 5111 rrum;
2900 5057 3117 5117 paratos
3143 5050 3306 5103 etiam
3338 5057 3568 5107 mortem

1981 5137 2179 5205 subire,
2229 5140 2274 5194 si
2330 5140 2637 5209 permiserit
2688 5139 2844 5205 Deus,
2881 5149 2938 5195 ut
2983 5140 3051 5196 de
3099 5142 3288 5196 mortis
3334 5143 3569 5212 periculo

1981 5228 2077 5284 tibi
2097 5230 2344 5287 subditos
2375 5231 2594 5287 liberes.
2625 5230 2753 5287 Plus
2786 5232 2934 5299 time,
2965 5233 3071 5288 dux
3096 5234 3320 5305 Optime,
3354 5240 3569 5306 provfn-

1981 5323 2118 5378 ciam
2153 5326 2266 5379 fieri
2304 5325 2648 5392 deteriorem,
2692 5340 2853 5397 quam
2886 5333 2939 5383 te
2984 5328 3157 5397 ipsum
3204 5329 3569 5385 minuentibus

1980 5415 2175 5484 opibus
2231 5418 2602 5485 pauperiorem
2637 5416 2886 5473 :divitias
2934 5419 3336 5477 inrestimabiles
3388 5419 3570 5491 judica

1982 5506 2179 5562 famam
2195 5509 2409 5563 bonam.
2438 5508 2815 5567 Verumtamen
2846 5511 2967 5582 quia
2987 5512 3164 5569 omnis
3194 5513 3355 5569 homo
3381 5513 3565 5583 quidi-

1984 5601 2096 5671 ligit
2137 5616 2195 5656 se
2242 5604 2436 5669 ipsum,
2468 5602 2593 5672 plus
2624 5603 2783 5658 debet
2827 5606 3051 5677 diligere
3101 5608 3263 5662 Deum
3310 5622 3466 5677 quam
3515 5623 3572 5663 se

1982 5693 2034 5763 ip
2068 5708 2154 5747 um
2188 5691 2407 5765 (alioqui
2439 5695 2613 5749 minus
2640 5694 2867 5766 diligens
2892 5700 3085 5768 Deum,
3111 5714 3218 5755 non
3250 5697 3444 5771 diligit,
3475 5699 3571 5755 sed

3012 5971 3105 6034 30,
