4070 6452
472 347 585 406 ῧθ

1389 319 1758 378 FULGENTH
1801 313 2151 370 FEDRANDI
2197 303 2471 368 D'IA'rCO-Nl
2509 295 2866 359 CARTliAG.

3667 282 3785 338 959

475 462 590 519 odit
617 473 676 514 se
706 453 929 526 ipsum),
954 448 1260 520 quicunque
1289 439 1466 508 diligit
1489 431 1882 504 rempublicam
1931 430 2072 526 sicut
2102 433 2148 487 Λ
2181 427 2234 526 in
2267 407 3061 526 sole
3079 401 3364 526 all)
3387 407 3789 526 tu?in

480 571 541 611 se
568 521 762 624 ipsum,
794 548 914 617 plus
949 541 1133 610 diligat
1159 536 1330 592 Deum
1365 547 1524 602 quam
1549 527 1960 595 rempublicam,
1996 521 2076 574 di-

487 652 712 718 vinaque
749 638 958 711 negotia
992 640 1266 707 praeponat
1299 627 1571 688 humanis.

708 775 890 832 Qnma
912 781 1115 819 necom.
1145 758 1385 814 Humanis
1419 755 1586 809 divina
1613 765 1866 819 prwpone.

566 881 661 935 Η.
687 880 754 932 l-‘t
779 877 894 932 haec
921 874 1018 930 erit
1053 874 1237 942 quinta
1268 867 1449 938 regula
1483 865 1808 921 innocentia:
1838 860 2085 916 militari-

499 973 599 1025 bus
637 968 848 1024 actibus
892 972 1178 1032 occupato,
1224 960 1304 1016 sic
1346 956 1692 1012 considerare
1746 952 2087 1023 temporalia,

499 1072 558 1116 ut
589 1060 713 1132 plus
750 1056 992 1114 attendat
1031 1062 1263 1116 mterna;
1303 1051 1382 1105 sic
1411 1046 1696 1103 consulere
1734 1043 2091 1114 praesentibus

501 1153 732 1219 actibus,
773 1157 832 1204 ut
871 1148 990 1217 plus
1027 1147 1095 1200 de
1127 1144 1319 1199 futuris
1355 1140 1555 1210 cogitet
1593 1138 1855 1208 prmmiis.
1906 1134 2095 1189 Evenit

503 1245 646 1298 enim
671 1243 1005 1312 frequenter,
1033 1237 1174 1308 quod
1204 1237 1454 1305 ignorare
1475 1245 1582 1286 non
1613 1240 1788 1300 potes,
1813 1227 2096 1296 sapientia:

506 1337 706 1408 Spiritu
752 1341 948 1390 cuncta
990 1331 1266 1385 revelante
1306 1324 1555 1380 sensibus
1597 1322 1737 1389 tuis,
1786 1330 1842 1374 ut
1891 1317 2094 1389 aliquid

509 1431 626 1486 ﬁeri
683 1425 976 1484 necessitas
1021 1430 1180 1492 cogat
1229 1417 1374 1489 quod
1420 1426 1620 1472 eterna
1673 1415 1758 1470 lex
1809 1411 2098 1484 prohibet,

514 1523 666 1577 verbi
713 1518 883 1590 gratia
906 1556 920 1580 ,
949 1529 1020 1570 ne
1054 1512 1323 1582 incognita
1366 1508 1702 1577 proferamus
1732 1506 1981 1573 exempla
2011 1520 2024 1556 :
2057 1500 2103 1555 si

516 1617 700 1685 plures
741 1614 802 1666 in
831 1610 1070 1665 exercitu
1118 1605 1413 1661 fortissimo
1460 1603 1797 1672 reperiantur
1840 1592 2101 1664 hmretici,

519 1705 852 1760 infidelitatis
883 1701 1212 1755 sententiam
1237 1696 1424 1750 falsam
1466 1693 1722 1764 pertinaci
1765 1691 2111 1746 animositate

521 1771 896 1854 vindicantes:
942 1802 996 1846 et
1051 1798 1266 1858 propter
1322 1792 1423 1843 hoc
1465 1785 1738 1842 haereticis
1770 1798 1993 1853 parcere
2023 1781 2110 1835 vel

524 1888 810 1944 consulere
840 1885 949 1939 dux
982 1883 1283 1938 catholicus
1313 1879 1628 1942 suadentur,
1665 1885 1757 1929 aut
1784 1873 2000 1929 nefandi
2028 1887 2108 1928 cr-

527 1981 669 2035 roris
718 1974 1158 2045 praedicatoribus
1213 1968 1642 2024 exercendarum
1705 1965 1970 2020 licentiam
2023 1964 2115 2016 tri-

531 2073 692 2126 buerc
713 2064 1192 2137 blasphemiarum,
1221 2062 1488 2131 patii-nter
1520 2059 1698 2114 ferens
1724 2068 1941 2126 propter
1963 2070 2120 2110 scan—

531 2162 714 2217 dalum
736 2157 876 2229 quod
906 2157 1014 2228 pati
1047 2153 1322 2219 formidat,
1354 2153 1514 2208 etiam
1539 2167 1632 2206 eos
1660 2151 1870 2204 lavacro
1900 2146 2120 2202 secundi

535 2249 872 2320 baptismatis
905 2245 1092 2317 pollui,
1138 2245 1248 2315 jam
1272 2243 1438 2298 semel
1470 2250 1722 2306 renatos;
1775 2255 1968 2309 nempe
2014 2246 2121 2292 tam

537 2343 690 2398 malae
745 2338 981 2394 suasioni
1019 2337 1387 2404 consentiens,
1443 2335 1570 2390 licet
1609 2333 1841 2404 aliquam
1884 2332 2128 2385 videatur

538 2435 632 2488 util
660 2440 822 2487 tatem
863 2431 1125 2486 bonorum
1164 2426 1540 2497 temporalium
1583 2425 1900 2495 prinstitis~e
1943 2422 2125 2492 subje-

539 2527 668 2590 ctis,
714 2523 814 2578 sibi
844 2520 1060 2576 interim
1089 2519 1302 2584 nocuit;
1334 2518 1460 2572 dum
1495 2518 1564 2572 de
1594 2514 1864 2585 adiutorio
1909 2514 2000 2568 Dei
2036 2513 2132 2567 mi-

542 2633 642 2672 nus
663 2609 1515 2684 sperasseju:licatus,iuterduut
1548 2606 1812 2662 deteriora
1844 2621 2000 2675 quam
2025 2603 2134 2658 for—

545 2707 710 2763 midat
753 2702 993 2774 pericula
1031 2702 1262 2765 tolerat;
1295 2710 1349 2754 et
1381 2714 1480 2754 nec
1505 2699 1559 2752 in
1590 2712 1685 2752 sua
1717 2697 1821 2752 fide
1851 2706 2131 2761 constans,

547 2805 765 2853 exercet
819 2800 1190 2863 competenter
1231 2791 1405 2845 zelum
1455 2789 1752 2859 religionis,
1807 2802 1907 2842 nec
1959 2789 2136 2842 evadit

549 2890 758 2944 ruinam
784 2884 1117 2958 gravissima:
1148 2882 1531 2946 tribulationis,
1556 2876 1678 2952 quia
1711 2882 2002 2950 praeposuit
2031 2890 2140 2935 ter—

551 2999 678 3039 rtua
721 2979 1056 3044 cmlestibus,
1098 2987 1150 3033 et
1181 2977 1510 3030 voluntatem
1559 2972 1832 3030 Creatoris
1865 2972 2142 3028 offendere

554 3075 862 3130 nullatenus
884 3069 1171 3135 dubitavit,
1188 3068 1402 3135 placere
1423 3065 1608 3120 volens
1632 3065 1940 3120 hominibus
1963 3073 2143 3120 mente

556 3164 841 3232 corruptis.
872 3163 1067 3216 Beatus
1095 3173 1224 3230 ergo
1248 3161 1355 3214 eris
1380 3159 1449 3225 si,
1480 3157 1798 3214 militaribus
1821 3156 2028 3210 actibus
2055 3171 2146 3210 oc-

557 3266 803 3326 cupatus,
821 3268 918 3324 pro
943 3253 1049 3307 fide
1071 3267 1197 3307 vera
1220 3266 1378 3321 quam
1405 3259 1579 3316 tenes,
1598 3249 1799 3305 nemini
1827 3249 2146 3314 blandiaris;

559 3361 615 3405 et
640 3348 906 3402 adversus
926 3361 1044 3400 eam
1079 3360 1240 3423 canes
1269 3343 1626 3413 procedentes
1651 3358 1720 3398 ex
1748 3340 1962 3397 officina
1996 3357 2117 3396 men
2137 3371 2150 3380 -

562 3439 702 3495 dacii
739 3439 934 3492 latrare
967 3434 1253 3505 prohibeas
1281 3453 1294 3489 :
1320 3449 1473 3504 spem
1517 3443 1659 3488 tuam
1706 3447 1913 3504 ponens
1958 3434 2012 3486 in
2059 3433 2154 3486 illo

564 3528 718 3598 cujus
743 3527 989 3597 potestati
1019 3541 1178 3581 nemo
1207 3524 1416 3581 resistit
1449 3525 1704 3594 impune;
1734 3540 1894 3594 quem
1919 3525 1960 3578 si
1989 3523 2154 3578 offen-

566 3620 733 3683 deris,
753 3618 870 3672 sine
892 3631 1052 3672 causa
1078 3616 1146 3672 de
1168 3615 1511 3671 multitudine
1540 3615 1824 3685 praesumis
1847 3618 2154 3679 exercitus;

567 3713 609 3767 si
641 3709 892 3766 habueris
923 3709 1233 3779 propitium,
1259 3723 1432 3779 neque
1458 3706 1685 3762 militem
1714 3709 2029 3776 superbum,
2062 3723 2157 3761 ne-

569 3817 674 3872 que
715 3800 1006 3856 violentum
1061 3797 1274 3853 timebis
1330 3799 1562 3852 hostem.
1603 3797 1982 3868 Principaliter
2033 3812 2161 3867 ergo

569 3911 694 3950 cura
727 3893 820 3948 tibi
847 3893 916 3946 sit
945 3899 1205 3958 occUpato
1231 3889 1556 3944 militaribus
1581 3889 1810 3954 actibus,
1837 3900 1896 3943 ut
1916 3888 2049 3942 fides
2073 3904 2162 3943 ca-

573 3986 772 4040 tholica
799 3997 1010 4051 semper
1030 3983 1206 4034 vincat
1226 3979 1567 4035 adversarios
1584 3993 1732 4034 suos.
1763 3978 1914 4033 lianc
1935 3977 2164 4032 defende

574 4082 718 4133 inter
739 4090 885 4131 arma
910 4083 965 4130 et
984 4072 1214 4145 gladios,
1241 4072 1380 4126 hanc
1405 4069 1670 4140 persuade
1697 4069 1966 4125 mentibus
1985 4084 2162 4122 anna-

576 4181 775 4222 torum.
1378 4173 1385 4179 ’

652 4259 742 4316 12.
776 4257 935 4313 Fdes
973 4268 1150 4311 autem
1191 4254 1458 4310 catholica
1488 4261 1592 4322 est,
1638 4253 1814 4309 Patris
1857 4262 1912 4308 et
1950 4250 2071 4307 Filii
2116 4261 2171 4306 et

579 4356 814 4425 Spiritus
845 4351 1015 4408 sancti
1050 4366 1207 4404 unam
1242 4358 1429 4405 contra
1458 4349 1643 4404 Arium
1672 4348 2057 4414 subSIantiam,
2083 4346 2166 4401 vel

582 4449 894 4512 essentiam,
918 4457 1027 4500 tres
1048 4446 1308 4499 adversus
1338 4443 1629 4498 Sabellium
1661 4441 1954 4512 praedicare
1986 4456 2172 4510 perso-

585 4559 682 4598 nas
704 4559 719 4609 ;
745 4549 802 4596 ut
829 4556 950 4594 cum
976 4543 1110 4594 bene
1140 4538 1409 4592 intellecta
1440 4537 1599 4593 fuerit
1625 4536 1680 4592 in
1698 4536 1939 4592 essentia
1968 4537 2164 4600 unitas,

2185 519 2239 572 in
2270 513 2472 584 Spiritu
2503 515 2716 578 sancto,
2766 507 2962 572 quanta
3009 498 3069 552 in
3109 495 3269 550 Patre
3299 501 3355 548 et
3394 492 3550 548 Filio.
3603 489 3791 545 Tanta

2183 582 2461 679 postremo
2486 601 2538 654 in
2567 595 2792 664 singulis
2818 606 3029 655 eorum,
3054 596 3252 658 quanta
3281 587 3332 640 in
3356 584 3584 640 duobus.
3611 582 3794 637 Tanta

2135 767 2137 769 _
2185 676 2246 754 in
2274 695 2512 757 duobus,
2541 696 2742 760 quanta
2773 687 2825 739 in
2858 685 3053 738 tribus.
3081 681 3256 734 Tanta
3287 679 3338 731 in
3369 676 3561 741 tribus,
3587 684 3801 746 quanta

2191 790 2244 844 in
2273 784 2516 855 singulis.
2545 779 2686 834 Nihil
2717 777 2913 846 quippe
2939 782 3024 826 est
3054 771 3128 825 ibi
3162 767 3419 839 gradibus
3447 765 3798 827 ordinatum,

2196 880 2332 938 nihil
2357 873 2617 946 qualitate
2649 869 2945 932 diversum,
2979 861 3110 941 nihil
3153 861 3450 930 quantitate
3480 857 3802 915 minimum,

2197 971 2332 1026 nihil
2363 968 2481 1021 loco
2507 965 2835 1032 separatum,
2870 955 3000 1010 nihil
3035 965 3275 1022 tempore
3307 949 3606 1020 posterius,
3655 946 3802 1000 nihit

2199 1059 2476 1120 inefficax,
2507 1051 2642 1107 nihil
2673 1046 2946 1120 passibile.
2972 1043 3072 1099 Ubi
3107 1043 3209 1096 hoc
3245 1037 3617 1094 tantummodo
3654 1037 3807 1092 Ieci—

2202 1153 2286 1225 pit
2314 1145 2742 1206 distinctionem,
2786 1139 2928 1210 quod
2957 1137 3021 1191 ad
3050 1137 3278 1191 invicem
3307 1133 3409 1190 sibi
3453 1141 3600 1203 sunt,
3641 1132 3814 1187 Pater

2205 1251 2413 1306 scilicet
2457 1245 2523 1300 ad
2565 1242 2782 1308 Filium,
2828 1238 2993 1315 Filius
3022 1235 3087 1289 ad
3123 1235 3358 1298 Patrem,
3391 1231 3629 1301 Spiritus
3671 1243 3811 1282 sau-

2209 1355 2326 1401 ctus
2366 1340 2430 1394 ad
2464 1352 2558 1394 eos
2586 1336 2654 1391 de
2691 1333 2886 1403 quibus
2916 1338 2971 1384 et
3000 1344 3120 1382 cum
3163 1326 3356 1395 quibus
3385 1334 3439 1381 et
3482 1322 3655 1393 Spirit
3679 1339 3723 1376 IS
3764 1330 3824 1375 ct

2210 1443 2430 1491 sanctus
2469 1441 2588 1495 est,
2639 1435 2698 1481 ut
2741 1427 2855 1494 ipse
2901 1421 3051 1477 solus
3086 1421 3142 1475 in
3191 1419 3457 1473 Trinitate
3507 1417 3826 1487 appelletur

2211 1533 2466 1590 sanctus;
2497 1519 2883 1590 pr0priumque
2912 1516 2981 1569 sit
3018 1515 3188 1568 Patris
3219 1525 3496 1582 generare,
3533 1511 3838 1578 proprium;

2216 1620 2337 1676 Filii
2371 1615 2542 1681 nasci,
2577 1611 2848 1682 proprium
2878 1607 3111 1676 Spiritus
3137 1605 3305 1659 sancti
3338 1604 3404 1657 de
3435 1615 3668 1671 utroque
3694 1613 3825 1672 pru-

2215 1711 2434 1766 ccdere.
2479 1706 2639 1761 Pater
2679 1704 2877 1774 quippe
2925 1698 3082 1754 unius
3119 1695 3235 1750 Filii
3281 1705 3362 1750 est
3419 1694 3606 1756 Pater,
3658 1692 3832 1746 Filius

2229 1801 2387 1855 unius
2416 1797 2588 1852 Patris
2619 1804 2702 1849 est
2734 1792 2924 1857 Filius,
2959 1787 3189 1858 Spiritus
3216 1793 3437 1840 sanctus
3464 1793 3518 1837 et
3556 1781 3741 1836 Patris
3773 1789 3834 1834 et

2222 1893 2343 1948 Filii
2382 1900 2465 1945 est
2503 1887 2759 1955 Spiritus.
2802 1884 2882 1938 Ad
2936 1881 3107 1935 solum
3141 1877 3346 1932 Patrem
3402 1877 3706 1948 generatio,
3761 1875 3831 1925 ad

2223 1985 2398 2040 solum
2429 1981 2626 2035 Filium
2657 1975 2930 2037 nativitas,
2965 1972 3031 2025 ad
3062 1970 3240 2025 solum
3284 1967 3544 2034 Spiritum
3572 1976 3831 2018 sanctum

2228 2075 2456 2146 pertinet
2501 2070 2568 2126 de
2607 2078 2837 2137 utroque
2887 2063 3182 2134 processio.
3235 2059 3424 2115 Merito
3460 2059 3586 2112 dum
3637 2055 3837 2111 salutis

2229 2187 2276 2222 ιιι
2299 2179 2427 2222 stne
2474 2162 2772 2219 necessitas
2808 2165 3184 2228 exspectaret,
3236 2163 3294 2208 ut
3324 2161 3544 2224 prepter
3575 2150 3835 2204 nomine;

2233 2259 2540 2317 liberandos
2587 2256 2731 2310 Deus
2771 2253 2934 2306 homo
2979 2258 3290 2304 nasceretur
3328 2262 3386 2301 ex
3439 2243 3685 2306 humi-ue,
3719 2258 3832 2296 non

2234 2361 2316 2406 est
2352 2359 2507 2405 natus
2537 2343 2836 2402 secundum
2866 2354 3082 2396 carnem
3115 2339 3294 2406 Pater,
3327 2335 3448 2406 quia
3478 2332 3656 2388 Filius
3692 2348 3836 2388 nun-

2245 2460 2405 2515 quam
2439 2442 2554 2507 fuit,
2588 2455 2694 2493 non
2723 2437 2953 2507 Spiritus
2985 2441 3229 2498 sanctus,
3275 2431 3368 2501 qui
3413 2445 3511 2484 nec
3547 2430 3711 2482 Pater
3742 2429 3844 2482 fuit

2249 2533 2539 2604 aliquando
2570 2545 2669 2585 nec
2690 2529 2878 2585 Filius.
2911 2525 3019 2581 Sed
3048 2533 3202 2578 natus
3224 2529 3308 2577 est
3337 2520 3501 2575 Filius
3523 2528 3580 2572 ut
3608 2519 3727 2586 ipse
3753 2518 3848 2571 tie-

2246 2636 2332 2684 ret
2361 2628 2501 2681 filius
2526 2621 2764 2695 Virginis
2794 2621 3005 2682 matris,
3045 2617 3136 2688 qui
3169 2627 3249 2672 est
3277 2613 3442 2670 Filius
3477 2614 3568 2667 Dei
3603 2612 3790 2666 Patris
3823 2629 3846 2667 ι

2244 2733 2295 2781 et
2331 2736 2424 2792 per
2457 2716 2807 2786 temporalem
2837 2712 3168 2767 nativitatem
3199 2707 3291 2762 Dei
3315 2706 3706 2774 omnipotentis
3743 2721 3851 2757 nu»

2247 2833 2275 2869 n
2300 2826 2424 2870 erus
2453 2811 2600 2865 nullo
2626 2807 2784 2862 modo
2817 2811 3088 2860 cresceret
3119 2801 3374 2866 filiorum,
3406 2811 3581 2865 neque
3609 2796 3753 2851 duos
3787 2797 3850 2849 fi-

2247 2907 2348 2959 lius
2391 2903 2592 2957 faceret
2644 2899 2784 2954 unici
2846 2895 2968 2950 Filii
3016 2893 3248 2950 secunda
3295 2890 3566 2945 nativitas.
3617 2888 3856 2943 Maxime

2252 3002 2375 3070 quia
2409 2995 2550 3050 idem
2580 2993 2696 3062 ipse
2720 3005 2854 3044 unus
2877 2988 3068 3054 Filius,
3099 2985 3429 3054 sempiterno
3459 2983 3600 3038 Patri
3633 2992 3870 3037 coartar-

2249 3105 2370 3156 nns',
2411 3081 2912 3146 consubstantialis,
2949 3078 3196 3148 aequalis,
3228 3091 3388 3146 quem
3419 3075 3591 3129 solum
3625 3079 3858 3142 Oporte-

2176 3215 2223 3278 c
2256 3186 2348 3239 bat
2373 3181 2534 3238 etiam
2571 3177 2736 3234 filium
2768 3173 3003 3230 hominis
3027 3170 3166 3237 ﬁeri,
3197 3177 3481 3240 postquam
3509 3165 3660 3221 venit
3684 3165 3862 3235 pleni-

2261 3276 2388 3330 tudo
2415 3270 2697 3340 temporis,
2723 3277 2780 3322 ut
2800 3265 2890 3342 .vir
2917 3263 3069 3328 fieret
3104 3277 3168 3316 ex
3199 3261 3445 3322 muliere,
3468 3258 3864 3327 redempturus

2260 3368 2404 3422 viros
2432 3378 2497 3417 ac
2538 3360 2828 3422 mulieres,
2878 3356 2932 3410 in
2964 3369 3073 3409 uno
3112 3368 3243 3408 sexu
3288 3350 3656 3418 temporaliter
3701 3361 3867 3403 natus

2261 3467 2320 3512 ut
2352 3463 2640 3522 utrumque
2663 3449 2898 3504 salvaret
2919 3486 2934 3510 ,
2968 3459 3133 3501 unum
3168 3442 3415 3513 eligendo
3452 3443 3504 3495 in
3532 3456 3643 3510 quo
3668 3457 3869 3495 nasce-

2261 3561 2429 3614 retur,
2459 3547 2622 3602 alium
2652 3542 2793 3597 unde
2822 3547 3158 3602 nasceretur,
3211 3536 3287 3591 ita
3324 3535 3561 3604 suscepit
3592 3533 3866 3589 substan-

2264 3641 2352 3694 tiae
2396 3645 2596 3692 nostrae
2634 3632 2942 3694 veritatem,
2991 3644 3060 3684 ne
3107 3641 3353 3698 persona:
3397 3640 3513 3680 suae
3554 3625 3873 3694 duplicaret

2263 3729 2725 3802 singularitatem,
2769 3726 2992 3780 duarum
3048 3722 3469 3778 subStantiaruru
3526 3721 3712 3791 gigas,
3773 3721 3870 3776 sed

2266 3829 2425 3884 unius
2462 3836 2637 3880 tamen
2684 3821 3035 3893 ejusdemque
3074 3835 3342 3889 personas.
3391 3810 3630 3873 Verbum
3663 3818 3876 3886 quippe

2266 3929 2392 3976 ante
2421 3931 2662 3982 carnem,
2714 3930 2819 3969 una
2851 3923 3060 3977 natura,
3097 3922 3150 3967 et
3183 3926 3286 3967 una
3318 3925 3578 3980 persona;
3630 3910 3876 3964 Verbum

2269 4027 2399 4068 caro
2424 4009 2658 4074 factutn,
2691 4006 2810 4062 duae
2843 4011 3046 4060 naturae
3067 4045 3082 4069 ,
3114 4013 3170 4059 et
3208 4019 3308 4058 una
3340 4017 3591 4072 persona.
3631 4002 3875 4056 Verbum

2271 4112 2399 4158 ante
2427 4115 2671 4169 carnem,
2700 4095 3022 4153 homousion
3048 4096 3227 4161 Patri;
3255 4095 3481 4150 Verbum
3507 4108 3642 4148 caro
3675 4097 3880 4147 factum

2271 4193 2590 4249 homousion
2621 4203 2676 4244 et
2702 4189 2847 4243 Patri
2885 4197 2942 4243 et
2981 4187 3163 4242 matri.
3209 4185 3440 4242 Verbum
3481 4193 3613 4239 ante
3644 4200 3877 4239 carnem

2273 4286 2390 4342 sine
2430 4283 2583 4338 initio
2632 4283 2891 4350 temporis
2946 4280 3294 4335 ineffabili-ter
3332 4278 3581 4348 genitus;
3630 4277 3875 4333 Verbum

2274 4393 2402 4433 caro
2433 4375 2630 4430 factum
2663 4384 2943 4444 postquam
2970 4374 3113 4427 venit
3145 4371 3420 4444 plenitudo
3453 4371 3742 4438 temporis,
3775 4372 3882 4424 ί.

2279 4468 2518 4523 rabiliter
2553 4481 2605 4522 et
2649 4466 3014 4536 singulariter,
3059 4465 3176 4520 sine
3225 4463 3412 4518 morbo
3452 4461 3694 4517 libidinis
3749 4478 3882 4530 pro-

2279 4571 2517 4615 creatus.
2555 4559 2790 4614 Verbum
2818 4572 2944 4612 ante
2965 4572 3183 4612 carnem
3211 4571 3401 4610 novum
3426 4554 3699 4609 fabricatis
3729 4572 3892 4610 mun-

587 4637 640 4688 in
665 4632 908 4702 personis
941 4628 1257 4697 proprietas,
1284 4642 1411 4682 vera
1427 4643 1638 4699 quoque
1662 4629 1712 4682 in
1740 4628 2021 4718 majestate
2039 4628 2170 4680 ado-
2205 4607 2256 4664 Β
2280 4652 2440 4718 dum;
2491 4649 2722 4704 Verbum
2778 4664 2906 4706 caro
2957 4607 3182 4714 factum,
3211 4607 3544 4717 pereuntem

584 4735 732 4780 retur
753 4721 1050 4792 aequalitas.
1083 4719 1214 4774 Tres
1238 4719 1381 4774 enim
1404 4729 1546 4783 sunt,
1575 4720 1691 4789 quia
1717 4719 1854 4772 alius
1881 4727 1962 4773 est
1993 4717 2170 4783 Pater,

586 4817 719 4872 alius
749 4813 935 4876 Filius,
963 4813 1096 4866 alius
1123 4812 1358 4881 Spiritus
1388 4825 1624 4867 sanctus.
1651 4811 1758 4866 δρα
1788 4811 1838 4864 hi
1871 4822 1979 4866 tres
2011 4829 2172 4865 unum

585 4915 731 4970 sunt,
762 4917 813 4959 et
837 4918 1045 4958 summe
1071 4920 1234 4957 unum
1266 4913 1421 4968 sunt,
1448 4903 1568 4971 quia
1601 4902 1905 4970 singillatim
1932 4903 2068 4956 Deus
2095 4913 2176 4956 est

590 4998 768 5060 Pater,
799 4996 936 5049 Deus
961 4994 1146 5057 Filius,
1183 4995 1319 5048 Deus
1352 4995 1585 5063 Spiritus
1613 5003 1831 5047 sanctus
1861 5011 1873 5046 :
1905 5010 2076 5063 neque
2101 5008 2178 5051 ta-

591 5108 714 5147 men
750 5099 860 5142 ti-es
890 5089 991 5154 dii,
1043 5088 1137 5141 sed
1168 5101 1303 5141 unus
1332 5097 1416 5142 est.
1453 5088 1614 5155 Deus,
1660 5089 1727 5142 de
1757 5105 1861 5158 quo
1899 5090 2178 5159 Scriptuza

592 5191 775 5238 sancta
815 5181 940 5235 dicit
972 5199 985 5234 :
1015 5181 1170 5245 Audi,
1202 5179 1401 5247 Israel,
1435 5180 1688 5235 Dominus
1728 5183 1867 5236 Deus
1893 5194 2010 5257 tuus
2043 5183 2183 5240 Deus

592 5293 725 5330 unus
751 5284 823 5328 est
848 5273 1030 5345 (Deut.
1057 5289 1133 5338 vr,
1165 5274 1248 5343 4).
1281 5271 1654 5343 Suspicionem
1689 5291 1920 5344 namque
1955 5280 2181 5334 solitarii

600 5373 689 5424 Dei
722 5377 965 5422 removet
995 5366 1249 5433 Trinitas,
1275 5376 1329 5420 et
1353 5383 1514 5421 unum
1547 5368 1708 5422 Deum
1731 5352 2075 5426 credentibus
2098 5389 2185 5428 os-

599 5460 768 5512 tendit
795 5474 898 5513 una
936 5457 1260 5512 substantia.
1300 5456 1416 5512 Non
1450 5458 1529 5514 sic
1562 5475 1685 5525 una,
1726 5470 1783 5513 ut
1815 5477 1907 5530 per
1943 5463 2182 5533 singulos

597 5551 912 5618 semiplena,
937 5551 990 5604 in
1021 5551 1266 5605 omnibus
1298 5550 1391 5605 fiat
1423 5560 1550 5618 tuta,
1594 5563 1645 5607 et
1677 5554 1795 5608 ideo
1819 5557 1891 5609 sit
1920 5571 2054 5623 una;
2087 5557 2181 5613 sed

599 5657 703 5696 una
729 5658 972 5708 numero,
1005 5659 1225 5712 genere,
1259 5646 1478 5712 virtute,
1507 5647 1857 5716 plenitudine.
1879 5652 2047 5718 Quam
2073 5653 2181 5706 sic-

605 5745 661 5790 ut
693 5735 853 5790 habet
873 5736 925 5791 in
947 5739 1215 5803 omnibus,
1247 5742 1316 5792 ita
1347 5756 1448 5796 non
1480 5751 1626 5796 caret
1655 5744 1705 5796 in
1737 5744 1981 5812 singulis.
2016 5747 2183 5801 Tanta

604 5829 660 5890 in
689 5829 804 5887 solo
835 5827 1012 5898 Patre,
1037 5839 1236 5910 quanta
1260 5831 1310 5888 in
1339 5833 1473 5889 Filio
1495 5843 1545 5891 et
1569 5834 1770 5906 Spiritu
1793 5847 2011 5907 sancto;
2041 5850 2183 5897 tanta

2285 4743 2562 4796 mundum.
2598 4739 2829 4796 Verbum
2853 4751 2976 4796 ante
3005 4756 3242 4805 carnem,
3276 4739 3451 4792 divina
3485 4737 3728 4805 faciens;
3762 4739 3893 4793 Vel“

2288 4835 2409 4887 hum
2440 4848 2567 4887 caro
2603 4834 2820 4896 factum,
2861 4831 3226 4886 simuldivina
3267 4830 3489 4895 facit-ns,
3522 4837 3577 4883 et
3623 4829 3892 4887 humana.

2288 4926 2552 4996 quomodo
2585 4926 2768 4994 voluit,
2798 4926 3026 4993 patiens
3063 4925 3296 4979 Verbum
3328 4933 3452 4976 ante
3481 4936 3734 4985 carnem,
3766 4925 3892 4976 uni-

2289 5021 2498 5089 genitu-s
2555 5019 2728 5083 Dens;
2791 5015 3021 5070 Verbum
3070 5031 3194 5070 caro
3252 5018 3468 5078 factum,
3529 5013 3896 5075 Emmanuel,

2287 5113 2428 5180 quod
2460 5113 2841 5178 interpretatur
2862 5109 3147 5164 Nobiscum
3177 5111 3340 5162 Deus.
3361 5109 3504 5162 Idem
3535 5117 3722 5160 tamen
3751 5109 3897 5176 ipse.

2296 5202 2526 5255 Verbum
2559 5215 2686 5254 caro
2716 5201 2934 5262 fat-tum,
2963 5200 3052 5268 qui
3081 5201 3226 5268 prius
3251 5200 3302 5252 iu
3323 5197 3593 5267 1-»riitcipio
3617 5209 3746 5252 erat
3772 5197 3903 5251 Ver-

2291 5294 2440 5360 bum,
2474 5301 2528 5346 et
2554 5292 2780 5346 Verbum
2811 5301 2928 5346 erat
2960 5293 3097 5358 apud
3134 5293 3320 5354 Deum,
3364 5301 3417 5344 t-t
3447 5290 3582 5343 Dcus
3605 5301 3732 5343 erat
3769 5291 3903 5345 Var-

2294 5388 2416 5441 bum
2450 5403 2465 5441 :
2497 5386 2618 5455 quia
2673 5402 2775 5440 non
2825 5387 2985 5439 homo
3027 5385 3202 5448 Deus,
3256 5385 3346 5438 sed
3400 5384 3535 5436 Deus
3586 5383 3776 5437 fartus
3820 5394 3906 5439 est

2296 5483 2458 5532 homo
2491 5487 2544 5530 ut
2583 5475 2744 5531 humo
2787 5486 2929 5529 esset
2976 5477 3143 5543 Deus,
3192 5475 3243 5529 id
3284 5486 3362 5529 est
3409 5472 3661 5528 Christus
3704 5475 3900 5529 Jesus.

2299 5571 2540 5635 Quicum
2579 5570 2630 5620 in
2671 5569 2835 5632 forma
2869 5567 2964 5621 Dei
3005 5577 3161 5631 esset,
3214 5585 3312 5620 non
3343 5567 3574 5633 rapinam
3608 5566 3908 5618 arbitratus

2295 5671 2365 5713 est
2410 5677 2514 5713 esse
2551 5677 2604 5712 se
2642 5661 2887 5728 a’qztnlem
2933 5659 3067 5724 Dro,
3108 5659 3196 5712 sed
3241 5661 3559 5726 semetipsum
3603 5661 3905 5713 ea‘iumtilit

2295 5760 2512 5825 formam
2563 5757 2687 5808 serti
2743 5757 3036 5823 acrt'piens,
3090 5756 3141 5807 in
3188 5753 3570 5807 similitudinem
3625 5752 3908 5806 hominum

2297 5846 2379 5916 {ac
2403 5863 2481 5916 us,
2505 5857 2550 5901 et
2578 5847 2752 5900 lta’t'lu
2794 5847 3019 5900 iuventua
3064 5857 3114 5899 ut
3159 5846 3324 5899 homo.
3363 5845 3669 5898 "nuntiari!
3714 5859 3909 5901 sema:-
