4070 6532
342 403 439 467 9H

1546 412 1900 479 lLi’iS'foLJL
1943 416 2028 477 et
2064 414 2446 483 ortsanA.

3518 425 3627 493 9.“!

341 535 505 595 ipsum
535 531 698 597 {actus
730 529 966 585 obediens
997 548 1152 603 usque
1198 534 1267 588 ad
1296 546 1532 600 mortem,
1584 546 1799 591 mortem
1825 554 1926 590 au-
1958 544 2002 599 Α
2036 541 2362 607 temporibus
2398 542 2884 600 administrationis
2938 557 3043 601 tua
3081 549 3418 616 pecea'ttium
3457 563 3619 622 syna-

338 629 438 673 tem
474 619 661 674 crucis.
699 619 916 691 Propter
953 626 1095 692 quod-
1127 634 1175 679 et
1224 624 1360 681 Beas
1400 628 1552 681 illum
1577 628 1839 695 exultavit,
1882 638 1930 682 et

341 710 548 764 donauit
580 712 626 764 ei
662 728 842 766 nomen
861 757 874 781 ,
906 716 1042 781 quod
1072 698 1146 769 est
1173 732 1328 785 super
1354 734 1501 771 omne
1524 735 1746 783 nomen;
1793 729 1847 772 ut
1877 720 1930 773 iu

339 802 542 854 nomine
559 799 683 857 Iesu
706 819 855 858 omne
872 820 1005 874 genu
1024 809 1260 876 ﬂectatur
1282 811 1586 876 caelestium,
1613 813 1930 866 terrestrium

341 903 388 946 et
426 893 788 962 infernarum;
823 904 869 948 et
906 898 1069 950 omnis
1111 899 1287 965 lingua
1328 901 1635 970 conﬁteatur
1670 905 1791 971 quia
1824 901 1931 956 Do-

341 988 505 1039 minus
525 984 677 1040 Iesus
709 985 939 1042 Christus
968 989 1019 1041 in
1049 990 1215 1058 gloria
1236 1000 1307 1044 est
1335 988 1430 1044 Dei
1462 991 1638 1046 Patris
1661 980 1927 1065 (Philipp.

343 1092 398 1142 ιι,
442 1076 613 1142 6-11).

414 1189 504 1244 15.
536 1188 633 1245 llic
662 1202 745 1246 eSt
781 1191 1039 1247 Dominus
1068 1194 1257 1258 .lesus,
1290 1197 1380 1266 qui
1414 1197 1466 1251 in
1509 1196 1774 1256 Trinitate
1810 1216 1932 1269 per-

341 1280 479 1335 fecta
512 1280 678 1336 Filius
710 1285 1039 1350 nominatur,
1074 1286 1285 1353 quando
1331 1288 1381 1342 in
1430 1290 1647 1344 nomine
1681 1291 1855 1346 Patris
1877 1300 1934 1346 et

345 1373 462 1427 Filii
504 1385 558 1429 et
596 1374 825 1445 Spiritus
864 1380 1034 1432 sancti
1089 1379 1345 1448 baptizari
1386 1381 1659 1450 juhemur.
1706 1383 1800 1438 llic
1850 1394 1933 1440 est

342 1482 568 1538 magnus
596 1480 650 1523 et
680 1484 904 1538 parvus,
944 1473 1186 1527 excelsus
1222 1484 1274 1529 et
1306 1474 1541 1542 humilis,
1586 1476 1933 1548 impassibilis

314 1571 397 1629 ct
438 1562 735 1630 passittilis,
784 1563 1099 1620 immortalis
1145 1576 1199 1622 et
1239 1569 1502 1636 mortalis,
1554 1570 1671 1626 sine
1712 1581 1932 1641 peccato

343 1655 485 1708 inter
518 1654 767 1709 homines
797 1656 983 1710 vivens
1015 1669 1067 1713 et
1096 1668 1312 1728 peccata
1348 1661 1652 1717 hominibus
1675 1662 1883 1718 donans
1914 1680 1929 1719 :

344 1759 439 1811 per
463 1746 644 1800 utttttia
680 1747 876 1801 similis
922 1749 1077 1803 nobis
1108 1750 1312 1819 absque
1348 1762 1585 1819 peccato,
1619 1765 1671 1808 et
1702 1753 1933 1823 per'om-

345 1836 427 1892 nia
462 1839 657 1895 similis
693 1842 859 1907 l‘alri,
891 1844 982 1912 qui
1030 1844 1182 1898 nobis
1214 1862 1333 1897 eum
1370 1846 1513 1899 misit
1546 1847 1596 1899 in
1626 1847 1931 1903 similitudi-

2034 644 2190 699 goga,
2224 642 2432 686 crescat
2461 649 2715 688 numerus
2745 637 3072 692 electorum.
3114 638 3169 693 Si
3213 639 3483 707 gloriosus
3509 641 3622 696 etii-

2033 721 2171 773 citur
2208 720 2362 790 cujus
2404 722 2589 777 labore
2635 724 2923 780 dilatantur
2976 728 3109 783 lines
3152 728 3387 798 imperii,
3419 741 3621 800 quanto

2031 809 2130 863 erit
2157 811 2437 879 gloriosior
2483 814 2635 882 cujus
2678 815 2860 871 labore
2910 818 3172 874 ctholica
3222 820 3613 891 multiplicatur

2034 900 2314 956 Ecclesia?
2358 902 2541 960 Gaude
2586 908 2650 962 ad
2687 907 2831 963 lucra
2863 908 3083 975 Christi,
3136 912 3261 985 dole
3300 913 3355 968 in
3402 913 3637 985 dl-pen-t

2032 991 2157 1046 diis.
2206 993 2538 1065 Semperqne
2570 998 2623 1052 in
2654 1000 2817 1053 corde
2846 1010 2935 1055 tuo
2968 984 3446 1073 maneat'apostoli
3480 984 3624 1062 Petri

2033 1094 2334 1161 sententia,
2386 1099 2651 1165 principes
2676 1098 2778 1153 sub
2809 1100 2907 1153 hac
2938 1100 3355 1170 ittterrogrttione
3399 1106 3625 1173 culpan-

2032 1181 2135 1238 tis:
2164 1183 2280 1253 Cui,
2329 1186 2519 1255 inquit,
2568 1188 2772 1243 obedire
2818 1191 3059 1261 oportet?
3086 1191 3194 1246 Deo
3238 1209 3305 1247 an
3328 1196 3622 1249 horninibus

2035 1274 2171 1346 (Act.
2202 1292 2251 1343 v,
2285 1277 2379 1349 29)
2401 1279 2424 1331 ?
2447 1280 2556 1335 lloc
2588 1280 2767 1349 itaque
2792 1291 2868 1343 tu,
2902 1282 3006 1335 dux
3039 1282 3231 1352 fidelis,
3259 1284 3472 1355 quoties
3502 1288 3625 1343 tidei

2034 1378 2140 1424 tua:
2170 1369 2353 1426 fervor
2379 1373 2633 1441 profanos
2665 1374 2861 1429 milites
2886 1375 3233 1443 scandalizat,
3260 1391 3356 1433 ore
3384 1389 3437 1433 et
3462 1381 3627 1435 Corde

2038 1461 2125 1516 die
2157 1479 2169 1515 :
2198 1462 2295 1517 Cui
2342 1464 2563 1520 obedire
2586 1467 2835 1534 Oportet?
2871 1467 2978 1522 Deo
3027 1484 3091 1523 an
3143 1468 3479 1528 hominibus?
3522 1473 3626 1529 lte—

2034 1554 2334 1623 spondente
2362 1565 2537 1610 autem
2567 1558 2894 1613 conscientia
2924 1570 3008 1613 tua
3039 1578 3052 1613 :
3088 1560 3217 1627 Deo,
3245 1562 3483 1632 loquere,
3514 1565 3619 1634 fac,

2033 1648 2220 1702 ordina
2252 1650 2391 1717 quod
2422 1649 2594 1720 diligit
2624 1652 2794 1717 Deus;
2849 1664 2907 1707 ut
2937 1656 3240 1725 quicunque
3266 1655 3377 1726 jam
3409 1669 3624 1711 contra-

2034 1738 2099 1792 rii
2128 1740 2371 1794 veritatis
2400 1741 2659 1811 existunt,
2686 1752 2776 1797 aut
2806 1756 3099 1812 sequantur
3126 1745 3388 1813 volentes,
3419 1756 3509 1801 aut
3540 1763 3623 1802 m-

2041 1841 2288 1885 maneant
2311 1846 2730 1902 murmurantes,
2749 1846 2803 1890 et
2831 1837 2961 1891 nihil
2984 1837 3242 1894 adversus
3267 1840 3622 1896 ortho'd0xam

344 1946 464 1985 "em
497 1933 675 1987 ρθεηίε
711 1935 935 2002 peccati,
984 1943 1039 1989 et
1068 1934 1135 1989 de
1176 1940 1393 2004 peccam
1440 1936 1712 1991 damnavi,
1744 1952 1933 2007 pecca,
1967 1923 2010 1981 Β
2039 1922 2356 1991 religionem
2390 1926 2649 1981 valen'es.
2682 1927 2866 1996 Neque
2886 1929 3031 1983 enim
3063 1930 3253 1986 deesse
3286 1941 3537 2001 poterunt
3557 1948 3621 1988 ex

343 2032 456 2077 tum
483 2023 533 2076 in
560 2038 744 2077 carne.
781 2023 1051 2080 Veraciter
1080 2035 1133 2081 et
1177 2027 1391 2097 proprie
1422 2026 1585 2082 Filius
1612 2029 1703 2085 Dei
1740 2030 1933 2097 Patris,

346 2115 612 2169 veraciter
635 2125 687 2169 et
717 2118 931 2184 proprie
958 2116 1125 2172 Filius
1149 2118 1381 2187 Virginis
1410 2122 1617 2175 matris.
1647 2123 1819 2190 Super
1837 2140 1939 2177 ca:-

344 2209 422 2262 los
453 2208 558 2261 vita
585 2205 872 2263 virentium
892 2250 905 2274 ,
951 2224 1112 2280 super
1137 2224 1336 2266 terram
1368 2213 1632 2268 medicina
1669 2214 1927 2284 languen-

343 2297 500 2364 tium,
531 2298 671 2367 apud
701 2298 901 2355 inferos
930 2302 1260 2357 resurrectio
1290 2316 1646 2359 mortuorum.
1678 2307 1936 2362 Mediator

349 2391 441 2446 Dei
471 2398 526 2447 et
558 2392 862 2459 hominum,
894 2403 1115 2463 propter
1136 2395 1269 2450 duas
1301 2397 1649 2465 substantias,
1684 2400 1799 2455 sive
1841 2415 1938 2454 ua-

342 2496 512 2552 turas,
547 2500 770 2555 quarum
796 2495 881 2542 est
908 2487 982 2542 illi
1015 2503 1118 2542 una
1147 2504 1268 2544 cum
1302 2488 1432 2555 Deo,
1464 2490 1631 2545 altera
1654 2493 1934 2547 nobiscum

342 2592 373 2630 c
412 2576 671 2631 mmunis.
717 2577 773 2632 ln
806 2593 909 2633 una
940 2578 1236 2650 eademque
1262 2595 1515 2650 persona,
1558 2584 1609 2636 in
1651 2598 1752 2653 qua
1777 2597 1936 2639 verus

341 2665 517 2724 factus
554 2679 633 2724 est
666 2672 953 2738 mediator,
1000 2688 1107 2728 non
1143 2673 1345 2729 habens
1390 2675 1601 2731 initium
1629 2677 1843 2732 tteitatis
1867 2678 1936 2733 de

345 2758 544 2825 Maria;
576 2760 672 2816 sed
705 2760 911 2817 habens
941 2762 1067 2819 inde
1100 2764 1381 2818 materiam
1418 2766 1595 2821 carnis
1627 2783 1787 2835 quam
1819 2782 1937 2823 sus-

343 2850 490 2919 cepit
530 2858 589 2905 nt
631 2861 965 2910 nasceretur.
1007 2853 1220 2911 Habeas
1250 2857 1417 2911 nostri
1449 2857 1663 2925 generis
1690 2873 1931 2926 carnem,

347 2957 451 2999 non
479 2944 704 3008 aeriam,
733 2958 838 3000 neu
874 2947 1285 3016 phantasticam,
1318 2964 1422 3003 non
1456 2952 1522 3005 de
1550 2950 1691 3004 cmlo
1717 2950 1931 3022 deposi-

347 3044 479 3104 tam,
507 3053 614 3091 non
643 3032 857 3095 aliunde
882 3040 1073 3094 factam
1102 3060 1114 3096 :
1154 3044 1399 3110 quamvis
1425 3042 1734 3111 humanam,
1774 3046 1936 3102 nullis

343 3129 597 3189 sordibus
634 3131 911 3200 originalis
951 3132 1244 3202 iniquitatis
1274 3147 1338 3189 ex
1375 3134 1552 3205 aliqua
1582 3148 1731 3206 parte
1762 3137 1937 3207 pollu-

343 3228 474 3289 tam,
503 3235 607 3275 non
639 3237 703 3276 ex
737 3223 1009 3292 voluptate
1052 3223 1231 3280 carnis
1256 3236 1311 3280 et
1341 3227 1637 3296 sanguinis,
1671 3228 1766 3283 sed
1814 3228 1936 3297 Spi-

2040 2014 2210 2069 altera
2237 2024 2407 2084 parte,
2456 2018 2649 2085 quibus
2680 2019 2894 2088 placeas
2923 2021 2974 2075 in
3004 2036 3167 2090 opere
3196 2024 3367 2090 bono,
3395 2039 3618 2093 quorum

2038 2106 2203 2161 corda
2248 2108 2340 2162 tibi
2393 2111 2632 2165 tenacius
2668 2112 2983 2167 inhaereant.
3040 2115 3249 2186 Ubique
3287 2115 3449 2172 habet
3492 2119 3524 2172 fi
3554 2126 3625 2174 es

2040 2214 2163 2254 vera
2192 2200 2475 2256 dilectores
2498 2217 2645 2258 suos.
2670 2204 3072 2272 Quantumlibet
3101 2218 3227 2262 cxto
3250 2208 3391 2263 latur
3420 2208 3625 2279 iniqui-

2040 2302 2141 2354 tas,
2177 2293 2373 2346 vetitas
2405 2293 2589 2348 vincit.
2620 2294 2727 2350 Sed
2756 2310 2927 2365 pone,
2958 2298 3066 2353 sint
3103 2298 3326 2353 forsitan
3355 2299 3409 2354 in
3443 2304 3624 2356 multi-

2039 2384 2224 2439 tudine
2270 2387 2537 2441 exercitus
2582 2388 2763 2456 plures
2813 2390 3071 2456 hmretici,
3125 2390 3285 2461 pauci
3323 2394 3623 2451 catholici:

2040 2475 2208 2543 magis
2231 2486 2283 2529 te
2310 2486 2521 2544 Oporttt
2561 2478 2760 2534 viribus
2791 2479 3097 2536 fortissimis
3128 2483 3244 2545 uiti,
3279 2493 3359 2552 ut,
3383 2486 3428 2541 si
3456 2489 3623 2556 gratia

2041 2564 2134 2618 Dei
2170 2568 2487 2636 reSpexerit,
2528 2583 2716 2624 omnes
2759 2570 2951 2627 milites
2982 2572 3309 2630 fortissimos
3340 2576 3501 2633 facias
3536 2592 3619 2634 cur

2043 2657 2292 2727 tholicos,
2320 2669 2412 2714 aut
2438 2669 2585 2717 certe
2610 2678 2807 2731 paucos
2829 2664 3066 2721 dimittas
3093 2668 3393 2725 ltmreticos.
3424 2670 3619 2729 Parum

2040 2750 2216 2805 adhuc
2249 2752 2458 2821 loquor.
2507 2754 2587 2809 Ad
2620 2755 2739 2810 illas
2779 2756 3009 2814 fortasse
3051 2760 3247 2816 missus
3274 2777 3335 2817 es
3376 2764 3623 2833 regiones

2008 2841 2129 2911 ~ubi
2161 2844 2368 2898 nullum
2401 2844 2641 2912 reperias
2684 2847 3067 2917 orthodoxam,
3093 2851 3175 2906 vel
3221 2863 3370 2908 certe
3409 2854 3623 2911 rarissio

2042 2948 2159 2988 mos
2190 2949 2254 2991 ac
2286 2936 2534 2992 latentes.
2576 2937 2649 2991 lbi
2675 2953 2889 3010 quoque
2918 2941 3143 2996 virilizer
3169 2943 3372 2997 semina
3404 2946 3623 3001 verbum

2043 3026 2161 3080 vitae
2183 3027 2247 3079 ad
2272 3028 2493 3097 gloriam
2524 3027 2725 3085 Christi
2754 3049 2766 3084 :
2800 3032 3059 3103 redargue
3089 3033 3483 3091 multitudinem
3507 3052 3634 3106 pere

2043 3114 2267 3170 lidot-um
2311 3119 2429 3173 sine
2453 3121 2799 3186 verecundia,
2846 3123 2964 3177 sine
2993 3122 3294 3191 formidine,
3324 3124 3443 3181 sine
3466 3125 3621 3182 dubi—

2044 3210 2280 3277 latione;
2313 3227 2412 3267 nec
2440 3212 2587 3282 prius
2617 3215 2820 3284 cogites
2850 3215 3118 3285 quomodo
3139 3231 3233 3272 eos
3264 3230 3417 3287 regas
3448 3216 3622 3288 impe-

346 3311 480 3366 ritus
520 3314 697 3368 sancti
742 3313 1156 3383 superveniente
1186 3318 1381 3371 virtute
1421 3317 1738 3383 formatam,
1773 3319 1934 3375 ratio-

2044 3301 2263 3357 rialibus
2292 3302 2519 3373 legibus,
2547 3305 2640 3361 sed
2682 3306 2955 3377 quomodo
2976 3308 3218 3378 corrigas
3247 3308 3474 3379 eloquiis
3516 3312 3624 3379 spi-

352 3404 595 3474 nalisque
635 3406 829 3460 anima:
862 3406 1216 3473 instriratione
1244 3408 1582 3463 viviﬁcatam.
1618 3409 1840 3479 Proprie
1869 3424 1933 3464 ac

348 3495 614 3551 veraciter
647 3496 954 3563 humanam,
981 3498 1031 3553 id
1059 3507 1139 3553 est
1164 3501 1231 3554 de
1261 3510 1452 3565 matre,
1481 3500 1577 3556 sed
1609 3509 1786 3556 tamen
1817 3503 1934 3556 sine

347 3586 563 3640 homine
613 3596 785 3655 patre.
836 3587 1276 3657 Corruptibilem,
1324 3590 1445 3659 quia
1493 3589 1711 3657 famem,
1761 3591 1930 3657 sitim,

346 3677 614 3744 dolorem,
649 3688 877 3736 mortem
908 3681 1202 3737 voluntarie
1232 3683 1481 3753 quidem,
1506 3684 1601 3738 sed
1637 3694 1812 3739 tamen
1837 3701 1931 3741 vc-

308 3842 309 3845 ,
345 3768 541 3824 raciter
564 3771 752 3825 sensit.
776 3770 1268 3842 lncorruptibilem,
1294 3774 1417 3842 quia
1448 3772 1650 3827 nullius
1678 3774 1731 3827 in
1754 3787 1814 3829 se
1841 3776 1933 3830 de-

346 3861 477 3927 licti,
510 3863 592 3918 vel
635 3864 942 3934 originalis,
995 3865 1077 3921 vel
1116 3866 1316 3934 prOprii
1356 3864 1631 3921 stimulum
1670 3867 1930 3933 sentiens,

348 3956 619 4026 iniquitati
666 3960 808 4013 nulla
839 3961 1013 4014 victus
1045 3961 1340 4030 cupiditate
1383 3964 1678 4018 consensit.
1712 3962 1819 4019 Nec
1848 3980 1936 4035 se-

349 4051 491 4115 pulta
542 4051 713 4116 potuit
744 4052 1026 4120 pervenire
1062 4054 1127 4107 ad
1165 4054 1566 4122 corruptionem
1612 4056 1933 4124 putredinis,

346 4137 610 4193 beneficio
654 4139 1068 4198 resurrectionis
1097 4158 1112 4197 :
1145 4142 1359 4214 quando
1391 4153 1614 4214 portans
1656 4146 1935 4201 manubias

347 4229 637 4286 inferorum
665 4233 901 4288 surrexit
938 4233 1081 4290 idem
1108 4233 1224 4305 ipse
1248 4250 1463 4305 semper
1493 4252 1633 4291 unus
1663 4236 1932 4306 Christus,

351 4337 445 4388 per
471 4323 825 4395 quadraginta
867 4324 982 4380 dies
1012 4340 1133 4379 cum
1171 4326 1449 4394 discipulis
1493 4336 1934 4393 convrrsaturus,

348 4415 501 4473 etsit:
530 4416 595 4469 ad
619 4416 814 4470 castum
844 4415 1166 4470 mirabiliter
1192 4430 1534 4471 ascensurus.
1568 4416 1664 4472 Ubi
1688 4416 1848 4471 modo
1869 4416 1936 4472 ad

349 4504 623 4559 dexteram
675 4505 844 4559 Patris
890 4505 1066 4569 sedet,
1114 4513 1372 4559 venturus
1423 4506 1474 4559 in
1525 4504 1788 4571 claritate,
1840 4508 1929 4576 qui

354 4598 499 4663 prius
550 4607 765 4652 venerat
818 4597 872 4651 in
921 4597 1221 4652 humilitate
1261 4597 1640 4665 :judieatnrus
1687 4598 1836 4652 vivos
1884 4609 1938 4653 et

2037 3390 2280 3446 ritalibus
2313 3409 2327 3445 :
2364 3394 2691 3466 territosque
2738 3397 2954 3454 nomine
2999 3399 3333 3455 auctoritatis
3384 3399 3630 3470 primitus

2035 3480 2291 3537 doctrina.-
2313 3494 2515 3541 sanctae
2542 3502 2839 3559 repugnare
2874 3490 3181 3557 prohibeas,
3209 3490 3404 3546 deinde
3434 3492 3621 3561 paula-

2036 3576 2129 3627 tim
2151 3576 2457 3632 consentire
2502 3579 2752 3637 suadeas.
2807 3582 2945 3638 Utile
2975 3581 3070 3637 tibi
3105 3592 3187 3637 est
3215 3591 3359 3639 recta
3398 3584 3619 3647 sentire.

2034 3664 2077 3717 si
2107 3664 2241 3719 alios
2268 3681 2484 3737 quoque
2516 3682 2623 3724 non
2652 3668 2874 3725 deseras
2895 3670 2948 3726 in
2987 3673 3269 3741 pravitate.
3305 3675 3437 3737 Boni
3468 3676 3621 3731 ducis

2034 3756 2284 3812 instantia
2337 3758 2652 3830 plerumque
2686 3761 2870 3815 multis
2908 3763 3135 3832 praebuit
3164 3766 3501 3821 occasionem
3532 3781 3619 3821 εει

2034 3846 2181 3902 Iutis.
2212 3846 2320 3903 Sed
2348 3848 2394 3903 si
2420 3848 2644 3905 forsitan
2673 3851 2932 3922 deSperas
2956 3852 3075 3909 illos
3101 3854 3260 3925 posse
3289 3857 3506 3923 salvari,
3531 3860 3625 3914 bo-

2037 3950 2166 3992 nunt
2201 3949 2282 3993 est
2311 3939 2474 3995 saluti
2500 3943 2875 3998 convenientia
2905 3943 3237 4014 prmdicare;
3268 3946 3390 4017 quia
3420 3950 3624 4005 volun-

2038 4032 2200 4082 tatem
2237 4028 2383 4086 Deus
2405 4041 2648 4099 coronat,
2683 4048 2789 4089 non
2819 4034 3145 4091 facultatem.
3193 4038 3478 4095 Seaaiuare
3504 4057 3626 4112 per-

2039 4118 2173 4173 tinet
2222 4119 2289 4175 ad
2336 4120 2574 4178 ofﬁcium
2616 4124 2889 4195 diligentis
2938 4128 3219 4198 agricolas;
3278 4131 3495 4198 superni
3537 4142 3624 4190 est

2039 4214 2276 4267 muneris
2318 4225 2376 4268 ut
2407 4222 2547 4270 terra
2575 4214 2877 4283 fructificet,
2909 4220 3153 4291 votisque
3179 4219 3399 4277 cultoris
3425 4222 3508 4278 sui
3538 4240 3619 4278 res

2038 4306 2319 4370 Spondeat.
2353 4306 2460 4360 Hac
2483 4308 2637 4376 plane.
2667 4311 2811 4364 circa
2835 4310 3078 4367 subditos
3109 4327 3234 4368 usus
3263 4312 3521 4369 induszria
3553 4316 3624 4368 [ιιι

2038 4395 2143 4452 cile
2180 4396 2344 4453 etiam
2386 4401 2737 4469 potestatibus
2779 4402 3124 4472 sublimibus,
3164 4416 3218 4463 et
3247 4406 3377 4476 ipsis
3400 4422 3625 4480 quorum

2048 4504 2270 4546 munere
2307 4492 2417 4547 dux
2443 4492 2665 4551 eﬂ‘ettus
2692 4509 2750 4553 es
2782 4496 3018 4568 regibus,
3050 4499 3094 4554 si
3120 4514 3222 4570 qua
3248 4498 3388 4556 forte
3414 4510 3627 4563 contru-

2042 4581 2120 4635 ria
2155 4597 2294 4638 vera:
2342 4584 2463 4640 fidei
2512 4587 2806 4655 senserint,
2856 4596 2911 4644 et
2949 4570 3055 4645 non
3085 4589 3279 4645 cedere
3319 4592 3540 4660 poteris,
3570 4602 3624 4645 ct

353 4701 614 4753 mortuos,
670 4701 723 4744 et
775 4691 1130 4745 damnaturus
1194 4692 1538 4756 incredulos;
1593 4692 1934 4746 credentibus

2048 4689 2367 4744 repugnare,
2398 4685 2612 4746 paratus
2635 4678 2700 4734 ad
2730 4682 3041 4753 martyrium
3071 4682 3267 4737 disces.
3296 4682 3510 4751 Alioqui
3535 4685 3625 4751 qui

351 4800 478 4841 vero
510 4786 879 4842 remissionem
913 4798 1255 4857 peccatorum
1288 4788 1599 4858 largiturus,
1642 4800 1931 4844 :eternam-

349 4892 451 4946 que
477 4877 659 4942 vitam,
688 4877 732 4932 si
769 4887 943 4933 tamen
979 4879 1029 4932 in
1065 4879 1303 4934 Ecclesia
1330 4881 1593 4934 catholica
1625 4894 1933 4949 persevera-

354 4970 527 5024 verint
555 4972 621 5021 ab
647 4971 886 5024 omnium
917 4971 1164 5024 vitiormn
1197 4974 1516 5041 contagione
1541 4972 1800 5027 mandati.
1826 4969 1928 5025 Ca-

353 5060 547 5115 tholica
574 5063 769 5132 quippe
803 5060 1040 5117 Ecciesia
1066 5064 1229 5116 statio
1251 5073 1352 5130 est,
1382 5064 1468 5117 ubi
1494 5066 1715 5119 vulnera
1745 5076 1931 5121 nostra

353 5152 522 5206 bonus
554 5154 795 5208 medicus
822 5142 991 5223 sanat.
1029 5153 1198 5207 Filius
1229 5165 1311 5208 cst
1353 5155 1746 5220 promissionis,
1783 5159 1931 5222 quis-

351 5242 469 5311 quis
498 5257 617 5299 eam
650 5259 816 5313 usque
846 5243 913 5299 ad
939 5243 1253 5299 effusionem
1285 5246 1558 5313 sanguinis
1588 5248 1841 5303 vindicat.

424 5335 512 5390 14.
542 5337 857 5405 Propterea,
907 5336 1011 5390 dux
1053 5337 1253 5405 Optime
1282 5346 1338 5390 et
1383 5336 1575 5402 fidelis,
1611 5349 1730 5393 tene
1757 5341 1934 5394 o:nnia

351 5429 596 5496 dogmata
624 5427 761 5501 ejus,
806 5427 1058 5499 pnedica,
1106 5429 1334 5490 siudiea,
1372 5429 1476 5483 duc
1502 5428 1569 5482 ad
1604 5443 1721 5484 eam
1756 5432 1937 5485 volen-

353 5533 464 5589 tes,
514 5525 779 5592 compelle
819 5525 1064 5579 nolentes
1090 5567 1102 5587 ,
1148 5540 1253 5579 non
1307 5524 1493 5579 dolore
1529 5528 1934 5594 suppliciorum,

354 5631 456 5668 non
482 5624 622 5669 metu
652 5615 813 5684 gladii
845 5616 1132 5681 saevientis,
1166 5615 1261 5671 sed
1286 5615 1529 5672 modesta
1557 5619 1899 5686 correptione
1921 5662 1936 5684 ,

354 5714 408 5759 et
452 5703 734 5760 severitate
782 5706 933 5775 plena
985 5706 1308 5761 dilectionis.
1360 5705 1550 5761 Procul
1599 5707 1738 5761 absit
1781 5710 1941 5763 timor

355 5796 567 5850 diabolo
593 5797 847 5852 militans.
883 5798 1066 5854 Sciant
1101 5798 1336 5853 haeretici
1369 5796 1490 5868 quia
1519 5798 1813 5856 catholitus
1843 5816 1936 5867 es;

356 5890 527 5945 sciant
562 5892 808 5947 catholici
856 5892 981 5960 quia
1019 5892 1308 5950 detestaris
1354 5892 1664 5951 haereticos.
1713 5892 1939 5950 Deﬁciat
1966 5965 1982 5972 _

2049 4772 2295 4820 metuens
2330 4767 2610 4823 inferiores
2640 4769 2934 4837 offendere,
2965 4773 3139 4827 minus
3166 4772 3472 4840 exsequitur
3499 4786 3625 4826 caua

2037 4872 2149 4911 sam
2183 4858 2408 4927 proprias
2435 4859 2726 4931 religionis,
2752 4862 3021 4931 quomodo
3042 4862 3337 4945 metebitur
3357 4876 3477 4915 cum
3499 4876 3595 4930 pro
3612 4894 3624 4901 -

2038 4947 2195 5017 pheta
2224 4947 2387 5002 David
2419 4964 2651 5005 canere:
2687 4950 2955 5020 Loquebat‘
2994 4949 3058 5004 de
3095 4951 3400 5003 testimoniis
3444 4952 3542 5004 tuis
3572 4951 3627 5006 in

2039 5052 2310 5109 conspectu
2351 5057 2559 5113 regum,
2611 5053 2656 5095 et
2696 5060 2797 5097 non
2847 5043 3197 5113 confundebar
3249 5041 3381 5112 (Ps.
3427 5057 3622 5108 cxvut.

2038 5126 2209 5202 t6)?

2113 5244 2200 5302 15.
2242 5249 2285 5302 Ο
2324 5249 2370 5302 si
2415 5249 2542 5303 boni
2592 5248 2758 5303 duces
2801 5249 3103 5314 inciperent
3158 5250 3405 5303 humanis
3447 5250 3624 5303 divina

2045 5354 2375 5410 prteponere,
2410 5341 2657 5395 maximis
2683 5339 2958 5395 erroribus
2992 5339 3224 5394 remedia
3262 5340 3623 5409 providerent.

2046 5432 2174 5488 Late
2204 5441 2349 5501 patet
2380 5434 2546 5488 virtus
2580 5434 2702 5498 ista,
2735 5449 2828 5501 per
2861 5433 3008 5500 plma
3033 5440 3088 5487 et
3116 5432 3261 5500 plura
3288 5430 3509 5498 justitia:
3540 5430 3629 5485 iti-

2047 5539 2172 5580 nera
2228 5524 2486 5580 funditur.
2540 5525 2796 5580 Humanis
2839 5525 3016 5579 divEna
3048 5538 3329 5593 prmpone;
3378 5534 3429 5579 et
3471 5522 3628 5579 vidua

2044 5617 2446 5686 oppressionem
2478 5631 2583 5672 non
2614 5616 2869 5686 perferat,
2908 5627 3123 5688 propter
3143 5632 3292 5686 spem
3325 5614 3459 5673 lucri
3483 5629 3622 5686 pra:-

2044 5712 2333 5774 tereuntis;
2368 5711 2552 5780 pupilli
2585 5713 2881 5767 substantia
2916 5714 3110 5768 tutoris
3144 5712 3360 5767 minime
3391 5712 3629 5781 indigeat

2046 5802 2344 5868 beneficio;
2404 5802 2693 5872 pessimam
2752 5803 3034 5859 victoriam
3100 5804 3331 5875 injustus
3396 5801 3629 5871 litigator

2047 5895 2288 5962 amittat;
2342 5895 2682 5954 sacerdotum
2726 5895 3175 5967 postulationibus
3206 5898 3435 5953 libenter
3475 5905 3626 5965 patec
