4070 6454
489 341 594 396 εἰῶ

1419 320 1792 381 FELGENTII‘
1828 311 2175 372 FERRANDI
2218 311 2491 368 DIACONI
2531 307 2882 365 CARTHAG.

2337 168 2402 177 ...-

3675 305 3744 356 94
3760 307 3794 356 ἃ

486 465 604 514 seat
630 453 858 508 auditus.
882 448 1264 516 Frcquenu-tur
1287 439 1478 493 oratio.
1509 432 1777 490 Lectionis
1806 407 2062 491 studium,
2101 429 2145 484 Α
2251 426 2335 479 I6.
2363 425 2659 486 Pessimum
2693 421 2843 476 nefas
2871 419 2994 475 falsa
3019 419 3253 489 iuratio,
3282 431 3335 472 et
3358 419 3397 469 si
3428 416 3584 485 paulo
3616 417 3790 472 altius

486 545 733 617 quamvis
777 539 1007 606 undique
1053 528 1494 601 occupationibus
1545 522 1896 584 irruemibus,
1958 520 2080 586 igne

489 613 738 691 desiderii
791 614 1058 699 spiritalis.
1104 623 1356 694 (remota
1411 615 1732 688 tepiditate)
1793 613 2077 668 fervescat.

488 730 664 795 Quare
691 724 834 782 enim
882 722 989 777 dux
1031 718 1266 787 Optimus
1313 711 1564 782 opprimit
1611 707 1863 764 viduam?
1913 718 2081 775 quare

491 819 748 889 pupillum
779 813 896 886 laedi
926 811 1087 866 sinit?
1119 822 1284 879 quare
1315 820 1411 873 pro
1445 801 1649 872 iniusto
1678 801 1948 871 litigatore
1988 797 2082 866 jn-

490 887 671 967 ilicat?
701 923 865 978 quate
893 903 1110 960 difficile
1153 909 1248 955 aut
1291 913 1415 954 raro
1444 897 1510 951 ad
1560 893 1842 950 ecclesiam
1873 887 2087 960 pergit?

492 1019 661 1074 quare
691 1017 794 1056 non
822 997 981 1068 legit?
1012 994 1117 1050 nisi
1145 992 1270 1063 quia
1296 989 1492 1045 divinis
1519 989 1750 1041 humana
1782 979 2087 1053 praeponit?

497 1101 753 1165 l‘raepone
783 1108 910 1163 ergo
957 1088 1140 1145 divina
1189 1099 1403 1154 semper
1448 1080 1726 1144 humanis;
1780 1075 1960 1132 omnia
1989 1072 2086 1127 tibi

493 1191 760 1260 religiosa:
787 1182 1082 1241 voluntatis
1105 1190 1159 1236 et
1179 1194 1341 1249 opera
1373 1185 1428 1232 ct
1451 1175 1638 1240 verba,
1673 1168 1920 1242 quamvis
1944 1167 2087 1221 inter

496 1284 758 1338 militares
799 1287 970 1343 actus,
1018 1274 1164 1328 salva
1209 1277 1390 1327 erunt.
1438 1268 1918 1336 Eleemosynarum
1960 1273 2092 1314 vero

496 1377 817 1434 sacriﬁcium
841 1373 962 1444 quis
992 1373 1064 1427 ita
1095 1377 1274 1438 posset
1303 1365 1496 1422 offerre
1519 1364 1662 1418 sicut
1689 1361 1798 1416 dux
1825 1358 2091 1428 optimus,

497 1467 581 1522 cui
624 1461 939 1534 magnitudo
997 1457 1274 1529 potestatis
1319 1455 1654 1510 abundantes
1693 1451 1896 1521 praebet
1933 1462 2090 1502 occa-

500 1552 681 1614 siones
701 1551 1085 1612 misericordiae
1112 1545 1434 1611 tribuendas,
1462 1545 1506 1599 si
1539 1552 1718 1599 tamen
1751 1540 1926 1596 divina
1954 1553 2093 1608 pra:-

502 1659 664 1720 ponat
689 1646 936 1702 humanis
959 1645 986 1698 τ
1029 1637 1109 1698 An
1141 1639 1372 1695 inaniter
1401 1637 1588 1692 Daniel
1627 1635 1887 1706 prOpheta
1919 1631 2096 1687 Nabu-

500 1739 842 1796 chodonosor
875 1733 1004 1790 dicit
1034 1751 1046 1786 :
1078 1731 1364 1786 Consilium
1397 1744 1565 1782 meum
1595 1730 1795 1795 p.'aceat
1829 1723 1942 1788 tibi,
1976 1736 2094 1786 rex,

2185 514 2519 579 consideres,
2550 512 2753 566 inutilis
2787 526 3022 580 semper,
3058 511 3290 564 maxime
3332 507 3631 562 exercitum
3685 525 3795 576 gu-

2185 606 2560 660 bernantibus.
2592 602 2864 658 Mutabilia
2903 601 3050 657 enim
3091 601 3346 671 iuvenum
3387 599 3572 664 corda,
3601 615 3794 654 sacra-

2187 703 2351 755 menti
2401 699 2614 753 viuculo
2662 697 2972 766 frequenter
3024 695 3294 764 ligantur,
3343 702 3404 746 ut
3451 691 3554 747 ﬁde
3597 693 3791 748 stabili

2189 794 2326 872 bella
2357 793 2644 861 suscipiant
2669 808 2686 856 ;
2725 799 2780 844 et
2809 800 2932 844 tunc
2961 788 3112 842 ﬁrma
3144 789 3214 843 sit
3239 788 3504 842 securitas
3531 785 3787 852 ducibus,

2184 885 2237 941 si
2269 884 2547 956 religionis
2580 883 2738 937 timor
2768 882 2952 952 iurare
2998 881 3184 934 falsum
3234 896 3342 935 non
3383 883 3523 935 sinat
3561 879 3808 935 milites-

2189 977 2358 1042 Quam
2390 991 2552 1045 grave
2582 978 2760 1042 itaque
2789 985 2846 1030 et
2872 989 3030 1044 quam
3061 973 3450 1042 perniciosum,
3483 981 3541 1026 ut
3567 971 3805 1026 videant

2194 1069 2276 1123 vel
2307 1068 2544 1121 sentiant
2573 1065 2712 1120 solvi
2750 1065 2903 1120 facile
2950 1072 3381 1128 sacramentum,
3411 1062 3678 1131 ducisque
3706 1063 3802 1115 sui

2195 1161 2488 1215 invitentur
2524 1158 2776 1224 exenqlo
2807 1158 2925 1212 leve
2952 1155 3222 1211 aestimare
3253 1153 3578 1224 periurium?
3623 1153 3805 1219 Quid-

2199 1254 2324 1323 quid
2364 1251 2590 1321 proinde
2615 1254 2924 1319 iuramento
2965 1248 3336 1303 intercedente
3364 1246 3680 1315 conﬁrmas,
3710 1262 3806 1300 ra-

2174 1356 2311 1410 ,tum
2343 1359 2555 1414 semper
2584 1344 2846 1410 observa;
2876 1342 2994 1397 sive
3025 1341 3239 1395 inimico
3265 1342 3518 1410 gratiam,
3547 1341 3668 1394 sive
3701 1356 3805 1393 ve-

2198 1439 2339 1493 niam
2370 1453 2484 1505 reo,
2510 1437 2625 1493 sive
2656 1435 3027 1491 laborantibus
3061 1446 3234 1489 tecum
3283 1437 3494 1501 prmmia
3536 1434 3808 1504 pollicea-

2199 1528 2305 1592 ris;
2334 1535 2390 1580 et
2417 1527 2539 1592 hoc,
2567 1524 2806 1579 adhibi'a
2836 1525 3172 1578 invocatione
3203 1524 3433 1577 nominis
3467 1524 3583 1589 Dei,
3615 1527 3804 1576 credi-

2199 1619 2306 1674 bile
2333 1618 2494 1672 facias
2517 1617 2822 1688 cperando;
2854 1616 3052 1672 nullius
3076 1616 3317 1671 utilitatis
3340 1615 3808 1680 consideratione,

2202 1711 2399 1766 nullius
2428 1711 2646 1779 periculi
2678 1709 2962 1764 formidine
2984 1708 3150 1764 debes
3175 1706 3378 1763 irritum
3403 1709 3594 1764 facere.
3628 1709 3815 1762 Fixus

503 1847 548 1892 et
580 1844 792 1906 peccata
837 1843 923 1887 tua
953 1827 1282 1898 efeemosynis
1312 1825 1526 1890 redime,
1567 1831 1612 1875 et
1650 1819 1934 1891 injustitias
1984 1826 2097 1869 tuas
2130 1805 2178 1864 B
2204 1803 2273 1857 sit
2301 1812 2354 1856 et
2385 1800 2728 1855 immutabilis
2754 1813 2967 1866 sermo,
2999 1798 3152 1869 cuius
3183 1799 3303 1854 ﬁdei
3348 1799 3499 1853 testis
3528 1807 3616 1853 est
3643 1801 3810 1852 adhi-

502 1924 917 1980 miserationibus
956 1934 1245 1987 pauperum
1272 1932 1290 1981 ;
1319 1923 1365 1968 et
1392 1914 1486 1968 erit
1519 1911 1660 1966 Deus
1689 1926 1899 1978 partem
1920 1922 2097 1977 pecea—

505 2021 569 2072 tis
597 2018 698 2070 tuis
719 2015 882 2084 (Dan.
912 2028 986 2080 tv,
1009 2010 1137 2079 24)?
1168 2009 1267 2064 nisi
1301 2007 1554 2077 quoniam
1578 2001 1969 2072 pOII'n'itil'IbIIS
1999 2015 2094 2067 po—

507 2110 707 2166 tentior
757 2116 840 2161 cst
882 2106 1118 2160 facilitas
1147 2098 1654 2170 eleemosynarum?
1692 2096 1896 2161 Quibus
1935 2095 2096 2146 etiam

506 2201 804 2258 secundum
832 2213 1000 2268 genus
1033 2196 1392 2265 eleemosynae
1425 2191 1654 2260 amplius
1681 2189 1894 2258 cperari
1929 2187 2100 2256 possi-

509 2295 614 2350 bile
643 2304 746 2357 est,
771 2293 1054 2362 ignoscere
1082 2288 1290 2342 scilicet
1319 2280 1792 2352 delinquentibus?
1825 2279 1925 2347 Ipsi
1953 2280 2094 2332 eu'm

510 2385 678 2454 magis
712 2381 1049 2438 laudabiliter
1077 2378 1288 2434 veniam
1319 2375 1540 2442 donant,
1572 2386 1795 2442 quarunt
1828 2367 2102 2424 iracundia

509 2478 729 2532 nuntius
755 2475 943 2528 mortis
971 2481 1074 2527 est.
1124 2469 1228 2540 Ipsi
1259 2465 1546 2538 gloriosius
1573 2463 1797 2531 diligunt
1831 2457 2098 2524 inimicus,

507 2569 700 2641 quibus
742 2565 960 2635 exigere
1009 2561 1299 2617 vindictam
1336 2555 1614 2628 sanguinis
1670 2551 1813 2607 licet.
1862 2550 2096 2616 Utraque

507 2639 670 2732 spera
729 2655 1116 2713 miser'cordia:
1164 2653 1218 2706 in
1259 2652 1524 2722 potestate
1576 2645 1776 2705 hat-es,
1828 2642 1870 2695 si
1927 2639 2104 2695 divina

511 2766 793 2822 pra-ponas
839 2747 1112 2803 humanis.
1162 2745 1228 2798 Et
1275 2744 1328 2797 in
1371 2741 1473 2795 boc
1513 2737 1748 2793 maxime
1798 2730 2107 2804 agnosceris

513 2841 764 2899 humanis
808 2840 986 2894 divina
1036 2846 1386 2907 praeponere,
1423 2828 1635 2901 quando
1684 2827 1812 2882 nulli
1852 2824 2109 2879 fallaciter

511 2939 680 3010 ign-as,
720 2950 819 2990 nec
851 2932 1080 2989 subdolo
1105 2927 1446 2984 sacramento
1481 2921 1686 2992 decipis
1729 2921 1981 2989 aliquem.
2019 2915 2106 2968 Li-

512 3009 594 3083 ενι
623 3027 793 3081 hostis
818 3027 888 3080 sit
909 3023 1182 3091 antiquus,
1206 3019 1332 3073 licet
1353 3016 1610 3072 immania
1635 3023 1660 3051 ⁸
1695 3009 2001 3082 reipublicae
2031 3009 2109 3061 in-

515 3122 689 3174 ﬁxerit
705 3116 1016 3178 visceribus,
1033 3130 1138 3168 non
1160 3111 1367 3166 videtur
1391 3109 1524 3162 falsa
1543 3108 1811 3177 iuratione
1827 3101 2106 3164 fallendus;

2202 1895 2345 1950 bitus
2373 1893 2534 1947 Deus.
2562 1893 2676 1948 Una
2705 1892 2863 1962 plane
2892 1906 3049 1946 eausa
3083 1890 3353 1946 solvenda:
3377 1890 3668 1959 iurationis
3693 1894 3814 1944 ex"-

2202 1985 2378 2051 stit,si
2404 1983 2603 2053 aliquid
2633 1981 3111 2052 iratusjuraveris,
3135 1981 3273 2035 unde
3303 1980 3472 2049 possis
3507 1980 3680 2035 Deum
3712 1997 3814 2050 per

2203 2092 2360 2147 quem
2392 2077 2538 2145 iuras
2564 2072 2857 2128 offendere.
2885 2072 3042 2127 Verbi
3070 2073 3271 2142 gratia,
3298 2071 3345 2124 si
3373 2069 3467 2124 tibi
3501 2087 3597 2140 pro
3634 2072 3814 2124 delin-

2206 2169 2494 2238 quentibus
2525 2181 2794 2236 nunquam
2829 2179 2985 2234 posse
3015 2163 3263 2220 satisﬁeri
3293 2163 3603 2218 terriblliter
3621 2164 3812 2233 iures;

2207 2264 2249 2318 si
2285 2261 2560 2316 interit-im
2591 2259 2812 2322 civitati,
2845 2260 2926 2313 vel
2980 2258 3199 2328 populo,
3227 2256 3416 2326 iurans
3460 2258 3718 2318 mineris;
3769 2258 3816 2309 si

2209 2355 2420 2424 penitus
2452 2349 2507 2404 in
2537 2350 2765 2405 ecclesia
2796 2364 2900 2403 non
2943 2330 3240 2414 orandum;
3268 2347 3352 2401 vel
3381 2347 3482 2401 alia
3515 2363 3638 2414 quae
3674 2352 3816 2400 dm-

2211 2464 2308 2503 nus
2338 2451 2500 2502 timor
2529 2445 2798 2516 prohibet,
2839 2443 3084 2497 humana:
3116 2442 3425 2497 tentationis
3456 2441 3522 2494 ad
3554 2455 3806 2508 praesens

2211 2544 2380 2596 victus
2413 2538 2740 2603 inﬁzmitate,
2772 2537 3039 2606 iuraveris
3069 2535 3408 2604 exsequenda
3441 2550 3454 2585 :
3489 2542 3616 2586 tunc
3651 2533 3818 2601 plane

2212 2651 2318 2689 non
2349 2642 2430 2688 est
2463 2630 2786 2702 perﬁcienda
2817 2628 3034 2698 iuratio,
3062 2628 3181 2696 quia
3227 2641 3333 2680 non
3377 2626 3448 2679 ibi
3475 2625 3678 2679 divinis
3708 2625 3783 2678 hu
3805 2654 3818 2664 -

2212 2745 2366 2784 mana
2415 2725 2702 2796 praeponis,
2733 2723 2828 2778 sed
2860 2724 3036 2778 divina
3085 2721 3265 2792 potius
3302 2720 3719 2787 contempla-is;
3759 2728 3818 2773 ut

2211 2822 2380 2889 magis
2427 2821 2506 2874 sic
2561 2827 2612 2872 tc
2655 2818 2866 2886 iurasse
2897 2817 3178 2885 pacniteat,
3206 2814 3331 2866 dum
3362 2812 3636 2880 complere
3667 2810 3828 2880 quod

2209 2914 2474 2985 juraveris
2502 2913 2687 2985 pudet.
2717 2911 2894 2966 Etiam
2925 2911 3004 2966 sic
3031 2911 3229 2980 quippe
3263 2909 3439 2963 divina
3484 2921 3820 2975 ιιι-προυπη-

2216 3024 2299 3065 tur
2349 3010 2626 3074 humanis,
2663 3008 2982 3074 illoruntque
3032 3003 3318 3056 verborum
3371 3001 3538 3054 teneri
3592 3000 3820 3066 incipiet

2218 3104 2421 3173 regula,
2455 3117 2572 3171 quae
2602 3110 2791 3154 velans
2840 3098 3084 3152 homines
3128 3096 3236 3150 cito
3278 3095 3484 3164 iurare,
3517 3093 3629 3146 imo
3677 3107 3818 3145 nun-

515 3209 723 3264 etiamsi
747 3208 849 3260 vita
870 3206 983 3274 eius
1000 3201 1276 3273 impediat,
1311 3216 1456 3254 mors
1501 3197 1746 3268 proﬁciat
1772 3196 1917 3262 paci;
1946 3207 2042 3246 nec
2065 3192 2108 3244 si
2137 3195 2184 3256 C
2217 3210 2375 3264 quam
2407 3193 2592 3248 volens
2617 3192 2799 3259 iurare
2825 3208 2836 3241 :
2870 3187 3061 3251 Nolite,
3083 3189 3156 3240 ait
3185 3187 3237 3240 in
3271 3185 3583 3254 Evangelia,
3601 3186 3821 3254 jurare,

515 3300 760 3369 quidem,
785 3299 892 3352 dux
921 3295 1155 3365 optime,
1182 3292 1525 3362 compellaris
1554 3288 1744 3343 falsum
1773 3286 1977 3356 iurare.
2018 3284 2107 3339 Sic

519 3393 606 3447 uni
649 3389 874 3453 homini,
909 3389 985 3442 sic
1029 3387 1250 3458 populo,
1289 3385 1369 3440 sic
1415 3382 1659 3452 plurimis
1699 3381 1950 3450 gentibus
1991 3393 2110 3432 cum

519 3481 707 3549 quibus
739 3479 877 3534 bella
906 3475 1140 3548 gerenda
1170 3473 1509 3544 susceperis,
1538 3483 1628 3527 aut
1659 3473 1775 3526 sine
1811 3473 2114 3538 iuramento

521 3584 890 3641 perseverans,
925 3583 1140 3624 assume
1190 3578 1500 3632 certamen;
1533 3575 1623 3619 aut
1675 3563 1980 3617 nullatenus
2019 3577 2115 3615 au-

519 3651 648 3716 deas
672 3660 851 3714 violati
879 3658 1201 3714 sacramenti
1231 3655 1469 3710 facinore
1496 3662 1804 3724 perpetrato
1826 3651 2116 3720 rempnh!i—

518 3771 638 3808 ram
671 3754 899 3808 liberare
925 3751 1006 3806 vel
1037 3749 1317 3820 adiuvare.
1343 3749 1481 3816 Quid
1510 3750 1651 3802 enim
1684 3745 1901 3816 prodest
1929 3744 1976 3798 ei
2002 3742 2116 3797 vin-

522 3862 668 3912 cere,
691 3861 848 3914 quem
878 3843 1124 3898 diabolus
1149 3843 1294 3906 vicit,
1326 3849 1385 3895 ut
1411 3840 1649 3896 victoria:
1688 3855 1784 3909 spe
1815 3838 2002 3892 falsum
2031 3837 2114 3906 iu—

521 3938 704 3992 raret?
737 3936 777 3990 Β
815 3950 942 3988 num
973 3943 1056 3988 est
1085 3939 1147 3988 ut
1169 3947 1384 4001 semper
1420 3931 1669 3985 humanis
1698 3931 1877 3983 divina
1912 3943 2117 3996 μηρο-

525 4042 642 4095 nas,
685 4036 740 4081 et
786 4039 916 4080 voce
961 4024 1133 4079 saneti
1181 4022 1281 4078 Job
1306 4022 1510 4085 "libere,
1544 4022 1774 4074 libenter
1819 4018 2050 4089 loquaris
2101 4036 2115 4073 :

526 4123 691 4176 Sicuti
737 4120 1009 4192 pendentes
1054 4133 1206 4190 «iper
1255 4133 1333 4171 me
1381 4120 1573 4186 ﬂuctus
1619 4115 1812 4182 maris,
1854 4114 1928 4168 ita
1975 4113 2118 4166 timui

526 4217 693 4271 lJeuru
740 4212 884 4286 (Job.
918 4226 1065 4277 xxx-1,
1097 4211 1212 4282 ι25).
1243 4209 1469 4279 Propter
1519 4208 1622 4262 hoc
1671 4206 1947 4260 I’salmista
1991 4206 2118 4260 dum

526 4315 747 4363 caneret
779 4325 790 4360 :
824 4304 1064 4373 Domine,
1093 4306 1204 4374 quis
1250 4301 1495 4356 habitabit
1538 4301 1594 4354 in
1639 4297 1967 4354 tabernaculo
1998 4297 2121 4351 tuo?

529 4409 619 4453 aut
649 4400 762 4467 quis
803 4399 1079 4468 requiescet
1107 4397 1161 4450 in
1189 4402 1358 4450 monte
1388 4402 1565 4449 sancto
1608 4403 1697 4446 tuo
1738 4389 1858 4464 (Ps.
1889 4407 1996 4457 xw,
2025 4390 2120 4461 1)?

530 4489 820 4559 respondet
868 4489 969 4544 sibi
1009 4504 1071 4542 ex
1099 4473 1342 4556 persona
1387 4485 1481 4541 Dei
1513 4485 1711 4540 talibus
1752 4485 1969 4540 verbis:
2017 4483 2118 4549 Qui

2215 3302 2375 3355 neque
2420 3300 2510 3354 per
2555 3285 2758 3347 cretum,
2791 3296 2948 3350 neque
2976 3296 3066 3348 per
3096 3290 3279 3334 terram
3312 3294 3329 3331 :
3359 3279 3422 3330 sit
3449 3287 3617 3329 autem
3646 3291 3823 3338 sermo

2214 3387 2393 3442 vester,
2435 3388 2510 3430 est
2551 3386 2642 3441 est,
2690 3391 2790 3428 non
2837 3391 2940 3428 non
2989 3372 3200 3444 (Matth.
3228 3387 3279 3436 v,
3310 3371 3422 3438 54).
3455 3370 3584 3435 Quae
3629 3385 3662 3422 u
3691 3369 3823 3437 ique

2215 3473 2452 3545 quisquis
2482 3480 2754 3541 operatur,
2781 3469 3016 3522 imitator
3045 3465 3234 3522 existit
3259 3465 3425 3532 ipsius
3460 3461 3573 3515 Filii
3605 3461 3727 3526 Dei,
3753 3461 3824 3516 de

2175 3610 2185 3616 .
2215 3583 2323 3637 quo
2353 3567 2538 3619 beatus
2570 3565 2643 3616 ita
2673 3561 2907 3630 loquitur
2938 3558 3132 3612 Paulus
3165 3576 3174 3611 :
3213 3555 3332 3610 Non
3362 3563 3437 3610 est
3476 3556 3530 3606 in
3572 3553 3670 3607 illo
3719 3569 3825 3607 EST

2217 3671 2265 3716 et
2297 3677 2428 3726 uox;
2460 3659 2548 3713 sed
2577 3671 2671 3711 t—isr
2703 3655 2756 3709 in
2780 3655 2872 3708 illo
2899 3654 2996 3723 fuit
3025 3651 3107 3722 (ΙΙ
3135 3651 3252 3706 Cor.
3279 3665 3316 3714 ι,
3347 3645 3543 3715 18,19)
3574 3660 3822 3714 semper.

2220 3750 2572 3806 Immutabilis
2619 3748 2820 3819 quippe
2867 3753 2978 3809 est,
3010 3744 3146 3799 sicut
3192 3756 3350 3796 verus
3396 3739 3563 3803 Deus,
3596 3749 3652 3792 et
3693 3755 3826 3792 tum

2221 3847 2377 3902 Patre
2405 3853 2459 3899 et
2488 3842 2693 3912 Spiritu
2723 3849 2909 3894 sancto
2939 3836 3252 3892 naturaliter
3283 3848 3420 3889 unus
3451 3832 3616 3886 Deus.
3651 3831 3826 3899 Cuius

2220 3951 2419 3992 nomen
2450 3933 2726 4004 inquirens
2760 3931 3101 3986 ﬁdelissimus
3127 3928 3355 3998 Moyses,
3375 3939 3506 3979 voce
3533 3924 3639 3976 sibi
3667 3925 3822 3978 creti-

2223 4039 2307 4084 tus
2335 4027 2540 4082 reddita
2573 4022 2958 4080 tremebundus
2987 4019 3190 4074 audivit
3223 4036 3235 4071 :
3269 4016 3376 4088 Ego
3408 4033 3521 4069 sum
3557 4017 3650 4082 qui
3681 4033 3850 4071 sum,

2226 4122 2287 4177 Et
2317 4122 2454 4175 dices
2485 4119 2606 4189 ﬁliis
2640 4115 2803 4170 Israel
2836 4131 2855 4168 .·
2891 4114 3112 4181 Qui-est,
3139 4110 3274 4164 misit
3302 4124 3380 4161 me
3405 4106 3470 4160 ad
3499 4123 3586 4160 vos
3617 4106 3824 4174 (Exod.

2225 4231 2309 4282 III,
2337 4212 2450 4283 l4).
2483 4211 2730 4266 Profecto
2760 4221 2948 4276 magna
2985 4214 3069 4262 est
3096 4202 3261 4274 gloria
3292 4201 3341 4256 in
3373 4214 3437 4254 eo
3474 4212 3698 4254 manere
3733 4199 3836 4268 qui

2221 4315 2327 4372 est,
2350 4320 2472 4360 eum
2515 4301 2664 4373 sequi
2702 4300 2794 4371 qui
2830 4309 2912 4355 est
2952 4317 2966 4353 :
2999 4305 3052 4351 et
3080 4296 3204 4364 quia
3247 4308 3345 4348 nos
3381 4290 3667 4346 mulal'iles
3697 4289 3838 4344 facit

2225 4396 2438 4451 inﬁrma
2491 4401 2702 4460 natura,
2729 4403 2829 4444 nec
2877 4400 3160 4457 possumus
3202 4380 3519 4437 immutabili
3561 4379 3676 4434 Deo
3731 4395 3835 4448 per

2224 4485 2484 4558 a'qualem
2535 4483 2825 4554 potentiam
2873 4478 3195 4548 comparari,
3230 4483 3286 4528 ut
3331 4473 3467 4528 sicut
3513 4486 3738 4540 semper
3777 4473 3827 4524 in

530 4581 758 4652 loquitur
796 4580 1055 4634 veritatem
1081 4579 1136 4631 in
1165 4579 1318 4631 corde
1347 4593 1463 4643 suo,
1490 4578 1577 4648 qui
1605 4593 1706 4630 non
1733 4577 1832 4649 egit
1863 4575 2038 4629 dolum
2065 4575 2115 4628 in
2148 4591 2198 4652 ι)
2225 4579 2380 4636 nobis
2407 4584 2509 4642 est,
2533 4576 2604 4630 ita
2629 4582 2684 4629 et
2712 4587 2811 4627 nos
2841 4575 2892 4626 in
2926 4571 3016 4624 illo
3045 4568 3316 4622 valeamus
3343 4578 3493 4628 esse;
3525 4564 3594 4618 sit
3625 4563 3828 4616 saltem

530 4676 707 4744 lingua
736 4689 850 4740 sua,
880 4687 971 4725 nec
1021 4671 1140 4742 fecit
1189 4670 1420 4739 proximo
1457 4686 1550 4724 suo
1595 4671 1809 4737 mamm,
1840 4676 1884 4722 et
1932 4683 2118 4738 appro-

529 4768 694 4820 brium
745 4781 846 4818 non
894 4763 1090 4846 gerepit
1147 4763 1390 4815 adversus
1448 4762 1779 4832 proximum;
1835 4759 1922 4829 qui
1979 4761 2118 4824 iurat

530 4859 763 4928 proximo
793 4872 905 4922 suo,
931 4865 979 4910 et
1003 4870 1108 4908 non
1137 4853 1322 4922 decipit
1349 4851 1533 4924 (Ibid.,
1557 4854 1611 4922 ’5,
1637 4851 1716 4921 4).
1746 4851 1837 4905 Ille
1867 4865 1994 4919 ergo
2026 4849 2118 4902 ha-

532 4951 723 5004 bitabit
748 4949 800 5002 in
833 4948 1179 5004 tabernacqu
1207 4947 1439 5012 Domini,
1460 4957 1514 5001 et
1540 4946 1835 5014 requiescet
1859 4945 1911 4996 in
1937 4953 2117 4996 monte

531 5053 717 5096 sancto
749 5043 886 5110 eius,
915 5042 1003 5110 qui
1042 5041 1187 5109 iurat
1232 5038 1474 5107 proximo
1513 5052 1610 5091 suo
1651 5045 1703 5090 et
1749 5051 1852 5088 non
1898 5033 2115 5101 decipit.

526 5138 621 5191 {ile
675 5145 852 5190 autem
896 5135 1038 5203 iurat
1088 5132 1329 5202 proximo
1376 5146 1475 5184 suo
1521 5139 1576 5184 et
1623 5144 1728 5182 non
1777 5128 1993 5196 decipit,
2027 5128 2118 5192 qui

533 5231 889 5300 quodcunque
912 5229 1053 5297 iurat
1077 5225 1436 5290 sermonibus,
1459 5224 1644 5294 implet
1661 5225 1930 5294 operibus.
1952 5223 2121 5276 Nemo

534 5335 708 5379 autem
741 5330 889 5392 putet
916 5322 1124 5378 hostem
1161 5321 1245 5376 cui
1284 5318 1429 5389 iurat
1457 5333 1564 5373 non
1593 5317 1790 5373 debere
1818 5316 2119 5386 proximum

533 5415 812 5486 deputari;
849 5424 1067 5485 prOpter
1096 5412 1198 5468 hoc
1225 5413 1367 5468 enim
1395 5412 1624 5482 iuratur,
1654 5418 1712 5464 ut
1741 5409 2011 5478 proximus
2037 5424 2122 5465 re-

537 5518 770 5576 putetur.
801 5509 878 5562 Ex
925 5523 1030 5576 quo
1075 5506 1234 5576 igitur
1263 5505 1376 5560 vult
1417 5505 1622 5560 amicus
1653 5503 1813 5567 effici,
1841 5503 2121 5571 legemque

539 5599 684 5667 pacis
728 5597 1089 5666 amplectitur,
1132 5598 1242 5666 iam
1293 5599 1567 5666 proximus
1613 5605 1726 5661 est;
1778 5605 1830 5650 et
1869 5596 1978 5664 jam
2031 5597 2124 5666 qui

542 5690 766 5744 ﬁdeliter
787 5689 948 5758 iurat,
975 5690 1219 5759 proximo
1245 5705 1344 5745 suo
1364 5693 1530 5759 iurat,
1554 5701 1606 5746 et
1631 5707 1734 5758 non
1760 5689 1974 5760 decipit.

611 5857 642 5887 ⁵
673 5847 892 5905 Videtur
923 5849 1007 5905 hic
1038 5849 1139 5914 leg.
1179 5849 1408 5905 vulnera.

2227 4686 2409 4730 sermo
2433 4679 2632 4733 noster,
2653 4677 2734 4722 cst
2759 4674 2858 4728 est,
2885 4678 2991 4718 non
3021 4677 3160 4727 non;
3190 4669 3244 4712 et
3271 4661 3381 4713 sive
3403 4660 3716 4727 iuramento
3749 4659 3824 4710 in-

2231 4764 2558 4830 tercedente,
2585 4761 2697 4816 sive
2733 4767 3001 4819 cessante,
3026 4757 3261 4809 nitamur
3291 4756 3340 4806 in
3377 4753 3602 4806 verita'e
3633 4755 3827 4805 certis.

2229 4856 2351 4912 simi
2403 4867 2736 4924 permanere.
2787 4851 2971 4904 Divina
3016 4861 3244 4915 namque
3291 4857 3368 4898 est
3414 4848 3639 4906 veritas,
3680 4845 3842 4896 unde

2232 4948 2459 5011 multum
2501 4947 2764 5001 veraciter
2795 4943 2889 4996 Dei
2923 4940 3088 4996 Filius
3114 4937 3249 4992 dixit
3281 4956 3295 4994 :
3333 4935 3440 5006 Ego
3480 4951 3597 4988 sum
3635 4934 3747 4986 veri
3774 4948 3842 4986 es

2247 5041 2410 5097 Joan.
2459 5056 2579 5105 xiv,
2625 5038 2711 5108 6).
2759 5036 2825 5090 Ει
2869 5035 3006 5090 sicut
3051 5033 3120 5088 de
3167 5031 3425 5086 chaiilate
3470 5026 3846 5081 recordamur

2229 5136 2488 5191 Joannem
2518 5133 2720 5188 dixisse
2761 5149 2772 5184 :
2811 5131 2853 5195 ρ
2874 5130 2908 5183 ii
2937 5135 3101 5181 manet
3127 5128 3179 5180 in
3211 5125 3480 5186 ci’mritate,
3512 5130 3557 5173 et
3595 5120 3747 5173 Deus
3781 5123 3845 5172 ir:

2228 5225 2323 5280 illo
2365 5235 2534 5279 manet
2575 5222 2630 5292 (Ι
2659 5222 2815 5277 Joan.
2853 5236 2929 5284 tv,
2963 5220 3085 5287 16);
3130 5219 3197 5271 ita
3242 5215 3488 5270 similiter
3515 5213 3555 5265 si
3591 5213 3842 5265 velimus.

2230 5319 2431 5384 dicere,
2457 5332 2562 5372 non
2589 5315 2878 5371 mentimur
2906 5330 2917 5366 :
2947 5311 3048 5378 Qui
3079 5316 3259 5364 manet
3286 5308 3336 5361 in
3363 5306 3605 5367 veritate,
3629 5304 3678 5355 in
3719 5303 3849 5359 Deo

2231 5419 2431 5477 manet,
2455 5418 2509 5466 et
2537 5410 2680 5464 Deus
2707 5408 2758 5462 in
2793 5406 2884 5460 illo
2916 5410 3116 5458 manet.
3143 5402 3518 5469 I’I'mpnnatuus
3549 5395 3598 5464 ig
3626 5404 3720 5448 tur
3744 5412 3847 5449 ve-

2231 5505 2442 5559 ritatem
2473 5501 2681 5558 cunctis
2711 5497 3030 5552 utilitatibus
3057 5490 3460 5562 tetnporaéibus,
3485 5497 3539 5542 et
3564 5496 3695 5539 tunc
3730 5491 3845 5540 rize

2232 5602 2565 5656 inveniemur
2619 5595 2869 5651 humanis
2913 5591 3095 5650 divina
3145 5600 3480 5656 praeponere.
3528 5581 3847 5634 Veritatem

2234 5694 2387 5764 plane
2445 5690 2598 5746 nobis
2651 5695 2742 5741 aut
2789 5684 2927 5741 ratio
2976 5679 3260 5737 manifeste
3305 5677 3683 5737 demonstret,
3745 5689 3844 5730 aut
