4070 6454
290 289 392 346 945

290 493 476 546 datum
528 495 769 553 doctrina
824 501 991 557 fidelis
1035 503 1300 558 ostendat.
1351 498 1464 568 Sub
1514 505 1692 572 specie
1740 502 1882 558 enim

293 585 538 640 veritatis
582 590 894 662 plerumque
929 594 1132 649 falsitas
1158 595 1487 662 vindicatur;
1515 605 1568 650 et
1601 596 1698 649 nisi
1748 595 1887 649 adsit

293 679 446 733 bonis
479 679 704 736 ducibus
744 685 832 756 pia
859 687 1036 740 cordis
1061 687 1330 742 humilitas
1350 728 1364 752 ,
1393 697 1449 741 ut
1471 690 1678 758 quot'es
1710 688 1884 757 requi—

294 782 415 822 runt
445 771 725 828 veritatem
745 815 758 836 ,
787 777 1058 832 saecularis
1087 779 1362 848 dignitatis
1389 789 1699 834 removeam
1731 787 1885 845 pute-

291 871 518 928 statem,
553 867 930 922 miserabiliter
960 880 1352 940 anteponentur
1382 869 1609 926 humana
1654 871 1884 937 divinis;

293 964 355 1008 ut
384 967 587 1012 temere
617 959 838 1026 audeat,
871 966 1114 1032 quamvis
1145 965 1254 1018 dux
1274 1009 1287 1030 ,
1317 975 1490 1020 tamen
1527 966 1782 1022 Ecclesize
1809 965 1887 1019 di-

291 1048 550 1116 scipulus,
582 1051 876 1107 Ecclesium
911 1055 1137 1122 ducere;
1172 1073 1270 1111 nec
1295 1057 1494 1128 judicia
1525 1059 1671 1125 sequi
1705 1073 1885 1112 Sacer-

287 1137 502 1208 dolum,
532 1139 627 1194 sed
661 1143 797 1197 velle
847 1147 1019 1214 potius
1067 1145 1134 1201 de
1182 1147 1602 1203 sacerdotalibus
1643 1147 1887 1217 judicare

294 1229 524 1298 iudiciis.

367 1320 776 1379 17.0ccasione
823 1327 1052 1397 quadam
1105 1330 1348 1384 venimus
1389 1330 1454 1384 ad
1501 1331 1642 1384 hunc
1689 1331 1887 1397 locum,

294 1422 547 1479 quantum
572 1416 829 1480 arbitror,
855 1420 1217 1475 necessarium
1243 1421 1440 1475 volenti
1467 1437 1679 1488 semper
1704 1421 1888 1476 huma-

292 1506 379 1558 nis
403 1505 576 1562 divina
608 1525 945 1580 praeponere.
971 1512 1038 1568 Ut
1069 1513 1174 1568 dux
1206 1513 1240 1567 b
1263 1531 1396 1574 mus,
1420 1515 1469 1568 in
1502 1515 1749 1568 omnibus
1771 1516 1888 1585 qui-

293 1599 438 1667 dem,
479 1601 522 1653 si
557 1602 640 1670 pie
670 1607 836 1672 sap‘s,
874 1604 1167 1659 Eccics’am
1212 1607 1480 1672 consulas,
1522 1605 1888 1662 sacerdotibus

296 1691 514 1748 obedire
562 1693 804 1757 festines,
848 1697 964 1752 siue
1013 1698 1224 1751 iilormn
1277 1699 1502 1754 consilio
1551 1700 1678 1752 nihil
1729 1715 1883 1770 geras

1478 293 1842 353 EPlSTOLIE
1876 291 1966 347 ET
2005 289 2389 350 OPUSCULA.

291 403 566 472 Scriptura
600 405 855 466 divinitus
903 410 1159 482 inspirata
1198 413 1558 480 commendet,
1591 422 1680 466 aut
1711 427 1889 466 sacer-
1920 407 1967 470 A
1995 407 2249 477 scriptum
2299 404 2463 458 habes
2514 419 2526 456 :

3479 296 3583 353 918

2580 403 2706 459 Sine
2745 405 3022 471 o/Tensione
3062 415 3254 472 estote,
3294 406 3496 464 Judwis
3536 421 3581 465 et

1994 497 2204 564 Grtcris,
2231 509 2276 551 et
2313 495 2554 550 Ecclesia:
2595 496 2690 550 Dei
2730 497 2778 567 (Ι
2817 495 2936 550 Cor.
2962 514 3015 563 χ,
3040 496 3152 570 '52).
3190 498 3378 556 Melius
3425 502 3584 572 igitur

1989 592 2227 656 v'detur,
2257 606 2322 645 ne
2349 589 2488 659 quod
2521 587 2897 646 oifendiculum
2931 590 3088 646 detur
3113 591 3401 663 Evangelia
3431 593 3508 649 Ch
3544 597 3584 650 i-

1991 683 2081 742 sti.
2126 681 2470 736 multitudine
2518 681 2874 737 scandalizata
2922 683 3099 752 populi
3149 683 3459 753 Christiani,
3494 702 3584 755 pa-

1993 773 2186 827 tienter
2209 772 2312 826 dux
2346 771 2562 841 sapiens
2589 773 2936 828 offensionem
2970 785 3112 828 tuam
3152 776 3381 840 toleres,
3409 777 3582 833 donec

1990 864 2211 920 alterius
2244 865 2648 919 consuetudinis
2682 867 2767 936 (in
2800 882 2902 932 quo
2939 867 3257 940 offenderis)
3288 879 3379 923 attt
3421 872 3582 924 rati-2r

1991 970 2110 1009 nem
2154 972 2366 1025 quoquo
2397 956 2556 1011 modo
2586 957 2787 1026 capias,
2812 967 2903 1013 aut
2930 960 3190 1029 suscipias
3213 961 3580 1026 dilectionem,

1990 1050 2034 1103 si
2062 1058 2259 1112 tamen,
2281 1061 2334 1104 ut
2365 1064 2509 1119 smpe
2537 1050 2822 1106 dicendum
2842 1061 2946 1120 est,
2973 1053 3174 1108 nullum
3205 1056 3421 1111 timetur
3446 1059 3584 1124 peri-

1991 1141 2169 1195 eulum
2217 1141 2358 1196 fidei.
2382 1141 2534 1210 Quod
2569 1143 2710 1197 enim
2746 1145 2865 1199 fidei
2899 1161 3004 1200 non
3038 1156 3317 1217 repugnat,
3351 1148 3454 1203 hac
3498 1165 3584 1203 so-

1993 1231 2100 1285 lum
2131 1232 2290 1288 debet
2317 1233 2691 1302 aquanimiter
2719 1237 2992 1305 Sustineri,
3019 1253 3115 1306 pro
3146 1239 3404 1296 seandalo
3439 1241 3584 1295 scili-

1993 1332 2082 1376 cet
2111 1317 2289 1392 populi
2318 1341 2332 1378 :
2357 1325 2480 1392 quia
2511 1334 2561 1378 ct
2592 1327 2692 1381 hoc
2723 1326 2902 1396 utique
2935 1327 2996 1382 ad
3028 1331 3324 1384 custodiam
3356 1333 3585 1401 pertinet

1993 1412 2144 1479 fidei,
2173 1415 2343 1470 vitare
2373 1415 2679 1470 scandalum
2711 1417 2910 1488 populi.
2939 1419 3174 1488 Populus
3203 1423 3400 1491 quippe
3431 1439 3584 1478 scan-

1991 1506 2248 1561 dalizatus
2275 1507 2430 1563 facile
2459 1509 2522 1562 ad
2552 1508 2838 1565 schismata
2871 1511 3094 1580 prosilit,
3113 1521 3169 1568 et
3195 1513 3296 1568 rcis
3318 1515 3584 1584 quomodo

1993 1602 2170 1656 omnis
2203 1602 2334 1658 fides
2367 1603 2490 1673 perit
2515 1603 2700 1659 litetur
2731 1605 2784 1659 in
2815 1607 3132 1662 schismate.
3166 1609 3367 1661 Bonam
3408 1609 3587 1677 itaque

1993 1703 2076 1750 est
2117 1691 2204 1760 ut,
2253 1703 2305 1749 te
2353 1695 2593 1763 favente,
2640 1706 2693 1752 te
2739 1697 3140 1765 consentiente,
3183 1708 3239 1753 et
3283 1699 3586 1755 nullatenus

296 1803 525 1853 quorum
578 1792 824 1858 precibus
865 1792 1157 1862 adjuvaris.
1193 1791 1468 1860 Praecipue
1519 1802 1692 1848 tamen
1744 1795 1887 1848 inter
1918 1772 1964 1831 Β
1994 1785 2328 1854 prohibente,
2370 1779 2664 1842 secundum
2697 1787 2960 1856 piissimas
2995 1787 3208 1843 Patrum
3239 1789 3585 1845 definitiones

291 1883 474 1937 ofﬁcia
507 1886 807 1954 religionis,
835 1888 1001 1939 solum
1034 1887 1208 1941 discas
1244 1887 1599 1941 obedientiam
1631 1887 1840 1941 deferre
1869 1905 1882 1941 :

302 1984 356 2028 et
387 1975 432 2028 si
463 1977 676 2041 quando
719 1977 909 2046 aliquis
939 1979 1220 2045 scrupulus
1266 1989 1497 2033 mentem
1544 1985 1748 2042 movet,
1783 1991 1888 2032 non

295 2068 541 2136 s-quaris
582 2069 737 2123 fac'le
785 2071 1106 2124 srntentiam
1156 2073 1445 2139 pr0priam,
1475 2087 1575 2125 nec
1603 2070 1722 2124 aliis
1767 2085 1887 2139 per-

205 2226 221 2236 1
297 2175 390 2213 sua
414 2161 524 2214 fere
553 2159 788 2222 coneris,
813 2161 912 2214 nisi
944 2163 1089 2230 prius
1117 2178 1233 2214 caui
1266 2163 1489 2216 sacerdo
1514 2161 1633 2215 ibus
1659 2175 1888 2230 agnove-

299 2251 372 2304 iis
415 2252 702 2320 placuisse.
742 2253 1010 2306 Memento
1056 2253 1182 2322 qqu
1231 2252 1321 2305 tibi
1373 2252 1423 2306 in
1473 2251 1889 2306 Deuterouomio

298 2342 442 2397 Deus
472 2343 718 2408 loquatur
744 2360 756 2396 :
787 2342 1053 2415 Intirroga
1083 2355 1276 2410 patrem
1307 2354 1468 2401 tuum.
1493 2352 1539 2398 et
1572 2342 1890 2396 auutmtinbit

295 2433 420 2498 tibi;
445 2435 760 2504 presbyteros
787 2444 923 2500 tuos,
941 2448 985 2489 et
1010 2436 1103 2490 dic.
1122 2447 1175 2488 nt
1206 2435 1294 2488 tibi
1318 2436 1490 2489 onmia
1515 2435 1697 2504 (Pent.
1717 2450 1888 2502 xxxii,

296 2521 376 2590 7).
403 2524 635 2579 Consule
657 2541 784 2594 ergo
811 2540 944 2594 quos
971 2525 1109 2579 Deus
1132 2527 1367 2580 scientia:
1401 2525 1656 2578 Dominus
1681 2541 1711 2579 c
1735 2524 1888 2580 -nsuli

298 2614 494 2669 debere
534 2615 882 2671 commonuit.
917 2617 1135 2673 Etiamsi
1170 2617 1259 2671 tibi
1317 2617 1556 2672 scientia:
1595 2617 1888 2685 plenitudo,

301 2706 342 2758 si
377 2705 596 2759 facultas
629 2705 847 2776 u-ajoris
875 2707 1070 2776 eloquii
1100 2723 1124 2761 s
1167 2715 1368 2776 pp;tat,
1398 2707 1651 2761 inclinata
1680 2707 1892 2761 cervice

304 2795 368 2846 ad
411 2795 724 2849 humilitatis
766 2807 966 2851 sancta:
999 2799 1348 2866 prepositum,
1381 2798 1601 2853 Consule
1641 2798 1892 2852 sacerdo-

270 2921 282 2934 .
307 2897 402 2940 tes.
431 2886 662 2942 Consule
690 2898 866 2942 autem
901 2889 983 2958 pie
1015 2890 1322 2956 ﬂllil‘l‘t‘litin,
1345 2904 1452 2942 non
1482 2888 1739 2942 violenter
1767 2888 1892 2958 quid

310 2979 666 3054 te-pondeant
700 2981 789 3048 ἰιιιι
811 2983 1038 3036 erando.
1067 2982 1176 3037 Nec
1210 2983 1303 3036 tibi
1337 2997 1566 3052 unquam
1601 2982 1807 3051 placeat
1839 2983 1891 3037 in

306 3070 594 3137 provinciis
623 3071 709 3124 ubi
734 3071 981 3126 ducatum
1010 3072 1151 3140 geris
1176 3088 1205 3126 c
1225 3088 1437 3126 nonum
1464 3073 1675 3128 decreta
1703 3073 1893 3128 rescin-

1994 1893 2330 1947 unaquacque
2358 1878 2599 1934 Ecclesia
2626 1879 3070 1935 consuetudinem
3105 1895 3253 1934 suam
3282 1889 3538 1949 sequatur
3570 1898 3584 1935 :

1989 1976 2044 2024 et
2093 1975 2148 2022 tu
2194 1967 2335 2023 illius
2381 1969 2782 2023 consuetudinis
2823 1968 3090 2038 particeps
3134 1968 3388 2024 eliiciaris
3427 1986 3586 2038 quam

1997 2068 2139 2116 tenet
2175 2060 2410 2114 Ecclesia
2460 2058 2546 2114 ubi
2589 2075 2688 2131 pro
2719 2069 2960 2129 tempore
2990 2060 3075 2115 vel
3104 2055 3584 2114 administrationis

1995 2151 2315 2205 necessitate
2343 2147 2506 2204 fueris
2533 2159 2900 2204 conversatus.
2935 2149 3182 2220 Alioquin
3213 2149 3434 2220 diligere
3460 2151 3588 2204 soli-

1993 2248 2066 2308 ta,
2090 2255 2140 2297 et
2171 2242 2392 2298 horrcrc
2416 2243 2766 2299 vehementer
2797 2244 3030 2308 insolita,
3056 2244 3218 2299 nimia
3247 2254 3333 2300 est
3351 2245 3588 2315 iustitia,

1993 2351 2100 2389 non
2153 2335 2329 2401 laude,
2363 2337 2458 2389 sed
2497 2335 2920 2404 reprehensione
2964 2335 3302 2406 dignissima,
3329 2337 3376 2391 si
3416 2338 3588 2406 placet

1997 2425 2381 2494 sapientissimi
2427 2427 2694 2480 sententia
2726 2425 3029 2506 Salomonis
3059 2445 3071 2481 :
3108 2426 3236 2482 Noli
3273 2445 3382 2484 esse
3411 2431 3586 2500 justus

1995 2517 2239 2580 multaut;
2273 2531 2430 2586 neque
2451 2516 2624 2586 sapias
2651 2516 2767 2584 plus
2790 2533 2941 2584 quam
2964 2533 3164 2573 necesse
3183 2525 3256 2573 est
3275 2559 3291 2586 ,
3321 2535 3385 2574 ne
3409 2519 3582 2574 obstu-

1993 2623 2170 2678 pescas
2203 2607 2402 2680 (Hrcle.
2427 2624 2521 2673 vn,
2550 2608 2656 2678 l7).
2685 2608 2820 2674 Quid
2853 2617 2964 2676 est,
2995 2625 3061 2666 ne
3089 2611 3474 2681 obstupeseas?
3508 2613 3585 2668 Ne

1993 2713 2272 2754 remaneas
2301 2698 2546 2770 frigidus.
2574 2698 2702 2765 Quis
2731 2709 2974 2754 remanet
2999 2699 3254 2772 frigidus?
3286 2701 3383 2756 Cui
3411 2702 3585 2758 fervor

1995 2791 2328 2846 subtrahitur
2354 2790 2649 2845 charitatis.
2677 2789 2792 2844 Noli
2827 2806 2954 2862 ergo
2985 2805 3108 2846 esse
3137 2791 3356 2846 multum
3387 2794 3582 2860 justus.

2251 2947 2412 2996 Satin
2433 2959 2638 2997 nmen.
2661 2948 2705 2997 Ν
2710 2944 2776 2996 ali
2797 2956 2900 2996 esse
2923 2945 3124 2994 multum
3148 2942 3314 3008 iustus.

2069 3078 2156 3133 18.
2189 3077 2258 3131 Ει
2287 3076 2400 3131 inec
2430 3075 2522 3132 tibi
2550 3085 2699 3131 sexta
2727 3075 2795 3130 sit
2824 3075 3141 3130 innocentiae
3179 3074 3356 3144 regula
3375 3115 3388 3137 ,
3440 3074 3585 3128 mili-

300 3159 452 3214 dere.
490 3159 545 3216 Si
577 3161 720 3214 enim
757 3161 992 3227 publicas
1022 3139 1169 3231 leges
1199 3163 1496 3233 transgredi
1527 3163 1721 3218 metuis
1758 3179 1890 3234 quas
1922 3139 1968 3203 (ἶ
1999 3171 2200 3226 laribus
2248 3169 2458 3224 actibus
2504 3177 2783 3238 occupato.
2830 3167 3096 3237 Quidquid
3147 3139 3290 3222 enim
3339 3167 3541 3220 dixeris
3570 3207 3588 3229 ,

309 3249 470 3303 homo
484 3253 1053 3320 consdtuil,qunmodo
1069 3253 1297 3323 Spiritus
1310 3257 1474 3308 sancti
1491 3254 1892 3310 definitionibus

307 3342 522 3398 obviare
554 3344 821 3398 teutab's?
849 3346 928 3398 An
961 3345 1172 3415 ignoras
1201 3347 1322 3414 quia
1350 3347 1546 3414 Spiritu
1574 3357 1761 3406 Sani-to
1788 3350 1892 3402 acti

310 3435 470 3489 l-icuti
503 3445 627 3489 sunt
665 3437 870 3502 Patres,
903 3453 1128 3507 quorum
1162 3438 1202 3491 si
1229 3438 1379 3508 jussa
1413 3437 1786 3505 re:,~.cindim:is,
1811 3439 1894 3494 lo-

309 3545 378 3596 qu
416 3529 489 3582 nti
541 3545 635 3599 per
677 3545 770 3585 eos
810 3531 1188 3586 contumeliam
1234 3532 1561 3602 ingerimus?
1593 3533 1895 3600 poteritque

313 3622 536 3675 forsitan
603 3623 894 3691 apo~tolica
957 3623 1111 3678 nobis
1175 3624 1467 3688 increpatio
1530 3635 1897 3692 eumpetenter

311 3711 482 3783 aptari
511 3734 522 3766 :
553 3714 729 3768 Zetum
759 3715 851 3770 Dei
871 3715 1078 3781 habent,
1102 3715 1188 3768 scd
1214 3733 1310 3768 non
1333 3717 1609 3769 secundum
1633 3717 1894 3768 scicn'ium

311 3805 493 3873 (Rom.
521 3822 546 3858 χ
567 3849 576 3871 ,
596 3805 877 3875 ‘2).\"oleus
906 3822 1031 3874 ergo
1061 3805 1257 3860 haiee
1288 3807 1457 3859 zelum
1486 3805 1577 3859 Dei
1606 3805 1895 3860 secundum

317 3894 617 3961 Scientiam,
663 3906 785 3952 tene
834 3897 1073 3951 ordinem
1120 3907 1346 3958 rectum,
1389 3913 1516 3951 cave
1563 3912 1891 3964 perversum.

318 3989 409 4043 Rei
432 3998 516 4042 tus
543 3990 676 4042 ordo
707 3998 786 4044 est
814 3999 868 4044 ut
907 3990 1213 4045 sacerdotes
1241 3990 1486 4055 doceant,
1517 3990 1634 4043 laici
1665 3989 1797 4044 doce
1837 4009 1898 4040 u-

315 4091 432 4145 tur;
467 4091 519 4135 et
549 4081 722 4134 omnis
752 4081 837 4148 qui
890 4095 949 4136 se
981 4079 1043 4135 ad
1089 4080 1380 4134 Ecclesiam
1412 4080 1677 4148 pertinere
1706 4077 1902 4149 gloria-

313 4184 423 4241 tur,
445 4174 565 4243 legi!
591 4188 650 4227 ns
683 4176 822 4228 vivat
853 4173 1126 4242 Eccicsim,
1155 4175 1383 4226 maxime
1410 4172 1490 4225 his
1515 4187 1647 4242 quas
1673 4170 1904 4241 antiqui-

319 4276 401 4320 tas
427 4265 724 4332 roboravit;
751 4265 888 4319 unde
911 4267 1068 4319 et’am
1097 4264 1426 4319 consuetudo
1450 4265 1564 4318 sine
1591 4265 1722 4334 lege,
1744 4278 1900 4332 quam

321 4368 496 4411 tamen
530 4358 782 4413 Ecclesia?
813 4368 1010 4412 sancta!
1041 4357 1254 4411 traditio
1283 4356 1681 4410 custodiendam
1704 4355 1904 4426 jugitcr

317 4447 547 4514 posteris
599 4447 847 4513 tradidit,
881 4446 1068 4502 eadem
1122 4447 1415 4511 tev.rei.tia
1463 4446 1672 4501 videtur
1718 4455 1902 4500 custo-

1995 3262 2246 3331 gcsseris,
2268 3259 2614 3328 diSpOSllel'iS,
2644 3266 2700 3314 ut
2731 3258 2839 3312 Deo
2866 3265 2920 3313 et
2953 3257 3259 3313 hominibus
3287 3258 3516 3326 placeas,
3536 3265 3591 3313 et

1997 3354 2212 3408 fervore
2237 3351 2520 3407 charitatis
2551 3349 2873 3405 mirabiliter
2897 3350 3189 3421 iniquitatis
3211 3349 3379 3420 frigus
3410 3351 3587 3405 exclu-

1998 3445 2122 3508 das,
2166 3442 2272 3496 noli
2321 3457 2443 3497 esse
2489 3440 2713 3496 multum
2754 3440 2963 3510 justus,
3006 3455 3178 3510 neque
3217 3441 3432 3506 sapiens
3476 3441 3591 3508 plus

1998 3550 2155 3604 quam
2186 3548 2408 3588 necesse
2448 3541 2548 3587 est.
2578 3532 2800 3587 lncurrit
2829 3531 3092 3600 quiSpiam
3132 3531 3433 3601 gravissimi
3464 3531 3591 3585 faci-

2000 3626 2144 3682 noris
2172 3627 2403 3694 culpam,
2435 3633 2668 3679 meretur
2695 3623 3002 3693 judicialem
3033 3624 3233 3678 sentire
3263 3625 3588 3678 censuram?

2002 3731 2261 3788 tempera,
2291 3718 2398 3773 dux
2432 3718 2654 3786 Optime,
2698 3716 2954 3787 impetum
3003 3716 3336 3782 severitatis;
3383 3726 3436 3771 et
3465 3717 3588 3769 dum

2000 3829 2094 3868 reo
2137 3811 2396 3881 supplicia
2428 3807 2753 3874 inferuntur,
2792 3807 3138 3863 interioribus
3168 3807 3392 3862 auribus‘
3419 3809 3589 3876 pietas

2001 3905 2186 3960 dicat:
2219 3902 2346 3956 Noli
2370 3917 2476 3956 esse
2496 3901 2711 3954 multum
2726 3903 2903 3972 ju:.tus
2934 3897 3144 3970 (Ibid.).
3173 3898 3436 3952 Amicitiae
3462 3899 3594 3951 alius

2004 3998 2308 4062 immemor,
2346 3993 2525 4048 debita
2569 3991 2828 4047 exhibere
2873 3990 3114 4062 neglexit
3156 3989 3366 4045 officia?
3399 3990 3594 4060 dignus

2005 4097 2090 4143 est
2121 4088 2306 4158 alijici,
2337 4094 2575 4140 meretur
2601 4083 2806 4139 sentire
2838 4098 3081 4153 asperam
3115 4083 3420 4148 laesionem',
3452 4084 3596 4138 cohi-

2009 4182 2100 4248 be,
2125 4184 2372 4246 obsecro,
2397 4186 2600 4233 rectum
2627 4176 2897 4242 dolorem,
2922 4175 3030 4230 noli
3055 4175 3349 4230 retribuere
3376 4175 3600 4229 similia.

2008 4273 2084 4328 Ne
2116 4274 2349 4328 msdmes
2371 4270 2523 4340 quasi
2561 4267 2859 4333 inimicum,
2886 4266 2981 4322 sed
3013 4268 3222 4336 corr'pe
3249 4265 3429 4321 adhuc
3455 4265 3596 4320 velut

2011 4365 2279 4429 amicum;
2313 4360 2672 4431 respondente
2703 4359 2796 4413 tibi
2829 4356 3230 4426 sapientissimo
3258 4358 3546 4411 Salomone
3581 4373 3596 4410 :

2010 4456 2139 4511 Noli
2179 4471 2283 4510 esse
2321 4454 2538 4507 multum
2571 4452 2769 4522 justus.
2799 4449 2929 4504 Esto
2957 4463 3087 4519 ergo
3120 4447 3319 4518 justus,
3349 4448 3444 4502 sed
3492 4448 3599 4502 noli

314 4539 534 4604 dienda,
558 4545 606 4591 et
637 4539 936 4593 nullatenus
967 4539 1256 4592 amovcn-la
1291 4539 1332 4591 Si
1368 4554 1470 4592 non
1502 4547 1585 4592 est
1615 4537 1734 4592 fidei
1763 4553 1901 4592 vera!
1932 4515 1987 4573 Β
2014 4563 2134 4604 esse
2169 4547 2392 4600 multum
2422 4545 2619 4614 justus,
2649 4542 2777 4597 Esto
2795 4541 2994 4611 justus,
3019 4549 3078 4596 ιιι
3106 4540 3368 4610 corripias
3399 4541 3601 4610 inquie.

317 4629 607 4694 contraria,
655 4629 763 4684 Nec
808 4629 1042 4684 offendat
1088 4630 1295 4683 animos
1359 4641 1477 4683 tuos
1537 4628 1900 4683 Ecclesiarum

316 4723 650 4778 Consuetudo
677 4723 909 4790 diversa,
936 4724 1059 4776 dum
1088 4724 1217 4777 fides
1244 4731 1325 4777 est
1353 4737 1474 4776 una.
1501 4721 1738 4776 Parvulis
1761 4722 1901 4776 enim

322 4815 589 4870 utentibus
617 4831 681 4871 ac
713 4831 851 4883 pene
879 4817 1080 4878 stultis,
1109 4817 1207 4870 hoc
1237 4816 1421 4885 irrepit
1448 4817 1656 4880 vitium,
1681 4830 1906 4871 consue-

319 4909 560 4961 tudinem
591 4923 702 4961 sua:
734 4906 1008 4972 Ecclesize,
1034 4907 1123 4961 ubi
1158 4911 1234 4961 «cl
1261 4920 1414 4962 natus
1438 4907 1518 4963 vel
1547 4911 1830 4973 enutritus,
1851 4907 1903 4962 in

317 4999 434 5051 a'iis
478 4997 736 5053 Ecclesiis
780 5013 1053 5066 quzerere;
1086 5007 1137 5052 et
1168 4999 1209 5052 si
1243 4999 1476 5068 aliquam
1525 4999 1908 5054 dissonantiam

325 5090 734 5143 consuetudinis
763 5088 976 5152 viderit,
1012 5089 1207 5158 patitur
1240 5102 1462 5160 repente
1507 5091 1816 5145 scandalum
1848 5091 1910 5145 li—

319 5183 428 5236 dei.
455 5183 534 5237 'l'u
578 5197 726 5246 vero,
761 5183 845 5236 vir
874 5182 1109 5250 sapiens,
1147 5182 1404 5237 Ecclesire
1435 5183 1498 5236 ad
1529 5199 1685 5253 quam
1721 5198 1909 5253 perve-

324 5293 470 5332 neris
501 5285 545 5331 st
577 5276 840 5346 approbas
874 5275 1030 5330 fidem
1052 5317 1064 5341 ,
1101 5289 1327 5344 sequere
1356 5275 1531 5329 statim
1565 5276 1911 5331 consuetudi-

326 5389 472 5436 nem,
499 5387 596 5426 nec
627 5387 856 5439 usurpes
892 5370 1123 5439 aliquam
1161 5370 1297 5423 sueti
1331 5371 1459 5424 titus
1493 5369 1668 5425 facere
1706 5371 1912 5424 novita-

329 5476 456 5518 tem.
495 5463 549 5520 Si
579 5465 720 5518 enim
755 5471 806 5516 te
835 5461 1157 5516 scanda‘izat
1189 5471 1389 5514 mutata
1430 5461 1784 5529 consuetudo,
1822 5475 1918 5529 po-

327 5567 431 5612 test
460 5556 706 5611 similiter
736 5554 984 5623 poiiulum
1016 5552 1399 5616 scandalizare,
1420 5551 1570 5620 cujus
1590 5551 1915 5606 voluntatem

329 5653 432 5707 sibi
461 5649 566 5704 dux
595 5649 830 5717 Optimus
878 5648 929 5700 in
981 5651 1138 5701 re‘-us
1179 5646 1334 5700 bonis
1374 5661 1589 5716 semper
1627 5644 1919 5698 conciliare

334 5748 550 5808 festinat
592 5765 604 5803 :
645 5745 934 5815 aposto’ica
969 5741 1126 5798 verba
1160 5741 1485 5812 frequentius
1535 5740 1798 5806 recolens,
1826 5738 1919 5793 ubi

2015 4650 2133 4706 tos;
2170 4638 2276 4694 noli
2311 4652 2432 4693 esse
2465 4637 2688 4691 multum
2727 4635 2934 4706 justus,
2966 4643 3022 4689 ut
3061 4635 3355 4690 coiisoleris
3386 4636 3602 4704 pusilla-
3645 4654 3652 4662 κ

2014 4733 2208 4798 nimes,
2234 4740 2291 4784 ut
2314 4729 2574 4798 suscipias
2601 4726 2863 4792 infirmos,
2885 4735 2935 4781 et
2963 4728 3170 4795 patiens
3201 4725 3273 4779 sis
3297 4725 3363 4778 ad
3390 4741 3601 4781 omnes.

2015 4823 2310 4881 Considera
2339 4822 2536 4892 quibus
2569 4821 2823 4887 imperes,
2851 4825 2902 4872 et
2938 4832 3096 4886 quam
3135 4816 3268 4870 dura
3315 4816 3475 4870 corda
3507 4816 3603 4870 lle-

2014 4925 2159 4972 ctere
2190 4913 2407 4982 cupias;
2439 4921 2494 4965 ut
2531 4909 2692 4964 modo
2718 4906 2994 4971 minando,
3018 4905 3178 4960 modo
3212 4905 3472 4969 feriendo,
3494 4921 3603 4958 mo-

2015 5006 2086 5061 do
2118 5007 2323 5059 veniam
2370 4999 2678 5072 largiendo,
2717 4997 3026 5051 nullatenus
3068 4993 3281 5064 quidem
3331 5009 3609 5048 remanere

2017 5097 2277 5167 impunita
2329 5093 2556 5148 militum
2607 5097 2828 5160 peceata
2872 5085 3151 5151 dimittas,
3204 5101 3377 5154 neque
3425 5096 3600 5139 tamen

2018 5203 2234 5258 semper
2261 5182 2573 5240 excessibus
2615 5193 2803 5234 eorum
2845 5176 3106 5246 supplicia
3145 5177 3405 5248 condigna
3453 5178 3606 5231 retri~

2018 5284 2169 5347 buas,
2203 5279 2389 5334 dicens
2427 5276 2519 5330 tibi
2566 5273 2668 5344 ipsi
2719 5289 2732 5326 :
2777 5271 2907 5326 Noli
2936 5286 3043 5324 esse
3072 5268 3290 5324 multum
3330 5273 3524 5342 justus.
3567 5269 3608 5323 0

2020 5381 2234 5441 quanta,
2263 5366 2368 5423 dux
2395 5364 2814 5436 sapientissime,
2837 5360 3220 5417 dissimulanda
3248 5365 3606 5431 sunt,'quanta

2021 5461 2314 5526 toleranda,
2336 5470 2530 5530 quanta
2562 5456 2754 5512 leviter
2780 5451 3104 5524 attingenda,
3131 5451 3330 5521 quanta
3361 5450 3608 5505 sacerdo-

2023 5562 2132 5607 tum
2163 5562 2374 5619 quoque
2405 5544 2887 5601 intercessionibus
2916 5541 3280 5605 concedenda,
3311 5541 3377 5594 ab
3407 5541 3496 5594 illo
3524 5544 3610 5609 qui

2022 5641 2291 5710 sapienter
2321 5637 2468 5691 audit
2495 5653 2507 5688 :
2542 5634 2672 5688 Noli
2698 5651 2807 5689 esse
2839 5634 3056 5687 multum
3085 5632 3293 5704 justus!
3326 5631 3482 5687 Potes
3513 5632 3610 5686 alia

2023 5745 2183 5806 atque
2214 5733 2313 5787 alia
2345 5730 2536 5786 tacitus
2565 5727 2907 5785 considerare
2943 5726 3192 5785 vitiorum
3237 5742 3466 5800 genera,
3497 5728 3610 5798 qui-
