4070 6486
410 246 512 306 an

1320 243 1684 302 FULGENTH
1725 240 2077 300 FERRANDI
2121 241 2392 299 DIACONI
2437 243 2783 298 CAllTliAG.

3595 243 3707 300 938

407 364 508 424 bus
537 365 791 420 sanandis
817 364 1110 420 remedium
1139 362 1304 417 voluit
1333 359 1633 428 pratvidere
1655 368 1682 398 ἰ
1703 360 1793 429 qui
1815 359 1956 412 dixit
1983 375 1995 410 :
2032 358 2081 418 Α
2107 358 2191 411 nis
2230 357 2454 412 crimine
2499 359 2640 410 nulla
2691 356 3019 412 matrimonii
3063 355 3336 414 dividendi
3376 371 3538 413 causa
3581 374 3712 426 per.

408 453 537 510 Noli
565 473 674 511 esse
698 457 918 516 multum
938 459 1137 527 justus.
1167 456 1309 511 Inter
1338 453 1439 508 alia
1471 453 1690 522 quippe,
1715 451 2000 506 detractio-

407 548 492 606 nis
519 551 838 606 abscondito
863 550 1041 618 jaculo
1077 549 1346 603 neminem
1379 546 1796 612 vulnerabimus,
1822 559 1921 600 nec
1949 544 2000 597 in

407 643 648 704 moribus
680 645 824 710 bene,
850 644 1148 700 viventium
1184 641 1466 698 sollicitius
1499 639 1829 707 inquiremus
1864 635 2004 690 unde

406 735 710 802 culpentur,
739 736 782 789 si
819 736 1064 803 loquatur
1099 720 1385 799 unicuique
1428 738 1668 785 nostrum
1709 742 1802 797 per
1831 726 2002 794 Spiri-

407 834 518 878 tunt
549 835 793 880 sanctum
829 826 1000 880 fidelis
1027 826 1302 893 Scriptura
1338 840 1352 876 :
1390 821 1512 876 Noli
1537 836 1644 876 esse
1672 819 1893 873 multum
1913 822 2003 891 ju-

402 924 531 970 stus.
566 915 701 982 Quia
736 917 916 984 utique
943 917 1170 971 nmltum
1199 915 1378 984 justus
1408 928 1530 967 esse
1558 913 1894 984 culpabiliter
1927 913 2003 965 tti-

408 1009 554 1071 titttr,
579 1009 668 1078 qui
699 1025 792 1077 per
819 1025 1034 1064 omnem
1060 1010 1319 1078 justitiam
1359 1006 1590 1080 proximi
1632 1005 1904 1060 examinat
1930 1005 2004 1056 vi-

409 1111 538 1165 tam,
577 1098 883 1170 fragilitatis
920 1102 1174 1156 humana:
1212 1098 1644 1156 consideratione
1677 1097 2005 1166 postposita;

410 1201 666 1261 tanquam
697 1193 816 1249 sine
848 1203 1069 1264 peccato
1099 1195 1275 1248 valeat
1313 1193 1495 1248 vivere
1538 1189 1781 1260 quisquis
1826 1188 2010 1258 incipit

410 1294 628 1352 peccata
673 1285 874 1352 vitare;
925 1285 1220 1355 praesertim
1268 1285 1469 1340 lat-ohe
1518 1283 1766 1356 apostolo
1815 1283 2008 1335 contir-

411 1383 625 1431 mante:
654 1372 721 1429 In
751 1377 928 1431 multis
957 1376 1089 1430 enim
1117 1375 1428 1446 offendimus
1455 1389 1626 1428 omnes
1649 1370 1792 1441 (Jac.
1813 1387 1889 1436 ιιι,
1913 1369 2008 1440 2);

412 1463 552 1517 unde
583 1477 689 1518 non
732 1464 1003 1521 immerito
1041 1476 1323 1520 revocatur
1352 1464 1618 1531 superbus
1647 1463 1918 1521 detractor
1943 1463 2011 1517 ah

409 1554 644 1615 elatione
660 1555 960 1624 judicandt,
983 1573 1104 1611 cum
1134 1557 1330 1611 dicitur
1359 1556 1408 1611 ei
1443 1573 1458 1610 :
1495 1554 1624 1609 Noli
1654 1571 1761 1609 esse
1795 1553 2012 1608 ntullum

414 1650 612 1713 iustus;
658 1661 710 1700 ut
762 1648 992 1704 libenter
1035 1649 1257 1718 impleat
1297 1647 1439 1716 quod
1486 1645 1590 1701 Vas
1634 1644 1914 1700 electionis
1957 1652 2012 1698 et

2107 449 2350 505 mittitur.
2386 448 2665 505 l‘roltihuit
2697 450 2776 504 lex
2821 447 3014 503 falsum
3055 447 3272 519 jztrarc;
3316 449 3478 520 jussit
3525 450 3710 504 Etan-

2104 541 2297 606 gelium
2352 541 2563 608 penitus
2617 555 2721 594 non
2771 539 2979 608 jurare.
3041 540 3298 594 Vindicta:
3347 543 3564 595 modum
3608 541 3700 598 lex

2106 640 2185 684 sta
2214 647 2365 697 nens,
2418 633 2555 686 dixit
2599 634 2866 697 antiquis:
2929 633 3148 686 Oculum
3180 650 3275 703 pro
3305 633 3474 696 oculo,
3503 635 3712 688 dentem

2109 738 2201 790 pro
2247 720 2570 793 dente(Lev.
2616 721 2913 792 xxtv,‘20);
2943 721 3237 792 discipulos
3273 740 3398 780 vero
3432 725 3712 794 Evangelii

2111 816 2305 868 nullam
2358 813 2526 866 voluit
2577 812 2824 868 Christus
2879 831 2942 867 ex
2981 825 3190 883 pectare
3243 816 3551 882 vindictam,
3611 818 3714 872 sed

2112 919 2420 970 j-ercussttm
2474 905 2640 960 semul
2693 907 3006 974 percutienti
3040 909 3245 961 monuit
3297 909 3518 964 alteram
3566 926 3714 980 pub

2111 995 2238 1048 here
2286 995 2579 1049 maxillam.
2627 997 2768 1050 Mille
2819 1013 3006 1065 passus
3033 1000 3365 1066 angariatum
3395 1002 3426 1054 d
3451 1017 3501 1054 to
3534 1003 3708 1056 tnill’a

2111 1086 2385 1142 ambul-tre
2409 1090 2685 1157 pra-cepit,
2716 1089 3042 1144 iuterdzccns
3075 1091 3398 1146 omnimodis
3422 1093 3707 1150 talionem.

2114 1178 2219 1232 Lex
2272 1179 2500 1234 inimicis
2555 1181 2736 1234 odium
2789 1183 3011 1236 retribui
3053 1186 3316 1251 permisit,
3363 1185 3713 1240 dilectionem

2111 1287 2239 1326 vero
2258 1275 2443 1326 τιμάς-ῖς
2474 1273 2726 1347 indulsit;
2747 1274 3020 1344 EvangeILi
3044 1290 3170 1329 vero
3205 1290 3352 1330 sacra
3378 1279 3667 1346 praeceptio
3698 1295 3714 1329 :

2116 1363 2348 1441 Diligie,
2396 1366 2584 1432 inquit,
2639 1367 2870 1420 inimicos
2919 1380 3144 1436 vestros;
3177 1369 3456 1440 benefacite
3502 1371 3583 1424 Itis
3611 1374 3709 1442 qui

2112 1455 2324 1508 oderunt
2351 1471 2473 1522 vos;
2507 1466 2554 1508 et
2583 1467 2725 1511 orate
2761 1474 2851 1526 pro
2880 1460 3288 1531 persequentibus
3317 1470 3363 1514 et
3387 1461 3720 1516 calumnian-

2116 1549 2246 1604 tibus
2298 1568 2380 1604 tos
2429 1550 2656 1619 (Matth.
2691 1568 2744 1619 ν,
2786 1553 2908 1626 Η).
2957 1553 3196 1626 Cumque
3245 1556 3325 1611 his
3361 1559 3717 1628 amplioribus

2116 1644 2403 1696 virtutibus
2451 1644 2721 1700 excellere
2763 1645 2864 1718 legi
2895 1645 3238 1718 Evangelium
3265 1649 3715 1717 demonstrasset,

416 1737 609 1792 doctor
645 1740 883 1810 gentium
934 1740 1168 1810 loquitur
1213 1738 1408 1792 Paulus
1453 1755 1466 1791 :
1518 1737 1577 1793 Si
1625 1749 2012 1805 praeoccupans
2046 1731 2091 1792 B
2117 1749 2146 1787 a
2185 1749 2317 1786 vana
2361 1735 2526 1803 gloria
2559 1733 2921 1790 Christianum
2955 1739 3241 1804 revocavit,
3283 1751 3335 1794 et
3379 1741 3444 1793 ad
3491 1744 3716 1796 miseri-

418 1832 574 1900 fuerit
603 1831 754 1886 homo
801 1834 855 1887 in
890 1834 1064 1902 aliqua
1105 1834 1310 1898 delicto,
1339 1848 1427 1886 cos
1465 1833 1554 1903 qui
1591 1831 1848 1899 spiritales
1875 1832 2014 1887 estis.

417 1921 662 1976 instruit:
689 1924 989 1994 ltujnsrnodi
1013 1923 1062 1976 in
1093 1925 1278 1991 spiritu
1303 1923 1743 1987 mansuetudinis;
1777 1922 2016 1975 conside-

418 2028 544 2066 rans
569 2023 619 2066 te
645 2016 834 2082 ipsum,
858 2031 921 2070 ne
941 2023 988 2068 et
1008 2024 1064 2067 tu
1087 2014 1293 2068 tenteris
1317 2013 1462 2084 (Gal.
1487 2030 1561 2081 γι,
1587 2012 1663 2092 1).
1690 2015 1803 2070 Hoc
1821 2021 1904 2068 est
1924 2014 2020 2067 ita-

419 2119 527 2170 que
559 2120 574 2160 :
607 2104 736 2159 Noli
764 2121 872 2159 esse
894 2107 1112 2160 multum
1132 2107 1330 2176 justus,
1350 2105 1492 2180 quod
1521 2114 1640 2163 est:
1668 2103 1948 2163 Considera
1975 2113 2023 2160 te

424 2195 617 2263 ipsum,
642 2212 704 2249 ne
731 2207 776 2250 et
804 2208 858 2250 tu
886 2199 1118 2253 tentt'ris.
1141 2197 1406 2253 Caeterum
1439 2198 1527 2274 qui
1557 2199 1635 2256 sic
1662 2198 2017 2268 delinquenti-

430 2287 532 2342 bus
573 2287 842 2351 irascitur,
866 2289 1020 2358 quasi
1062 2290 1179 2358 ipse
1222 2289 1543 2345 delictorum
1576 2290 1788 2358 penitus
1827 2303 2020 2358 expers

423 2377 700 2443 habeatur,
726 2379 985 2434 continuo
1011 2380 1061 2433 irt
1094 2379 1406 2436 barathrum
1437 2379 1770 2435 crudelitatis
1797 2380 2018 2434 misera-

423 2469 596 2526 biliter
629 2471 792 2526 cadit.
820 2471 884 2526 Et
911 2471 1180 2527 clamante
1218 2480 1517 2526 memorato
1545 2471 1792 2540 apostolo
1823 2487 1839 2526 :
1876 2471 2020 2526 Alter

421 2561 635 2616 alterius
656 2577 815 2617 onera
839 2573 1060 2635 portate,
1085 2571 1132 2616 et
1153 2563 1227 2617 sic
1246 2561 1593 2633 adimplebitis
1614 2563 1773 2634 legem
1793 2560 2018 2632 Christi;

422 2655 615 2710 nullius
645 2668 782 2709 onus
823 2665 1038 2724 portans
1068 2669 1163 2725 per
1195 2655 1538 2722 patientiam,
1569 2654 1625 2707 fit
1658 2655 2016 2724 importabilis

421 2746 688 2810 omnibus,
720 2747 1082 2817 paulatimque
1118 2747 1246 2802 odio
1275 2757 1550 2803 crescente
1585 2746 1898 2811 multorum,
1928 2749 2014 2814 ja-

425 2851 584 2890 nuam
617 2835 864 2905 primitus
903 2837 1289 2902 seditionibus,
1324 2837 1520 2893 deinde
1565 2838 1791 2906 publicis
1834 2839 2018 2906 aperit

427 2927 659 3004 prmliis;
684 2927 949 2998 cupiendo
970 2943 1092 2984 esse
1117 2929 1344 2984 multum
1369 2929 1571 3000 j.;stus,
1591 2943 1723 2985 vere
1749 2928 1920 2984 factus
1940 2929 2021 2984 in-

424 3021 613 3088 iustus,
638 3028 693 3076 et
722 3021 941 3078 nomine
970 3032 1061 3076 aut
1082 3022 1262 3078 officio
1289 3024 1438 3078 ducis
1467 3023 1737 3097 indignus.
1764 3023 2022 3079 Necessa-

2119 1826 2358 1880 cordiatn
2388 1826 2470 1880 cui
2502 1828 2647 1881 solus
2681 1827 2818 1882 Deus
2845 1829 2995 1882 testis
3024 1839 3107 1882 est
3141 1834 3468 1898 provocavit.
3492 1834 3716 1889 Oratio-

2121 1919 2206 1972 nis
2257 1935 2472 1988 quoque
2505 1920 2738 1990 regulam
2767 1919 2924 1974 simul
2948 1929 3005 1976 et
3032 1925 3190 1976 verba
3230 1925 3575 1983 credentibus
3603 1939 3717 1981 Ira.

2121 2009 2275 2076 dens,
2329 2009 2427 2064 hac
2462 2013 2770 2065 conditione
2811 2011 3123 2065 constrinxit
3151 2022 3383 2074 orantes,
3407 2027 3460 2069 ut
3485 2019 3714 2087 quicun-

2127 2119 2232 2173 que
2259 2103 2490 2170 rostulat
2529 2103 2630 2157 sibi
2667 2103 2877 2173 propria
2908 2105 3086 2158 debita
3125 2104 3372 2172 relaxari,
3400 2109 3720 2175 proﬁteatur

2119 2210 2180 2250 se
2224 2197 2396 2250 aliena
2427 2196 2662 2252 donare:
2707 2197 2836 2250 nihil
2862 2207 3181 2265 accepturus
3208 2213 3235 2250 a
3272 2199 3511 2266 Domino,
3541 2203 3591 2256 si
3624 2205 3714 2256 ni-

2129 2287 2202 2348 hil
2238 2289 2463 2342 voluerit
2507 2298 2762 2358 praestare
2805 2303 3082 2343 conservo.
3124 2288 3256 2356 Quia
3283 2299 3337 2344 et
3359 2289 3528 2360 jejuni
3558 2291 3720 2347 Chri.

2123 2381 2280 2434 stiani
2320 2380 2635 2455 simplicitas
2670 2379 2872 2455 justum
2907 2369 3141 2450 judicent
3173 2382 3369 2451 placat;
3393 2389 3450 2436 et
3479 2379 3551 2436 ibi
3587 2397 3725 2439 con-

2122 2487 2343 2541 gregare
2390 2472 2624 2538 divitias,
2677 2472 2765 2528 ubi
2815 2487 2909 2528 cor
2962 2472 3160 2528 habere
3211 2473 3446 2542 jubetur,
3493 2477 3544 2529 in
3573 2477 3722 2530 coelo

2123 2563 2334 2628 scilicet
2367 2564 2454 2622 ubi
2491 2563 2734 2619 habitare
2777 2562 3013 2628 festinat,
3058 2579 3162 2616 non
3196 2567 3247 2618 in
3284 2573 3423 2620 terra
3455 2567 3596 2620 unde
3622 2583 3718 2634 per

2123 2653 2367 2723 singulos
2396 2653 2512 2709 dies
2555 2653 2780 2723 migrat:
2815 2668 3162 2709 remansuros
3199 2654 3252 2710 in
3279 2657 3514 2710 tenebris
3544 2667 3718 2726 totus,

2124 2745 2228 2801 nisi
2260 2749 2456 2802 mentis
2495 2746 2614 2817 ejus
2655 2747 2899 2814 intentio,
2941 2754 3191 2817 tanquam
3231 2748 3411 2803 oculus
3437 2753 3706 2818 corporis,

2123 2839 2191 2898 ad
2223 2841 2568 2895 illuminanda
2596 2840 2856 2900 bonorum
2890 2855 3112 2909 operum
3141 2841 3380 2897 membra
3399 2842 3720 2912 simpliciter

2125 2933 2319 2990 luceat.
2354 2932 2468 2988 Jatn
2518 2947 2648 2987 vero
2679 2931 2816 3001 quod
2849 2947 2954 2986 non
3000 2931 3203 2986 servire
3233 2933 3439 2988 (limbus
3477 2935 3664 2989 domin
3689 2953 3722 2991 s

2127 3024 2472 3090 admonetur,
2502 3029 2645 3092 quod
2666 3024 2732 3079 de
2763 3024 3000 3082 crastino
3025 3038 3129 3077 non
3161 3023 3416 3094 cogitare,
3444 3027 3585 3094 quod
3608 3043 3719 3083 non

425 3116 563 3171 rium
591 3115 816 3184 proinde
846 3132 1178 3181 sermonem,
1202 3117 1308 3170 dux
1337 3117 1559 3184 optime,
1585 3118 1781 3186 saepius
1811 3126 2015 3186 repeto,
2049 3116 2093 3175 (ἶ
2123 3117 2386 3185 judiCare,
2438 3130 2505 3170 ne
2535 3116 2835 3183 judicctttr;
2873 3115 3015 3184 quod
3061 3114 3115 3169 in
3155 3115 3313 3170 oculo
3347 3117 3523 3172 fratris
3544 3119 3723 3187 stipu-

425 3213 479 3260 et
505 3205 646 3262 hanc
687 3206 780 3262 tibi
820 3216 1026 3262 sextam
1068 3207 1304 3278 regulam
1345 3207 1668 3263 innocentiae
1699 3207 2020 3262 militaribus

425 3297 632 3351 Ictibus
679 3311 941 3367 occupato
983 3298 1331 3353 vehementer
1373 3298 1582 3353 inculco
1649 3313 1664 3352 :
1729 3296 1856 3352 Noli
1917 3314 2024 3353 esse

423 3390 639 3449 nullum
663 3393 853 3459 justus.
873 3389 1048 3445 Pietas
1071 3391 1140 3445 ad
1161 3392 1334 3444 omnia
1361 3389 1502 3445 utilis
1524 3390 1597 3444 est
1622 3389 1673 3462 (Ι
1694 3389 1820 3443 Tim.
1840 3405 1910 3457 tv,
1928 3389 2016 3458 8);

427 3498 532 3538 non
559 3499 680 3556 ego,
705 3483 798 3538 sed
829 3481 969 3539 idem
1001 3484 1373 3539 sanctissimus
1407 3483 1601 3538 Paulus
1632 3490 1838 3538 narrat.
1877 3483 2023 3537 Licet

421 3573 630 3650 justitia
673 3573 831 3628 faciat
865 3573 1057 3629 ducem
1098 3575 1416 3642 terribilem,
1450 3577 1620 3643 pietas
1661 3574 1786 3629 facit
1817 3575 2024 3630 amabi-

423 3667 550 3726 lem.
584 3663 968 3720 Gubernatioui
999 3675 1177 3720 autem
1208 3664 1542 3734 reipublicae,
1575 3665 1850 3720 securitati
1883 3665 2024 3718 salu-

427 3757 528 3822 tis,
572 3758 713 3813 bctto
761 3759 1064 3813 concordia:
1113 3759 1233 3828 plus
1278 3759 1624 3828 prospicitur,
1662 3757 1876 3830 quando
1917 3756 2023 3810 dux

425 3847 858 3918 optimns'atnari
887 3851 1064 3923 eligit,
1102 3866 1207 3905 non
1244 3850 1446 3905 timeri.
1483 3850 1596 3903 Dux
1626 3849 1870 3902 amabilis
1907 3863 2022 3902 mu-

428 3959 526 4000 rus
551 3953 634 3996 est
663 3945 864 4012 patriae.
893 3942 991 4009 Qui
1019 3957 1145 3996 vero
1175 3940 1228 3995 in
1255 3941 1399 3994 ontni
1431 3949 1690 4007 tempore,
1718 3937 2028 3991 continuato

433 4034 619 4107 vigore
645 4042 757 4089 met
794 4036 964 4088 etnlus
990 4042 1233 4100 apparet,
1258 4044 1448 4085 omnes
1475 4029 1721 4083 subditos
1744 4027 1909 4082 efficit
1942 4028 2024 4080 itt-

434 4131 650 4196 lideles;
696 4128 854 4184 facile
903 4130 1057 4181 tinet
1108 4125 1484 4194 proditionem,
1519 4121 1728 4176 iutilius
1769 4121 1967 4191 patitur
2009 4137 2024 4174 :

435 4233 725 4278 extraneos
752 4220 881 4276 vivit
909 4220 1048 4274 inter
1079 4232 1234 4283 suos;
1277 4225 1480 4269 tantum
1527 4226 1797 4282 postremo
1845 4212 2023 4278 timet,

355 4367 357 4369 ,
439 4325 695 4385 quantum
735 4315 986 4377 timetur;
1023 4321 1079 4365 et
1117 4310 1219 4364 hoc
1250 4307 1574 4362 infillcitatis
1616 4303 1830 4375 ﬂagello
1859 4302 2031 4358 nulla-

434 4418 588 4465 tenu~
615 4415 783 4470 caret,
811 4401 1157 4466 nisi,cunctis
1186 4408 1492 4454 unmsuetus
1514 4407 1567 4451 et
1591 4395 1760 4451 comis
1781 4392 2026 4459 effectus,

435 4499 684 4556 didicerit
730 4496 829 4551 sibi
873 4496 1085 4564 quando
1115 4494 1340 4548 alterum
1374 4491 1578 4561 judicat
1604 4489 1784 4544 dicere
1838 4504 1853 4540 :

431 4605 546 4652 use
561 4590 734 4661 justus
760 4585 996 4639 multum.

621 4690 830 4739 See-nm
851 4703 1057 4738 REGULA.
1085 4690 1320 4738 Memento
1345 4693 1390 4737 te
1411 4699 1512 4738 esse
1533 4681 1874 4737 Christianum.

513 4799 602 4853 l9.
625 4797 890 4852 Memento
917 4807 968 4850 te
991 4810 1112 4851 esse
1138 4793 1523 4857 Christianum.
1541 4807 1650 4864 quo
1675 4791 1885 4847 facilius
1910 4806 2023 4861 pos-

437 4891 514 4950 sis
543 4903 808 4964 pra‘cepta
835 4889 1030 4945 Christi
1070 4903 1307 4943 servare.
1335 4886 1580 4942 Christus
1609 4888 1754 4942 enim
1788 4899 2032 4939 mansue-

439 4985 680 5044 tudinem
720 4968 941 5048 docens,
970 4984 1102 5054 legis
1139 4999 1354 5054 quoque
1384 4983 1643 5051 justitzam
1689 4978 2031 5048 temperavit;

444 5081 544 5135 hac
582 5078 927 5134 distinctione
979 5077 1148 5147 legem
1207 5074 1661 5144 Lvangeliumque
1701 5071 2032 5126 discernens.

448 5172 516 5226 Et
542 5171 664 5240 quia
695 5169 748 5224 in
779 5167 899 5237 lege
931 5181 1034 5228 non
1069 5163 1258 5224 licebat.
1300 5165 1571 5226 occidere,
1609 5179 1714 5220 non
1760 5160 1940 5215 licebit
1985 5158 2036 5218 in

448 5261 742 5333 Evangelio
789 5261 868 5315 vel
914 5259 1096 5316 irasci.
1140 5258 1193 5312 In
1255 5259 1372 5327 lege
1430 5272 1664 5326 namque
1717 5253 2036 5314 adulterium

449 5353 773 5420 vetabatur;
824 5353 880 5408 in
941 5349 1270 5420 Evangelio,
1319 5348 1480 5404 etiam
1543 5345 1727 5408 videre
1787 5345 1854 5402 ad
1912 5359 1943 5398 c
1980 5360 2042 5397 n-

445 5444 829 5519 cupisccndum
876 5443 1155 5501 mulierem
1207 5456 1330 5509 pars
1373 5455 1494 5495 esse
1547 5439 1836 5507 perpetrati
1887 5434 2040 5488 adul-

451 5539 570 5599 terii
610 5536 898 5608 judicatur.
931 5536 986 5590 ln
1019 5535 1132 5605 lege
1160 5533 1370 5589 libellus
1418 5529 1620 5598 repudii
1651 5529 1807 5584 suflic
1826 5529 1950 5582 ebtt
1979 5525 2040 5578 ad

455 5632 713 5702 coniuges
749 5628 1105 5699 separandos;
1142 5628 1192 5682 itt
1236 5626 1544 5696 Evangelia,
1576 5624 1689 5679 sine
1738 5621 1759 5678 f
1793 5620 2040 5676 ruit-alio-

525 5777 554 5817 ι
583 5768 662 5830 An
695 5767 992 5825 providero?
1021 5766 1123 5821 Sed
1156 5767 1282 5822 nihil
1319 5775 1488 5820 muto.

2123 3208 2228 3262 iam
2250 3209 2453 3272 videre,
2488 3211 2537 3262 in
2565 3223 2664 3262 suo
2713 3208 2916 3262 traham
2973 3221 3078 3260 non
3127 3206 3309 3262 videre
3354 3209 3634 3278 culpatur;
3662 3222 3723 3266 cz

2125 3300 2422 3368 imperatur
2449 3300 2500 3354 ei
2548 3314 2614 3353 ne
2647 3309 2885 3353 sanctum
2917 3298 3139 3356 canibus
3168 3299 3275 3366 det,
3309 3315 3376 3354 ne
3397 3303 3722 3371 margaritas

2123 3389 2339 3446 mittere
2376 3389 2570 3446 audeat
2604 3399 2730 3444 ante
2765 3404 2988 3458 porcos;
3042 3390 3303 3458 petiturus
3357 3400 3415 3445 ut
3458 3395 3717 3461 accipiat,

2123 3481 2449 3552 qttmsiturtts
2496 3493 2554 3536 ut
2599 3480 2852 3545 inveniat,
2907 3481 3211 3548 pulsaturus
3251 3489 3305 3535 ut
3332 3481 3604 3550 aperiatur
3635 3500 3665 3536 e
3705 3502 3720 3541 ;

2126 3575 2310 3630 multis
2357 3574 2530 3628 modis
2569 3581 2626 3628 et
2673 3573 2968 3628 rationibus
3021 3572 3421 3628 demonSIratur
3458 3585 3725 3644 quantum

2127 3667 2321 3723 debeat
2343 3666 2623 3722 laudabilis
2656 3666 2911 3736 pr0positi
2934 3679 3116 3719 curam
3147 3682 3332 3738 gerere
3357 3667 3720 3736 Christianus,

2129 3775 2196 3815 ne
2226 3760 2280 3814 in
2310 3773 2376 3814 eo
2408 3759 2540 3817 tanti
2576 3758 2818 3813 vocabuli
2841 3758 3074 3828 dignitas
3103 3759 3342 3813 videatur
3369 3774 3572 3816 errare.

2197 3851 2288 3906 9.0.
2353 3851 2644 3919 Pr0pterea
2704 3860 2759 3903 ut
2785 3865 2878 3915 per
2933 3850 3137 3918 singula
3185 3865 3304 3918 qua:
3355 3851 3605 3918 superius
3654 3868 3721 3907 ex

2131 3941 2427 4012 Evangelio
2474 3941 2800 4000 inseruimus
2838 3949 3081 3995 recurrat
3119 3942 3362 4008 intentio,
3415 3943 3630 4012 quando
3670 3956 3732 4000 te

2131 4044 2369 4106 potestas
2416 4036 2570 4092 ducis
2614 4034 2810 4104 ejicere
2840 4034 3071 4103 gladium
3100 4036 3168 4091 de
3193 4037 3379 4105 vagina
3421 4038 3723 4107 compellit,

2133 4140 2404 4187 memento
2429 4139 2484 4187 te
2522 4145 2642 4186 esse
2669 4128 3056 4193 Christianum,
3103 4131 3184 4184 cui
3213 4131 3328 4185 sine
3370 4145 3530 4186 causa
3570 4132 3729 4187 fratut

2131 4237 2230 4280 suo
2275 4224 2434 4278 irasci
2485 4238 2590 4278 non
2630 4225 2787 4288 licet;
2836 4232 2889 4276 et
2933 4221 3130 4277 diutius
3161 4223 3354 4293 cogita.
3387 4239 3452 4278 ne
3487 4223 3732 4280 vindFCia

2133 4331 2290 4385 quam
2339 4314 2544 4369 videris
2574 4315 2777 4370 inferre
2803 4316 3001 4384 justum
3037 4323 3274 4369 transeat
3301 4315 3536 4370 modum.
3570 4317 3726 4382 Qun-

2134 4408 2275 4460 niam
2306 4406 2351 4461 si
2379 4405 2536 4461 irasci
2593 4405 2745 4461 nefas
2774 4417 2856 4461 est
2885 4404 3212 4470 Christiano,
3242 4406 3409 4459 multo
3440 4407 3607 4476 magis
3633 4423 3733 4462 ος,

1906 4487 2030 4542 Νοίί
2063 4498 2110 4562 D
2135 4499 2335 4554 cidere.
2367 4499 2458 4555 Sic
2481 4515 2611 4571 ergo
2637 4499 2760 4569 puni
2785 4513 2957 4565 reum,
2983 4499 3090 4553 dux
3130 4496 3449 4562 Christiane,
3480 4509 3536 4553 ut
3565 4500 3734 4554 misr.

2138 4592 2422 4648 ricorditer
2453 4593 2668 4656 feriens,
2691 4607 2796 4646 non
2823 4592 3114 4656 hominem,
3157 4590 3252 4646 sed
3286 4591 3472 4645 vitium
3496 4593 3734 4661 perdere

2136 4689 2352 4758 cupias;
2381 4696 2436 4742 et
2471 4685 2734 4756 publicam
2765 4685 3121 4753 disciplinam,
3147 4700 3214 4739 ne
3247 4677 3448 4752 pereat,
3483 4700 3576 4741 reo
3600 4703 3730 4755 per-

2139 4795 2321 4845 eunte,
2353 4794 2674 4834 conservare
2706 4778 2941 4832 festines.
2983 4777 3194 4845 Ubique
3222 4777 3342 4831 fidei
3375 4785 3731 4841 turcmcutor.

2139 4874 2277 4927 sicut
2307 4872 2357 4925 iu
2397 4870 2720 4924 facinoribus
2761 4869 3040 4933 evitandis,
3089 4870 3156 4922 ita
3209 4870 3260 4922 in
3303 4868 3514 4940 ﬂagitiis
3557 4875 3733 4926 corti-

2141 4964 2350 5033 gendis.
2381 4963 2528 5018 Solet
2565 4963 2764 5032 quippe
2793 4963 3024 5015 maxima
3072 4972 3307 5030 potestas
3349 4963 3414 5017 ad
3457 4978 3646 5032 pinnas
3668 4980 3740 5022 se

2146 5057 2328 5112 laxare
2373 5057 2601 5128 peccati,
2648 5055 2858 5126 quoties
2893 5055 3022 5110 falsa
3070 5056 3293 5110 felicitas
3333 5057 3443 5125 ipsa
3480 5058 3530 5110 tit
3558 5059 3738 5126 major

2148 5150 2468 5215 infelicitas;
2514 5157 2572 5204 ut
2620 5149 2739 5216 quia
2793 5147 3077 5215 prohibere
3121 5161 3280 5201 nemo
3322 5147 3482 5202 audet
3525 5148 3742 5203 scelera

2147 5241 2590 5304 eomtnittentem,
2611 5249 2705 5295 aut
2730 5237 2894 5294 libeat
2917 5236 3058 5307 quod
3084 5237 3230 5298 licet,
3261 5247 3352 5292 aut
3390 5238 3549 5292 licere
3581 5245 3743 5304 pute-

2149 5343 2237 5389 tnr
2265 5349 2425 5389 omne
2479 5333 2617 5400 quod
2652 5331 2798 5386 libet.
2846 5329 3063 5384 Talibus
3123 5331 3300 5400 itaque
3349 5330 3749 5390 tetttationilnts

2151 5425 2488 5496 pulsantibus
2539 5432 2798 5486 tuentem,
2833 5420 3074 5492 quamvis
3121 5431 3368 5489 Suppetat
3409 5417 3633 5474 honoris
3664 5422 3755 5476 di-

2151 5520 2345 5590 gnitas,
2379 5517 2739 5585 clientumque
2757 5529 3041 5570 numerosa
3075 5514 3307 5578 familia;
3338 5517 3572 5585 quamVis
3605 5514 3751 5574 forte

2153 5612 2394 5667 laudetur
2426 5618 2672 5682 peccator
2727 5607 2778 5664 itt
2825 5606 3105 5664 desideriis
3149 5607 3336 5662 animae
3389 5622 3518 5667 sum.
3576 5616 3634 5662 et
3657 5610 3751 5677 qui
