  <div class='ocr_page' id='page_1' title='image "/cluster/home/n/w/nwhite01/storage/ocr_20150623/67/umn.31951002477360y/488.png"; bbox 0 0 4070 6492; ppageno 0'>
   <div class='ocr_carea' id='block_1_1' title="bbox 312 298 424 353">
    <p class='ocr_par' dir='ltr' id='par_1_1' title="bbox 312 298 424 353">
     <span class='ocr_line' id='line_1_1' title="bbox 312 298 424 353; baseline -0.018 0"><span class='ocrx_word' id='word_1_1' title='bbox 312 298 424 353; x_wconf 62' lang='grc' dir='ltr'><strong>9η</strong></span> 
     </span>
    </p>
   </div>
   <div class='ocr_carea' id='block_1_2' title="bbox 1611 263 2417 351">
    <p class='ocr_par' dir='ltr' id='par_1_2' title="bbox 1611 263 2417 351">
     <span class='ocr_line' id='line_1_2' title="bbox 1611 263 2417 351; baseline 0.002 -4"><span class='ocrx_word' id='word_1_2' title='bbox 1611 291 1994 349; x_wconf 71' lang='lat' dir='ltr'><strong>nnnvnrto</strong></span> <span class='ocrx_word' id='word_1_3' title='bbox 2034 263 2417 351; x_wconf 46' lang='lat' dir='ltr'><strong>(inexciti,</strong></span> 
     </span>
    </p>
   </div>
   <div class='ocr_carea' id='block_1_3' title="bbox 3507 290 3620 343">
    <p class='ocr_par' dir='ltr' id='par_1_3' title="bbox 3507 290 3620 343">
     <span class='ocr_line' id='line_1_3' title="bbox 3507 290 3620 343; baseline 0 -1"><span class='ocrx_word' id='word_1_4' title='bbox 3507 290 3620 343; x_wconf 71' lang='lat'><strong>950</strong></span> 
     </span>
    </p>
   </div>
   <div class='ocr_carea' id='block_1_4' title="bbox 312 406 3617 485">
    <p class='ocr_par' dir='ltr' id='par_1_4' title="bbox 312 406 3617 485">
     <span class='ocr_line' id='line_1_4' title="bbox 312 406 3617 485; baseline -0.001 -20"><span class='ocrx_word' id='word_1_5' title='bbox 312 417 499 483; x_wconf 71' lang='lat' dir='ltr'><strong>iniqua</strong></span> <span class='ocrx_word' id='word_1_6' title='bbox 528 412 664 484; x_wconf 79' lang='lat' dir='ltr'><strong>gerit</strong></span> <span class='ocrx_word' id='word_1_7' title='bbox 702 406 1074 479; x_wconf 72' lang='lat' dir='ltr'><strong>benedicatur,</strong></span> <span class='ocrx_word' id='word_1_8' title='bbox 1119 411 1418 467; x_wconf 79' lang='lat' dir='ltr'><strong>ascendens</strong></span> <span class='ocrx_word' id='word_1_9' title='bbox 1436 428 1598 481; x_wconf 83' lang='lat' dir='ltr'><strong>super</strong></span> <span class='ocrx_word' id='word_1_10' title='bbox 1639 415 1911 480; x_wconf 72' lang='lat' dir='ltr'><strong>Speculum</strong></span> <span class='ocrx_word' id='word_1_11' title='bbox 1945 415 1990 474; x_wconf 86' lang='lat' dir='ltr'><strong>A</strong></span> <span class='ocrx_word' id='word_1_12' title='bbox 2019 415 2156 468; x_wconf 87' lang='lat' dir='ltr'><strong>sitan</strong></span> <span class='ocrx_word' id='word_1_13' title='bbox 2203 414 2513 485; x_wconf 71' lang='lat' dir='ltr'><strong>reipubliem</strong></span> <span class='ocrx_word' id='word_1_14' title='bbox 2545 427 2734 483; x_wconf 78' lang='lat' dir='ltr'><strong>magna</strong></span> <span class='ocrx_word' id='word_1_15' title='bbox 2768 412 3112 479; x_wconf 74' lang='lat' dir='ltr'><strong>necessitate,</strong></span> <span class='ocrx_word' id='word_1_16' title='bbox 3137 425 3342 466; x_wconf 82' lang='lat' dir='ltr'><strong>meumr</strong></span> <span class='ocrx_word' id='word_1_17' title='bbox 3371 410 3477 464; x_wconf 75' lang='lat' dir='ltr'><strong>eris</strong></span> <span class='ocrx_word' id='word_1_18' title='bbox 3510 410 3617 464; x_wconf 81' lang='lat' dir='ltr'><strong>sal-</strong></span> 
     </span>
    </p>
   </div>
   <div class='ocr_carea' id='block_1_5' title="bbox 309 503 1919 577">
    <p class='ocr_par' dir='ltr' id='par_1_5' title="bbox 309 503 1919 577">
     <span class='ocr_line' id='line_1_5' title="bbox 309 503 1919 577; baseline -0.001 -20"><span class='ocrx_word' id='word_1_19' title='bbox 309 504 683 577; x_wconf 56' lang='lat' dir='ltr'><strong>rontinentiaz,</strong></span> <span class='ocrx_word' id='word_1_20' title='bbox 710 512 979 558; x_wconf 89' lang='lat' dir='ltr'><strong>memento</strong></span> <span class='ocrx_word' id='word_1_21' title='bbox 1010 513 1059 558; x_wconf 86' lang='lat' dir='ltr'><strong>te</strong></span> <span class='ocrx_word' id='word_1_22' title='bbox 1087 518 1207 557; x_wconf 88' lang='lat' dir='ltr'><strong>esse</strong></span> <span class='ocrx_word' id='word_1_23' title='bbox 1230 503 1615 558; x_wconf 79' lang='lat' dir='ltr'><strong>Christianum.</strong></span> <span class='ocrx_word' id='word_1_24' title='bbox 1642 503 1776 557; x_wconf 80' lang='lat' dir='ltr'><strong>Vide</strong></span> <span class='ocrx_word' id='word_1_25' title='bbox 1797 504 1919 571; x_wconf 90' lang='lat' dir='ltr'><strong>quia</strong></span> 
     </span>
    </p>
   </div>
   <div class='ocr_carea' id='block_1_6' title="bbox 320 593 1923 665">
    <p class='ocr_par' dir='ltr' id='par_1_6' title="bbox 320 593 1923 665">
     <span class='ocr_line' id='line_1_6' title="bbox 320 593 1923 665; baseline 0.001 -17"><span class='ocrx_word' id='word_1_26' title='bbox 320 600 509 652; x_wconf 77' lang='lat' dir='ltr'><strong>videre</strong></span> <span class='ocrx_word' id='word_1_27' title='bbox 547 597 613 649; x_wconf 87' lang='lat' dir='ltr'><strong>ad</strong></span> <span class='ocrx_word' id='word_1_28' title='bbox 653 597 1140 665; x_wconf 83' lang='lat' dir='ltr'><strong>concupiscendum</strong></span> <span class='ocrx_word' id='word_1_29' title='bbox 1197 611 1323 664; x_wconf 88' lang='lat' dir='ltr'><strong>pars</strong></span> <span class='ocrx_word' id='word_1_30' title='bbox 1355 605 1436 649; x_wconf 85' lang='lat' dir='ltr'><strong>est</strong></span> <span class='ocrx_word' id='word_1_31' title='bbox 1474 595 1720 648; x_wconf 82' lang='lat' dir='ltr'><strong>adulte:ii</strong></span> <span class='ocrx_word' id='word_1_32' title='bbox 1768 593 1923 648; x_wconf 85' lang='lat' dir='ltr'><strong>Chri~</strong></span> 
     </span>
    </p>
   </div>
   <div class='ocr_carea' id='block_1_7' title="bbox 310 683 1919 754">
    <p class='ocr_par' dir='ltr' id='par_1_7' title="bbox 310 683 1919 754">
     <span class='ocr_line' id='line_1_7' title="bbox 310 683 1919 754; baseline -0.006 -10"><span class='ocrx_word' id='word_1_33' title='bbox 310 690 515 744; x_wconf 58' lang='lat' dir='ltr'><strong>etiano.</strong></span> <span class='ocrx_word' id='word_1_34' title='bbox 546 688 689 742; x_wconf 76' lang='lat' dir='ltr'><strong>Dicat</strong></span> <span class='ocrx_word' id='word_1_35' title='bbox 749 687 841 740; x_wconf 88' lang='lat' dir='ltr'><strong>tibi</strong></span> <span class='ocrx_word' id='word_1_36' title='bbox 876 686 1062 740; x_wconf 83' lang='lat' dir='ltr'><strong>beatus</strong></span> <span class='ocrx_word' id='word_1_37' title='bbox 1117 688 1435 754; x_wconf 73' lang='lat' dir='ltr'><strong>Apostolus:</strong></span> <span class='ocrx_word' id='word_1_38' title='bbox 1482 683 1846 739; x_wconf 82' lang='lat' dir='ltr'><strong>Fornicatores</strong></span> <span class='ocrx_word' id='word_1_39' title='bbox 1874 693 1919 737; x_wconf 89' lang='lat' dir='ltr'><strong>et</strong></span> 
     </span>
    </p>
   </div>
   <div class='ocr_carea' id='block_1_8' title="bbox 309 762 1917 851">
    <p class='ocr_par' dir='ltr' id='par_1_8' title="bbox 309 762 1917 851">
     <span class='ocr_line' id='line_1_8' title="bbox 309 762 1917 851; baseline -0.002 -17"><span class='ocrx_word' id='word_1_40' title='bbox 309 781 585 835; x_wconf 71' lang='lat' dir='ltr'><strong>adulteros</strong></span> <span class='ocrx_word' id='word_1_41' title='bbox 618 762 882 850; x_wconf 67' lang='lat' dir='ltr'><strong>ﬁtdicabit</strong></span> <span class='ocrx_word' id='word_1_42' title='bbox 932 778 1068 833; x_wconf 79' lang='lat' dir='ltr'><strong>Deus</strong></span> <span class='ocrx_word' id='word_1_43' title='bbox 1112 778 1310 851; x_wconf 63' lang='lat' dir='ltr'><strong>(Hebr.</strong></span> <span class='ocrx_word' id='word_1_44' title='bbox 1340 794 1451 844; x_wconf 84' lang='lat' dir='ltr'><strong>xm,</strong></span> <span class='ocrx_word' id='word_1_45' title='bbox 1483 778 1564 848; x_wconf 72' lang='grc'>4).</span> <span class='ocrx_word' id='word_1_46' title='bbox 1615 780 1763 833; x_wconf 77' lang='lat' dir='ltr'><strong>Dicat</strong></span> <span class='ocrx_word' id='word_1_47' title='bbox 1795 778 1917 843; x_wconf 81' lang='lat' dir='ltr'><strong>Job,</strong></span> 
     </span>
    </p>
   </div>
   <div class='ocr_carea' id='block_1_9' title="bbox 318 871 1921 943">
    <p class='ocr_par' dir='ltr' id='par_1_9' title="bbox 318 871 1921 943">
     <span class='ocr_line' id='line_1_9' title="bbox 318 871 1921 943; baseline -0.002 -15"><span class='ocrx_word' id='word_1_48' title='bbox 318 872 582 943; x_wconf 82' lang='lat' dir='ltr'><strong>probatus</strong></span> <span class='ocrx_word' id='word_1_49' title='bbox 608 881 660 926; x_wconf 87' lang='lat' dir='ltr'><strong>et</strong></span> <span class='ocrx_word' id='word_1_50' title='bbox 693 888 796 926; x_wconf 83' lang='lat' dir='ltr'><strong>non</strong></span> <span class='ocrx_word' id='word_1_51' title='bbox 838 872 1179 941; x_wconf 82' lang='lat' dir='ltr'><strong>reprobatus:</strong></span> <span class='ocrx_word' id='word_1_52' title='bbox 1210 871 1296 924; x_wconf 66' lang='lat' dir='ltr'><strong>ira</strong></span> <span class='ocrx_word' id='word_1_53' title='bbox 1325 873 1458 925; x_wconf 82' lang='lat' dir='ltr'><strong>enim</strong></span> <span class='ocrx_word' id='word_1_54' title='bbox 1487 889 1693 942; x_wconf 79' lang='lat' dir='ltr'><strong>magna,</strong></span> <span class='ocrx_word' id='word_1_55' title='bbox 1713 880 1759 925; x_wconf 89' lang='lat' dir='ltr'><strong>et</strong></span> <span class='ocrx_word' id='word_1_56' title='bbox 1790 872 1921 941; x_wconf 76' lang='lat' dir='ltr'><strong>ignis</strong></span> 
     </span>
    </p>
   </div>
   <div class='ocr_carea' id='block_1_10' title="bbox 319 964 1916 1035">
    <p class='ocr_par' dir='ltr' id='par_1_10' title="bbox 319 964 1916 1035">
     <span class='ocr_line' id='line_1_10' title="bbox 319 964 1916 1035; baseline -0.003 -15"><span class='ocrx_word' id='word_1_57' title='bbox 319 968 547 1035; x_wconf 75' lang='lat' dir='ltr'><strong>undique</strong></span> <span class='ocrx_word' id='word_1_58' title='bbox 593 966 775 1019; x_wconf 78' lang='lat' dir='ltr'><strong>ardens</strong></span> <span class='ocrx_word' id='word_1_59' title='bbox 818 976 891 1019; x_wconf 82' lang='lat' dir='ltr'><strong>est</strong></span> <span class='ocrx_word' id='word_1_60' title='bbox 922 964 1061 1031; x_wconf 74' lang='lat' dir='ltr'><strong>(Job.</strong></span> <span class='ocrx_word' id='word_1_61' title='bbox 1108 982 1250 1029; x_wconf 71' lang='lat' dir='ltr'><strong>xxxn,</strong></span> <span class='ocrx_word' id='word_1_62' title='bbox 1284 965 1404 1033; x_wconf 80' lang='lat'><strong>12),</strong></span> <span class='ocrx_word' id='word_1_63' title='bbox 1437 966 1655 1019; x_wconf 79' lang='lat' dir='ltr'><strong>alterius</strong></span> <span class='ocrx_word' id='word_1_64' title='bbox 1695 980 1916 1019; x_wconf 76' lang='lat' dir='ltr'><strong>uxorem</strong></span> 
     </span>
    </p>
   </div>
   <div class='ocr_carea' id='block_1_11' title="bbox 325 1057 1915 1126">
    <p class='ocr_par' dir='ltr' id='par_1_11' title="bbox 325 1057 1915 1126">
     <span class='ocr_line' id='line_1_11' title="bbox 325 1057 1915 1126; baseline -0.001 -15"><span class='ocrx_word' id='word_1_65' title='bbox 325 1058 731 1126; x_wconf 71' lang='lat' dir='ltr'><strong>concupiscere.</strong></span> <span class='ocrx_word' id='word_1_66' title='bbox 784 1058 933 1111; x_wconf 82' lang='lat' dir='ltr'><strong>Dicat</strong></span> <span class='ocrx_word' id='word_1_67' title='bbox 1008 1059 1197 1110; x_wconf 87' lang='lat' dir='ltr'><strong>iterum</strong></span> <span class='ocrx_word' id='word_1_68' title='bbox 1267 1058 1636 1110; x_wconf 79' lang='lat' dir='ltr'><strong>sanctissimus</strong></span> <span class='ocrx_word' id='word_1_69' title='bbox 1692 1057 1915 1111; x_wconf 89' lang='lat' dir='ltr'><strong>Paulus:</strong></span> 
     </span>
    </p>
   </div>
   <div class='ocr_carea' id='block_1_12' title="bbox 246 1132 1920 1220">
    <p class='ocr_par' dir='ltr' id='par_1_12' title="bbox 326 1148 1920 1220">
     <span class='ocr_line' id='line_1_12' title="bbox 326 1148 1920 1220; baseline -0.002 -16"><span class='ocrx_word' id='word_1_70' title='bbox 326 1148 552 1204; x_wconf 78' lang='lat' dir='ltr'><strong>Nescitis</strong></span> <span class='ocrx_word' id='word_1_71' title='bbox 580 1151 700 1220; x_wconf 82' lang='lat' dir='ltr'><strong>quia</strong></span> <span class='ocrx_word' id='word_1_72' title='bbox 725 1164 941 1211; x_wconf 61' lang='lat' dir='ltr'><strong>corpora</strong></span> <span class='ocrx_word' id='word_1_73' title='bbox 966 1156 1127 1201; x_wconf 65' lang='lat' dir='ltr'><strong>vestra</strong></span> <span class='ocrx_word' id='word_1_74' title='bbox 1156 1150 1377 1200; x_wconf 76' lang='lat' dir='ltr'><strong>membra</strong></span> <span class='ocrx_word' id='word_1_75' title='bbox 1407 1148 1598 1202; x_wconf 78' lang='lat' dir='ltr'><strong>Christi</strong></span> <span class='ocrx_word' id='word_1_76' title='bbox 1618 1151 1771 1203; x_wconf 80' lang='lat' dir='ltr'><strong>sunt?</strong></span> <span class='ocrx_word' id='word_1_77' title='bbox 1796 1148 1920 1202; x_wconf 84' lang='lat' dir='ltr'><strong>Tol-</strong></span> 
     </span>
    </p>
   </div>
   <div class='ocr_carea' id='block_1_13' title="bbox 327 1240 1924 1313">
    <p class='ocr_par' dir='ltr' id='par_1_13' title="bbox 327 1240 1924 1313">
     <span class='ocr_line' id='line_1_13' title="bbox 327 1240 1924 1313; baseline 0 -17"><span class='ocrx_word' id='word_1_78' title='bbox 327 1247 439 1296; x_wconf 81' lang='lat' dir='ltr'><strong>Ieus</strong></span> <span class='ocrx_word' id='word_1_79' title='bbox 486 1258 606 1313; x_wconf 75' lang='lat' dir='ltr'><strong>(rgo</strong></span> <span class='ocrx_word' id='word_1_80' title='bbox 654 1244 877 1296; x_wconf 81' lang='lat' dir='ltr'><strong>membra</strong></span> <span class='ocrx_word' id='word_1_81' title='bbox 919 1240 1130 1305; x_wconf 75' lang='lat' dir='ltr'><strong>Christi,</strong></span> <span class='ocrx_word' id='word_1_82' title='bbox 1179 1242 1364 1308; x_wconf 72' lang='lat' dir='ltr'><strong>faciam</strong></span> <span class='ocrx_word' id='word_1_83' title='bbox 1420 1241 1640 1296; x_wconf 79' lang='lat' dir='ltr'><strong>membra</strong></span> <span class='ocrx_word' id='word_1_84' title='bbox 1695 1242 1924 1296; x_wconf 82' lang='lat' dir='ltr'><strong>meretri-</strong></span> 
     </span>
    </p>
   </div>
   <div class='ocr_carea' id='block_1_14' title="bbox 325 1334 1925 1409">
    <p class='ocr_par' dir='ltr' id='par_1_14' title="bbox 325 1334 1925 1409">
     <span class='ocr_line' id='line_1_14' title="bbox 325 1334 1925 1409; baseline 0 -19"><span class='ocrx_word' id='word_1_85' title='bbox 325 1340 395 1390; x_wconf 50' lang='lat' dir='ltr'><strong>cis</strong></span> <span class='ocrx_word' id='word_1_86' title='bbox 416 1336 479 1409; x_wconf 93' lang='grc'><strong>(1</strong></span> <span class='ocrx_word' id='word_1_87' title='bbox 513 1335 633 1391; x_wconf 87' lang='lat' dir='ltr'><strong>Cor.</strong></span> <span class='ocrx_word' id='word_1_88' title='bbox 661 1353 732 1401; x_wconf 84' lang='lat' dir='ltr'><strong>vi,</strong></span> <span class='ocrx_word' id='word_1_89' title='bbox 760 1336 901 1405; x_wconf 88' lang='lat'><strong>15)?</strong></span> <span class='ocrx_word' id='word_1_90' title='bbox 933 1336 1024 1390; x_wconf 83' lang='lat' dir='ltr'><strong>His</strong></span> <span class='ocrx_word' id='word_1_91' title='bbox 1057 1336 1196 1389; x_wconf 91' lang='lat' dir='ltr'><strong>enim</strong></span> <span class='ocrx_word' id='word_1_92' title='bbox 1224 1335 1441 1389; x_wconf 79' lang='lat' dir='ltr'><strong>vocibus</strong></span> <span class='ocrx_word' id='word_1_93' title='bbox 1484 1334 1808 1393; x_wconf 76' lang='lat' dir='ltr'><strong>admonitus.</strong></span> <span class='ocrx_word' id='word_1_94' title='bbox 1841 1351 1925 1390; x_wconf 88' lang='lat' dir='ltr'><strong>rc-</strong></span> 
     </span>
    </p>
   </div>
   <div class='ocr_carea' id='block_1_15' title="bbox 330 1428 1924 1498">
    <p class='ocr_par' dir='ltr' id='par_1_15' title="bbox 330 1428 1924 1498">
     <span class='ocr_line' id='line_1_15' title="bbox 330 1428 1924 1498; baseline 0.001 -18"><span class='ocrx_word' id='word_1_95' title='bbox 330 1432 445 1484; x_wconf 71' lang='lat' dir='ltr'><strong>itire</strong></span> <span class='ocrx_word' id='word_1_96' title='bbox 472 1433 670 1498; x_wconf 66' lang='lat' dir='ltr'><strong>poteris</strong></span> <span class='ocrx_word' id='word_1_97' title='bbox 696 1431 845 1484; x_wconf 74' lang='lat' dir='ltr'><strong>tat-ile</strong></span> <span class='ocrx_word' id='word_1_98' title='bbox 875 1445 903 1483; x_wconf 86' lang='lat' dir='ltr'><strong>a</strong></span> <span class='ocrx_word' id='word_1_99' title='bbox 937 1445 1028 1497; x_wconf 26' lang='lat' dir='ltr'><strong>pri:</strong></span> <span class='ocrx_word' id='word_1_100' title='bbox 1049 1430 1228 1496; x_wconf 78' lang='lat' dir='ltr'><strong>cip‘tio</strong></span> <span class='ocrx_word' id='word_1_101' title='bbox 1247 1445 1292 1481; x_wconf 77' lang='lat' dir='ltr'><strong>v.</strong></span> <span class='ocrx_word' id='word_1_102' title='bbox 1316 1429 1551 1497; x_wconf 78' lang='lat' dir='ltr'><strong>luptatis.</strong></span> <span class='ocrx_word' id='word_1_103' title='bbox 1575 1428 1689 1482; x_wconf 86' lang='lat' dir='ltr'><strong>.lam</strong></span> <span class='ocrx_word' id='word_1_104' title='bbox 1712 1429 1924 1498; x_wconf 90' lang='lat' dir='ltr'><strong>quoties</strong></span> 
     </span>
    </p>
   </div>
   <div class='ocr_carea' id='block_1_16' title="bbox 320 1524 1924 1593">
    <p class='ocr_par' dir='ltr' id='par_1_16' title="bbox 320 1524 1924 1593">
     <span class='ocr_line' id='line_1_16' title="bbox 320 1524 1924 1593; baseline 0.003 -20"><span class='ocrx_word' id='word_1_105' title='bbox 320 1540 426 1593; x_wconf 84' lang='lat' dir='ltr'><strong>.pcr</strong></span> <span class='ocrx_word' id='word_1_106' title='bbox 451 1524 873 1593; x_wconf 73' lang='lat' dir='ltr'><strong>omnipotentem</strong></span> <span class='ocrx_word' id='word_1_107' title='bbox 905 1525 1075 1578; x_wconf 83' lang='lat' dir='ltr'><strong>Deum</strong></span> <span class='ocrx_word' id='word_1_108' title='bbox 1101 1525 1271 1593; x_wconf 18' lang='lat' dir='ltr'><strong>j‘uras,</strong></span> <span class='ocrx_word' id='word_1_109' title='bbox 1303 1534 1526 1592; x_wconf 77' lang='lat' dir='ltr'><strong>cogente</strong></span> <span class='ocrx_word' id='word_1_110' title='bbox 1553 1524 1617 1577; x_wconf 86' lang='lat' dir='ltr'><strong>ad</strong></span> <span class='ocrx_word' id='word_1_111' title='bbox 1673 1525 1772 1578; x_wconf 72' lang='lat' dir='ltr'><strong>lto:</strong></span> <span class='ocrx_word' id='word_1_112' title='bbox 1812 1524 1924 1578; x_wconf 87' lang='lat' dir='ltr'><strong>l&#39;or-</strong></span> 
     </span>
    </p>
   </div>
   <div class='ocr_carea' id='block_1_17' title="bbox 317 1678 1895 1715">
    <p class='ocr_par' dir='ltr' id='par_1_17' title="bbox 317 1678 1895 1715">
     <span class='ocr_line' id='line_1_17' title="bbox 317 1678 1895 1715; baseline -0.005 0"><span class='ocrx_word' id='word_1_113' title='bbox 317 1678 1895 1715; x_wconf 50' lang='grc' dir='ltr'>Μ</span> 
     </span>
    </p>
   </div>
   <div class='ocr_carea' id='block_1_18' title="bbox 2033 502 3620 577">
    <p class='ocr_par' dir='ltr' id='par_1_18' title="bbox 2033 502 3620 577">
     <span class='ocr_line' id='line_1_18' title="bbox 2033 502 3620 577; baseline -0.001 -18"><span class='ocrx_word' id='word_1_114' title='bbox 2033 515 2135 559; x_wconf 84' lang='lat' dir='ltr'><strong>tem</strong></span> <span class='ocrx_word' id='word_1_115' title='bbox 2186 522 2375 562; x_wconf 78' lang='lat' dir='ltr'><strong>cavere</strong></span> <span class='ocrx_word' id='word_1_116' title='bbox 2404 507 2719 577; x_wconf 69' lang='lat' dir='ltr'><strong>periurium.</strong></span> <span class='ocrx_word' id='word_1_117' title='bbox 2780 507 2821 560; x_wconf 83' lang='lat' dir='ltr'><strong>si</strong></span> <span class='ocrx_word' id='word_1_118' title='bbox 2856 507 3072 560; x_wconf 88' lang='lat' dir='ltr'><strong>minime</strong></span> <span class='ocrx_word' id='word_1_119' title='bbox 3124 504 3359 573; x_wconf 65' lang='lat' dir='ltr'><strong>potueris</strong></span> <span class='ocrx_word' id='word_1_120' title='bbox 3388 502 3620 572; x_wconf 72' lang='lat' dir='ltr'><strong>elTugvre</strong></span> 
     </span>
    </p>
   </div>
   <div class='ocr_carea' id='block_1_19' title="bbox 2024 598 3691 668">
    <p class='ocr_par' dir='ltr' id='par_1_19' title="bbox 2024 598 3691 668">
     <span class='ocr_line' id='line_1_19' title="bbox 2024 598 3691 668; baseline 0.001 -17"><span class='ocrx_word' id='word_1_121' title='bbox 2024 598 2411 667; x_wconf 87' lang='lat' dir='ltr'><strong>juramentum.</strong></span> <span class='ocrx_word' id='word_1_122' title='bbox 2469 601 2734 654; x_wconf 83' lang='lat' dir='ltr'><strong>Memento</strong></span> <span class='ocrx_word' id='word_1_123' title='bbox 2804 602 3000 668; x_wconf 87' lang='lat' dir='ltr'><strong>itaque,</strong></span> <span class='ocrx_word' id='word_1_124' title='bbox 3058 611 3327 654; x_wconf 89' lang='lat' dir='ltr'><strong>memento</strong></span> <span class='ocrx_word' id='word_1_125' title='bbox 3394 610 3443 653; x_wconf 89' lang='lat' dir='ltr'><strong>te</strong></span> <span class='ocrx_word' id='word_1_126' title='bbox 3500 612 3622 653; x_wconf 85' lang='lat' dir='ltr'><strong>esse</strong></span> <span class='ocrx_word' id='word_1_127' title='bbox 3684 598 3691 605; x_wconf 84' lang='grc'><strong>’</strong></span> 
     </span>
    </p>
   </div>
   <div class='ocr_carea' id='block_1_20' title="bbox 2028 690 3623 762">
    <p class='ocr_par' dir='ltr' id='par_1_20' title="bbox 2028 690 3623 762">
     <span class='ocr_line' id='line_1_20' title="bbox 2028 690 3623 762; baseline 0.004 -19"><span class='ocrx_word' id='word_1_128' title='bbox 2028 690 2424 746; x_wconf 85' lang='lat' dir='ltr'><strong>Christianum:</strong></span> <span class='ocrx_word' id='word_1_129' title='bbox 2460 694 2701 747; x_wconf 79' lang='lat' dir='ltr'><strong>militiam</strong></span> <span class='ocrx_word' id='word_1_130' title='bbox 2755 693 2904 747; x_wconf 68' lang='lat' dir='ltr'><strong>duris</strong></span> <span class='ocrx_word' id='word_1_131' title='bbox 2938 692 3270 747; x_wconf 84' lang='lat' dir='ltr'><strong>laudabiliter</strong></span> <span class='ocrx_word' id='word_1_132' title='bbox 3297 709 3509 762; x_wconf 83' lang='lat' dir='ltr'><strong>gerens,</strong></span> <span class='ocrx_word' id='word_1_133' title='bbox 3568 708 3623 751; x_wconf 81' lang='lat' dir='ltr'><strong>ut</strong></span> 
     </span>
    </p>
   </div>
   <div class='ocr_carea' id='block_1_21' title="bbox 2030 776 3657 855">
    <p class='ocr_par' dir='ltr' id='par_1_21' title="bbox 2030 776 3657 855">
     <span class='ocr_line' id='line_1_21' title="bbox 2030 776 3657 855; baseline 0.004 -21"><span class='ocrx_word' id='word_1_134' title='bbox 2030 780 2396 849; x_wconf 69' lang='lat' dir='ltr'><strong>frequentibus</strong></span> <span class='ocrx_word' id='word_1_135' title='bbox 2426 784 2704 839; x_wconf 78' lang='lat' dir='ltr'><strong>beneficiis</strong></span> <span class='ocrx_word' id='word_1_136' title='bbox 2738 786 2935 839; x_wconf 79' lang='lat' dir='ltr'><strong>multos</strong></span> <span class='ocrx_word' id='word_1_137' title='bbox 2967 786 3056 840; x_wconf 84' lang='lat' dir='ltr'><strong>tibi</strong></span> <span class='ocrx_word' id='word_1_138' title='bbox 3088 785 3254 841; x_wconf 70' lang='lat' dir='ltr'><strong>facias</strong></span> <span class='ocrx_word' id='word_1_139' title='bbox 3282 787 3503 855; x_wconf 77' lang='lat' dir='ltr'><strong>amicos,</strong></span> <span class='ocrx_word' id='word_1_140' title='bbox 3538 792 3622 843; x_wconf 87' lang='lat' dir='ltr'><strong>eui</strong></span> <span class='ocrx_word' id='word_1_141' title='bbox 3654 776 3657 779; x_wconf 60' lang='grc'><em>’</em></span> 
     </span>
    </p>
   </div>
   <div class='ocr_carea' id='block_1_22' title="bbox 2027 871 3621 948">
    <p class='ocr_par' dir='ltr' id='par_1_22' title="bbox 2027 871 3621 948">
     <span class='ocr_line' id='line_1_22' title="bbox 2027 871 3621 948; baseline 0.006 -23"><span class='ocrx_word' id='word_1_142' title='bbox 2027 871 2251 940; x_wconf 78' lang='lat' dir='ltr'><strong>diligere</strong></span> <span class='ocrx_word' id='word_1_143' title='bbox 2300 876 2600 944; x_wconf 75' lang='lat' dir='ltr'><strong>praecipitur</strong></span> <span class='ocrx_word' id='word_1_144' title='bbox 2645 875 2907 931; x_wconf 79' lang='lat' dir='ltr'><strong>inimicos.</strong></span> <span class='ocrx_word' id='word_1_145' title='bbox 2962 876 3086 931; x_wconf 83' lang='lat' dir='ltr'><strong>Plus</strong></span> <span class='ocrx_word' id='word_1_146' title='bbox 3114 888 3229 932; x_wconf 90' lang='lat' dir='ltr'><strong>esto</strong></span> <span class='ocrx_word' id='word_1_147' title='bbox 3263 879 3433 932; x_wconf 88' lang='lat' dir='ltr'><strong>bonus</strong></span> <span class='ocrx_word' id='word_1_148' title='bbox 3464 896 3621 948; x_wconf 87' lang='lat' dir='ltr'><strong>quam</strong></span> 
     </span>
    </p>
   </div>
   <div class='ocr_carea' id='block_1_23' title="bbox 2028 965 3621 1039">
    <p class='ocr_par' dir='ltr' id='par_1_23' title="bbox 2028 965 3621 1039">
     <span class='ocr_line' id='line_1_23' title="bbox 2028 965 3621 1039; baseline 0.003 -22"><span class='ocrx_word' id='word_1_149' title='bbox 2028 978 2275 1017; x_wconf 83' lang='lat' dir='ltr'><strong>severus:</strong></span> <span class='ocrx_word' id='word_1_150' title='bbox 2303 965 2424 1032; x_wconf 80' lang='lat' dir='ltr'><strong>quia</strong></span> <span class='ocrx_word' id='word_1_151' title='bbox 2460 968 2570 1019; x_wconf 71' lang='lat' dir='ltr'><strong>lucc</strong></span> <span class='ocrx_word' id='word_1_152' title='bbox 2586 977 2667 1020; x_wconf 82' lang='lat' dir='ltr'><strong>est</strong></span> <span class='ocrx_word' id='word_1_153' title='bbox 2698 968 2847 1023; x_wconf 85' lang='lat' dir='ltr'><strong>ducis</strong></span> <span class='ocrx_word' id='word_1_154' title='bbox 2865 967 3049 1037; x_wconf 69' lang='lat' dir='ltr'><strong>optimi</strong></span> <span class='ocrx_word' id='word_1_155' title='bbox 3074 971 3187 1024; x_wconf 83' lang='lat' dir='ltr'><strong>sola</strong></span> <span class='ocrx_word' id='word_1_156' title='bbox 3216 970 3448 1039; x_wconf 82' lang='lat' dir='ltr'><strong>perfecta</strong></span> <span class='ocrx_word' id='word_1_157' title='bbox 3482 973 3621 1037; x_wconf 82' lang='lat' dir='ltr'><strong>laus,</strong></span> 
     </span>
    </p>
   </div>
   <div class='ocr_carea' id='block_1_24' title="bbox 2027 1055 3625 1128">
    <p class='ocr_par' dir='ltr' id='par_1_24' title="bbox 2027 1055 3625 1128">
     <span class='ocr_line' id='line_1_24' title="bbox 2027 1055 3625 1128; baseline 0.006 -21"><span class='ocrx_word' id='word_1_158' title='bbox 2027 1055 2271 1116; x_wconf 83' lang='lat' dir='ltr'><strong>oblivisci</strong></span> <span class='ocrx_word' id='word_1_159' title='bbox 2324 1072 2538 1126; x_wconf 79' lang='lat' dir='ltr'><strong>semper</strong></span> <span class='ocrx_word' id='word_1_160' title='bbox 2569 1057 2814 1128; x_wconf 57' lang='lat' dir='ltr'><strong>injuﬁas,</strong></span> <span class='ocrx_word' id='word_1_161' title='bbox 2845 1069 2903 1112; x_wconf 88' lang='lat' dir='ltr'><strong>ut</strong></span> <span class='ocrx_word' id='word_1_162' title='bbox 2934 1075 3063 1115; x_wconf 81' lang='lat' dir='ltr'><strong>vere</strong></span> <span class='ocrx_word' id='word_1_163' title='bbox 3093 1076 3186 1128; x_wconf 78' lang='lat' dir='ltr'><strong>per</strong></span> <span class='ocrx_word' id='word_1_164' title='bbox 3219 1061 3355 1116; x_wconf 89' lang='lat' dir='ltr'><strong>hanc</strong></span> <span class='ocrx_word' id='word_1_165' title='bbox 3382 1064 3625 1127; x_wconf 67' lang='lat' dir='ltr'><strong>septimae</strong></span> 
     </span>
    </p>
   </div>
   <div class='ocr_carea' id='block_1_25' title="bbox 2027 1146 3620 1223">
    <p class='ocr_par' dir='ltr' id='par_1_25' title="bbox 2027 1146 3620 1223">
     <span class='ocr_line' id='line_1_25' title="bbox 2027 1146 3620 1223; baseline 0.004 -25"><span class='ocrx_word' id='word_1_166' title='bbox 2027 1146 2240 1201; x_wconf 88' lang='lat' dir='ltr'><strong>virtutis</strong></span> <span class='ocrx_word' id='word_1_167' title='bbox 2289 1147 2623 1213; x_wconf 83' lang='lat' dir='ltr'><strong>industriam,</strong></span> <span class='ocrx_word' id='word_1_168' title='bbox 2669 1148 2795 1202; x_wconf 90' lang='lat' dir='ltr'><strong>dum</strong></span> <span class='ocrx_word' id='word_1_169' title='bbox 2827 1165 3040 1219; x_wconf 80' lang='lat' dir='ltr'><strong>semper</strong></span> <span class='ocrx_word' id='word_1_170' title='bbox 3071 1152 3163 1204; x_wconf 88' lang='lat' dir='ltr'><strong>tibi</strong></span> <span class='ocrx_word' id='word_1_171' title='bbox 3221 1152 3336 1219; x_wconf 76' lang='lat' dir='ltr'><strong>ipse</strong></span> <span class='ocrx_word' id='word_1_172' title='bbox 3379 1152 3620 1223; x_wconf 75' lang='lat' dir='ltr'><strong>dixeris:</strong></span> 
     </span>
    </p>
   </div>
   <div class='ocr_carea' id='block_1_26' title="bbox 2028 1238 3626 1310">
    <p class='ocr_par' dir='ltr' id='par_1_26' title="bbox 2028 1238 3626 1310">
     <span class='ocr_line' id='line_1_26' title="bbox 2028 1238 3626 1310; baseline 0.005 -17"><span class='ocrx_word' id='word_1_173' title='bbox 2028 1238 2295 1295; x_wconf 80' lang='lat' dir='ltr'><strong>Memento</strong></span> <span class='ocrx_word' id='word_1_174' title='bbox 2344 1250 2395 1296; x_wconf 91' lang='lat' dir='ltr'><strong>te</strong></span> <span class='ocrx_word' id='word_1_175' title='bbox 2427 1256 2546 1296; x_wconf 76' lang='lat' dir='ltr'><strong>esse</strong></span> <span class='ocrx_word' id='word_1_176' title='bbox 2575 1242 2970 1310; x_wconf 86' lang='lat' dir='ltr'><strong>Christianum,</strong></span> <span class='ocrx_word' id='word_1_177' title='bbox 3033 1247 3285 1300; x_wconf 77' lang='lat' dir='ltr'><strong>mercaris</strong></span> <span class='ocrx_word' id='word_1_178' title='bbox 3333 1246 3460 1302; x_wconf 78' lang='lat' dir='ltr'><strong>etin</strong></span> <span class='ocrx_word' id='word_1_179' title='bbox 3519 1261 3626 1301; x_wconf 75' lang='lat' dir='ltr'><strong>sae-</strong></span> 
     </span>
    </p>
   </div>
   <div class='ocr_carea' id='block_1_27' title="bbox 2028 1330 3625 1398">
    <p class='ocr_par' dir='ltr' id='par_1_27' title="bbox 2028 1330 3625 1398">
     <span class='ocr_line' id='line_1_27' title="bbox 2028 1330 3625 1398; baseline 0.005 -16"><span class='ocrx_word' id='word_1_180' title='bbox 2028 1330 2148 1383; x_wconf 64' lang='lat' dir='ltr'><strong>culo</strong></span> <span class='ocrx_word' id='word_1_181' title='bbox 2178 1341 2232 1384; x_wconf 87' lang='lat' dir='ltr'><strong>et</strong></span> <span class='ocrx_word' id='word_1_182' title='bbox 2262 1334 2311 1384; x_wconf 87' lang='lat' dir='ltr'><strong>in</strong></span> <span class='ocrx_word' id='word_1_183' title='bbox 2338 1331 2511 1385; x_wconf 83' lang='lat' dir='ltr'><strong>futuro</strong></span> <span class='ocrx_word' id='word_1_184' title='bbox 2545 1333 2724 1388; x_wconf 85' lang='lat' dir='ltr'><strong>vivere</strong></span> <span class='ocrx_word' id='word_1_185' title='bbox 2751 1333 2998 1398; x_wconf 78' lang='lat' dir='ltr'><strong>feliciter,</strong></span> <span class='ocrx_word' id='word_1_186' title='bbox 3047 1338 3131 1389; x_wconf 87' lang='lat' dir='ltr'><strong>ubi</strong></span> <span class='ocrx_word' id='word_1_187' title='bbox 3160 1338 3371 1392; x_wconf 73' lang='lat' dir='ltr'><strong>dabitur</strong></span> <span class='ocrx_word' id='word_1_188' title='bbox 3400 1338 3625 1393; x_wconf 75' lang='lat' dir='ltr'><strong>duribus</strong></span> 
     </span>
    </p>
   </div>
   <div class='ocr_carea' id='block_1_28' title="bbox 2027 1419 3051 1494">
    <p class='ocr_par' dir='ltr' id='par_1_28' title="bbox 2027 1419 3051 1494">
     <span class='ocr_line' id='line_1_28' title="bbox 2027 1419 3051 1494; baseline 0.01 -21"><span class='ocrx_word' id='word_1_189' title='bbox 2027 1419 2348 1476; x_wconf 71' lang='lat' dir='ltr'><strong>Christianis</strong></span> <span class='ocrx_word' id='word_1_190' title='bbox 2391 1434 2676 1494; x_wconf 82' lang='lat' dir='ltr'><strong>perpetuus</strong></span> <span class='ocrx_word' id='word_1_191' title='bbox 2704 1426 3001 1494; x_wconf 68' lang='lat' dir='ltr'><strong>principatu</strong></span> <span class='ocrx_word' id='word_1_192' title='bbox 3038 1469 3051 1483; x_wconf 96' lang='lat'><strong>.</strong></span> 
     </span>
    </p>
   </div>
   <div class='ocr_carea' id='block_1_29' title="bbox 2679 1689 3594 1726">
    <p class='ocr_par' dir='ltr' id='par_1_29' title="bbox 2679 1689 3594 1726">
     <span class='ocr_line' id='line_1_29' title="bbox 2679 1689 3594 1726; baseline 0.01 -8"><span class='ocrx_word' id='word_1_193' title='bbox 2679 1689 3594 1726; x_wconf 52' lang='grc' dir='ltr'>Ἡ</span> 
     </span>
    </p>
   </div>
   <div class='ocr_carea' id='block_1_30' title="bbox 2387 1706 2647 1716">
    <p class='ocr_par' dir='ltr' id='par_1_30' title="bbox 2387 1706 2647 1716">
     <span class='ocr_line' id='line_1_30' title="bbox 2387 1706 2647 1716; baseline 0.012 -3"><span class='ocrx_word' id='word_1_194' title='bbox 2387 1706 2647 1716; x_wconf 73' lang='lat'><strong>——.—</strong></span> 
     </span>
    </p>
   </div>
   <div class='ocr_carea' id='block_1_31' title="bbox 940 1783 2999 1955">
    <p class='ocr_par' dir='ltr' id='par_1_31' title="bbox 940 1783 2999 1955">
     <span class='ocr_line' id='line_1_31' title="bbox 940 1783 2999 1955; baseline 0.008 -16"><span class='ocrx_word' id='word_1_195' title='bbox 940 1807 1950 1939; x_wconf 72' lang='lat' dir='ltr'><strong>FULGENTII</strong></span> <span class='ocrx_word' id='word_1_196' title='bbox 2023 1783 2999 1955; x_wconf 64' lang='lat' dir='ltr'><strong>rissimum</strong></span> 
     </span>
    </p>
   </div>
   <div class='ocr_carea' id='block_1_32' title="bbox 811 2053 1907 2183">
    <p class='ocr_par' dir='ltr' id='par_1_32' title="bbox 811 2053 1907 2183">
     <span class='ocr_line' id='line_1_32' title="bbox 811 2053 1907 2183; baseline 0 0"><span class='ocrx_word' id='word_1_197' title='bbox 811 2053 1907 2183; x_wconf 60' lang='lat' dir='ltr'><strong>BREVTATIO</strong></span> 
     </span>
    </p>
   </div>
   <div class='ocr_carea' id='block_1_33' title="bbox 2069 2052 3138 2201">
    <p class='ocr_par' dir='ltr' id='par_1_33' title="bbox 2069 2052 3138 2201">
     <span class='ocr_line' id='line_1_33' title="bbox 2069 2052 3138 2201; baseline 0.015 -18"><span class='ocrx_word' id='word_1_198' title='bbox 2069 2052 3138 2201; x_wconf 84' lang='lat' dir='ltr'><strong>CANONUM.</strong></span> 
     </span>
    </p>
   </div>
   <div class='ocr_carea' id='block_1_34' title="bbox 1783 2264 2164 2285">
    <p class='ocr_par' dir='ltr' id='par_1_34' title="bbox 1783 2264 2164 2285">
     <span class='ocr_line' id='line_1_34' title="bbox 1783 2264 2164 2285; baseline 0.003 -1"><span class='ocrx_word' id='word_1_199' title='bbox 1783 2264 2164 2285; x_wconf 68' lang='lat'><strong>——-——-——</strong></span> 
     </span>
    </p>
   </div>
   <div class='ocr_carea' id='block_1_35' title="bbox 402 2396 1999 2472">
    <p class='ocr_par' dir='ltr' id='par_1_35' title="bbox 402 2396 1999 2472">
     <span class='ocr_line' id='line_1_35' title="bbox 402 2396 1999 2472; baseline -0.003 -15"><span class='ocrx_word' id='word_1_200' title='bbox 402 2405 453 2457; x_wconf 87' lang='lat'><strong>1.</strong></span> <span class='ocrx_word' id='word_1_201' title='bbox 497 2401 570 2457; x_wconf 90' lang='lat' dir='ltr'><strong>Ut</strong></span> <span class='ocrx_word' id='word_1_202' title='bbox 622 2401 874 2472; x_wconf 79' lang='lat' dir='ltr'><strong>neapltyli</strong></span> <span class='ocrx_word' id='word_1_203' title='bbox 932 2415 1039 2455; x_wconf 90' lang='lat' dir='ltr'><strong>non</strong></span> <span class='ocrx_word' id='word_1_204' title='bbox 1088 2400 1401 2455; x_wconf 87' lang='lat' dir='ltr'><strong>ordinentur</strong></span> <span class='ocrx_word' id='word_1_205' title='bbox 1456 2396 1636 2469; x_wconf 80' lang='lat' dir='ltr'><strong>(Cone.</strong></span> <span class='ocrx_word' id='word_1_206' title='bbox 1684 2396 1917 2461; x_wconf 65' lang='lat' dir='ltr'><strong>Niciam,</strong></span> <span class='ocrx_word' id='word_1_207' title='bbox 1951 2400 1999 2460; x_wconf 90' lang='lat' dir='ltr'><strong>B</strong></span> 
     </span>
    </p>
   </div>
   <div class='ocr_carea' id='block_1_36' title="bbox 324 2489 1923 2563">
    <p class='ocr_par' dir='ltr' id='par_1_36' title="bbox 324 2489 1923 2563">
     <span class='ocr_line' id='line_1_36' title="bbox 324 2489 1923 2563; baseline -0.003 -13"><span class='ocrx_word' id='word_1_208' title='bbox 324 2498 414 2550; x_wconf 73' lang='lat' dir='ltr'><strong>tit.</strong></span> <span class='ocrx_word' id='word_1_209' title='bbox 444 2496 515 2561; x_wconf 87' lang='lat'><strong>2;</strong></span> <span class='ocrx_word' id='word_1_210' title='bbox 548 2512 689 2549; x_wconf 83' lang='lat' dir='ltr'><strong>conc.</strong></span> <span class='ocrx_word' id='word_1_211' title='bbox 727 2496 959 2558; x_wconf 86' lang='lat' dir='ltr'><strong>Sardic.,</strong></span> <span class='ocrx_word' id='word_1_212' title='bbox 1006 2505 1085 2549; x_wconf 78' lang='lat' dir='ltr'><strong>ut.</strong></span> <span class='ocrx_word' id='word_1_213' title='bbox 1122 2493 1210 2558; x_wconf 80' lang='grc' dir='ltr'><strong>Η,</strong></span> <span class='ocrx_word' id='word_1_214' title='bbox 1244 2510 1391 2548; x_wconf 85' lang='lat' dir='ltr'><strong>conc.</strong></span> <span class='ocrx_word' id='word_1_215' title='bbox 1424 2491 1665 2557; x_wconf 60' lang='lat' dir='ltr'><strong>Laertia,</strong></span> <span class='ocrx_word' id='word_1_216' title='bbox 1718 2489 1795 2545; x_wconf 82' lang='lat' dir='ltr'><strong>tit.</strong></span> <span class='ocrx_word' id='word_1_217' title='bbox 1846 2493 1923 2563; x_wconf 65' lang='grc' dir='ltr'>ὃ).</span> 
     </span>
    </p>
   </div>
   <div class='ocr_carea' id='block_1_37' title="bbox 404 2583 1926 2657">
    <p class='ocr_par' dir='ltr' id='par_1_37' title="bbox 404 2583 1926 2657">
     <span class='ocr_line' id='line_1_37' title="bbox 404 2583 1926 2657; baseline -0.003 -16"><span class='ocrx_word' id='word_1_218' title='bbox 404 2589 458 2642; x_wconf 84' lang='lat'><strong>2.</strong></span> <span class='ocrx_word' id='word_1_219' title='bbox 506 2588 573 2642; x_wconf 90' lang='lat' dir='ltr'><strong>Ut</strong></span> <span class='ocrx_word' id='word_1_220' title='bbox 610 2588 916 2657; x_wconf 77' lang='lat' dir='ltr'><strong>quicunque</strong></span> <span class='ocrx_word' id='word_1_221' title='bbox 950 2587 1115 2640; x_wconf 85' lang='lat' dir='ltr'><strong>laicus</strong></span> <span class='ocrx_word' id='word_1_222' title='bbox 1160 2585 1225 2639; x_wconf 87' lang='lat' dir='ltr'><strong>ad</strong></span> <span class='ocrx_word' id='word_1_223' title='bbox 1274 2586 1641 2652; x_wconf 76' lang='lat' dir='ltr'><strong>episcopatum</strong></span> <span class='ocrx_word' id='word_1_224' title='bbox 1690 2583 1926 2651; x_wconf 81' lang='lat' dir='ltr'><strong>eligitur,</strong></span> 
     </span>
    </p>
   </div>
   <div class='ocr_carea' id='block_1_38' title="bbox 334 2677 1932 2751">
    <p class='ocr_par' dir='ltr' id='par_1_38' title="bbox 334 2677 1932 2751">
     <span class='ocr_line' id='line_1_38' title="bbox 334 2677 1932 2751; baseline -0.003 -16"><span class='ocrx_word' id='word_1_225' title='bbox 334 2682 483 2751; x_wconf 82' lang='lat' dir='ltr'><strong>prius</strong></span> <span class='ocrx_word' id='word_1_226' title='bbox 520 2694 729 2733; x_wconf 82' lang='lat' dir='ltr'><strong>annum</strong></span> <span class='ocrx_word' id='word_1_227' title='bbox 774 2679 826 2733; x_wconf 86' lang='lat' dir='ltr'><strong>in</strong></span> <span class='ocrx_word' id='word_1_228' title='bbox 872 2678 1169 2732; x_wconf 78' lang='lat' dir='ltr'><strong>min&#39;sterio</strong></span> <span class='ocrx_word' id='word_1_229' title='bbox 1204 2677 1577 2732; x_wconf 81' lang='lat' dir='ltr'><strong>ecclesiastico</strong></span> <span class='ocrx_word' id='word_1_230' title='bbox 1609 2691 1703 2746; x_wconf 90' lang='lat' dir='ltr'><strong>per</strong></span> <span class='ocrx_word' id='word_1_231' title='bbox 1743 2688 1932 2730; x_wconf 86' lang='lat' dir='ltr'><strong>omnes</strong></span> 
     </span>
    </p>
   </div>
   <div class='ocr_carea' id='block_1_39' title="bbox 327 2767 1364 2841">
    <p class='ocr_par' dir='ltr' id='par_1_39' title="bbox 327 2767 1364 2841">
     <span class='ocr_line' id='line_1_39' title="bbox 327 2767 1364 2841; baseline -0.002 -18"><span class='ocrx_word' id='word_1_232' title='bbox 327 2770 530 2841; x_wconf 73' lang='lat' dir='ltr'><strong>gradus</strong></span> <span class='ocrx_word' id='word_1_233' title='bbox 576 2779 815 2825; x_wconf 80' lang='lat' dir='ltr'><strong>transeat</strong></span> <span class='ocrx_word' id='word_1_234' title='bbox 840 2767 1022 2837; x_wconf 76' lang='lat' dir='ltr'><strong>(Cone.</strong></span> <span class='ocrx_word' id='word_1_235' title='bbox 1072 2767 1364 2837; x_wconf 60' lang='lat' dir='ltr'><strong>Sit/fetum.</strong></span> 
     </span>
    </p>
   </div>
   <div class='ocr_carea' id='block_1_40' title="bbox 410 2861 1929 2932">
    <p class='ocr_par' dir='ltr' id='par_1_40' title="bbox 410 2861 1929 2932">
     <span class='ocr_line' id='line_1_40' title="bbox 410 2861 1929 2932; baseline -0.001 -15"><span class='ocrx_word' id='word_1_236' title='bbox 410 2865 462 2918; x_wconf 78' lang='lat'><strong>3.</strong></span> <span class='ocrx_word' id='word_1_237' title='bbox 512 2863 578 2917; x_wconf 66' lang='lat' dir='ltr'><strong>llt</strong></span> <span class='ocrx_word' id='word_1_238' title='bbox 607 2864 695 2932; x_wconf 88' lang='lat' dir='ltr'><strong>qui</strong></span> <span class='ocrx_word' id='word_1_239' title='bbox 733 2874 847 2929; x_wconf 70' lang='lat' dir='ltr'><strong>p051</strong></span> <span class='ocrx_word' id='word_1_240' title='bbox 878 2861 1197 2931; x_wconf 86' lang='lat' dir='ltr'><strong>baptismum</strong></span> <span class='ocrx_word' id='word_1_241' title='bbox 1230 2877 1338 2916; x_wconf 80' lang='lat' dir='ltr'><strong>saec</strong></span> <span class='ocrx_word' id='word_1_242' title='bbox 1377 2861 1470 2915; x_wconf 71' lang='lat' dir='ltr'><strong>lori</strong></span> <span class='ocrx_word' id='word_1_243' title='bbox 1504 2861 1704 2915; x_wconf 62' lang='lat' dir='ltr'><strong>tuilitizr</strong></span> <span class='ocrx_word' id='word_1_244' title='bbox 1733 2876 1929 2917; x_wconf 89' lang='lat' dir='ltr'><strong>nomen</strong></span> 
     </span>
    </p>
   </div>
   <div class='ocr_carea' id='block_1_41' title="bbox 332 2951 1801 3023">
    <p class='ocr_par' dir='ltr' id='par_1_41' title="bbox 332 2951 1801 3023">
     <span class='ocr_line' id='line_1_41' title="bbox 332 2951 1801 3023; baseline -0.001 -14"><span class='ocrx_word' id='word_1_245' title='bbox 332 2955 567 3020; x_wconf 79' lang='lat' dir='ltr'><strong>dederit,</strong></span> <span class='ocrx_word' id='word_1_246' title='bbox 597 2954 664 3008; x_wconf 89' lang='lat' dir='ltr'><strong>ab</strong></span> <span class='ocrx_word' id='word_1_247' title='bbox 684 2954 1022 3009; x_wconf 78' lang='lat' dir='ltr'><strong>ordinatione</strong></span> <span class='ocrx_word' id='word_1_248' title='bbox 1051 2963 1294 3008; x_wconf 77' lang='lat' dir='ltr'><strong>arceatur</strong></span> <span class='ocrx_word' id='word_1_249' title='bbox 1320 2952 1498 3023; x_wconf 80' lang='lat' dir='ltr'><strong>(Cone.</strong></span> <span class='ocrx_word' id='word_1_250' title='bbox 1530 2951 1801 3023; x_wconf 84' lang='lat' dir='ltr'><strong>Zelleus.).</strong></span> 
     </span>
    </p>
   </div>
   <div class='ocr_carea' id='block_1_42' title="bbox 405 3043 1933 3114">
    <p class='ocr_par' dir='ltr' id='par_1_42' title="bbox 405 3043 1933 3114">
     <span class='ocr_line' id='line_1_42' title="bbox 405 3043 1933 3114; baseline 0.003 -18"><span class='ocrx_word' id='word_1_251' title='bbox 405 3045 460 3098; x_wconf 61' lang='lat'><strong>.1.</strong></span> <span class='ocrx_word' id='word_1_252' title='bbox 506 3046 573 3100; x_wconf 90' lang='lat' dir='ltr'><strong>Ut</strong></span> <span class='ocrx_word' id='word_1_253' title='bbox 598 3044 880 3114; x_wconf 82' lang='lat' dir='ltr'><strong>episcopus</strong></span> <span class='ocrx_word' id='word_1_254' title='bbox 902 3059 930 3097; x_wconf 90' lang='lat' dir='ltr'><strong>a</strong></span> <span class='ocrx_word' id='word_1_255' title='bbox 955 3044 1122 3096; x_wconf 77' lang='lat' dir='ltr'><strong>tribus</strong></span> <span class='ocrx_word' id='word_1_256' title='bbox 1144 3043 1447 3109; x_wconf 87' lang='lat' dir='ltr'><strong>ordinetur,</strong></span> <span class='ocrx_word' id='word_1_257' title='bbox 1472 3044 1933 3100; x_wconf 74' lang='lat' dir='ltr'><strong>consentientibus</strong></span> 
     </span>
    </p>
   </div>
   <div class='ocr_carea' id='block_1_43' title="bbox 332 3136 1931 3206">
    <p class='ocr_par' dir='ltr' id='par_1_43' title="bbox 332 3136 1931 3206">
     <span class='ocr_line' id='line_1_43' title="bbox 332 3136 1931 3206; baseline 0 -16"><span class='ocrx_word' id='word_1_258' title='bbox 332 3136 454 3191; x_wconf 82' lang='lat' dir='ltr'><strong>aliis</strong></span> <span class='ocrx_word' id='word_1_259' title='bbox 486 3152 580 3206; x_wconf 87' lang='lat' dir='ltr'><strong>per</strong></span> <span class='ocrx_word' id='word_1_260' title='bbox 631 3137 852 3201; x_wconf 82' lang='lat' dir='ltr'><strong>seripta,</strong></span> <span class='ocrx_word' id='word_1_261' title='bbox 903 3152 1021 3187; x_wconf 75' lang='lat' dir='ltr'><strong>tum</strong></span> <span class='ocrx_word' id='word_1_262' title='bbox 1069 3136 1478 3190; x_wconf 82' lang='lat' dir='ltr'><strong>continuatione</strong></span> <span class='ocrx_word' id='word_1_263' title='bbox 1535 3136 1931 3205; x_wconf 70' lang='lat' dir='ltr'><strong>metropolitani</strong></span> 
     </span>
    </p>
   </div>
   <div class='ocr_carea' id='block_1_44' title="bbox 338 3223 1930 3296">
    <p class='ocr_par' dir='ltr' id='par_1_44' title="bbox 338 3223 1930 3296">
     <span class='ocr_line' id='line_1_44' title="bbox 338 3223 1930 3296; baseline 0.002 -17"><span class='ocrx_word' id='word_1_264' title='bbox 338 3227 420 3281; x_wconf 83' lang='lat' dir='ltr'><strong>vel</strong></span> <span class='ocrx_word' id='word_1_265' title='bbox 465 3227 704 3296; x_wconf 84' lang='lat' dir='ltr'><strong>primatis</strong></span> <span class='ocrx_word' id='word_1_266' title='bbox 726 3224 907 3294; x_wconf 85' lang='lat' dir='ltr'><strong>(Couc.</strong></span> <span class='ocrx_word' id='word_1_267' title='bbox 943 3223 1174 3292; x_wconf 75' lang='lat' dir='ltr'><strong>Nicwn.,</strong></span> <span class='ocrx_word' id='word_1_268' title='bbox 1207 3226 1283 3278; x_wconf 87' lang='lat' dir='ltr'><strong>tit.</strong></span> <span class='ocrx_word' id='word_1_269' title='bbox 1316 3224 1371 3291; x_wconf 69' lang='lat'><strong>4,</strong></span> <span class='ocrx_word' id='word_1_270' title='bbox 1401 3227 1522 3279; x_wconf 83' lang='lat' dir='ltr'><strong>item</strong></span> <span class='ocrx_word' id='word_1_271' title='bbox 1563 3227 1640 3280; x_wconf 90' lang='lat' dir='ltr'><strong>tit.</strong></span> <span class='ocrx_word' id='word_1_272' title='bbox 1690 3226 1756 3291; x_wconf 89' lang='lat'><strong>6;</strong></span> <span class='ocrx_word' id='word_1_273' title='bbox 1786 3244 1930 3282; x_wconf 83' lang='lat' dir='ltr'><strong>conc.</strong></span> 
     </span>
    </p>
   </div>
   <div class='ocr_carea' id='block_1_45' title="bbox 336 3316 1936 3385">
    <p class='ocr_par' dir='ltr' id='par_1_45' title="bbox 336 3316 1936 3385">
     <span class='ocr_line' id='line_1_45' title="bbox 336 3316 1936 3385; baseline -0.001 -11"><span class='ocrx_word' id='word_1_274' title='bbox 336 3318 601 3385; x_wconf 52' lang='lat' dir='ltr'><strong>Antioch,</strong></span> <span class='ocrx_word' id='word_1_275' title='bbox 634 3320 714 3372; x_wconf 87' lang='lat' dir='ltr'><strong>tit.</strong></span> <span class='ocrx_word' id='word_1_276' title='bbox 762 3318 862 3383; x_wconf 85' lang='lat'><strong>19;</strong></span> <span class='ocrx_word' id='word_1_277' title='bbox 892 3332 1038 3370; x_wconf 85' lang='lat' dir='ltr'><strong>conc.</strong></span> <span class='ocrx_word' id='word_1_278' title='bbox 1094 3316 1334 3385; x_wconf 82' lang='lat' dir='ltr'><strong>Laodic.,</strong></span> <span class='ocrx_word' id='word_1_279' title='bbox 1362 3318 1439 3370; x_wconf 89' lang='lat' dir='ltr'><strong>tit.</strong></span> <span class='ocrx_word' id='word_1_280' title='bbox 1479 3318 1584 3383; x_wconf 86' lang='lat'><strong>12;</strong></span> <span class='ocrx_word' id='word_1_281' title='bbox 1617 3336 1759 3373; x_wconf 87' lang='lat' dir='ltr'><strong>conc.</strong></span> <span class='ocrx_word' id='word_1_282' title='bbox 1809 3319 1936 3373; x_wconf 77' lang='lat' dir='ltr'><strong>Car-</strong></span> 
     </span>
    </p>
   </div>
   <div class='ocr_carea' id='block_1_46' title="bbox 338 3408 1961 3483">
    <p class='ocr_par' dir='ltr' id='par_1_46' title="bbox 338 3408 1961 3483">
     <span class='ocr_line' id='line_1_46' title="bbox 338 3408 1961 3483; baseline 0 -18"><span class='ocrx_word' id='word_1_283' title='bbox 338 3414 475 3483; x_wconf 59' lang='lat' dir='ltr'><strong>thag.</strong></span> <span class='ocrx_word' id='word_1_284' title='bbox 502 3412 593 3466; x_wconf 81' lang='lat' dir='ltr'><strong>sub</strong></span> <span class='ocrx_word' id='word_1_285' title='bbox 622 3411 851 3464; x_wconf 79' lang='lat' dir='ltr'><strong>antistite</strong></span> <span class='ocrx_word' id='word_1_286' title='bbox 889 3408 1185 3475; x_wconf 80' lang='lat' dir='ltr'><strong>Genethlio,</strong></span> <span class='ocrx_word' id='word_1_287' title='bbox 1218 3412 1298 3463; x_wconf 85' lang='lat' dir='ltr'><strong>tit.</strong></span> <span class='ocrx_word' id='word_1_288' title='bbox 1332 3409 1431 3475; x_wconf 85' lang='lat'><strong>10;</strong></span> <span class='ocrx_word' id='word_1_289' title='bbox 1464 3426 1611 3465; x_wconf 88' lang='lat' dir='ltr'><strong>conc.</strong></span> <span class='ocrx_word' id='word_1_290' title='bbox 1658 3412 1961 3466; x_wconf 55' lang='lat' dir='ltr'><strong>universafi</strong></span> 
     </span>
    </p>
   </div>
   <div class='ocr_carea' id='block_1_47' title="bbox 284 3500 1935 3574">
    <p class='ocr_par' dir='ltr' id='par_1_47' title="bbox 284 3500 1935 3574">
     <span class='ocr_line' id='line_1_47' title="bbox 284 3500 1935 3574; baseline -0.001 -16"><span class='ocrx_word' id='word_1_291' title='bbox 284 3500 298 3513; x_wconf 85' lang='grc'><strong>’</strong></span> <span class='ocrx_word' id='word_1_292' title='bbox 336 3506 618 3574; x_wconf 44' lang='lat' dir='ltr'><strong>Cari/mg,</strong></span> <span class='ocrx_word' id='word_1_293' title='bbox 649 3505 729 3556; x_wconf 85' lang='lat' dir='ltr'><strong>tit.</strong></span> <span class='ocrx_word' id='word_1_294' title='bbox 760 3501 830 3558; x_wconf 72' lang='lat'><strong>49</strong></span> <span class='ocrx_word' id='word_1_295' title='bbox 851 3519 865 3567; x_wconf 91' lang='lat'><strong>;</strong></span> <span class='ocrx_word' id='word_1_296' title='bbox 890 3517 1031 3555; x_wconf 87' lang='lat' dir='ltr'><strong>conc.</strong></span> <span class='ocrx_word' id='word_1_297' title='bbox 1060 3500 1308 3569; x_wconf 82' lang='lat' dir='ltr'><strong>Zelleus.,</strong></span> <span class='ocrx_word' id='word_1_298' title='bbox 1352 3519 1415 3557; x_wconf 75' lang='lat' dir='ltr'><strong>ex</strong></span> <span class='ocrx_word' id='word_1_299' title='bbox 1435 3503 1651 3570; x_wconf 71' lang='lat' dir='ltr'><strong>epistola</strong></span> <span class='ocrx_word' id='word_1_300' title='bbox 1673 3518 1819 3574; x_wconf 75' lang='lat' dir='ltr'><strong>papa:</strong></span> <span class='ocrx_word' id='word_1_301' title='bbox 1844 3503 1935 3557; x_wconf 84' lang='lat' dir='ltr'><strong>Si-</strong></span> 
     </span>
    </p>
   </div>
   <div class='ocr_carea' id='block_1_48' title="bbox 336 3594 477 3665">
    <p class='ocr_par' dir='ltr' id='par_1_48' title="bbox 336 3594 477 3665">
     <span class='ocr_line' id='line_1_48' title="bbox 336 3594 477 3665; baseline 0.007 -16"><span class='ocrx_word' id='word_1_302' title='bbox 336 3594 477 3665; x_wconf 65' lang='lat' dir='ltr'><strong>rici).</strong></span> 
     </span>
    </p>
   </div>
   <div class='ocr_carea' id='block_1_49' title="bbox 410 3683 1931 3755">
    <p class='ocr_par' dir='ltr' id='par_1_49' title="bbox 410 3683 1931 3755">
     <span class='ocr_line' id='line_1_49' title="bbox 410 3683 1931 3755; baseline -0.002 -14"><span class='ocrx_word' id='word_1_303' title='bbox 410 3687 464 3741; x_wconf 83' lang='lat'><strong>5.</strong></span> <span class='ocrx_word' id='word_1_304' title='bbox 508 3685 576 3741; x_wconf 86' lang='lat' dir='ltr'><strong>Ut</strong></span> <span class='ocrx_word' id='word_1_305' title='bbox 606 3686 659 3740; x_wconf 89' lang='lat' dir='ltr'><strong>in</strong></span> <span class='ocrx_word' id='word_1_306' title='bbox 690 3683 987 3741; x_wconf 80' lang='lat' dir='ltr'><strong>ordinando</strong></span> <span class='ocrx_word' id='word_1_307' title='bbox 1030 3684 1177 3754; x_wconf 90' lang='lat' dir='ltr'><strong>episc</strong></span> <span class='ocrx_word' id='word_1_308' title='bbox 1198 3699 1282 3753; x_wconf 65' lang='lat' dir='ltr'><strong>\po</strong></span> <span class='ocrx_word' id='word_1_309' title='bbox 1310 3685 1399 3740; x_wconf 86' lang='lat' dir='ltr'><strong>alii</strong></span> <span class='ocrx_word' id='word_1_310' title='bbox 1432 3700 1643 3755; x_wconf 88' lang='lat' dir='ltr'><strong>quoque</strong></span> <span class='ocrx_word' id='word_1_311' title='bbox 1695 3685 1931 3755; x_wconf 73' lang='lat' dir='ltr'><strong>episcopi</strong></span> 
     </span>
    </p>
   </div>
   <div class='ocr_carea' id='block_1_50' title="bbox 338 3776 2004 3857">
    <p class='ocr_par' dir='ltr' id='par_1_50' title="bbox 338 3776 2004 3857">
     <span class='ocr_line' id='line_1_50' title="bbox 338 3776 2004 3857; baseline -0.002 -24"><span class='ocrx_word' id='word_1_312' title='bbox 338 3793 501 3847; x_wconf 78' lang='lat' dir='ltr'><strong>snper</strong></span> <span class='ocrx_word' id='word_1_313' title='bbox 530 3787 637 3832; x_wconf 89' lang='lat' dir='ltr'><strong>tres</strong></span> <span class='ocrx_word' id='word_1_314' title='bbox 657 3779 940 3843; x_wconf 58' lang='lat' dir='ltr'><strong>addan’ur,</strong></span> <span class='ocrx_word' id='word_1_315' title='bbox 974 3778 1017 3830; x_wconf 88' lang='lat' dir='ltr'><strong>si</strong></span> <span class='ocrx_word' id='word_1_316' title='bbox 1042 3777 1108 3830; x_wconf 86' lang='lat' dir='ltr'><strong>ab</strong></span> <span class='ocrx_word' id='word_1_317' title='bbox 1134 3777 1313 3845; x_wconf 88' lang='lat' dir='ltr'><strong>aliquo</strong></span> <span class='ocrx_word' id='word_1_318' title='bbox 1343 3776 1500 3857; x_wconf 72' lang='lat' dir='ltr'><strong>fuerit</strong></span> <span class='ocrx_word' id='word_1_319' title='bbox 1529 3777 1923 3832; x_wconf 81' lang='lat' dir='ltr'><strong>con&#39;radictum</strong></span> <span class='ocrx_word' id='word_1_320' title='bbox 1959 3782 2004 3843; x_wconf 75' lang='grc' dir='ltr'>ο</span> 
     </span>
    </p>
   </div>
   <div class='ocr_carea' id='block_1_51' title="bbox 344 3870 1089 3945">
    <p class='ocr_par' dir='ltr' id='par_1_51' title="bbox 344 3870 1089 3945">
     <span class='ocr_line' id='line_1_51' title="bbox 344 3870 1089 3945; baseline -0.009 -16"><span class='ocrx_word' id='word_1_321' title='bbox 344 3872 522 3945; x_wconf 76' lang='lat' dir='ltr'><strong>(Cone.</strong></span> <span class='ocrx_word' id='word_1_322' title='bbox 554 3870 822 3941; x_wconf 81' lang='lat' dir='ltr'><strong>Carthag.,</strong></span> <span class='ocrx_word' id='word_1_323' title='bbox 856 3871 932 3925; x_wconf 74' lang='lat' dir='ltr'><strong>tit.</strong></span> <span class='ocrx_word' id='word_1_324' title='bbox 973 3872 1089 3940; x_wconf 84' lang='lat'><strong>50).</strong></span> 
     </span>
    </p>
   </div>
   <div class='ocr_carea' id='block_1_52' title="bbox 415 3963 1937 4033">
    <p class='ocr_par' dir='ltr' id='par_1_52' title="bbox 415 3963 1937 4033">
     <span class='ocr_line' id='line_1_52' title="bbox 415 3963 1937 4033; baseline -0.001 -14"><span class='ocrx_word' id='word_1_325' title='bbox 415 3965 467 4019; x_wconf 88' lang='lat'><strong>6.</strong></span> <span class='ocrx_word' id='word_1_326' title='bbox 511 3964 580 4021; x_wconf 86' lang='lat' dir='ltr'><strong>Ut</strong></span> <span class='ocrx_word' id='word_1_327' title='bbox 628 3979 765 4019; x_wconf 88' lang='lat' dir='ltr'><strong>unus</strong></span> <span class='ocrx_word' id='word_1_328' title='bbox 788 3965 1084 4033; x_wconf 84' lang='lat' dir='ltr'><strong>episcopus</strong></span> <span class='ocrx_word' id='word_1_329' title='bbox 1111 3963 1418 4033; x_wconf 88' lang='lat' dir='ltr'><strong>episcopum</strong></span> <span class='ocrx_word' id='word_1_330' title='bbox 1452 3978 1556 4018; x_wconf 91' lang='lat' dir='ltr'><strong>non</strong></span> <span class='ocrx_word' id='word_1_331' title='bbox 1581 3963 1809 4029; x_wconf 78' lang='lat' dir='ltr'><strong>ordinet,</strong></span> <span class='ocrx_word' id='word_1_332' title='bbox 1841 3980 1937 4018; x_wconf 78' lang='lat' dir='ltr'><strong>ex-</strong></span> 
     </span>
    </p>
   </div>
   <div class='ocr_carea' id='block_1_53' title="bbox 350 4056 1940 4127">
    <p class='ocr_par' dir='ltr' id='par_1_53' title="bbox 350 4056 1940 4127">
     <span class='ocr_line' id='line_1_53' title="bbox 350 4056 1940 4127; baseline 0.002 -17"><span class='ocrx_word' id='word_1_333' title='bbox 350 4069 511 4126; x_wconf 71' lang='lat' dir='ltr'><strong>cepta</strong></span> <span class='ocrx_word' id='word_1_334' title='bbox 556 4058 798 4112; x_wconf 72' lang='lat' dir='ltr'><strong>Ecclesia</strong></span> <span class='ocrx_word' id='word_1_335' title='bbox 829 4057 1069 4111; x_wconf 83' lang='lat' dir='ltr'><strong>Romana</strong></span> <span class='ocrx_word' id='word_1_336' title='bbox 1114 4056 1295 4125; x_wconf 82' lang='lat' dir='ltr'><strong>(Cone.</strong></span> <span class='ocrx_word' id='word_1_337' title='bbox 1346 4056 1593 4124; x_wconf 84' lang='lat' dir='ltr'><strong>Zetleus.,</strong></span> <span class='ocrx_word' id='word_1_338' title='bbox 1632 4074 1693 4113; x_wconf 78' lang='lat' dir='ltr'><strong>ea:</strong></span> <span class='ocrx_word' id='word_1_339' title='bbox 1723 4059 1940 4127; x_wconf 77' lang='lat' dir='ltr'><strong>epistola</strong></span> 
     </span>
    </p>
   </div>
   <div class='ocr_carea' id='block_1_54' title="bbox 346 4148 730 4220">
    <p class='ocr_par' dir='ltr' id='par_1_54' title="bbox 346 4148 730 4220">
     <span class='ocr_line' id='line_1_54' title="bbox 346 4148 730 4220; baseline 0 -19"><span class='ocrx_word' id='word_1_340' title='bbox 346 4166 497 4220; x_wconf 70' lang='lat' dir='ltr'><strong>papa?</strong></span> <span class='ocrx_word' id='word_1_341' title='bbox 525 4148 730 4217; x_wconf 79' lang='lat' dir='ltr'><strong>Sirici</strong></span> 
     </span>
    </p>
   </div>
   <div class='ocr_carea' id='block_1_55' title="bbox 418 4241 1940 4310">
    <p class='ocr_par' dir='ltr' id='par_1_55' title="bbox 418 4241 1940 4310">
     <span class='ocr_line' id='line_1_55' title="bbox 418 4241 1940 4310; baseline 0.001 -16"><span class='ocrx_word' id='word_1_342' title='bbox 418 4244 472 4295; x_wconf 89' lang='lat'><strong>7.</strong></span> <span class='ocrx_word' id='word_1_343' title='bbox 514 4241 582 4296; x_wconf 87' lang='lat' dir='ltr'><strong>Ut</strong></span> <span class='ocrx_word' id='word_1_344' title='bbox 611 4242 895 4309; x_wconf 86' lang='lat' dir='ltr'><strong>episcopus</strong></span> <span class='ocrx_word' id='word_1_345' title='bbox 941 4241 1028 4308; x_wconf 87' lang='lat' dir='ltr'><strong>qui</strong></span> <span class='ocrx_word' id='word_1_346' title='bbox 1079 4250 1324 4309; x_wconf 83' lang='lat' dir='ltr'><strong>suscepta</strong></span> <span class='ocrx_word' id='word_1_347' title='bbox 1357 4255 1546 4295; x_wconf 86' lang='lat' dir='ltr'><strong>manus</strong></span> <span class='ocrx_word' id='word_1_348' title='bbox 1596 4241 1940 4310; x_wconf 83' lang='lat' dir='ltr'><strong>iinpositione</strong></span> 
     </span>
    </p>
   </div>
   <div class='ocr_carea' id='block_1_56' title="bbox 348 4333 1943 4395">
    <p class='ocr_par' dir='ltr' id='par_1_56' title="bbox 348 4333 1943 4395">
     <span class='ocr_line' id='line_1_56' title="bbox 348 4333 1943 4395; baseline 0 -6"><span class='ocrx_word' id='word_1_349' title='bbox 348 4333 710 4389; x_wconf 81' lang='lat' dir='ltr'><strong>miniSterinm</strong></span> <span class='ocrx_word' id='word_1_350' title='bbox 765 4333 1131 4395; x_wconf 79' lang='lat' dir='ltr'><strong>recusaverit,</strong></span> <span class='ocrx_word' id='word_1_351' title='bbox 1181 4333 1677 4388; x_wconf 77' lang='lat' dir='ltr'><strong>exeomntunicatus</strong></span> <span class='ocrx_word' id='word_1_352' title='bbox 1727 4343 1943 4389; x_wconf 88' lang='lat' dir='ltr'><strong>maneat</strong></span> 
     </span>
    </p>
   </div>
   <div class='ocr_carea' id='block_1_57' title="bbox 346 4423 1940 4497">
    <p class='ocr_par' dir='ltr' id='par_1_57' title="bbox 346 4423 1940 4497">
     <span class='ocr_line' id='line_1_57' title="bbox 346 4423 1940 4497; baseline 0.001 -17"><span class='ocrx_word' id='word_1_353' title='bbox 346 4426 521 4481; x_wconf 88' lang='lat' dir='ltr'><strong>donec</strong></span> <span class='ocrx_word' id='word_1_354' title='bbox 550 4424 850 4481; x_wconf 87' lang='lat' dir='ltr'><strong>consentiat</strong></span> <span class='ocrx_word' id='word_1_355' title='bbox 882 4424 1057 4495; x_wconf 80' lang='lat' dir='ltr'><strong>(Cone.</strong></span> <span class='ocrx_word' id='word_1_356' title='bbox 1098 4423 1360 4490; x_wconf 84' lang='lat' dir='ltr'><strong>Antioch.,</strong></span> <span class='ocrx_word' id='word_1_357' title='bbox 1397 4426 1475 4477; x_wconf 85' lang='lat' dir='ltr'><strong>tit.</strong></span> <span class='ocrx_word' id='word_1_358' title='bbox 1520 4425 1634 4497; x_wconf 87' lang='lat'><strong>17).</strong></span> <span class='ocrx_word' id='word_1_359' title='bbox 1678 4427 1735 4482; x_wconf 89' lang='lat' dir='ltr'><strong>Si</strong></span> <span class='ocrx_word' id='word_1_360' title='bbox 1763 4438 1940 4482; x_wconf 89' lang='lat' dir='ltr'><strong>autem</strong></span> 
     </span>
    </p>
   </div>
   <div class='ocr_carea' id='block_1_58' title="bbox 350 4516 1942 4592">
    <p class='ocr_par' dir='ltr' id='par_1_58' title="bbox 350 4516 1942 4592">
     <span class='ocr_line' id='line_1_58' title="bbox 350 4516 1942 4592; baseline 0.003 -21"><span class='ocrx_word' id='word_1_361' title='bbox 350 4518 536 4573; x_wconf 82' lang='lat' dir='ltr'><strong>volens</strong></span> <span class='ocrx_word' id='word_1_362' title='bbox 583 4532 613 4571; x_wconf 88' lang='lat' dir='ltr'><strong>a</strong></span> <span class='ocrx_word' id='word_1_363' title='bbox 644 4516 797 4587; x_wconf 85' lang='lat' dir='ltr'><strong>plebe</strong></span> <span class='ocrx_word' id='word_1_364' title='bbox 845 4532 951 4571; x_wconf 86' lang='lat' dir='ltr'><strong>non</strong></span> <span class='ocrx_word' id='word_1_365' title='bbox 999 4516 1308 4583; x_wconf 82' lang='lat' dir='ltr'><strong>suscipitur,</strong></span> <span class='ocrx_word' id='word_1_366' title='bbox 1357 4517 1420 4570; x_wconf 90' lang='lat' dir='ltr'><strong>ad</strong></span> <span class='ocrx_word' id='word_1_367' title='bbox 1450 4518 1742 4586; x_wconf 49' lang='lat' dir='ltr'><strong>plenari&#39;im</strong></span> <span class='ocrx_word' id='word_1_368' title='bbox 1778 4536 1942 4592; x_wconf 87' lang='lat' dir='ltr'><strong>syno-</strong></span> 
     </span>
    </p>
   </div>
   <div class='ocr_carea' id='block_1_59' title="bbox 349 4610 1945 4680">
    <p class='ocr_par' dir='ltr' id='par_1_59' title="bbox 349 4610 1945 4680">
     <span class='ocr_line' id='line_1_59' title="bbox 349 4610 1945 4680; baseline 0.001 -13"><span class='ocrx_word' id='word_1_369' title='bbox 349 4613 476 4667; x_wconf 89' lang='lat' dir='ltr'><strong>dum</strong></span> <span class='ocrx_word' id='word_1_370' title='bbox 510 4612 658 4666; x_wconf 85' lang='lat' dir='ltr'><strong>salvo</strong></span> <span class='ocrx_word' id='word_1_371' title='bbox 696 4625 793 4664; x_wconf 88' lang='lat' dir='ltr'><strong>suo</strong></span> <span class='ocrx_word' id='word_1_372' title='bbox 825 4610 1030 4665; x_wconf 87' lang='lat' dir='ltr'><strong>honore</strong></span> <span class='ocrx_word' id='word_1_373' title='bbox 1067 4612 1334 4666; x_wconf 88' lang='lat' dir='ltr'><strong>sustinere</strong></span> <span class='ocrx_word' id='word_1_374' title='bbox 1359 4611 1579 4668; x_wconf 87' lang='lat' dir='ltr'><strong>debebit</strong></span> <span class='ocrx_word' id='word_1_375' title='bbox 1621 4612 1800 4680; x_wconf 85' lang='lat' dir='ltr'><strong>(Couc.</strong></span> <span class='ocrx_word' id='word_1_376' title='bbox 1845 4616 1945 4669; x_wconf 82' lang='lat' dir='ltr'><strong>An-</strong></span> 
     </span>
    </p>
   </div>
   <div class='ocr_carea' id='block_1_60' title="bbox 353 4701 792 4775">
    <p class='ocr_par' dir='ltr' id='par_1_60' title="bbox 353 4701 792 4775">
     <span class='ocr_line' id='line_1_60' title="bbox 353 4701 792 4775; baseline -0.005 -17"><span class='ocrx_word' id='word_1_377' title='bbox 353 4704 531 4764; x_wconf 66' lang='lat' dir='ltr'><strong>tiocln,</strong></span> <span class='ocrx_word' id='word_1_378' title='bbox 568 4704 643 4756; x_wconf 78' lang='lat' dir='ltr'><strong>ui.</strong></span> <span class='ocrx_word' id='word_1_379' title='bbox 682 4701 792 4775; x_wconf 72' lang='lat' dir='ltr'><strong>is).</strong></span> 
     </span>
    </p>
   </div>
   <div class='ocr_carea' id='block_1_61' title="bbox 426 4792 1955 4866">
    <p class='ocr_par' dir='ltr' id='par_1_61' title="bbox 426 4792 1955 4866">
     <span class='ocr_line' id='line_1_61' title="bbox 426 4792 1955 4866; baseline -0.001 -16"><span class='ocrx_word' id='word_1_380' title='bbox 426 4795 480 4850; x_wconf 87' lang='lat'><strong>8.</strong></span> <span class='ocrx_word' id='word_1_381' title='bbox 546 4792 617 4850; x_wconf 92' lang='lat' dir='ltr'><strong>Ut</strong></span> <span class='ocrx_word' id='word_1_382' title='bbox 662 4792 949 4862; x_wconf 54' lang='lat' dir='ltr'><strong>episcopus</strong></span> <span class='ocrx_word' id='word_1_383' title='bbox 1014 4793 1104 4863; x_wconf 86' lang='lat' dir='ltr'><strong>qui</strong></span> <span class='ocrx_word' id='word_1_384' title='bbox 1149 4793 1425 4848; x_wconf 86' lang='lat' dir='ltr'><strong>ordinatus</strong></span> <span class='ocrx_word' id='word_1_385' title='bbox 1475 4809 1580 4850; x_wconf 90' lang='lat' dir='ltr'><strong>non</strong></span> <span class='ocrx_word' id='word_1_386' title='bbox 1632 4799 1955 4866; x_wconf 68' lang='lat' dir='ltr'><strong>suscipitur,</strong></span> 
     </span>
    </p>
   </div>
   <div class='ocr_carea' id='block_1_62' title="bbox 354 4884 1944 4955">
    <p class='ocr_par' dir='ltr' id='par_1_62' title="bbox 354 4884 1944 4955">
     <span class='ocr_line' id='line_1_62' title="bbox 354 4884 1944 4955; baseline 0.003 -14"><span class='ocrx_word' id='word_1_387' title='bbox 354 4887 514 4941; x_wconf 85' lang='lat' dir='ltr'><strong>aliam</strong></span> <span class='ocrx_word' id='word_1_388' title='bbox 548 4884 841 4940; x_wconf 87' lang='lat' dir='ltr'><strong>Ecc&#39;esiam</strong></span> <span class='ocrx_word' id='word_1_389' title='bbox 872 4900 976 4939; x_wconf 92' lang='lat' dir='ltr'><strong>non</strong></span> <span class='ocrx_word' id='word_1_390' title='bbox 1009 4893 1275 4955; x_wconf 88' lang='lat' dir='ltr'><strong>occupet;</strong></span> <span class='ocrx_word' id='word_1_391' title='bbox 1332 4887 1427 4942; x_wconf 87' lang='lat' dir='ltr'><strong>sed</strong></span> <span class='ocrx_word' id='word_1_392' title='bbox 1480 4888 1533 4941; x_wconf 91' lang='lat' dir='ltr'><strong>in</strong></span> <span class='ocrx_word' id='word_1_393' title='bbox 1578 4888 1818 4943; x_wconf 75' lang='lat' dir='ltr'><strong>Ecclesia</strong></span> <span class='ocrx_word' id='word_1_394' title='bbox 1855 4892 1944 4946; x_wconf 90' lang='lat' dir='ltr'><strong>ubi</strong></span> 
     </span>
    </p>
   </div>
   <div class='ocr_carea' id='block_1_63' title="bbox 352 4976 1943 5054">
    <p class='ocr_par' dir='ltr' id='par_1_63' title="bbox 352 4976 1943 5054">
     <span class='ocr_line' id='line_1_63' title="bbox 352 4976 1943 5054; baseline 0.003 -22"><span class='ocrx_word' id='word_1_395' title='bbox 352 4979 636 5049; x_wconf 59' lang='lat' dir='ltr'><strong>presbyter</strong></span> <span class='ocrx_word' id='word_1_396' title='bbox 688 4976 860 5031; x_wconf 80' lang='lat' dir='ltr'><strong>fuerat</strong></span> <span class='ocrx_word' id='word_1_397' title='bbox 912 4987 1160 5047; x_wconf 86' lang='lat' dir='ltr'><strong>tanquam</strong></span> <span class='ocrx_word' id='word_1_398' title='bbox 1214 4980 1495 5052; x_wconf 85' lang='lat' dir='ltr'><strong>presbyter</strong></span> <span class='ocrx_word' id='word_1_399' title='bbox 1541 4981 1727 5036; x_wconf 85' lang='lat' dir='ltr'><strong>sedeat</strong></span> <span class='ocrx_word' id='word_1_400' title='bbox 1762 4981 1943 5054; x_wconf 88' lang='lat' dir='ltr'><strong>(Couc.</strong></span> 
     </span>
    </p>
   </div>
   <div class='ocr_carea' id='block_1_64' title="bbox 355 5069 903 5141">
    <p class='ocr_par' dir='ltr' id='par_1_64' title="bbox 355 5069 903 5141">
     <span class='ocr_line' id='line_1_64' title="bbox 355 5069 903 5141; baseline -0.007 -14"><span class='ocrx_word' id='word_1_401' title='bbox 355 5072 636 5141; x_wconf 78' lang='lat' dir='ltr'><strong>Anquirit.,</strong></span> <span class='ocrx_word' id='word_1_402' title='bbox 670 5071 751 5124; x_wconf 78' lang='lat' dir='ltr'><strong>tit.</strong></span> <span class='ocrx_word' id='word_1_403' title='bbox 788 5069 903 5139; x_wconf 88' lang='lat'><strong>18).</strong></span> 
     </span>
    </p>
   </div>
   <div class='ocr_carea' id='block_1_65' title="bbox 2102 2399 3629 2476">
    <p class='ocr_par' dir='ltr' id='par_1_65' title="bbox 2102 2399 3629 2476">
     <span class='ocr_line' id='line_1_65' title="bbox 2102 2399 3629 2476; baseline 0.015 -24"><span class='ocrx_word' id='word_1_404' title='bbox 2102 2399 2189 2453; x_wconf 89' lang='lat'><strong>12.</strong></span> <span class='ocrx_word' id='word_1_405' title='bbox 2236 2400 2306 2457; x_wconf 89' lang='lat' dir='ltr'><strong>Ut</strong></span> <span class='ocrx_word' id='word_1_406' title='bbox 2337 2401 2622 2472; x_wconf 87' lang='lat' dir='ltr'><strong>episcopus</strong></span> <span class='ocrx_word' id='word_1_407' title='bbox 2670 2407 2723 2461; x_wconf 86' lang='lat' dir='ltr'><strong>&#39;rn</strong></span> <span class='ocrx_word' id='word_1_408' title='bbox 2777 2408 2898 2463; x_wconf 87' lang='lat' dir='ltr'><strong>villa</strong></span> <span class='ocrx_word' id='word_1_409' title='bbox 2924 2410 3010 2464; x_wconf 79' lang='lat' dir='ltr'><strong>vel</strong></span> <span class='ocrx_word' id='word_1_410' title='bbox 3047 2412 3164 2467; x_wconf 86' lang='lat' dir='ltr'><strong>vico</strong></span> <span class='ocrx_word' id='word_1_411' title='bbox 3211 2430 3315 2469; x_wconf 89' lang='lat' dir='ltr'><strong>non</strong></span> <span class='ocrx_word' id='word_1_412' title='bbox 3354 2417 3629 2476; x_wconf 79' lang='lat' dir='ltr'><strong>ordinetur</strong></span> 
     </span>
    </p>
   </div>
   <div class='ocr_carea' id='block_1_66' title="bbox 2033 2490 2729 2562">
    <p class='ocr_par' dir='ltr' id='par_1_66' title="bbox 2033 2490 2729 2562">
     <span class='ocr_line' id='line_1_66' title="bbox 2033 2490 2729 2562; baseline 0.01 -17"><span class='ocrx_word' id='word_1_413' title='bbox 2033 2490 2213 2562; x_wconf 70' lang='lat' dir='ltr'><strong>(Coac.</strong></span> <span class='ocrx_word' id='word_1_414' title='bbox 2241 2493 2477 2561; x_wconf 87' lang='lat' dir='ltr'><strong>Laodic.,</strong></span> <span class='ocrx_word' id='word_1_415' title='bbox 2508 2500 2587 2552; x_wconf 65' lang='lat' dir='ltr'><strong>tit.</strong></span> <span class='ocrx_word' id='word_1_416' title='bbox 2615 2497 2729 2562; x_wconf 77' lang='lat'><strong>55).</strong></span> 
     </span>
    </p>
   </div>
   <div class='ocr_carea' id='block_1_67' title="bbox 2110 2595 3629 2683">
    <p class='ocr_par' dir='ltr' id='par_1_67' title="bbox 2110 2595 3629 2683">
     <span class='ocr_line' id='line_1_67' title="bbox 2110 2595 3629 2683; baseline 0.015 -35"><span class='ocrx_word' id='word_1_417' title='bbox 2110 2596 2195 2651; x_wconf 78' lang='lat'><strong>13.</strong></span> <span class='ocrx_word' id='word_1_418' title='bbox 2239 2595 2308 2652; x_wconf 88' lang='lat' dir='ltr'><strong>Ut</strong></span> <span class='ocrx_word' id='word_1_419' title='bbox 2335 2597 2623 2667; x_wconf 86' lang='lat' dir='ltr'><strong>episcopus</strong></span> <span class='ocrx_word' id='word_1_420' title='bbox 2654 2617 2759 2656; x_wconf 83' lang='lat' dir='ltr'><strong>nou</strong></span> <span class='ocrx_word' id='word_1_421' title='bbox 2787 2604 3070 2661; x_wconf 82' lang='lat' dir='ltr'><strong>ordinetur</strong></span> <span class='ocrx_word' id='word_1_422' title='bbox 3113 2607 3164 2661; x_wconf 91' lang='lat' dir='ltr'><strong>in</strong></span> <span class='ocrx_word' id='word_1_423' title='bbox 3202 2609 3478 2667; x_wconf 68' lang='lat' dir='ltr'><strong>dimcesim</strong></span> <span class='ocrx_word' id='word_1_424' title='bbox 3511 2630 3629 2683; x_wconf 75' lang='lat' dir='ltr'><strong>qum</strong></span> 
     </span>
    </p>
   </div>
   <div class='ocr_carea' id='block_1_68' title="bbox 2034 2689 3630 2776">
    <p class='ocr_par' dir='ltr' id='par_1_68' title="bbox 2034 2689 3630 2776">
     <span class='ocr_line' id='line_1_68' title="bbox 2034 2689 3630 2776; baseline 0.013 -34"><span class='ocrx_word' id='word_1_425' title='bbox 2034 2689 2347 2759; x_wconf 85' lang='lat' dir='ltr'><strong>episcopum</strong></span> <span class='ocrx_word' id='word_1_426' title='bbox 2381 2707 2649 2763; x_wconf 86' lang='lat' dir='ltr'><strong>nunquam</strong></span> <span class='ocrx_word' id='word_1_427' title='bbox 2690 2697 2893 2759; x_wconf 82' lang='lat' dir='ltr'><strong>habuit,</strong></span> <span class='ocrx_word' id='word_1_428' title='bbox 2928 2700 3032 2753; x_wconf 86' lang='lat' dir='ltr'><strong>nisi</strong></span> <span class='ocrx_word' id='word_1_429' title='bbox 3065 2716 3187 2755; x_wconf 89' lang='lat' dir='ltr'><strong>cum</strong></span> <span class='ocrx_word' id='word_1_430' title='bbox 3219 2704 3497 2761; x_wconf 87' lang='lat' dir='ltr'><strong>voluntate</strong></span> <span class='ocrx_word' id='word_1_431' title='bbox 3519 2709 3630 2776; x_wconf 83' lang='lat' dir='ltr'><strong>cpi-</strong></span> 
     </span>
    </p>
   </div>
   <div class='ocr_carea' id='block_1_69' title="bbox 2034 2782 3629 2861">
    <p class='ocr_par' dir='ltr' id='par_1_69' title="bbox 2034 2782 3629 2861">
     <span class='ocr_line' id='line_1_69' title="bbox 2034 2782 3629 2861; baseline 0.013 -28"><span class='ocrx_word' id='word_1_432' title='bbox 2034 2782 2183 2851; x_wconf 89' lang='lat' dir='ltr'><strong>scopi</strong></span> <span class='ocrx_word' id='word_1_433' title='bbox 2235 2783 2303 2838; x_wconf 90' lang='lat' dir='ltr'><strong>ad</strong></span> <span class='ocrx_word' id='word_1_434' title='bbox 2338 2800 2496 2854; x_wconf 90' lang='lat' dir='ltr'><strong>quem</strong></span> <span class='ocrx_word' id='word_1_435' title='bbox 2545 2786 2658 2855; x_wconf 88' lang='lat' dir='ltr'><strong>ipsa</strong></span> <span class='ocrx_word' id='word_1_436' title='bbox 2688 2787 2942 2845; x_wconf 69' lang='lat' dir='ltr'><strong>dicet-esis</strong></span> <span class='ocrx_word' id='word_1_437' title='bbox 2974 2795 3238 2861; x_wconf 71' lang='lat' dir='ltr'><strong>pertinet;</strong></span> <span class='ocrx_word' id='word_1_438' title='bbox 3289 2811 3354 2850; x_wconf 83' lang='lat' dir='ltr'><strong>ex</strong></span> <span class='ocrx_word' id='word_1_439' title='bbox 3400 2800 3629 2854; x_wconf 82' lang='lat' dir='ltr'><strong>concilio</strong></span> 
     </span>
    </p>
   </div>
   <div class='ocr_carea' id='block_1_70' title="bbox 2037 2877 3630 2959">
    <p class='ocr_par' dir='ltr' id='par_1_70' title="bbox 2037 2877 3630 2959">
     <span class='ocr_line' id='line_1_70' title="bbox 2037 2877 3630 2959; baseline 0.009 -31"><span class='ocrx_word' id='word_1_440' title='bbox 2037 2884 2215 2929; x_wconf 89' lang='lat' dir='ltr'><strong>tamen</strong></span> <span class='ocrx_word' id='word_1_441' title='bbox 2262 2877 2503 2945; x_wconf 85' lang='lat' dir='ltr'><strong>plen-ario</strong></span> <span class='ocrx_word' id='word_1_442' title='bbox 2551 2888 2607 2934; x_wconf 91' lang='lat' dir='ltr'><strong>et</strong></span> <span class='ocrx_word' id='word_1_443' title='bbox 2650 2881 2894 2949; x_wconf 87' lang='lat' dir='ltr'><strong>primatis</strong></span> <span class='ocrx_word' id='word_1_444' title='bbox 2932 2885 3253 2943; x_wconf 69' lang='lat' dir='ltr'><strong>auctoritate</strong></span> <span class='ocrx_word' id='word_1_445' title='bbox 3281 2888 3461 2959; x_wconf 73' lang='lat' dir='ltr'><strong>(Cum.</strong></span> <span class='ocrx_word' id='word_1_446' title='bbox 3506 2891 3630 2944; x_wconf 79' lang='lat' dir='ltr'><strong>Cur-</strong></span> 
     </span>
    </p>
   </div>
   <div class='ocr_carea' id='block_1_71' title="bbox 2037 2964 3629 3051">
    <p class='ocr_par' dir='ltr' id='par_1_71' title="bbox 2037 2964 3629 3051">
     <span class='ocr_line' id='line_1_71' title="bbox 2037 2964 3629 3051; baseline 0.013 -34"><span class='ocrx_word' id='word_1_447' title='bbox 2037 2964 2204 3037; x_wconf 81' lang='lat' dir='ltr'><strong>thag.,</strong></span> <span class='ocrx_word' id='word_1_448' title='bbox 2235 2971 2315 3022; x_wconf 88' lang='lat' dir='ltr'><strong>tit.</strong></span> <span class='ocrx_word' id='word_1_449' title='bbox 2360 2967 2450 3037; x_wconf 84' lang='lat'><strong>52,</strong></span> <span class='ocrx_word' id='word_1_450' title='bbox 2485 2972 2605 3026; x_wconf 85' lang='lat' dir='ltr'><strong>item</strong></span> <span class='ocrx_word' id='word_1_451' title='bbox 2653 2973 2759 3040; x_wconf 66' lang='lat'><strong>54;</strong></span> <span class='ocrx_word' id='word_1_452' title='bbox 2806 2990 2950 3030; x_wconf 78' lang='lat' dir='ltr'><strong>conc.</strong></span> <span class='ocrx_word' id='word_1_453' title='bbox 3000 2976 3246 3051; x_wconf 66' lang='lat' dir='ltr'><strong>Cati/tog.</strong></span> <span class='ocrx_word' id='word_1_454' title='bbox 3294 2981 3344 3035; x_wconf 84' lang='lat' dir='ltr'><strong>in</strong></span> <span class='ocrx_word' id='word_1_455' title='bbox 3397 2983 3629 3050; x_wconf 75' lang='lat' dir='ltr'><strong>basilica,</strong></span> 
     </span>
    </p>
   </div>
   <div class='ocr_carea' id='block_1_72' title="bbox 2036 3057 2222 3125">
    <p class='ocr_par' dir='ltr' id='par_1_72' title="bbox 2036 3057 2222 3125">
     <span class='ocr_line' id='line_1_72' title="bbox 2036 3057 2222 3125; baseline 0.016 -18"><span class='ocrx_word' id='word_1_456' title='bbox 2036 3057 2112 3111; x_wconf 88' lang='lat' dir='ltr'><strong>tit.</strong></span> <span class='ocrx_word' id='word_1_457' title='bbox 2145 3058 2222 3125; x_wconf 85' lang='lat'><strong>5).</strong></span> 
     </span>
    </p>
   </div>
   <div class='ocr_carea' id='block_1_73' title="bbox 2112 3160 3630 3247">
    <p class='ocr_par' dir='ltr' id='par_1_73' title="bbox 2112 3160 3630 3247">
     <span class='ocr_line' id='line_1_73' title="bbox 2112 3160 3630 3247; baseline 0.014 -35"><span class='ocrx_word' id='word_1_458' title='bbox 2112 3160 2199 3214; x_wconf 76' lang='grc' dir='ltr'>Η.</span> <span class='ocrx_word' id='word_1_459' title='bbox 2244 3160 2308 3214; x_wconf 60' lang='lat' dir='ltr'><strong>lit</strong></span> <span class='ocrx_word' id='word_1_460' title='bbox 2354 3164 2643 3235; x_wconf 78' lang='lat' dir='ltr'><strong>episeOpus</strong></span> <span class='ocrx_word' id='word_1_461' title='bbox 2699 3166 2750 3220; x_wconf 92' lang='lat' dir='ltr'><strong>in</strong></span> <span class='ocrx_word' id='word_1_462' title='bbox 2802 3167 3078 3225; x_wconf 71' lang='lat' dir='ltr'><strong>dZoscesim</strong></span> <span class='ocrx_word' id='word_1_463' title='bbox 3135 3174 3416 3231; x_wconf 82' lang='lat' dir='ltr'><strong>ordinatus</strong></span> <span class='ocrx_word' id='word_1_464' title='bbox 3460 3178 3630 3247; x_wconf 84' lang='lat' dir='ltr'><strong>ipsam</strong></span> 
     </span>
    </p>
   </div>
   <div class='ocr_carea' id='block_1_74' title="bbox 2038 3254 3211 3333">
    <p class='ocr_par' dir='ltr' id='par_1_74' title="bbox 2038 3254 3211 3333">
     <span class='ocr_line' id='line_1_74' title="bbox 2038 3254 3211 3333; baseline 0.014 -28"><span class='ocrx_word' id='word_1_465' title='bbox 2038 3254 2209 3309; x_wconf 81' lang='lat' dir='ltr'><strong>solam</strong></span> <span class='ocrx_word' id='word_1_466' title='bbox 2244 3266 2425 3310; x_wconf 88' lang='lat' dir='ltr'><strong>teneat</strong></span> <span class='ocrx_word' id='word_1_467' title='bbox 2457 3257 2643 3326; x_wconf 78' lang='lat' dir='ltr'><strong>(Couc.</strong></span> <span class='ocrx_word' id='word_1_468' title='bbox 2677 3259 2950 3333; x_wconf 75' lang='lat' dir='ltr'><strong>Cartlwg.,</strong></span> <span class='ocrx_word' id='word_1_469' title='bbox 2986 3266 3063 3318; x_wconf 89' lang='lat' dir='ltr'><strong>tit.</strong></span> <span class='ocrx_word' id='word_1_470' title='bbox 3097 3264 3211 3333; x_wconf 70' lang='grc' dir='ltr'>δι).</span> 
     </span>
    </p>
   </div>
   <div class='ocr_carea' id='block_1_75' title="bbox 2112 3360 3631 3440">
    <p class='ocr_par' dir='ltr' id='par_1_75' title="bbox 2112 3360 3631 3440">
     <span class='ocr_line' id='line_1_75' title="bbox 2112 3360 3631 3440; baseline 0.013 -25"><span class='ocrx_word' id='word_1_471' title='bbox 2112 3360 2200 3417; x_wconf 83' lang='lat'><strong>15.</strong></span> <span class='ocrx_word' id='word_1_472' title='bbox 2244 3361 2309 3416; x_wconf 88' lang='lat' dir='ltr'><strong>Ut</strong></span> <span class='ocrx_word' id='word_1_473' title='bbox 2349 3364 2608 3436; x_wconf 79' lang='lat' dir='ltr'><strong>episcopi,</strong></span> <span class='ocrx_word' id='word_1_474' title='bbox 2642 3375 2696 3421; x_wconf 88' lang='lat' dir='ltr'><strong>et</strong></span> <span class='ocrx_word' id='word_1_475' title='bbox 2728 3370 3047 3440; x_wconf 67' lang='lat' dir='ltr'><strong>presbyteri,</strong></span> <span class='ocrx_word' id='word_1_476' title='bbox 3082 3382 3132 3426; x_wconf 90' lang='lat' dir='ltr'><strong>et</strong></span> <span class='ocrx_word' id='word_1_477' title='bbox 3161 3374 3377 3430; x_wconf 87' lang='lat' dir='ltr'><strong>diaconi</strong></span> <span class='ocrx_word' id='word_1_478' title='bbox 3410 3394 3513 3432; x_wconf 90' lang='lat' dir='ltr'><strong>nou</strong></span> <span class='ocrx_word' id='word_1_479' title='bbox 3539 3396 3631 3433; x_wconf 89' lang='lat' dir='ltr'><strong>or-</strong></span> 
     </span>
    </p>
   </div>
   <div class='ocr_carea' id='block_1_76' title="bbox 2037 3454 3631 3530">
    <p class='ocr_par' dir='ltr' id='par_1_76' title="bbox 2037 3454 3631 3530">
     <span class='ocr_line' id='line_1_76' title="bbox 2037 3454 3631 3530; baseline 0.012 -22"><span class='ocrx_word' id='word_1_480' title='bbox 2037 3454 2333 3521; x_wconf 88' lang='lat' dir='ltr'><strong>dinentur,</strong></span> <span class='ocrx_word' id='word_1_481' title='bbox 2397 3458 2500 3512; x_wconf 90' lang='lat' dir='ltr'><strong>nisi</strong></span> <span class='ocrx_word' id='word_1_482' title='bbox 2555 3476 2745 3530; x_wconf 83' lang='lat' dir='ltr'><strong>omnes</strong></span> <span class='ocrx_word' id='word_1_483' title='bbox 2796 3476 2924 3516; x_wconf 91' lang='lat' dir='ltr'><strong>suos</strong></span> <span class='ocrx_word' id='word_1_484' title='bbox 3004 3463 3339 3524; x_wconf 84' lang='lat' dir='ltr'><strong>Christianos</strong></span> <span class='ocrx_word' id='word_1_485' title='bbox 3406 3470 3631 3526; x_wconf 79' lang='lat' dir='ltr'><strong>fecerint</strong></span> 
     </span>
    </p>
   </div>
   <div class='ocr_carea' id='block_1_77' title="bbox 2043 3549 2746 3627">
    <p class='ocr_par' dir='ltr' id='par_1_77' title="bbox 2043 3549 2746 3627">
     <span class='ocr_line' id='line_1_77' title="bbox 2043 3549 2746 3627; baseline 0.009 -24"><span class='ocrx_word' id='word_1_486' title='bbox 2043 3549 2225 3621; x_wconf 85' lang='lat' dir='ltr'><strong>(Conc.</strong></span> <span class='ocrx_word' id='word_1_487' title='bbox 2253 3550 2524 3625; x_wconf 83' lang='lat' dir='ltr'><strong>Cartlmg.,</strong></span> <span class='ocrx_word' id='word_1_488' title='bbox 2555 3556 2635 3608; x_wconf 84' lang='lat' dir='ltr'><strong>tit.</strong></span> <span class='ocrx_word' id='word_1_489' title='bbox 2666 3555 2746 3627; x_wconf 80' lang='lat'><strong>5).</strong></span> 
     </span>
    </p>
   </div>
   <div class='ocr_carea' id='block_1_78' title="bbox 2115 3651 3631 3727">
    <p class='ocr_par' dir='ltr' id='par_1_78' title="bbox 2115 3651 3631 3727">
     <span class='ocr_line' id='line_1_78' title="bbox 2115 3651 3631 3727; baseline 0.013 -24"><span class='ocrx_word' id='word_1_490' title='bbox 2115 3651 2200 3707; x_wconf 87' lang='lat'><strong>16.</strong></span> <span class='ocrx_word' id='word_1_491' title='bbox 2247 3651 2314 3707; x_wconf 89' lang='lat' dir='ltr'><strong>Ut</strong></span> <span class='ocrx_word' id='word_1_492' title='bbox 2343 3654 2603 3723; x_wconf 76' lang='lat' dir='ltr'><strong>episcopi,</strong></span> <span class='ocrx_word' id='word_1_493' title='bbox 2638 3658 2965 3727; x_wconf 81' lang='lat' dir='ltr'><strong>presbyteri,</strong></span> <span class='ocrx_word' id='word_1_494' title='bbox 2998 3670 3052 3714; x_wconf 91' lang='lat' dir='ltr'><strong>et</strong></span> <span class='ocrx_word' id='word_1_495' title='bbox 3083 3659 3295 3716; x_wconf 89' lang='lat' dir='ltr'><strong>diaconi</strong></span> <span class='ocrx_word' id='word_1_496' title='bbox 3342 3665 3409 3720; x_wconf 87' lang='lat' dir='ltr'><strong>ab</strong></span> <span class='ocrx_word' id='word_1_497' title='bbox 3454 3668 3631 3722; x_wconf 82' lang='lat' dir='ltr'><strong>uxori-</strong></span> 
     </span>
    </p>
   </div>
   <div class='ocr_carea' id='block_1_79' title="bbox 2042 3742 3631 3821">
    <p class='ocr_par' dir='ltr' id='par_1_79' title="bbox 2042 3742 3631 3821">
     <span class='ocr_line' id='line_1_79' title="bbox 2042 3742 3631 3821; baseline 0.013 -26"><span class='ocrx_word' id='word_1_498' title='bbox 2042 3742 2140 3796; x_wconf 89' lang='lat' dir='ltr'><strong>bus</strong></span> <span class='ocrx_word' id='word_1_499' title='bbox 2168 3743 2471 3797; x_wconf 85' lang='lat' dir='ltr'><strong>abstineant</strong></span> <span class='ocrx_word' id='word_1_500' title='bbox 2513 3744 2694 3816; x_wconf 82' lang='lat' dir='ltr'><strong>(Couc.</strong></span> <span class='ocrx_word' id='word_1_501' title='bbox 2753 3746 3024 3821; x_wconf 78' lang='lat' dir='ltr'><strong>Curtltag.,</strong></span> <span class='ocrx_word' id='word_1_502' title='bbox 3077 3752 3155 3806; x_wconf 87' lang='lat' dir='ltr'><strong>tit.</strong></span> <span class='ocrx_word' id='word_1_503' title='bbox 3206 3754 3265 3820; x_wconf 82' lang='lat'><strong>1;</strong></span> <span class='ocrx_word' id='word_1_504' title='bbox 3316 3773 3459 3811; x_wconf 85' lang='lat' dir='ltr'><strong>conc.</strong></span> <span class='ocrx_word' id='word_1_505' title='bbox 3509 3758 3631 3815; x_wconf 84' lang='lat' dir='ltr'><strong>Zel-</strong></span> 
     </span>
    </p>
   </div>
   <div class='ocr_carea' id='block_1_80' title="bbox 2043 3836 2719 3908">
    <p class='ocr_par' dir='ltr' id='par_1_80' title="bbox 2043 3836 2719 3908">
     <span class='ocr_line' id='line_1_80' title="bbox 2043 3836 2719 3908; baseline -0.001 -16"><span class='ocrx_word' id='word_1_506' title='bbox 2043 3836 2193 3908; x_wconf 83' lang='lat' dir='ltr'><strong>lens.)</strong></span> <span class='ocrx_word' id='word_1_507' title='bbox 2206 3877 2220 3891; x_wconf 95' lang='lat'><strong>.</strong></span> <span class='ocrx_word' id='word_1_508' title='bbox 2705 3840 2719 3851; x_wconf 87' lang='lat'><strong><em>&#39;</em></strong></span> 
     </span>
    </p>
   </div>
   <div class='ocr_carea' id='block_1_81' title="bbox 2118 3938 3631 4017">
    <p class='ocr_par' dir='ltr' id='par_1_81' title="bbox 2118 3938 3631 4017">
     <span class='ocr_line' id='line_1_81' title="bbox 2118 3938 3631 4017; baseline 0.014 -26"><span class='ocrx_word' id='word_1_509' title='bbox 2118 3938 2203 3993; x_wconf 85' lang='lat'><strong>17.</strong></span> <span class='ocrx_word' id='word_1_510' title='bbox 2248 3939 2317 3995; x_wconf 89' lang='lat' dir='ltr'><strong>Ut</strong></span> <span class='ocrx_word' id='word_1_511' title='bbox 2348 3939 2522 3994; x_wconf 67' lang='lat' dir='ltr'><strong>nullus</strong></span> <span class='ocrx_word' id='word_1_512' title='bbox 2552 3941 2862 4012; x_wconf 86' lang='lat' dir='ltr'><strong>episcopus,</strong></span> <span class='ocrx_word' id='word_1_513' title='bbox 2893 3944 3110 4001; x_wconf 85' lang='lat' dir='ltr'><strong>dimi-sa</strong></span> <span class='ocrx_word' id='word_1_514' title='bbox 3136 3949 3379 4017; x_wconf 83' lang='lat' dir='ltr'><strong>matrice,</strong></span> <span class='ocrx_word' id='word_1_515' title='bbox 3415 3952 3467 4006; x_wconf 89' lang='lat' dir='ltr'><strong>in</strong></span> <span class='ocrx_word' id='word_1_516' title='bbox 3498 3954 3631 4011; x_wconf 72' lang='lat' dir='ltr'><strong>(tioc-</strong></span> 
     </span>
    </p>
   </div>
   <div class='ocr_carea' id='block_1_82' title="bbox 2043 4032 3316 4114">
    <p class='ocr_par' dir='ltr' id='par_1_82' title="bbox 2043 4032 3316 4114">
     <span class='ocr_line' id='line_1_82' title="bbox 2043 4032 3316 4114; baseline 0.008 -27"><span class='ocrx_word' id='word_1_517' title='bbox 2043 4034 2149 4088; x_wconf 76' lang='lat' dir='ltr'><strong>Ct&#39;Si</strong></span> <span class='ocrx_word' id='word_1_518' title='bbox 2182 4049 2241 4089; x_wconf 87' lang='lat' dir='ltr'><strong>se</strong></span> <span class='ocrx_word' id='word_1_519' title='bbox 2282 4035 2573 4093; x_wconf 66' lang='grc' dir='ltr'><strong>οοιιειίιιιιι</strong></span> <span class='ocrx_word' id='word_1_520' title='bbox 2607 4032 2788 4108; x_wconf 86' lang='lat' dir='ltr'><strong>(Conc.</strong></span> <span class='ocrx_word' id='word_1_521' title='bbox 2821 4037 3092 4111; x_wconf 81' lang='lat' dir='ltr'><strong>Curthag.,</strong></span> <span class='ocrx_word' id='word_1_522' title='bbox 3125 4043 3204 4096; x_wconf 81' lang='lat' dir='ltr'><strong>tit.</strong></span> <span class='ocrx_word' id='word_1_523' title='bbox 3238 4043 3316 4114; x_wconf 85' lang='grc'><strong>6).</strong></span> 
     </span>
    </p>
   </div>
   <div class='ocr_carea' id='block_1_83' title="bbox 2118 4136 3632 4207">
    <p class='ocr_par' dir='ltr' id='par_1_83' title="bbox 2118 4136 3632 4207">
     <span class='ocr_line' id='line_1_83' title="bbox 2118 4136 3632 4207; baseline 0.011 -18"><span class='ocrx_word' id='word_1_524' title='bbox 2118 4136 2204 4190; x_wconf 83' lang='grc'>18.</span> <span class='ocrx_word' id='word_1_525' title='bbox 2250 4136 2317 4191; x_wconf 84' lang='lat' dir='ltr'><strong>Ut</strong></span> <span class='ocrx_word' id='word_1_526' title='bbox 2358 4137 2602 4207; x_wconf 88' lang='lat' dir='ltr'><strong>episcopi</strong></span> <span class='ocrx_word' id='word_1_527' title='bbox 2632 4138 2714 4193; x_wconf 87' lang='lat' dir='ltr'><strong>vel</strong></span> <span class='ocrx_word' id='word_1_528' title='bbox 2739 4139 2923 4195; x_wconf 89' lang='lat' dir='ltr'><strong>clerici</strong></span> <span class='ocrx_word' id='word_1_529' title='bbox 2946 4142 3016 4197; x_wconf 86' lang='lat' dir='ltr'><strong>de</strong></span> <span class='ocrx_word' id='word_1_530' title='bbox 3038 4145 3254 4199; x_wconf 71' lang='lat' dir='ltr'><strong>civ‘tate</strong></span> <span class='ocrx_word' id='word_1_531' title='bbox 3276 4148 3341 4200; x_wconf 85' lang='lat' dir='ltr'><strong>ad</strong></span> <span class='ocrx_word' id='word_1_532' title='bbox 3365 4150 3632 4207; x_wconf 67' lang='lat' dir='ltr'><strong>civitatein</strong></span> 
     </span>
    </p>
   </div>
   <div class='ocr_carea' id='block_1_84' title="bbox 2046 4233 3639 4308">
    <p class='ocr_par' dir='ltr' id='par_1_84' title="bbox 2046 4233 3639 4308">
     <span class='ocr_line' id='line_1_84' title="bbox 2046 4233 3639 4308; baseline 0.008 -25"><span class='ocrx_word' id='word_1_533' title='bbox 2046 4247 2150 4286; x_wconf 90' lang='lat' dir='ltr'><strong>non</strong></span> <span class='ocrx_word' id='word_1_534' title='bbox 2184 4240 2477 4298; x_wconf 80' lang='lat' dir='ltr'><strong>transeant,</strong></span> <span class='ocrx_word' id='word_1_535' title='bbox 2506 4246 2684 4301; x_wconf 88' lang='lat' dir='ltr'><strong>neque</strong></span> <span class='ocrx_word' id='word_1_536' title='bbox 2734 4233 2802 4287; x_wconf 91' lang='lat' dir='ltr'><strong>de</strong></span> <span class='ocrx_word' id='word_1_537' title='bbox 2850 4236 3123 4303; x_wconf 58' lang='lat' dir='ltr'><strong>provi&#39;cia</strong></span> <span class='ocrx_word' id='word_1_538' title='bbox 3185 4240 3248 4291; x_wconf 89' lang='lat' dir='ltr'><strong>ad</strong></span> <span class='ocrx_word' id='word_1_539' title='bbox 3311 4243 3639 4308; x_wconf 85' lang='lat' dir='ltr'><strong>provinciam</strong></span> 
     </span>
    </p>
   </div>
   <div class='ocr_carea' id='block_1_85' title="bbox 2046 4324 3637 4403">
    <p class='ocr_par' dir='ltr' id='par_1_85' title="bbox 2046 4324 3637 4403">
     <span class='ocr_line' id='line_1_85' title="bbox 2046 4324 3637 4403; baseline 0.009 -24"><span class='ocrx_word' id='word_1_540' title='bbox 2046 4324 2229 4395; x_wconf 76' lang='lat' dir='ltr'><strong>(Cone.</strong></span> <span class='ocrx_word' id='word_1_541' title='bbox 2264 4325 2500 4389; x_wconf 75' lang='lat' dir='ltr'><strong>Nicwn.,</strong></span> <span class='ocrx_word' id='word_1_542' title='bbox 2534 4325 2613 4379; x_wconf 88' lang='lat' dir='ltr'><strong>tit.</strong></span> <span class='ocrx_word' id='word_1_543' title='bbox 2652 4327 2749 4392; x_wconf 85' lang='lat'><strong>11;</strong></span> <span class='ocrx_word' id='word_1_544' title='bbox 2790 4342 2933 4380; x_wconf 86' lang='lat' dir='ltr'><strong>conr.</strong></span> <span class='ocrx_word' id='word_1_545' title='bbox 2978 4327 3210 4391; x_wconf 86' lang='lat' dir='ltr'><strong>Sardic.,</strong></span> <span class='ocrx_word' id='word_1_546' title='bbox 3243 4336 3319 4387; x_wconf 85' lang='lat' dir='ltr'><strong>tit.</strong></span> <span class='ocrx_word' id='word_1_547' title='bbox 3345 4331 3401 4393; x_wconf 88' lang='lat'><strong>2.</strong></span> <span class='ocrx_word' id='word_1_548' title='bbox 3429 4338 3637 4403; x_wconf 62' lang='lat' dir='ltr'><strong>itemﬁ;</strong></span> 
     </span>
    </p>
   </div>
   <div class='ocr_carea' id='block_1_86' title="bbox 2047 4415 3635 4487">
    <p class='ocr_par' dir='ltr' id='par_1_86' title="bbox 2047 4415 3635 4487">
     <span class='ocr_line' id='line_1_86' title="bbox 2047 4415 3635 4487; baseline 0.009 -18"><span class='ocrx_word' id='word_1_549' title='bbox 2047 4432 2193 4469; x_wconf 84' lang='lat' dir='ltr'><strong>conc.</strong></span> <span class='ocrx_word' id='word_1_550' title='bbox 2241 4415 2502 4481; x_wconf 65' lang='lat' dir='ltr'><strong>Annae/1.,</strong></span> <span class='ocrx_word' id='word_1_551' title='bbox 2538 4416 2617 4468; x_wconf 88' lang='lat' dir='ltr'><strong>tit.</strong></span> <span class='ocrx_word' id='word_1_552' title='bbox 2667 4415 2719 4479; x_wconf 78' lang='lat'><strong>5,</strong></span> <span class='ocrx_word' id='word_1_553' title='bbox 2751 4418 2870 4470; x_wconf 87' lang='lat' dir='ltr'><strong>item</strong></span> <span class='ocrx_word' id='word_1_554' title='bbox 2920 4424 3001 4473; x_wconf 85' lang='lat' dir='ltr'><strong>tit.</strong></span> <span class='ocrx_word' id='word_1_555' title='bbox 3034 4420 3134 4487; x_wconf 89' lang='lat'><strong>21;</strong></span> <span class='ocrx_word' id='word_1_556' title='bbox 3164 4437 3312 4477; x_wconf 89' lang='lat' dir='ltr'><strong>conc.</strong></span> <span class='ocrx_word' id='word_1_557' title='bbox 3344 4424 3635 4483; x_wconf 72' lang='lat' dir='ltr'><strong>Cmstauti-</strong></span> 
     </span>
    </p>
   </div>
   <div class='ocr_carea' id='block_1_87' title="bbox 2046 4514 2749 4587">
    <p class='ocr_par' dir='ltr' id='par_1_87' title="bbox 2046 4514 2749 4587">
     <span class='ocr_line' id='line_1_87' title="bbox 2046 4514 2749 4587; baseline 0.003 -19"><span class='ocrx_word' id='word_1_558' title='bbox 2046 4532 2195 4587; x_wconf 64' lang='grc' dir='ltr'><strong>ηομ,</strong></span> <span class='ocrx_word' id='word_1_559' title='bbox 2228 4515 2306 4569; x_wconf 85' lang='lat' dir='ltr'><strong>tit.</strong></span> <span class='ocrx_word' id='word_1_560' title='bbox 2331 4514 2387 4579; x_wconf 81' lang='lat'><strong>2,</strong></span> <span class='ocrx_word' id='word_1_561' title='bbox 2424 4515 2541 4568; x_wconf 83' lang='lat' dir='ltr'><strong>item</strong></span> <span class='ocrx_word' id='word_1_562' title='bbox 2571 4516 2650 4569; x_wconf 88' lang='lat' dir='ltr'><strong>tit.</strong></span> <span class='ocrx_word' id='word_1_563' title='bbox 2673 4516 2749 4585; x_wconf 82' lang='lat'><strong>5).</strong></span> 
     </span>
    </p>
   </div>
   <div class='ocr_carea' id='block_1_88' title="bbox 2121 4605 3638 4676">
    <p class='ocr_par' dir='ltr' id='par_1_88' title="bbox 2121 4605 3638 4676">
     <span class='ocr_line' id='line_1_88' title="bbox 2121 4605 3638 4676; baseline 0.005 -17"><span class='ocrx_word' id='word_1_564' title='bbox 2121 4606 2208 4661; x_wconf 88' lang='lat'><strong>19.</strong></span> <span class='ocrx_word' id='word_1_565' title='bbox 2250 4606 2321 4661; x_wconf 89' lang='lat' dir='ltr'><strong>Ut</strong></span> <span class='ocrx_word' id='word_1_566' title='bbox 2346 4606 2584 4676; x_wconf 80' lang='lat' dir='ltr'><strong>episcopi</strong></span> <span class='ocrx_word' id='word_1_567' title='bbox 2636 4607 2688 4661; x_wconf 90' lang='lat' dir='ltr'><strong>in</strong></span> <span class='ocrx_word' id='word_1_568' title='bbox 2742 4605 2923 4661; x_wconf 83' lang='lat' dir='ltr'><strong>aliena</strong></span> <span class='ocrx_word' id='word_1_569' title='bbox 2978 4608 3199 4666; x_wconf 84' lang='lat' dir='ltr'><strong>civitate</strong></span> <span class='ocrx_word' id='word_1_570' title='bbox 3252 4620 3363 4665; x_wconf 86' lang='lat' dir='ltr'><strong>tres</strong></span> <span class='ocrx_word' id='word_1_571' title='bbox 3412 4622 3638 4667; x_wconf 72' lang='lat' dir='ltr'><strong>lantiun-</strong></span> 
     </span>
    </p>
   </div>
   <div class='ocr_carea' id='block_1_89' title="bbox 2049 4703 3519 4777">
    <p class='ocr_par' dir='ltr' id='par_1_89' title="bbox 2049 4703 3519 4777">
     <span class='ocr_line' id='line_1_89' title="bbox 2049 4703 3519 4777; baseline -0.002 -19"><span class='ocrx_word' id='word_1_572' title='bbox 2049 4705 2208 4758; x_wconf 91' lang='lat' dir='ltr'><strong>modo</strong></span> <span class='ocrx_word' id='word_1_573' title='bbox 2240 4705 2433 4758; x_wconf 79' lang='lat' dir='ltr'><strong>faciant</strong></span> <span class='ocrx_word' id='word_1_574' title='bbox 2460 4704 2785 4774; x_wconf 88' lang='lat' dir='ltr'><strong>septimanas</strong></span> <span class='ocrx_word' id='word_1_575' title='bbox 2812 4703 2994 4777; x_wconf 88' lang='lat' dir='ltr'><strong>(Conc.</strong></span> <span class='ocrx_word' id='word_1_576' title='bbox 3030 4704 3261 4766; x_wconf 59' lang='lat' dir='ltr'><strong>Studia,</strong></span> <span class='ocrx_word' id='word_1_577' title='bbox 3297 4706 3374 4758; x_wconf 87' lang='lat' dir='ltr'><strong>tit.</strong></span> <span class='ocrx_word' id='word_1_578' title='bbox 3408 4704 3519 4771; x_wconf 74' lang='lat'><strong>15).</strong></span> 
     </span>
    </p>
   </div>
   <div class='ocr_carea' id='block_1_90' title="bbox 2117 4794 3640 4866">
    <p class='ocr_par' dir='ltr' id='par_1_90' title="bbox 2117 4794 3640 4866">
     <span class='ocr_line' id='line_1_90' title="bbox 2117 4794 3640 4866; baseline 0.003 -19"><span class='ocrx_word' id='word_1_579' title='bbox 2117 4794 2209 4849; x_wconf 86' lang='lat'><strong>2).</strong></span> <span class='ocrx_word' id='word_1_580' title='bbox 2246 4794 2314 4851; x_wconf 89' lang='lat' dir='ltr'><strong>Ut</strong></span> <span class='ocrx_word' id='word_1_581' title='bbox 2339 4796 2428 4866; x_wconf 91' lang='lat' dir='ltr'><strong>qui</strong></span> <span class='ocrx_word' id='word_1_582' title='bbox 2461 4805 2604 4850; x_wconf 87' lang='lat' dir='ltr'><strong>metu</strong></span> <span class='ocrx_word' id='word_1_583' title='bbox 2654 4796 3047 4865; x_wconf 82' lang='lat' dir='ltr'><strong>persecutionis</strong></span> <span class='ocrx_word' id='word_1_584' title='bbox 3095 4796 3147 4849; x_wconf 89' lang='lat' dir='ltr'><strong>in</strong></span> <span class='ocrx_word' id='word_1_585' title='bbox 3196 4796 3372 4849; x_wconf 86' lang='lat' dir='ltr'><strong>aliena</strong></span> <span class='ocrx_word' id='word_1_586' title='bbox 3426 4795 3640 4852; x_wconf 82' lang='lat' dir='ltr'><strong>civitate</strong></span> 
     </span>
    </p>
   </div>
   <div class='ocr_carea' id='block_1_91' title="bbox 2048 4886 3640 4959">
    <p class='ocr_par' dir='ltr' id='par_1_91' title="bbox 2048 4886 3640 4959">
     <span class='ocr_line' id='line_1_91' title="bbox 2048 4886 3640 4959; baseline 0.001 -18"><span class='ocrx_word' id='word_1_587' title='bbox 2048 4887 2313 4943; x_wconf 87' lang='lat' dir='ltr'><strong>demorari</strong></span> <span class='ocrx_word' id='word_1_588' title='bbox 2343 4888 2631 4954; x_wconf 80' lang='lat' dir='ltr'><strong>volu-rinl,</strong></span> <span class='ocrx_word' id='word_1_589' title='bbox 2676 4905 2781 4943; x_wconf 93' lang='lat' dir='ltr'><strong>non</strong></span> <span class='ocrx_word' id='word_1_590' title='bbox 2832 4889 3228 4959; x_wconf 80' lang='lat' dir='ltr'><strong>prohibeantur</strong></span> <span class='ocrx_word' id='word_1_591' title='bbox 3276 4886 3456 4959; x_wconf 78' lang='lat' dir='ltr'><strong>(Cone.</strong></span> <span class='ocrx_word' id='word_1_592' title='bbox 3510 4888 3640 4943; x_wconf 79' lang='lat' dir='ltr'><strong>Sar-</strong></span> 
     </span>
    </p>
   </div>
   <div class='ocr_carea' id='block_1_92' title="bbox 2048 4980 2853 5049">
    <p class='ocr_par' dir='ltr' id='par_1_92' title="bbox 2048 4980 2853 5049">
     <span class='ocr_line' id='line_1_92' title="bbox 2048 4980 2853 5049; baseline -0.005 -14"><span class='ocrx_word' id='word_1_593' title='bbox 2048 4983 2175 5047; x_wconf 69' lang='grc' dir='ltr'>ἄιε..</span> <span class='ocrx_word' id='word_1_594' title='bbox 2208 4983 2287 5035; x_wconf 82' lang='lat' dir='ltr'><strong>tit.</strong></span> <span class='ocrx_word' id='word_1_595' title='bbox 2339 4980 2457 5049; x_wconf 88' lang='lat'><strong>22).</strong></span> <span class='ocrx_word' id='word_1_596' title='bbox 2850 5030 2853 5031; x_wconf 30' lang='grc' dir='ltr'><em>ν</em></span> 
     </span>
    </p>
   </div>
   <div class='ocr_carea' id='block_1_93' title="bbox 2117 5070 3636 5145">
    <p class='ocr_par' dir='ltr' id='par_1_93' title="bbox 2117 5070 3636 5145">
     <span class='ocr_line' id='line_1_93' title="bbox 2117 5070 3636 5145; baseline 0.004 -22"><span class='ocrx_word' id='word_1_597' title='bbox 2117 5070 2208 5127; x_wconf 83' lang='lat'><strong>21.</strong></span> <span class='ocrx_word' id='word_1_598' title='bbox 2252 5071 2325 5129; x_wconf 88' lang='lat' dir='ltr'><strong>Ut</strong></span> <span class='ocrx_word' id='word_1_599' title='bbox 2372 5071 2551 5127; x_wconf 91' lang='lat' dir='ltr'><strong>nullus</strong></span> <span class='ocrx_word' id='word_1_600' title='bbox 2574 5070 2876 5140; x_wconf 86' lang='lat' dir='ltr'><strong>episcopus,</strong></span> <span class='ocrx_word' id='word_1_601' title='bbox 2908 5070 3116 5126; x_wconf 84' lang='lat' dir='ltr'><strong>etiamsi</strong></span> <span class='ocrx_word' id='word_1_602' title='bbox 3144 5085 3172 5123; x_wconf 89' lang='lat' dir='ltr'><strong>a</strong></span> <span class='ocrx_word' id='word_1_603' title='bbox 3202 5071 3358 5141; x_wconf 86' lang='lat' dir='ltr'><strong>plebe</strong></span> <span class='ocrx_word' id='word_1_604' title='bbox 3387 5071 3636 5145; x_wconf 79' lang='lat' dir='ltr'><strong>eligatur,</strong></span> 
     </span>
    </p>
   </div>
   <div class='ocr_carea' id='block_1_94' title="bbox 427 5161 3639 5241">
    <p class='ocr_par' dir='ltr' id='par_1_94' title="bbox 427 5161 3639 5241">
     <span class='ocr_line' id='line_1_94' title="bbox 427 5161 3639 5241; baseline 0.001 -24"><span class='ocrx_word' id='word_1_605' title='bbox 427 5164 479 5217; x_wconf 91' lang='lat'><strong>9.</strong></span> <span class='ocrx_word' id='word_1_606' title='bbox 518 5163 584 5219; x_wconf 87' lang='lat' dir='ltr'><strong>Ut</strong></span> <span class='ocrx_word' id='word_1_607' title='bbox 609 5162 864 5232; x_wconf 74' lang='lat' dir='ltr'><strong>epi~copo</strong></span> <span class='ocrx_word' id='word_1_608' title='bbox 894 5161 1145 5216; x_wconf 89' lang='lat' dir='ltr'><strong>ordinato</strong></span> <span class='ocrx_word' id='word_1_609' title='bbox 1190 5171 1388 5217; x_wconf 86' lang='lat' dir='ltr'><strong>statuta</strong></span> <span class='ocrx_word' id='word_1_610' title='bbox 1436 5166 1788 5221; x_wconf 85' lang='lat' dir='ltr'><strong>conciliorum</strong></span> <span class='ocrx_word' id='word_1_611' title='bbox 1836 5168 1946 5234; x_wconf 89' lang='lat' dir='ltr'><strong>pri-</strong></span> <span class='ocrx_word' id='word_1_612' title='bbox 1979 5176 2329 5241; x_wconf 83' lang='lat' dir='ltr'><strong>Dvacantem</strong></span> <span class='ocrx_word' id='word_1_613' title='bbox 2380 5163 2675 5221; x_wconf 87' lang='lat' dir='ltr'><strong>Ecclesiam</strong></span> <span class='ocrx_word' id='word_1_614' title='bbox 2738 5164 2997 5229; x_wconf 87' lang='lat' dir='ltr'><strong>obtineat,</strong></span> <span class='ocrx_word' id='word_1_615' title='bbox 3070 5164 3171 5220; x_wconf 89' lang='lat' dir='ltr'><strong>nisi</strong></span> <span class='ocrx_word' id='word_1_616' title='bbox 3215 5182 3281 5220; x_wconf 80' lang='lat' dir='ltr'><strong>ex</strong></span> <span class='ocrx_word' id='word_1_617' title='bbox 3322 5167 3639 5224; x_wconf 77' lang='lat' dir='ltr'><strong>auctoritate</strong></span> 
     </span>
    </p>
   </div>
   <div class='ocr_carea' id='block_1_95' title="bbox 354 5246 1638 5321">
    <p class='ocr_par' dir='ltr' id='par_1_95' title="bbox 354 5246 1638 5321">
     <span class='ocr_line' id='line_1_95' title="bbox 354 5246 1638 5321; baseline 0.001 -16"><span class='ocrx_word' id='word_1_618' title='bbox 354 5252 519 5305; x_wconf 83' lang='lat' dir='ltr'><strong>tuitus</strong></span> <span class='ocrx_word' id='word_1_619' title='bbox 547 5250 881 5303; x_wconf 90' lang='lat' dir='ltr'><strong>inculcentur</strong></span> <span class='ocrx_word' id='word_1_620' title='bbox 914 5246 1092 5318; x_wconf 77' lang='lat' dir='ltr'><strong>(Cone.</strong></span> <span class='ocrx_word' id='word_1_621' title='bbox 1119 5248 1385 5318; x_wconf 80' lang='lat' dir='ltr'><strong>Curtlzag.,</strong></span> <span class='ocrx_word' id='word_1_622' title='bbox 1416 5251 1492 5303; x_wconf 86' lang='lat' dir='ltr'><strong>tit.</strong></span> <span class='ocrx_word' id='word_1_623' title='bbox 1526 5252 1638 5321; x_wconf 78' lang='lat'><strong>10).</strong></span> 
     </span>
    </p>
   </div>
   <div class='ocr_carea' id='block_1_96' title="bbox 430 5340 1945 5410">
    <p class='ocr_par' dir='ltr' id='par_1_96' title="bbox 430 5340 1945 5410">
     <span class='ocr_line' id='line_1_96' title="bbox 430 5340 1945 5410; baseline 0.003 -13"><span class='ocrx_word' id='word_1_624' title='bbox 430 5343 519 5398; x_wconf 90' lang='lat'><strong>10.</strong></span> <span class='ocrx_word' id='word_1_625' title='bbox 562 5341 631 5399; x_wconf 85' lang='lat' dir='ltr'><strong>Ut</strong></span> <span class='ocrx_word' id='word_1_626' title='bbox 649 5342 933 5410; x_wconf 81' lang='lat' dir='ltr'><strong>episcopus</strong></span> <span class='ocrx_word' id='word_1_627' title='bbox 954 5340 1233 5395; x_wconf 86' lang='lat' dir='ltr'><strong>ordinatus</strong></span> <span class='ocrx_word' id='word_1_628' title='bbox 1263 5343 1329 5395; x_wconf 89' lang='lat' dir='ltr'><strong>ab</strong></span> <span class='ocrx_word' id='word_1_629' title='bbox 1368 5343 1677 5399; x_wconf 83' lang='lat' dir='ltr'><strong>ordinatore</strong></span> <span class='ocrx_word' id='word_1_630' title='bbox 1719 5360 1818 5400; x_wconf 87' lang='lat' dir='ltr'><strong>suo</strong></span> <span class='ocrx_word' id='word_1_631' title='bbox 1860 5348 1945 5401; x_wconf 63' lang='lat' dir='ltr'><strong>li:-</strong></span> 
     </span>
    </p>
   </div>
   <div class='ocr_carea' id='block_1_97' title="bbox 355 5435 1939 5508">
    <p class='ocr_par' dir='ltr' id='par_1_97' title="bbox 355 5435 1939 5508">
     <span class='ocr_line' id='line_1_97' title="bbox 355 5435 1939 5508; baseline 0.003 -17"><span class='ocrx_word' id='word_1_632' title='bbox 355 5446 502 5493; x_wconf 74' lang='lat' dir='ltr'><strong>ti-ras</strong></span> <span class='ocrx_word' id='word_1_633' title='bbox 553 5435 884 5503; x_wconf 86' lang='lat' dir='ltr'><strong>subscriptas</strong></span> <span class='ocrx_word' id='word_1_634' title='bbox 941 5435 1200 5502; x_wconf 87' lang='lat' dir='ltr'><strong>accipiat,</strong></span> <span class='ocrx_word' id='word_1_635' title='bbox 1258 5436 1609 5494; x_wconf 86' lang='lat' dir='ltr'><strong>ordinationis</strong></span> <span class='ocrx_word' id='word_1_636' title='bbox 1654 5440 1769 5508; x_wconf 83' lang='lat' dir='ltr'><strong>ejus</strong></span> <span class='ocrx_word' id='word_1_637' title='bbox 1799 5442 1939 5496; x_wconf 76' lang='lat' dir='ltr'><strong>diem</strong></span> 
     </span>
    </p>
   </div>
   <div class='ocr_carea' id='block_1_98' title="bbox 358 5527 1941 5596">
    <p class='ocr_par' dir='ltr' id='par_1_98' title="bbox 358 5527 1941 5596">
     <span class='ocr_line' id='line_1_98' title="bbox 358 5527 1941 5596; baseline 0.003 -14"><span class='ocrx_word' id='word_1_638' title='bbox 358 5528 513 5582; x_wconf 83' lang='lat' dir='ltr'><strong>simul</strong></span> <span class='ocrx_word' id='word_1_639' title='bbox 564 5536 619 5583; x_wconf 84' lang='lat' dir='ltr'><strong>et</strong></span> <span class='ocrx_word' id='word_1_640' title='bbox 662 5528 935 5582; x_wconf 84' lang='lat' dir='ltr'><strong>consulem</strong></span> <span class='ocrx_word' id='word_1_641' title='bbox 999 5527 1335 5583; x_wconf 79' lang='lat' dir='ltr'><strong>continentes</strong></span> <span class='ocrx_word' id='word_1_642' title='bbox 1380 5528 1577 5593; x_wconf 75' lang='lat' dir='ltr'><strong>(Cone.</strong></span> <span class='ocrx_word' id='word_1_643' title='bbox 1628 5530 1941 5596; x_wconf 74' lang='lat' dir='ltr'><strong>Milevitnn.,</strong></span> 
     </span>
    </p>
   </div>
   <div class='ocr_carea' id='block_1_99' title="bbox 360 5619 533 5690">
    <p class='ocr_par' dir='ltr' id='par_1_99' title="bbox 360 5619 533 5690">
     <span class='ocr_line' id='line_1_99' title="bbox 360 5619 533 5690; baseline -0.017 -17"><span class='ocrx_word' id='word_1_644' title='bbox 360 5622 442 5674; x_wconf 53' lang='lat' dir='ltr'><strong>ut.</strong></span> <span class='ocrx_word' id='word_1_645' title='bbox 476 5619 533 5690; x_wconf 70' lang='grc' dir='ltr'><strong>ι)</strong></span> 
     </span>
    </p>
   </div>
   <div class='ocr_carea' id='block_1_100' title="bbox 439 5712 1944 5783">
    <p class='ocr_par' dir='ltr' id='par_1_100' title="bbox 439 5712 1944 5783">
     <span class='ocr_line' id='line_1_100' title="bbox 439 5712 1944 5783; baseline 0.003 -14"><span class='ocrx_word' id='word_1_646' title='bbox 439 5713 521 5769; x_wconf 77' lang='grc' dir='ltr'>Η.</span> <span class='ocrx_word' id='word_1_647' title='bbox 566 5713 631 5768; x_wconf 87' lang='lat' dir='ltr'><strong>Ut</strong></span> <span class='ocrx_word' id='word_1_648' title='bbox 657 5713 720 5767; x_wconf 88' lang='lat' dir='ltr'><strong>ad</strong></span> <span class='ocrx_word' id='word_1_649' title='bbox 752 5712 1053 5781; x_wconf 67' lang='lat' dir='ltr'><strong>eligendum</strong></span> <span class='ocrx_word' id='word_1_650' title='bbox 1087 5714 1396 5783; x_wconf 88' lang='lat' dir='ltr'><strong>episcopum</strong></span> <span class='ocrx_word' id='word_1_651' title='bbox 1430 5716 1662 5769; x_wconf 77' lang='lat' dir='ltr'><strong>sufﬁciat</strong></span> <span class='ocrx_word' id='word_1_652' title='bbox 1707 5719 1944 5774; x_wconf 84' lang='lat' dir='ltr'><strong>tuatricis</strong></span> 
     </span>
    </p>
   </div>
   <div class='ocr_carea' id='block_1_101' title="bbox 366 5805 1763 5882">
    <p class='ocr_par' dir='ltr' id='par_1_101' title="bbox 366 5805 1763 5882">
     <span class='ocr_line' id='line_1_101' title="bbox 366 5805 1763 5882; baseline 0.003 -20"><span class='ocrx_word' id='word_1_653' title='bbox 366 5807 639 5865; x_wconf 74' lang='lat' dir='ltr'><strong>trbitrium</strong></span> <span class='ocrx_word' id='word_1_654' title='bbox 671 5807 848 5878; x_wconf 77' lang='lat' dir='ltr'><strong>(Cone.</strong></span> <span class='ocrx_word' id='word_1_655' title='bbox 882 5806 1241 5878; x_wconf 63' lang='lat' dir='ltr'><strong>Septimania,</strong></span> <span class='ocrx_word' id='word_1_656' title='bbox 1277 5822 1420 5863; x_wconf 83' lang='lat' dir='ltr'><strong>conc.</strong></span> <span class='ocrx_word' id='word_1_657' title='bbox 1455 5805 1763 5882; x_wconf 62' lang='lat' dir='ltr'><strong>Manium).</strong></span> 
     </span>
    </p>
   </div>
   <div class='ocr_carea' id='block_1_102' title="bbox 2052 5255 3280 5328">
    <p class='ocr_par' dir='ltr' id='par_1_102' title="bbox 2052 5255 3280 5328">
     <span class='ocr_line' id='line_1_102' title="bbox 2052 5255 3280 5328; baseline 0.002 -18"><span class='ocrx_word' id='word_1_658' title='bbox 2052 5257 2273 5326; x_wconf 88' lang='lat' dir='ltr'><strong>plcnarii</strong></span> <span class='ocrx_word' id='word_1_659' title='bbox 2300 5257 2511 5311; x_wconf 90' lang='lat' dir='ltr'><strong>concilii</strong></span> <span class='ocrx_word' id='word_1_660' title='bbox 2544 5255 2725 5328; x_wconf 89' lang='lat' dir='ltr'><strong>(Couc.</strong></span> <span class='ocrx_word' id='word_1_661' title='bbox 2759 5256 3021 5324; x_wconf 81' lang='lat' dir='ltr'><strong>Antioch.,</strong></span> <span class='ocrx_word' id='word_1_662' title='bbox 3059 5257 3137 5310; x_wconf 81' lang='lat' dir='ltr'><strong>tit.</strong></span> <span class='ocrx_word' id='word_1_663' title='bbox 3163 5256 3280 5327; x_wconf 72' lang='grc'>45).</span> 
     </span>
    </p>
   </div>
   <div class='ocr_carea' id='block_1_103' title="bbox 2124 5348 3642 5419">
    <p class='ocr_par' dir='ltr' id='par_1_103' title="bbox 2124 5348 3642 5419">
     <span class='ocr_line' id='line_1_103' title="bbox 2124 5348 3642 5419; baseline 0.005 -18"><span class='ocrx_word' id='word_1_664' title='bbox 2124 5348 2215 5403; x_wconf 80' lang='lat'><strong>22.</strong></span> <span class='ocrx_word' id='word_1_665' title='bbox 2277 5348 2346 5404; x_wconf 82' lang='lat' dir='ltr'><strong>Ut</strong></span> <span class='ocrx_word' id='word_1_666' title='bbox 2409 5348 2590 5403; x_wconf 90' lang='lat' dir='ltr'><strong>nullus</strong></span> <span class='ocrx_word' id='word_1_667' title='bbox 2650 5348 2933 5419; x_wconf 88' lang='lat' dir='ltr'><strong>episcopus</strong></span> <span class='ocrx_word' id='word_1_668' title='bbox 2979 5349 3288 5404; x_wconf 81' lang='lat' dir='ltr'><strong>cathedram</strong></span> <span class='ocrx_word' id='word_1_669' title='bbox 3347 5351 3430 5405; x_wconf 91' lang='lat' dir='ltr'><strong>cui</strong></span> <span class='ocrx_word' id='word_1_670' title='bbox 3486 5351 3642 5409; x_wconf 82' lang='lat' dir='ltr'><strong>datus</strong></span> 
     </span>
    </p>
   </div>
   <div class='ocr_carea' id='block_1_104' title="bbox 2052 5442 3636 5516">
    <p class='ocr_par' dir='ltr' id='par_1_104' title="bbox 2052 5442 3636 5516">
     <span class='ocr_line' id='line_1_104' title="bbox 2052 5442 3636 5516; baseline 0.003 -20"><span class='ocrx_word' id='word_1_671' title='bbox 2052 5443 2211 5499; x_wconf 79' lang='lat' dir='ltr'><strong>fuerit</strong></span> <span class='ocrx_word' id='word_1_672' title='bbox 2236 5444 2585 5507; x_wconf 80' lang='lat' dir='ltr'><strong>iulerventor,</strong></span> <span class='ocrx_word' id='word_1_673' title='bbox 2615 5442 2897 5514; x_wconf 82' lang='lat' dir='ltr'><strong>plusquam</strong></span> <span class='ocrx_word' id='word_1_674' title='bbox 2929 5459 3126 5498; x_wconf 85' lang='lat' dir='ltr'><strong>annum</strong></span> <span class='ocrx_word' id='word_1_675' title='bbox 3160 5452 3366 5510; x_wconf 80' lang='lat' dir='ltr'><strong>teneat;</strong></span> <span class='ocrx_word' id='word_1_676' title='bbox 3399 5445 3493 5500; x_wconf 86' lang='lat' dir='ltr'><strong>sed</strong></span> <span class='ocrx_word' id='word_1_677' title='bbox 3525 5448 3636 5516; x_wconf 74' lang='lat' dir='ltr'><strong>ipse</strong></span> 
     </span>
    </p>
   </div>
   <div class='ocr_carea' id='block_1_105' title="bbox 2049 5534 3387 5607">
    <p class='ocr_par' dir='ltr' id='par_1_105' title="bbox 2049 5534 3387 5607">
     <span class='ocr_line' id='line_1_105' title="bbox 2049 5534 3387 5607; baseline -0.001 -17"><span class='ocrx_word' id='word_1_678' title='bbox 2049 5539 2126 5590; x_wconf 88' lang='lat' dir='ltr'><strong>eis</strong></span> <span class='ocrx_word' id='word_1_679' title='bbox 2149 5536 2460 5605; x_wconf 88' lang='lat' dir='ltr'><strong>episcopum</strong></span> <span class='ocrx_word' id='word_1_680' title='bbox 2491 5544 2635 5600; x_wconf 87' lang='lat' dir='ltr'><strong>petat</strong></span> <span class='ocrx_word' id='word_1_681' title='bbox 2664 5534 2846 5602; x_wconf 78' lang='lat' dir='ltr'><strong>(Cone.</strong></span> <span class='ocrx_word' id='word_1_682' title='bbox 2881 5535 3151 5607; x_wconf 77' lang='lat' dir='ltr'><strong>Carthag.,</strong></span> <span class='ocrx_word' id='word_1_683' title='bbox 3191 5537 3269 5589; x_wconf 90' lang='lat' dir='ltr'><strong>tit.</strong></span> <span class='ocrx_word' id='word_1_684' title='bbox 3305 5536 3387 5605; x_wconf 84' lang='lat'><strong>9).</strong></span> 
     </span>
    </p>
   </div>
   <div class='ocr_carea' id='block_1_106' title="bbox 2119 5624 3644 5697">
    <p class='ocr_par' dir='ltr' id='par_1_106' title="bbox 2119 5624 3644 5697">
     <span class='ocr_line' id='line_1_106' title="bbox 2119 5624 3644 5697; baseline 0.003 -19"><span class='ocrx_word' id='word_1_685' title='bbox 2119 5625 2210 5681; x_wconf 78' lang='lat'><strong>25.</strong></span> <span class='ocrx_word' id='word_1_686' title='bbox 2255 5624 2322 5681; x_wconf 86' lang='lat' dir='ltr'><strong>Ut</strong></span> <span class='ocrx_word' id='word_1_687' title='bbox 2372 5626 2765 5681; x_wconf 84' lang='lat' dir='ltr'><strong>interventores</strong></span> <span class='ocrx_word' id='word_1_688' title='bbox 2820 5628 3060 5697; x_wconf 87' lang='lat' dir='ltr'><strong>episcopi</strong></span> <span class='ocrx_word' id='word_1_689' title='bbox 3105 5628 3423 5683; x_wconf 74' lang='lat' dir='ltr'><strong>conveniant</strong></span> <span class='ocrx_word' id='word_1_690' title='bbox 3457 5629 3644 5697; x_wconf 85' lang='lat' dir='ltr'><strong>plebes</strong></span> 
     </span>
    </p>
   </div>
   <div class='ocr_carea' id='block_1_107' title="bbox 2050 5718 3643 5791">
    <p class='ocr_par' dir='ltr' id='par_1_107' title="bbox 2050 5718 3643 5791">
     <span class='ocr_line' id='line_1_107' title="bbox 2050 5718 3643 5791; baseline 0 -19"><span class='ocrx_word' id='word_1_691' title='bbox 2050 5734 2167 5789; x_wconf 64' lang='lat' dir='ltr'><strong>qua:</strong></span> <span class='ocrx_word' id='word_1_692' title='bbox 2217 5720 2525 5789; x_wconf 86' lang='lat' dir='ltr'><strong>episc0pum</strong></span> <span class='ocrx_word' id='word_1_693' title='bbox 2584 5733 2689 5771; x_wconf 89' lang='lat' dir='ltr'><strong>non</strong></span> <span class='ocrx_word' id='word_1_694' title='bbox 2749 5718 2966 5784; x_wconf 84' lang='lat' dir='ltr'><strong>habent,</strong></span> <span class='ocrx_word' id='word_1_695' title='bbox 3025 5728 3083 5773; x_wconf 90' lang='lat' dir='ltr'><strong>ut</strong></span> <span class='ocrx_word' id='word_1_696' title='bbox 3140 5722 3452 5791; x_wconf 81' lang='lat' dir='ltr'><strong>episcopum</strong></span> <span class='ocrx_word' id='word_1_697' title='bbox 3504 5722 3643 5774; x_wconf 79' lang='lat' dir='ltr'><strong>acci-</strong></span> 
     </span>
    </p>
   </div>
   <div class='ocr_carea' id='block_1_108' title="bbox 2049 5812 3639 5885">
    <p class='ocr_par' dir='ltr' id='par_1_108' title="bbox 2049 5812 3639 5885">
     <span class='ocr_line' id='line_1_108' title="bbox 2049 5812 3639 5885; baseline 0.004 -20"><span class='ocrx_word' id='word_1_698' title='bbox 2049 5814 2211 5881; x_wconf 80' lang='lat' dir='ltr'><strong>piant.</strong></span> <span class='ocrx_word' id='word_1_699' title='bbox 2260 5813 2410 5881; x_wconf 87' lang='lat' dir='ltr'><strong>Quod</strong></span> <span class='ocrx_word' id='word_1_700' title='bbox 2459 5812 2503 5869; x_wconf 85' lang='lat' dir='ltr'><strong>si</strong></span> <span class='ocrx_word' id='word_1_701' title='bbox 2549 5812 2793 5883; x_wconf 87' lang='lat' dir='ltr'><strong>accipere</strong></span> <span class='ocrx_word' id='word_1_702' title='bbox 2844 5813 3200 5885; x_wconf 70' lang='lat' dir='ltr'><strong>neglexerint,</strong></span> <span class='ocrx_word' id='word_1_703' title='bbox 3233 5825 3442 5873; x_wconf 87' lang='lat' dir='ltr'><strong>remoto</strong></span> <span class='ocrx_word' id='word_1_704' title='bbox 3471 5817 3639 5871; x_wconf 81' lang='lat' dir='ltr'><strong>inter-</strong></span> 
     </span>
    </p>
   </div>
  </div>
