4070 6456
279 240 430 297 955’

280 448 494 509 dinetur
519 446 696 515 (Com.
733 450 960 516 Serdica,
993 452 1070 504 tit.
1094 449 1171 515 6).

352 538 442 594 61.
486 539 551 593 Ut
579 540 621 592 si
650 555 678 593 a
703 538 973 610 judicibns
1003 558 1135 611 quos
1166 542 1361 612 primas
1397 541 1603 596 dederit
1629 540 1865 610 appella-

281 641 438 696 verit,
472 633 558 685 alii
582 633 790 700 jadiccs
839 638 1111 702 amplioris
1154 641 1358 693 numeri
1391 639 1767 693 decernaitur.
1803 635 1870 690 Ut

280 724 324 778 si
359 721 557 795 [Forle,
589 727 651 778 At
685 725 750 796 si]
798 735 851 779 et
879 727 945 779 ah
976 729 1101 794 ipsis
1142 731 1509 797 appellaverit,
1547 729 1611 783 a-.l
1656 737 1871 781 senten-

282 816 406 871 tiam
428 815 638 869 concilii
664 816 936 873 ditieratnr
962 818 1138 889 (Cane.
1167 819 1410 889 Titania).

352 906 443 962 62.
490 907 553 962 Ut
581 909 845 977 episcopis
870 911 1229 977 iudicantibus
1253 913 1636 968 condemnatus
1664 914 1871 982 episco-

284 1014 424 1069 pus,
476 1001 519 1053 si
569 1001 726 1055 fuerit
775 1002 915 1072 apud
965 1005 1201 1073 potiores
1249 1006 1528 1074 episcopos
1575 1006 1869 1069 absotutns,

282 1090 415 1145 nihil
451 1092 529 1145 eis
560 1101 751 1146 noceat
797 1094 841 1148 si
890 1094 1032 1148 bono
1061 1097 1243 1150 animo
1284 1096 1640 1165 iudicaverint
1688 1097 1869 1170 (Conc.

281 1181 550 1254 Carllzag.,
584 1185 663 1237 tit.
699 1184 809 1255 11).

356 1272 446 1330 65.
494 1274 557 1330 Ut
601 1276 882 1346 episcopus
906 1277 997 1347 qui
1041 1279 1111 1334 ab
1156 1281 1406 1334 omnibus
1434 1281 1703 1350 episcopis
1752 1296 1875 1350 pru—

283 1365 474 1421 vincia:
521 1366 688 1422 fuerit
725 1367 1132 1437 condemnatus,
1168 1372 1475 1426 facultatem
1499 1372 1684 1439 judicii
1720 1388 1872 1442 repe-

285 1459 431 1514 tendi
456 1474 560 1513 non
588 1458 783 1516 habeat
818 1459 999 1531 (Cone.
1030 1462 1297 1530 Antioch.,
1330 1465 1408 1516 tit.
1438 1462 1548 1531 t5).

353 1549 445 1603 61.
489 1548 554 1604 Ut
603 1551 885 1619 episcopus
928 1553 996 1606 ab
1044 1553 1123 1606 eis
1166 1554 1430 1623 episcOpis
1475 1568 1606 1623 quos
1652 1556 1873 1625 elegerit

283 1638 904 1709 )udicescondemnatus,
923 1644 1190 1712 appellare
1211 1645 1333 1698 alibi
1354 1662 1457 1698 non
1479 1647 1672 1701 audeat
1688 1646 1867 1711 (Cone.

284 1732 552 1804 Cartltag.,
583 1734 660 1792 tit.
685 1733 739 1801 5,
772 1735 891 1789 item
916 1737 993 1789 tit.
1028 1734 1141 1802 15).

354 1822 441 1878 65.
487 1823 552 1879 Ut
578 1824 816 1896 episcOpi
839 1826 926 1895 qui
955 1826 1008 1879 in
1035 1826 1206 1896 aliqua
1232 1842 1387 1881 causa
1417 1826 1627 1896 jndices
1655 1828 1874 1896 dantur,

289 1916 390 1986 ipsi
434 1916 607 1972 locum
637 1918 924 1973 audientiae
954 1919 1186 1990 deligant
1215 1920 1395 1988 (Cone.
1428 1920 1700 1991 Zellens.).

354 2006 443 2062 66.
478 2006 541 2063 Ut
559 2009 832 2078 depositus
861 2010 1162 2079 episcopus,
1181 2012 1243 2065 ad
1269 2011 1642 2081 imperatorem
1666 2028 1877 2067 causam

287 2114 437 2163 suam
467 2115 571 2155 non
600 2100 804 2157 deferat
830 2101 1008 2173 (Cone.
1044 2103 1302 2170 Antioch.,
1332 2105 1412 2159 tit.
1439 2103 1547 2175 12).

357 2188 447 2244 67.
494 2190 561 2247 Ut
588 2203 870 2247 accusatus
891 2198 1172 2264 episcopus
1195 2193 1278 2248 vel
1301 2195 1604 2263 quicunque
1644 2210 1705 2249 ex
1734 2195 1880 2249 clo-ro

287 2283 454 2339 fuerit
483 2286 624 2355 apud
659 2286 950 2345 Ecclesiam
983 2296 1287 2353 accusatus,
1320 2287 1385 2341 ad
1428 2287 1626 2357 judicia
1671 2286 1878 2356 publica

287 2392 394 2433 non
425 2386 659 2432 transeat
689 2378 867 2449 (Cone.
893 2376 1163 2449 Carthdg..
1198 2379 1279 2435 tit.
1310 2378 1421 2449 18).

362 2466 453 2521 68.
496 2468 563 2523 Ut
592 2470 875 2536 episcopus
899 2469 987 2537 qui
1014 2468 1245 2522 secunda
1276 2470 1356 2524 vel
1381 2469 1533 2523 tertia
1566 2470 1881 2525 auctoritate

289 2567 581 2614 conventus
605 2560 784 2626 fuerit,
811 2569 865 2614 et
886 2562 1067 2615 venire
1089 2562 1492 2629 contempserit,
1513 2561 1580 2615 ah
1602 2561 1881 2632 episcopo-

290 2664 408 2704 rum
436 2649 707 2705 consortio
732 2650 1091 2719 suspendatur
1118 2649 1297 2721 (Conc.
1331 2650 1605 2723 Zellens.).

362 2739 451 2795 69.
497 2740 564 2797 Ut
590 2742 767 2796 nullus
812 2747 1114 2811 ep'scopus,
1140 2743 1218 2796 vel
1253 2742 1553 2812 presbyter,
1587 2744 1671 2797 vel
1701 2742 1883 2799 diaco-

295 2848 396 2888 nus
443 2848 564 2888 cutn
607 2832 804 2889 Judmis
854 2833 1048 2904 pascha
1098 2835 1335 2890 celebret
1388 2833 1567 2908 (Coac.
1613 2836 1878 2902 Antioch.,

296 2925 376 2978 tit.
428 2923 507 2993 1).

362 3018 451 3073 70.
498 3019 566 3076 Ut
594 3022 850 3090 cpisc0pi,
886 3021 1205 3091 presbyteri,
1240 3021 1320 3076 vel
1368 3020 1581 3076 diaconi
1627 3036 1732 3076 non
1775 3022 1883 3077 sint

295 3114 671 3183 conductore=,
717 3125 810 3170 aut
852 3128 1224 3185 procuratores
1256 3116 1438 3189 (Com.
1487 3114 1754 3188 Carthag.,
1805 3119 1885 3173 tit.
1915 3109 1960 3171 C

294 3208 419 3277 et).

367 3301 457 3354 7|.
504 3301 572 3357 Ut
598 3300 857 3370 cpisc0pi,
901 3300 1012 3356 sive
1040 3302 1218 3356 clerici
1262 3303 1316 3356 in
1348 3302 1574 3358 ecclesia
1607 3318 1711 3358 non
1754 3317 1884 3357 con-

297 3389 562 3453 viventur,
594 3388 692 3443 nisi
721 3397 1055 3445 transeuntes
1085 3390 1263 3462 (Cone.
1289 3389 1557 3463 Carlltag.,
1591 3393 1669 3446 tit.
1698 3391 1813 3463 58).

368 3480 459 3533 72.
505 3479 573 3534 Ut
601 3480 839 3549 episc0pi
869 3490 922 3533 ct
974 3480 1268 3550 presbyteri
1313 3483 1363 3537 in
1397 3482 1557 3535 domo
1599 3496 1695 3536 sua
1734 3483 1887 3538 obla-

299 3572 472 3624 tiones
501 3586 606 3624 non
641 3571 835 3624 iaciant
865 3569 1045 3640 (Cone.
1084 3569 1312 3636 Laertia,
1346 3573 1425 3626 tit.
1457 3570 1573 3642 56).

370 3660 456 3713 75.
512 3661 578 3716 Ut
607 3661 888 3730 cpiscopus
939 3677 969 3715 a
1017 3662 1397 3717 communione
1442 3680 1545 3719 non
1600 3666 1892 3734 suspendat

298 3766 422 3811 eum
477 3767 634 3822 quem
676 3753 868 3807 asserit
899 3753 965 3808 de
996 3764 1217 3823 peccato
1259 3755 1438 3825 aliquo
1470 3755 1573 3810 sibi
1603 3757 1702 3811 soli
1731 3756 1892 3811 fuisse

300 3842 605 3897 centessum
636 3842 816 3913 (Cano.
839 3842 1107 3916 Cartltag.,
1132 3844 1211 3898 ιὶι.
1242 3843 1321 3915 2).

373 3939 461 3992 71.
504 3938 570 3995 Ut
620 3941 904 4009 episcopus
960 3939 1061 3995 sibi
1124 3954 1493 3997 successorem
1552 3958 1657 3996 non
1706 3942 1888 4014 eligat.

305 4030 489 4101 (Cone.
522 4031 782 4100 Antioch”
817 4033 896 4086 tit.
920 4031 992 4088 ‘25
1017 4032 1091 4102 ι³).

375 4124 463 4177 75.
506 4122 571 4177 Ut
600 4125 835 4193 episcopi
882 4124 947 4178 ad
979 4126 1262 4179 concilium
1304 4136 1621 4196 occurrant;
1666 4142 1759 4184 aut
1788 4146 1892 4186 non

304 4221 668 4279 occurrentes,
702 4215 753 4267 in
788 4216 1060 4277 tractoria,
1093 4217 1173 4271 vel
1213 4218 1352 4284 apud
1400 4218 1679 4286 primatem
1729 4236 1892 4275 excu-

304 4306 540 4361 sationes
579 4321 704 4360 suas
735 4306 966 4376 allegent
1005 4305 1187 4379 (Cone.
1221 4306 1458 4373 Laertia,
1494 4308 1573 4364 tit.
1604 4307 1712 4375 58;
1748 4327 1891 4367 conc.

306 4396 575 4470 Carthag.,
607 4399 687 4453 tit.
721 4397 837 4467 11).

1481 246 1854 303 ΒΠΕΥΙΑΤΙΟ
1892 245 2240 305 CANONUM.

350 358 438 413 60.
482 358 547 413 Ut
576 357 616 411 si
649 359 996 427 appellaverit
1025 370 1047 399 α
1074 362 1124 415 in
1156 360 1407 418 crthelra
1441 363 1607 430 ipsius
1640 377 1743 437 non
1772 376 1858 414 or-
1893 361 1938 418 Α

3461 259 3563 313 954

2036 362 2121 415 79.
2167 363 2238 418 Ut
2282 363 2677 433 chorepiscopi,
2714 366 2762 420 id
2808 375 2891 422 est
2944 368 3124 424 viCnrii
3155 369 3553 439 episcoporum,

1974 466 2071 506 nec
2116 456 2452 526 presbyteros
2498 472 2597 511 nec
2626 458 2880 513 diaconos
2910 460 3177 525 ordinent,
3214 462 3312 515 nisi
3347 470 3551 518 tantum

1971 542 2123 595 subdi
2144 557 2323 599 iconos
2352 545 2528 618 (Cone.
2562 548 2846 618 Anquirit.,
2879 551 2957 603 tit.
2990 552 3089 617 l5;
3124 567 3265 605 conc.
3297 550 3559 621 Antioch.,

1973 637 2051 692 m.
2085 637 2189 706 ιο).

2045 748 2133 804 80.
2178 750 2248 805 lit
2290 753 2498 810 vicariis
2541 756 2915 823 episc0porum
2967 758 3122 814 liceat
3166 759 3427 817 formatas
3484 760 3554 816 fa-

1975 856 2096 896 cere
2129 844 2309 914 (Cone.
2334 848 2594 911 Antioch.,
2626 848 2703 901 tit.
2734 846 2811 917 8).

2046 953 2134 1008 81.
2178 955 2243 1012 Ut
2275 958 2459 1025 prima:
2484 959 2626 1014 sedis
2651 960 2934 1030 episcopus
2958 976 3062 1014 non
3088 962 3387 1030 appelletur
3419 964 3566 1031 prin-

1974 1064 2100 1118 ceps
2139 1051 2495 1118 sacerdotum,
2530 1054 2613 1107 vel
2641 1068 2883 1109 summm
2929 1055 3181 1109 sacerdos
3211 1055 3395 1125 (Cone.
3439 1055 3564 1109 Car-

1977 1141 2143 1208 thag.,
2175 1144 2250 1194 tit.
2279 1139 2392 1197 54).

2047 1253 2135 1306 82.
2181 1253 2245 1309 Ut
2279 1254 2558 1322 primatem
2607 1254 2879 1323 proprium
2932 1254 3244 1308 Mauritania
3299 1256 3569 1312 Sitifensis

1977 1342 2166 1398 habeat
2197 1344 2375 1414 (Cone.
2404 1343 2674 1413 Carthag.,
2707 1346 2786 1397 tit.
2818 1342 2895 1415 6).

2048 1453 2138 1509 85.
2181 1453 2250 1511 Ut
2279 1457 2464 1525 prima:
2506 1456 2649 1511 sedis
2688 1456 2924 1526 episcopi
2970 1472 3038 1511 ex
3078 1456 3305 1513 concilio
3332 1459 3567 1512 Cartha—
3612 1444 3623 1449 ’

1976 1546 2201 1616 giniensi
2234 1548 2473 1619 episcopi
2507 1549 2921 1616 constituantur,
2954 1549 3167 1616 quando
3198 1549 3356 1604 fuerit
3380 1550 3567 1604 oborta

1976 1641 2248 1695 contentio
2282 1640 2462 1710 (Cone.
2490 1639 2761 1712 Carthag.,
2791 1644 2869 1696 tit.
2899 1640 2978 1709 7).

1912 1733 1960 1793 Β
2056 1733 2145 1786 Si.
2191 1731 2255 1787 Ut
2284 1733 2538 1802 primates
2565 1733 2899 1787 diversarum
2939 1732 3326 1800 provinciarum
3358 1734 3569 1785 nomina

1984 1827 2358 1893 cpisc0porum
2391 1823 2455 1878 ad
2490 1823 2782 1879 Erclesiam
2815 1823 3307 1893 Carthaginiensem
3357 1825 3571 1878 mittant

1985 1916 2164 1985 (Cone.
2197 1914 2467 1986 Cartlmg.,
2495 1918 2575 1970 til.
2607 1916 2685 1985 ὃ).

2054 2006 2146 2063 85.
2189 2005 2258 2063 Ut
2304 2008 2583 2079 presbyter
2611 2015 2736 2064 ante
2782 2009 2995 2079 triginta
3044 2022 3305 2063 annorum
3337 2016 3572 2072 relatam,

1983 2102 2225 2172 quamvis
2271 2103 2343 2155 sit
2385 2100 2597 2171 dignus,
2629 2116 2733 2156 non
2772 2101 3052 2157 ordinetur
3097 2099 3280 2173 (Cone.
3328 2100 3574 2155 Noram:-

1983 2208 2112 2253 δεῖν..
2148 2193 2227 2252 tit.
2255 2192 2368 2259 10).

2055 2281 2145 2338 86.
2189 2281 2256 2338 Ut
2285 2282 2372 2352 qui
2404 2283 2455 2337 in
2488 2281 2806 2352 tegritudine
2833 2281 2997 2337 fuerit
3027 2282 3323 2352 baptizatus
3355 2298 3459 2336 non
3489 2297 3577 2338 or-

1983 2378 2198 2434 dinetur
2248 2378 2527 2450 presbyter
2557 2396 2571 2446 ;
2602 2377 2702 2432 nisi
2734 2377 2870 2432 forte
2899 2387 3118 2447 propter
3150 2379 3310 2432 vitam
3361 2378 3576 2443 bonam,

1984 2482 2069 2525 aut
2096 2470 2371 2525 hominum
2418 2470 2687 2524 raritatem
2715 2467 2895 2539 (Cone.
2948 2467 3303 2534 Nummum,
3351 2472 3427 2522 tit.
3462 2469 3575 2537 11).

2056 2562 2145 2617 87.
2190 2563 2259 2618 Ut
2308 2564 2589 2634 presbyter
2634 2562 2914 2616 ordinatus
2945 2561 3085 2618 side
3131 2564 3308 2633 aliquo
3348 2563 3573 2616 crimine

1985 2654 2261 2710 confessus
2291 2653 2396 2726 [An
2428 2653 2725 2725 convictus]
2771 2654 2954 2719 fuerit,
2980 2661 3070 2708 aut
3112 2653 3177 2708 de
3208 2654 3290 2707 his
3313 2657 3399 2721 qni
3434 2653 3569 2721 lapsi

1984 2757 2129 2812 sunt,
2157 2764 2263 2803 non
2284 2748 2605 2818 suscipiatur
2627 2745 2804 2819 (Cone.
2834 2747 3064 2827 Λζέείεη..
3088 2748 3168 2801 tit.
3200 2746 3263 2814 8;
3293 2764 3437 2802 conc.
3472 2748 3576 2802 Νο-

1986 2857 2255 2904 υαεωεαν..
2288 2840 2370 2894 tit.
2404 2838 2517 2906 11).

2055 2932 2145 2988 88.
2192 2932 2260 2987 Ut
2288 2932 2566 3002 presbyter
2596 2930 2648 2985 in
2687 2929 2935 2985 convivio
2965 2929 3319 2985 secundarum
3365 2932 3577 3000 nuptia-

1987 3043 2105 3083 rum
2136 3040 2240 3080 non
2290 3024 2500 3080 intersit
2528 3024 2705 3095 (Coac.
2746 3023 3105 3092 Nemeaeum,
3135 3024 3215 3079 tit.
3244 3023 3322 3093 7).

2065 3116 2155 3173 89.
2200 3118 2269 3173 Ut
2313 3116 2381 3172 de
2423 3115 2696 3173 oblatione
2738 3114 3036 3187 presbyteri
3086 3116 3353 3187 coniugati
3410 3114 3581 3171 nullus

1993 3209 2187 3264 audeat
2215 3222 2319 3262 non
2351 3207 2751 3263 communicare
2781 3205 2961 3277 (Cone.
2997 3205 3217 3279 Gangr.,
3253 3208 3332 3261 tit.
3362 3206 3441 3276 4).

2066 3299 2155 3354 90.
2200 3298 2266 3354 Ut
2296 3298 2578 3367 presbyter
2606 3298 2908 3352 inconsulto
2950 3298 3230 3367 episcopo.
3262 3296 3313 3350 in
3343 3295 3582 3366 quolibet

1992 3389 2112 3443 loco
2147 3387 2353 3459 agenda
2385 3402 2491 3443 non
2533 3387 2729 3443 audeat
2773 3387 3051 3443 celebrare
3081 3384 3265 3457 (Cone.
3308 3386 3585 3462 (ῖανιιιασ.ε

1992 3480 2070 3533 tit.
2103 3476 2183 3549 7).

2065 3569 2155 3623 91.
2197 3567 2264 3623 Ut
2290 3568 2569 3639 presbyter
2597 3566 2904 3623 inconsulto
2929 3568 3183 3638 episcopo
3217 3569 3453 3638 virgines
3481 3584 3587 3625 non

1993 3667 2305 3724 consecret;
2351 3658 2588 3713 chrisma
2643 3672 2773 3714 vero
2803 3673 3075 3729 nunquam
3124 3660 3373 3714 conficiat
3404 3659 3593 3729 (Cone.

1996 3751 2266 3822 Cartltag.,
2292 3752 2372 3804 tit.
2404 3748 2517 3821 45).

2066 3841 2157 3898 92.
2199 3842 2270 3899 Ut
2312 3843 2614 3914 presbyteri
2645 3841 2880 3899 civitatis
2911 3842 3027 3898 sine
3061 3843 3209 3913 jussu
3235 3843 3470 3913 episcopi
3506 3846 3585 3898 ni-

1998 3935 2072 3990 hil
2096 3934 2339 4005 jubeant,
2370 3949 2468 3991 nec
2496 3935 2548 3988 in
2583 3949 2901 4006 unaquaque
2947 3934 3177 4005 parrecia
3207 3935 3403 4005 aliquid
3431 3945 3588 4005 agant

1999 4030 2177 4101 (Conc.
2211 4032 2389 4102 Aequi.
2410 4032 2494 4099 it.,
2519 4031 2600 4084 tit.
2634 4028 2745 4100 14).

2068 4121 2158 4177 95.
2204 4123 2269 4177 Ut
2297 4122 2596 4193 presbyteri
2620 4122 2954 4177 abstinentes
2994 4137 3025 4175 a
3066 4119 3338 4185 carnibus,
3374 4128 3588 4189 alligant

1998 4230 2120 4280 eas;
2154 4215 2224 4268 ita
2248 4225 2305 4268 ut
2334 4216 2495 4271 etiam
2525 4214 2675 4268 olera
2701 4228 2820 4283 quae
2858 4227 2980 4268 cum
3010 4214 3262 4266 carnibus
3286 4220 3589 4282 coquuntur

1998 4307 2284 4362 comedant
2306 4304 2488 4378 (Conc.
2520 4304 2803 4373 Anquirit.,
2833 4304 2909 4360 tit.
2941 4302 3053 4373 1-1).

2070 4399 2159 4453 94.
2201 4399 2271 4453 Ut
2298 4396 2627 4470 presbyteris
2654 4396 2913 4454 formatas
2940 4396 3068 4452 dare
3092 4412 3197 4452 non
3228 4397 3382 4453 liceat
3406 4396 3588 4469 (Cone.

377 4490 465 4547 76.
512 4491 578 4547 Ut
606 4493 847 4559 exceptis
870 4491 1087 4547 senibus
1116 4494 1203 4562 qni
1248 4492 1367 4547 loco
1396 4495 1596 4549 tnoveri
1626 4511 1731 4549 non
1764 4511 1889 4565 pos-
1917 4490 1969 4550 D
1998 4492 2260 4556 Antioch.,
2291 4492 2373 4547 tit.
2396 4486 2475 4558 8).

307 4594 431 4639 sunt
471 4594 521 4638 et
569 4583 793 4638 inlirmis
823 4581 1108 4654 episcopis,
1144 4584 1233 4653 qui
1278 4584 1582 4640 admonitus
1612 4585 1677 4638 ad
1710 4585 1892 4651 conci:

309 4676 436 4739 lium
485 4690 591 4730 non
632 4675 956 4740 Occurrerit,
1003 4678 1383 4731 communione
1433 4676 1670 4746 privetur
1709 4676 1891 4747 (Couc.

310 4770 581 4823 Mamzan.
604 4786 619 4835 ;
648 4785 793 4823 conc.
818 4768 1083 4825 Thusdrit.
1109 4788 1123 4838 ;
1155 4771 1274 4825 item
1301 4787 1447 4825 conc.
1475 4770 1680 4826 Tltem't.
1704 4788 1717 4838 ;
1747 4787 1891 4827 conc.

312 4866 417 4931 Sep
442 4864 702 4933 imunic.).

381 4959 472 5012 77.
514 4957 583 5013 Ut
610 4960 892 5027 episcopus
917 4956 1029 5027 qui,
1061 4973 1166 5012 non
1188 4965 1435 5027 suscepta
1466 4959 1748 5029 legatione,
1774 4961 1893 5014 uni-

310 5050 501 5107 versali
530 5049 758 5104 concilio
784 5050 1043 5104 interesse
1066 5050 1563 5118 praesumpserit,ab
1591 5053 1667 5107 eis
1691 5052 1899 5121 episco-

315 5145 395 5213 pis
443 5143 529 5213 qni
582 5142 901 5212 legationem
931 5140 1252 5209 suscipiunt,
1294 5140 1360 5196 ad
1393 5141 1565 5212 ipsutn
1614 5143 1897 5197 concilium

314 5252 419 5291 non
448 5236 758 5290 admittatur
785 5234 965 5307 (Cone.
996 5233 1313 5302 Thusdrit.).

385 5328 471 5380 78.
516 5327 583 5382 Ut
613 5328 787 5381 nullus
817 5326 1099 5396 episcopus
1151 5320 1416 5394 prioribus
1447 5327 1557 5382 suis
1602 5341 1660 5382 se
1706 5328 1899 5384 audeat

316 5428 640 5489 anteponere
669 5418 846 5490 (Cone.
879 5417 1119 5483 Mi!evit.,
1140 5420 1218 5471 tit.
1252 5414 1331 5485 Ξ).

389 5607 411 5633 ³
458 5595 673 5650 Videtur
706 5594 789 5649 hic
821 5594 1008 5649 deesse
1031 5594 1182 5650 alius.

388 5667 409 5704 δ
451 5668 574 5736 ch.
611 5667 688 5718 tit.
716 5664 769 5717 6.

391 5750 409 5787 ί
455 5740 629 5804 Iter”
661 5737 739 5792 111.
770 5737 823 5792 9.

2077 4585 2167 4640 9T5.
2212 4584 2277 4639 Ut
2324 4583 2623 4654 presbyteri
2652 4598 2764 4638 rem
2796 4581 3052 4638 Ecclesia:
3095 4583 3212 4637 sine
3259 4583 3595 4649 conscientia

2002 4676 2241 4747 episcopi
2270 4692 2377 4731 non
2424 4675 2659 4732 vendant
2688 4674 2868 4747 (Conc.
2899 4675 3181 4744 Anquirit.,
3207 4676 3284 4730 tit.
3318 4674 3417 4739 15;
3442 4693 3585 4729 conc.

2005 4772 2366 4843 [lipponireg.,
2398 4772 2477 4824 tit.
2511 4770 2623 4840 11).

2072 4862 2162 4919 96.
2203 4862 2273 4918 Ut
2303 4862 2584 4933 presbyter
2623 4861 2710 4930 qui
2745 4870 2949 4915 reatum
2984 4858 3289 4923 incurrerit,
3324 4874 3351 4911 a
3381 4873 3473 4914 sex
3503 4860 3587 4929 vel

2002 4965 2208 5024 septem
2241 4954 2509 5023 episcopis
2547 4953 2789 5007 audiatur
2817 4950 3001 5023 (Cone.
3046 4948 3289 5021 Carlhag.
3333 4949 3425 5003 sub
3455 4952 3589 5010 αηιὶε

2000 5050 2115 5104 stite
2143 5047 2429 5113 Genezlrtio,
2456 5048 2534 5101 tit.
2564 5047 2596 5101 8
2626 5046 2697 5118 ε).

2073 5143 2163 5197 97.
2194 5141 2263 5197 Ut
2317 5141 2594 5212 presbyter
2625 5137 2718 5208 qui
2746 5136 3039 5192 immolavit
3080 5134 3269 5201 idolis,
3302 5143 3357 5190 et
3399 5146 3589 5202 postea

2006 5252 2100 5307 pro
2133 5235 2233 5289 ﬁde
2262 5233 2500 5289 conﬂiin
2521 5275 2535 5299 ,
2581 5233 2785 5286 honore
2815 5230 3027 5301 quidem
3071 5243 3175 5283 non
3207 5228 3474 5297 privetur;
3512 5237 3588 5279 ta-

2005 5342 2125 5381 men
2161 5339 2256 5377 ncc
2284 5323 2569 5387 sacrilicet,
2602 5336 2697 5375 nec
2728 5334 3032 5374 sermonem
3064 5318 3222 5373 faciat
3253 5314 3301 5372 ά.

2077 5416 2165 5469 98.
2203 5416 2268 5471 Ut
2298 5414 2597 5485 presbyter,
2623 5413 2667 5467 si
2702 5428 2918 5466 uxorem
2944 5410 3177 5476 duxerit,
3198 5410 3520 5479 deponatur;
3545 5406 3590 5461 si

2032 5668 2040 5677 Ο
2079 5594 2409 5719 diSumptus
2464 5605 2545 5651 est
2587 5610 2757 5651 canon
2803 5612 2866 5651 ex
2918 5597 3148 5651 concilio
3221 5592 3590 5666 Anquiritano,

2034 5679 2089 5719 ιι.
2159 5703 2174 5719 .

2007 5678 2089 5723 ιιι.
2126 5678 2174 5721 1.
