4070 6464
437 283 542 342 955

443 490 800 560 compellatur
836 487 1018 550 (Coac.
1056 487 1416 552 Novacwsar.,
1458 486 1535 537 lit.
1574 484 1627 552 1)

514 581 606 636 99.
641 579 701 635 Ut
728 578 1006 650 presbyter
1033 577 1116 632 vel
1148 575 1437 640 diaconus,
1471 574 1560 645 qui
1602 573 1812 630 deserta
1848 570 2039 626 Eccle-

445 675 526 730 sia
556 689 648 730 Sua
679 673 744 726 ad
771 673 927 726 aliain
954 669 1265 736 transierit,
1300 669 1343 722 si
1371 677 1493 738 post
1529 667 1904 722 evocationem
1927 665 2044 730 epi-

445 769 596 837 scopi
628 768 707 822 sui
737 782 987 822 reversus
1032 782 1136 820 non
1171 764 1364 830 inierit,
1394 763 1696 832 deponatur
1747 760 1900 832 (Con.
1931 760 2040 812 An-

449 860 629 926 (indu,
655 861 735 913 tit.
761 859 839 930 5).

521 951 644 1004 100.
671 949 736 1005 Ut
785 949 1066 1018 presbyter
1093 948 1176 1002 vel
1221 949 1513 1011 diaconus,
1545 947 1588 1000 si
1620 961 1648 999 a
1683 945 1898 1014 preprio
1929 942 2045 1009 epi-

448 1055 614 1110 scopo
643 1049 1028 1094 exauctoratus
1059 1038 1229 1094 sancti
1261 1038 1541 1094 ministerii
1581 1024 1853 1107 quidpiam
1891 1049 2045 1103 prtu-

446 1136 756 1202 smnpserit,
791 1149 940 1201 spetn
973 1132 1328 1186 restitutionis
1357 1147 1459 1183 non
1489 1130 1679 1184 habeat
1711 1127 1891 1194 (Cone.
1929 1127 2034 1178 An-

451 1229 632 1288 ιὶεείι..
659 1230 741 1285 lil.
771 1230 856 1298 4).

529 1320 644 1374 101.
695 1317 758 1373 Ut
795 1319 1074 1388 presbyter
1100 1317 1501 1385 veldiaconus,
1541 1317 1717 1386 quise
1753 1314 1822 1369 ab
1865 1313 2048 1368 Ecc'c-

445 1415 528 1464 sia
573 1410 1014 1480 scquestraverit,
1048 1419 1100 1465 ct
1133 1410 1183 1463 in
1228 1410 1389 1464 domo
1430 1425 1524 1462 sna
1568 1409 1734 1462 altare
1783 1407 2043 1472 erexerit,

447 1503 752 1571 deponatur
781 1501 966 1571 (Cone.
995 1501 1261 1570 Antioch.,
1296 1502 1376 1554 lil.
1401 1500 1465 1565 5,
1490 1515 1635 1554 conc.
1659 1497 1930 1569 Carlhag.,
1962 1507 2040 1552 lil.

449 1591 530 1664 τ).
1241 1649 1247 1657 ,

529 1683 652 1741 102.
697 1684 764 1740 Et
794 1685 951 1740 liceat
979 1684 1092 1739 sive
1117 1683 1448 1756 presbyteris
1488 1683 1604 1738 sive
1625 1680 1939 1736 diaconibus
1964 1723 1979 1746 ,
2003 1680 2045 1733 si

1336 273 1704 334 FULGENTII
1749 265 2096 326 FERRANDI
2141 263 2412 319 DlACOt‘ﬂ
2453 256 2804 319 CARTUAG.

441 407 618 454 autem
669 399 956 452 ῐθτηιρειιιιε
997 395 1194 459 fuerit,
1251 392 1413 448 etiam
1453 389 1820 460 pteuitentiam
1869 399 2028 456 agere
2061 386 2108 441 Α

3634 251 3753 310 956

2216 381 2340 437 118.
2387 377 2455 436 Ut
2483 379 2692 435 diaconi
2719 378 2801 433 vel
2833 393 2907 448 pr:
2930 376 3131 446 εειμθτὶ
3171 375 3214 430 si
3255 389 3284 428 a
3317 373 3617 430 ministerio
3649 387 3750 427 re-

2145 477 2274 530 moti
2306 475 2535 540 ruerint,
2569 489 2675 528 non
2708 472 2785 526 eis
2813 487 3003 526 manus
3032 469 3114 522 vel
3146 480 3397 536 tanquam
3429 467 3750 537 paenitenti-

2145 575 2275 636 bus.
2309 573 2391 627 \eI
2437 581 2687 641 tanquam
2723 567 2971 622 ﬁdelibus
3000 565 3149 619 laicis
3181 565 3523 634 imponantur
3549 560 3752 632 (Cone.

2147 667 2395 738 Carlhag.
2409 707 2422 731 ,
2450 666 2526 716 lil.
2562 663 2673 732 12).

2221 781 2344 838 119.
2374 783 2440 837 [ι
2477 780 2688 836 diaconi
2723 794 2826 834 non
2857 778 3172 833 ordinentur
3199 773 3287 845 qui
3319 782 3703 844 procuratores
3742 811 3760 830 .

2148 887 2196 931 et
2229 884 2470 938 actores,
2497 884 2550 927 et
2590 879 2792 926 tutores
2814 912 2828 936 ,
2861 879 2916 924 et
2956 878 3230 922 curatores
3263 865 3598 936 pupillorum
3636 866 3762 917 lue-

2151 977 2292 1033 runt,
2326 966 2426 1020 nisi
2455 972 2581 1035 post
2606 964 2847 1033 deposita
2876 962 3126 1016 universa
3154 969 3204 1015 et
3229 957 3434 1014 reddita
3467 956 3762 1010 ratiocinia

2149 1062 2331 1133 (Conc.
2359 1059 2627 1132 Carlhaq.,
2664 1061 2743 1112 lit.
2776 1058 2853 1126 7).

2227 1177 2345 1231 120.
2389 1177 2454 1232 Ut
2478 1176 2718 1230 diaconis
2747 1174 2876 1230 solis
2909 1174 3068 1228 liceat
3108 1173 3174 1227 ad
3203 1174 3374 1228 altare
3398 1171 3605 1242 ingredi
3631 1215 3648 1239 ,
3697 1180 3763 1226 et

2149 1270 2548 1325 communicare
2579 1267 2761 1341 (Cone.
2788 1266 3036 1333 Latitiae,
3061 1268 3142 1322 tit.
3178 1266 3289 1335 18).

2226 1386 2347 1440 121.
2393 1384 2461 1440 Ut
2483 1393 2606 1440 ante
2636 1382 2824 1454 viginti
2851 1382 3087 1452 quinque
3114 1393 3282 1434 annos
3312 1393 3412 1432 nec
3436 1377 3622 1432 clerici
3658 1390 3764 1430 or-

2151 1477 2427 1543 dincntur,
2463 1490 2560 1530 nec
2587 1475 2818 1545 virgines
2841 1480 3224 1528 eonsecrentur
3255 1471 3438 1540 (Cone.
3471 1468 3764 1538 Carlhag.,

2151 1571 2233 1624 lit.
2258 1567 2340 1638 9).

2227 1680 2351 1738 122.
2387 1681 2452 1738 Ut
2473 1681 2654 1737 clerici
2679 1696 2798 1737 cum
2824 1681 3139 1736 mulieribus
3161 1677 3434 1735 extraneis
3462 1695 3567 1734 non
3597 1678 3766 1732 babi-

449 1775 648 1845 injuste
694 1776 1143 1832 excommunicati
1195 1777 1424 1843 fuerint,
1459 1777 1714 1832 ﬁnitimos
1759 1775 2041 1848 episcopos
2076 1768 2126 1830 Β
2152 1783 2264 1830 teut
2293 1774 2476 1844 (Cons.
2514 1772 2744 1841 Niciam,
2771 1774 2846 1828 lit.
2877 1777 2948 1839 3;
2978 1789 3121 1827 conc.
3154 1772 3427 1844 Carthag.,
3455 1770 3545 1824 sub
3579 1782 3768 1824 sancta

451 1867 795 1936 interpellare
826 1866 1004 1939 (Cons.
1038 1867 1270 1933 Sardia,
1300 1868 1376 1920 til.
1405 1867 1512 1938 18).

527 1961 651 2017 105.
694 1961 760 2018 Ut
815 1963 1117 2034 presbyteri
1165 1963 1388 2018 alterius
1429 1962 1665 2032 regionis
1703 1960 2057 2032 praisentibus

454 2053 783 2125 presbyteris
839 2069 946 2108 non
993 2053 1301 2110 sacriﬁcent
1340 2051 1525 2127 (Cone.
1588 2051 1943 2119 Novae-(csum,
1972 2053 2053 2106 lil.

457 2144 568 2214 η).

533 2237 659 2293 101.
692 2238 760 2294 Ut
788 2239 1002 2295 diaconi
1031 2249 1241 2310 septem
1274 2253 1395 2296 esse
1422 2238 1650 2295 debeant
1672 2237 1855 2310 (Cone.
1881 2237 2060 2295 Nova-

455 2344 662 2396 manu,
696 2332 773 2384 lit.
807 2329 916 2402 15).

533 2420 653 2476 105.
686 2421 753 2478 Ut
781 2421 990 2478 diaconi
1008 2423 1221 2494 judicio
1246 2423 1424 2494 populi
1449 2438 1556 2478 non
1583 2422 1854 2494 eligantur
1873 2422 2055 2496 (Cone.

456 2511 696 2578 Martia,
729 2514 807 2568 lil.
841 2513 948 2582 15).

501 2669 504 2672 ,
541 2603 661 2659 10-3.
690 2603 758 2660 Ut
802 2605 1011 2660 diaconi
1038 2614 1162 2662 ante
1209 2606 1585 2678 presbyterum
1618 2621 1722 2660 non
1755 2607 2056 2662 communi-

456 2696 787 2764 ccnt((.'ouc.
822 2695 1056 2766 Ninum,
1083 2698 1159 2750 lil.
1197 2695 1310 2765 11).

535 2788 661 2843 107.
695 2789 766 2844 Ut
791 2789 1053 2844 diaconus
1087 2799 1352 2857 prasente
1394 2792 1707 2859 presbytero
1737 2803 1842 2843 non
1873 2791 2061 2847 sedeat

454 2879 562 2936 nisi
599 2879 782 2946 jussus
823 2878 1005 2949 (Cone.
1039 2877 1284 2944 Laodic.,
1312 2880 1390 2933 tit.
1424 2881 1533 2950 19).

534 2971 660 3028 108.
694 2971 762 3027 Ut
788 2971 1151 3027 subdiaconus
1183 2988 1373 3042 panem
1410 2987 1514 3028 non
1563 2985 1766 3046 eroget,
1801 2992 1900 3034 nec
1922 2978 2058 3032 ca‘i-

462 3079 585 3118 cem
619 3062 900 3118 benedicat
933 3062 1116 3135 (Cone.
1142 3063 1382 3128 Laodic.,
1425 3065 1504 3119 lit.
1523 3064 1639 3136 25).

533 3154 658 3210 109.
703 3154 771 3210 Ut
809 3154 1112 3222 diaconus,
1168 3156 1253 3210 vel
1291 3155 1518 3226 quilibet
1556 3157 1786 3212 clericus
1816 3159 1881 3213 ad
1929 3175 2056 3229 τις..-
2090 3141 2138 3204 C

463 3258 588 3314 pem
620 3254 870 3312 vocatus,
915 3254 1118 3314 partem
1152 3260 1259 3302 non
1308 3246 1457 3301 tollat
1487 3245 1665 3303 (Cone.
1703 3247 1940 3317 Laodic.,
1973 3252 2052 3308 lit.

461 3337 580 3408 21).

536 3427 663 3486 110.
705 3428 774 3486 Ut
799 3430 1054 3489 diaconus
1095 3444 1190 3489 aut
1229 3434 1489 3504 clericus,
1523 3451 1708 3506 magus
1729 3446 1784 3493 et
1814 3439 2050 3494 incanta-

460 3529 548 3576 tur
578 3537 682 3576 non
714 3524 814 3590 sit,
842 3539 1013 3596 neque
1047 3526 1373 3598 ptiylacteria
1417 3525 1575 3582 faciat
1609 3527 1794 3597 (Cone.
1821 3529 2060 3598 Laertia,

463 3615 545 3667 tit.
569 3612 684 3683 54).

539 3707 664 3766 111.
705 3707 775 3765 Ut
831 3708 1089 3765 diaconus
1130 3710 1212 3766 vel
1268 3713 1430 3766 etiam
1463 3711 1631 3767 laicus
1669 3714 1786 3771 sine
1832 3716 2060 3773 formata

463 3800 656 3855 alicubi
690 3816 794 3856 non
826 3801 1229 3872 proﬁciscantur
1273 3803 1456 3875 (Cone.
1493 3804 1733 3874 Laodic.,
1759 3808 1840 3862 til.
1873 3808 1990 3873 50).

541 3894 664 3950 112.
701 3894 771 3950 Ut
790 3896 1000 3951 diaconi
1024 3895 1106 3951 vel
1133 3896 1354 3966 quilibet
1383 3897 1565 3951 clerici
1589 3937 1605 3964 ,
1641 3908 1836 3967 prreter
1859 3899 2064 3970 jussio-

465 4002 588 4042 nem
616 3987 854 4057 episcOpi
899 3987 964 4041 ad
998 3987 1283 4057 peregrina
1312 4003 1416 4044 non
1448 3989 1856 4058 proﬁciscantur
1879 3990 2063 4062 (Cone.

467 4077 708 4146 Laodic.,
736 4078 908 4133 121.40
936 4077 1010 4151 ιι).

541 4171 666 4226 115.
712 4170 779 4226 Ut
824 4171 1036 4227 diaeoni
1093 4172 1182 4227 vel
1238 4171 1420 4228 clerici
1469 4171 1793 4241 spectaculis
1849 4190 1968 4245 qua
2016 4177 2068 4230 in

468 4264 667 4334 nuptiis
695 4265 1039 4334 exhibentur,
1065 4281 1170 4323 non
1200 4267 1452 4323 intersint
1479 4265 1662 4338 (Cone.
1707 4267 1947 4336 Laodic.,
1977 4272 2061 4324 tit.

469 4355 584 4426 se).

548 4453 669 4509 111.
731 4454 798 4510 Ut
853 4453 1096 4520 diaconi,
1148 4454 1236 4510 vel
1285 4455 1512 4526 quilibet
1541 4457 1721 4512 clerici
1769 4467 1860 4514 aut
1909 4459 2067 4512 etiam

2161 1865 2342 1932 Grato,
2383 1868 2462 1920 tit.
2497 1867 2566 1929 5;
2599 1865 2755 1922 Conc.
2792 1866 3066 1919 universali
3094 1864 3389 1936 Carr/209.).

2234 1957 2356 2012 125.
2398 1955 2469 2011 Ut
2495 1957 2670 2012 nullus
2708 1957 2938 2012 clericus
2963 1957 3162 2011 feneret
3205 1955 3383 2026 (Cone.
3421 1953 3766 2018 Nim’n.,lil.

2161 2051 2260 2115 11;
2301 2067 2445 2105 conc.
2473 2049 2741 2121 Carthag.,
2769 2051 2860 2104 sub
2887 2059 3064 2104 sanclo
3091 2049 3272 2112 Grato,
3290 2050 3370 2104 til.
3413 2047 3476 2102 12
3503 2049 3575 2116 ιε).

2232 2139 2354 2196 121.
2396 2141 2467 2198 Ut
2508 2143 2738 2197 lectores
2767 2143 2944 2197 orariu
2973 2157 3078 2194 non
3123 2149 3360 2204 Uintltlr,
3397 2141 3510 2194 sive
3557 2140 3771 2210 legarit,

2159 2235 2274 2288 sive
2303 2233 2530 2301 psallam
2560 2231 2740 2306 (Cone.
2775 2233 3103 2298 Laorliceusi,
3134 2234 3213 2286 tit.
3245 2233 3358 2302 22).

2237 2325 2362 2380 125.
2395 2325 2464 2381 Ut
2501 2309 2714 2381 clericis
2748 2340 2852 2380 non
2900 2325 3056 2380 liicat
3103 2323 3627 2378 administrationem
3673 2334 3773 2376 aut

2161 2421 2592 2490 procurationem
2637 2420 2917 2475 domorum
2952 2419 3226 2489 suscipere
3267 2417 3444 2488 (Conc.
3483 2417 3772 2490 Carthag.,

2163 2515 2252 2567 sub
2279 2524 2456 2567 sancto
2485 2510 2674 2579 Grato,
2703 2513 2781 2566 lit.
2818 2512 2895 2581 5).

2232 2605 2355 2662 126.
2398 2605 2468 2663 Ut
2495 2606 2724 2662 clericus
2750 2607 2835 2663 vel
2859 2607 3024 2662 laicus
3055 2621 3158 2660 non
3186 2604 3543 2660 communicet
3579 2605 3635 2658 in
3659 2603 3773 2662 alia

2161 2697 2318 2768 plebe
2351 2695 2538 2769 (Cone.
2571 2696 2840 2767 Carlhag.,
2865 2697 2956 2750 sub
2983 2706 3156 2751 sancto
3185 2696 3364 2762 Grato,
3390 2696 3467 2748 lit.
3497 2693 3579 2764 ϐ).

2235 2788 2359 2844 127.
2393 2789 2465 2845 Ut
2489 2789 2669 2845 clerici
2693 2790 2810 2844 sine
2838 2790 3063 2844 lormata
3087 2796 3142 2843 et
3162 2787 3487 2842 conscientia
3519 2789 3773 2860 episcopi

2163 2896 2259 2953 per
2287 2883 2491 2936 alienas
2522 2882 2706 2951 plebes
2736 2897 2842 2935 non
2868 2890 3128 2950 vagentur
3159 2879 3338 2951 (Cone.
3367 2877 3692 2952 Humum).

2235 2974 2356 3030 128.
2389 2975 2459 3032 Ut
2484 2975 2699 3044 superbi
2721 2975 2898 3030 clerici
2922 2973 3463 3048 coerceantur(Conc.
3487 2975 3774 3049 Curthag.,

2160 3068 2253 3119 sub
2276 3074 2453 3119 sancto
2484 3062 2668 3133 Grato,
2704 3067 2782 3119 tit.
2823 3065 2936 3136 10).

2243 3157 2363 3212 129.
2398 3156 2469 3213 Ut
2498 3154 2758 3224 le'ctores,
2802 3156 2926 3212 dum
2974 3157 3040 3211 ad
3081 3171 3247 3212 annos
3280 3156 3573 3226 pubertatis
3607 3174 3777 3214 vene-

2163 3249 2312 3317 rint,
2346 3261 2608 3319 cogantur
2639 3257 2730 3304 aut
2774 3263 2976 3304 uxores
2999 3247 3230 3315 ducere,
3260 3257 3352 3304 aut
3377 3249 3777 3305 continentiam

2167 3341 2403 3413 proﬁteri
2434 3341 2613 3410 (Cone.
2645 3339 2916 3413 Cari/109.,
2951 3341 3029 3395 lit.
3062 3338 3180 3411 27).

2240 3438 2361 3492 150.
2409 3435 2474 3491 Ut
2505 3435 2780 3490 mulierem
2805 3434 3035 3490 clericus
3063 3448 3167 3488 non
3216 3433 3372 3488 ducat
3418 3449 3666 3491 uxorem.
3705 3435 3781 3492 Et

2168 3543 2227 3588 ut
2257 3534 2300 3587 is
2329 3533 2416 3603 qui
2449 3531 2617 3586 laicus
2641 3529 2857 3584 viduam
2903 3528 3152 3593 duxerit,
3202 3543 3306 3582 non
3356 3527 3676 3585 admittatur
3706 3534 3781 3588 ad

2167 3633 2368 3688 clerum
2397 3629 2579 3700 (Cone.
2602 3627 2851 3693 Zellens.,
2887 3642 2950 3680 ea:
2977 3623 3193 3692 cpistola
3223 3640 3369 3695 papa:
3399 3625 3611 3696 Sirici).

2243 3725 2367 3780 151.
2409 3722 2479 3778 Ut
2523 3737 2628 3776 non
2662 3721 2838 3788 liceat,
2882 3729 3078 3787 pra-ter
3116 3718 3401 3772 canonicos
3447 3717 3652 3787 psaltas
3682 3720 3782 3790 qui

2087 3841 2093 3847 -
2169 3813 2430 3886 pulpiruin
2451 3813 2748 3869 ascendunt
2771 3820 2824 3867 et
2853 3811 2921 3864 de
2949 3810 3134 3865 codice
3163 3811 3361 3880 legunt,
3395 3810 3557 3865 alium
3582 3827 3754 3882 quem

2171 3909 2304 3965 libet
2329 3909 2378 3962 in
2405 3906 2634 3962 ecclesia
2677 3903 2904 3974 psallere
2935 3899 2982 3958 ἀ.

2246 3998 2370 4054 152.
2405 3998 2470 4054 Ut
2491 3996 2670 4052 clerici
2701 3998 2782 4052 vel
2814 3997 3159 4050 continentes
3180 4036 3195 4060 ,
3238 3994 3302 4048 ad
3328 3993 3513 4048 viduas
3541 3993 3634 4048 vel
3667 3996 3778 4047 viro

2170 4095 2322 4162 gines
2343 4093 2460 4150 sine
2494 4089 2647 4161 jussu
2681 4089 2758 4144 vel
2793 4090 3054 4157 permissu
3078 4088 3311 4156 episcOpi
3361 4085 3441 4142 vel
3467 4085 3784 4156 presbyteri

2175 4201 2280 4239 non
2308 4183 2562 4240 accedant
2591 4179 2771 4251 (Cone.
2806 4179 3074 4250 Carlltag.,
3107 4179 3187 4232 lit.
3214 4177 3329 4246 55).

2248 4275 2368 4331 155.
2403 4275 2472 4331 Ut
2501 4273 2681 4329 clerici
2727 4271 3055 4343 apotliecarii
3084 4273 3162 4326 vel
3217 4271 3635 4325 ratiocinatores
3669 4286 3783 4326 non

2174 4370 2488 4424 ordinentur
2514 4366 2694 4439 (Conc.
2719 4366 2990 4434 Cilrlhag.,
3030 4363 3121 4418 sub
3151 4374 3331 4417 sancto
3355 4361 3537 4427 Gralo,
3573 4364 3657 4416 lit.
3696 4365 3780 4431 8).

2251 4460 2374 4518 154.
2417 4461 2483 4516 Ut
2510 4459 2695 4515 clerici
2723 4457 2914 4514 edendi
2947 4457 3028 4511 vel
3059 4456 3272 4511 bbendi
3312 4469 3475 4509 causa
3518 4455 3784 4509 tabernas

473 4545 598 4610 laici
623 4543 944 4611 Christiani,
966 4561 1032 4600 ex
1055 4547 1312 4616 symbolis
1335 4547 1639 4602 convivium
1664 4564 1770 4604 non
1795 4551 2071 4607 celebrent
2102 4531 2152 4593 θ
2180 4571 2285 4612 non
2342 4553 2740 4624 ingrediantur,
2796 4550 2898 4606 nisi
2971 4548 3418 4618 peregrinationis
3475 4547 3785 4602 neces-itas

501 4634 655 4690 Cons.
689 4635 927 4703 Laodic.,
943 4637 1023 4690 tit.
1049 4635 1163 4707 55).

546 4729 669 4786 115.
714 4729 1016 4786 Utdiaconi
1041 4771 1057 4797 ,
1081 4729 1167 4784 vel
1201 4729 1507 4800 quicunque
1537 4732 1589 4787 in
1622 4749 1648 4787 s
1671 4733 1938 4790 cerdotali
1971 4735 2070 4790 mi-

474 4822 699 4880 nisterio
728 4821 1002 4877 constituti
1029 4866 1044 4892 ,
1082 4837 1271 4877 usuras
1299 4831 1355 4878 et
1386 4823 1555 4891 lucra,
1591 4825 1641 4879 id
1684 4834 1769 4880 est
1798 4827 2066 4897 sescupla,

474 4929 582 4972 non
614 4915 829 4983 exigant
852 4913 1032 4984 (Cone.
1066 4914 1306 4980 Laodic.,
1340 4916 1422 4970 lit.
1455 4916 1533 4986 5).

551 5008 674 5063 116.
713 5005 783 5062 Ut
807 5007 1018 5064 diaconi
1040 5010 1129 5079 qui
1158 5009 1570 5064 immolaverunt
1595 5049 1611 5076 ,
1642 5017 1697 5062 et
1727 5018 1910 5079 postea
1932 5011 2074 5066 reln-

471 5103 604 5158 ctati
635 5111 760 5158 sunt
789 5145 804 5168 ,
855 5102 906 5157 in
951 5101 1160 5157 bonore
1197 5102 1409 5171 quidem
1439 5117 1540 5158 suo
1579 5113 1952 5172 permaneant,
1979 5105 2072 5159 scil

477 5197 549 5251 ab
577 5196 718 5249 omni
742 5193 925 5248 altaris
957 5194 1254 5248 ministerio
1282 5195 1612 5264 repellantur
1639 5191 1688 5248 ιι.

554 5289 678 5343 117.
716 5288 784 5344 Ut
812 5289 1070 5342 diaconus
1101 5287 1189 5356 qui
1225 5288 1277 5340 in
1307 5288 1588 5357 corporale
1636 5299 1912 5356 peccatum
1945 5289 2076 5342 inci-

478 5383 582 5447 dit,
611 5382 678 5437 ab
707 5381 895 5436 ordine
922 5381 1206 5437 ministerii
1235 5381 1564 5436 abstineatur
1599 5380 1780 5450 (Cone.
1827 5381 1973 5435 Nora
2003 5398 2074 5436 (v-

481 5488 615 5538 tam,
641 5475 718 5527 lit.
749 5473 828 5544 9).

559 5637 584 5697 ξ’
627 5626 781 5682 Trec.
814 5629 870 5682 11
907 5647 920 5694 ;
949 5628 1108 5684 Corb.
1135 5629 1232 5692 520;
1259 5628 1626 5684 emendandus
1653 5640 1894 5697 utrrque.

487 5694 884 5824 “basilmpius
930 5711 1010 5756 est
1060 5716 1229 5756 canon
1287 5717 1348 5756 cx
1405 5700 1635 5756 concilio
1683 5694 2073 5772 Auqttititztt‘to.

516 5786 574 5823 ι.
647 5805 660 5819 ο

516 5786 574 5823 11..
606 5786 660 5821 Ζ.

2175 4645 2413 4717 coegerit
2455 4642 2640 4714 (Couc.
2672 4641 2911 4708 Laudia,
2960 4641 3041 4695 tit.
3092 4641 3122 4694 7
3147 4681 3160 4705 ,
3204 4639 3322 4692 item
3361 4637 3450 4706 21,
3491 4639 3614 4690 item
3660 4637 3782 4703 25;

2177 4757 2324 4796 conc.
2359 4737 2623 4806 Carllmg.,
2665 4738 2743 4791 lit.
2775 4733 2890 4806 55).

2256 4830 2374 4886 155.
2402 4829 2468 4886 Ut
2493 4829 2673 4884 clerici
2705 4828 2757 4883 in
2805 4828 2982 4882 aliena
3022 4826 3236 4881 civtate
3259 4841 3361 4880 non
3394 4823 3781 4889 inniterentur,

2182 4924 2282 4977 nisi
2313 4935 2502 4976 causas
2532 4935 2716 4974 eorum
2765 4918 2937 4988 justas
2981 4915 3267 4986 episeopus
3298 4916 3396 4970 loci
3429 4917 3511 4970 vel
3546 4917 3780 4988 presby-

2181 5013 2280 5068 teri
2313 5013 2550 5066 loeorutn
2583 5009 2910 5081 perviderint
2938 5005 3117 5078 (Cone.
3153 5005 3400 5079 Carthag.
3432 5007 3511 5060 tit.
3547 5004 3660 5077 11).

2216 5107 2375 5163 .156.
2428 5104 2496 5162 Ut
2543 5114 2824 5161 accusatus
2863 5104 3092 5158 clericus
3135 5103 3270 5159 intra
3303 5118 3501 5156 annum
3553 5117 3779 5157 causam

2177 5215 2328 5254 suam
2351 5213 2510 5268 agere
2538 5198 2732 5253 debeat
2755 5195 2934 5263 (Canc.
2961 5195 3230 5267 Carlhag.,
3259 5197 3337 5249 (il.
3375 5195 3481 5262 1'5).

2253 5294 2377 5347 157.
2415 5292 2484 5349 Ut
2511 5291 2740 5347 clericus
2769 5306 2873 5344 non
2905 5290 2992 5342 liat
3013 5331 3027 5354 ,
3079 5289 3230 5360 cujus
3275 5305 3414 5344 uxor
3444 5304 3562 5345 cum
3596 5287 3782 5346 adhuc

2181 5395 2327 5442 esset
2354 5386 2556 5450 laicus,
2594 5383 2888 5438 adulterata
2939 5389 3043 5436 est.
3079 5382 3141 5436 Et
3184 5390 3243 5436 ut
3295 5381 3517 5437 clericus
3545 5397 3778 5438 uxorem

2182 5479 2476 5535 adulteram
2504 5477 2718 5533 deserat
2749 5475 2929 5548 (Cone.
2969 5473 3320 5540 Noracwsarq
3353 5475 3434 5530 tit.
3464 5474 3585 5545 44).

2261 5647 2280 5671 ’τ
2316 5633 2642 5704 Legendus»,
2679 5634 2755 5686 lil.
2792 5631 2877 5687 15.

2254 5714 2276 5750 τι
2326 5701 2417 5760 l'lsi
2448 5721 2511 5761 ex
2545 5705 2769 5760 concilio
2803 5704 3138 5770 Laodicensi,
3165 5703 3244 5757 tit.
3275 5701 3362 5760 15.
