4070 6464
475 253 576 308 959

977 249 1340 306 FULCI'LNTII
1387 249 1734 304 FERRANDI
1779 252 2058 306 Dl.\(‘.().\ll
2109 253 2461 308 CARTHAG.
2509 254 2878 310 BBliVlATll-l
2917 256 3269 312 CANUNUM.

3670 263 3788 316 9433

550 362 668 416 182.
714 360 782 417 Ut
831 360 1004 414 nullus
1052 376 1170 414 cum
1219 359 1488 414 haereticis
1531 361 1796 416 connubia
1839 362 2064 416 misceat
2100 363 2138 426 Κ
2240 365 2368 420 201.
2414 364 2481 420 Ut
2522 375 2865 434 prmgnantes
2899 370 3152 425 innlirres
3185 371 3524 441 baptize'i'ur
3559 380 3786 433 orando

480 452 656 522 [(Ionc.
692 453 924 518 Laedic.,
957 455 1035 505 lit.
1069 451 1184 521 50).

552 545 672 598 185.
711 545 778 600 Ut
795 545 970 598 nullus
995 559 1117 599 cum
1150 545 1415 598 haircticis
1437 556 1526 599 aut
1549 546 1911 600 sehismaticis
1932 557 2068 607 oret,

480 644 565 687 aut
599 635 672 706 _::d
720 635 878 687 falsos
922 643 1185 705 martyres
1226 646 1311 689 eat
1350 635 1530 707 (Cone.
1577 635 1818 699 Laodic.,
1854 637 1931 689 (il.
1968 638 2070 701 5'2;

477 743 619 780 conc.
655 725 922 797 Carthag.,
953 728 1030 781 tit.
1059 727 1142 796 2).

556 819 674 872 181.
718 817 785 872 Ut
826 819 1000 872 nullus
1046 819 1111 872 ad
1156 819 1372 887 angelus
1411 823 1878 890 congregationem
1917 821 2074 874 faciat

471 908 657 973 (Cone.
695 908 934 978 Laodic.,
966 911 1045 964 tit.
1075 908 1188 980 55).

551 1001 672 1057 185.
718 1001 787 1056 Ut
815 1002 990 1056 nullus
1019 1018 1050 1056 a
1081 1002 1281 1057 Judaeis
1310 1005 1389 1058 vel
1421 1003 1688 1059 haereticis
1717 1005 1954 1059 l'eriatica
1982 1020 2071 1059 ac-

474 1093 636 1160 cipiat
660 1093 840 1166 (Cone.
872 1095 1113 1160 Laedic.,
1145 1097 1222 1149 tit.
1249 1097 1362 1165 523').

549 1184 672 1238 186.
714 1185 786 1240 Ut
823 1187 1004 1240 nullus
1038 1202 1069 1241 a
1115 1186 1315 1242 Judtcis
1355 1203 1540 1256 azyma
1585 1190 1813 1259 accipiat
1843 1189 2070 1258 (Cencil.

478 1275 724 1344 Laedic.,
758 1281 837 1335 tit.
873 1278 987 1348 56).

547 1365 670 1421 187.
715 1369 782 1423 Ut
825 1370 1006 1425 nullus
1045 1384 1166 1426 cum
1208 1372 1426 1442 paganis
1457 1372 1588 1427 festa
1619 1373 1856 1428 celebret
1885 1375 2065 1440 (Cone.

477 1456 717 1524 Laertia,
747 1461 823 1514 tit.
847 1460 965 1531 57).

550 1550 676 1608 188.
722 1548 790 1606 Ut
831 1552 1012 1608 nullus
1051 1551 1394 1609 Christianus
1427 1555 1627 1609 bellare
1659 1554 1738 1608 vel
1769 1564 1984 1608 cantare
2017 1556 2066 1608 in

474 1641 680 1711 nuptiis
701 1642 899 1698 audeat
926 1643 1110 1714 (Cone.
1137 1645 1373 1710 Laedic.,
1401 1649 1484 1702 tit.
1514 1646 1626 1716 41).

2178 459 2440 510 voltu-rint
2471 458 2651 523 (Coac.
2686 459 3042 527 Νουαεαέαικ,
3078 467 3154 518 tit.
3188 465 3266 533 ﬁ).

2246 569 2374 623 20⁷3.
2418 570 2482 624 Ut
2523 569 2815 626 Christiani
2868 589 2988 627 cum
3047 577 3362 632 mult-ribus
3409 582 3616 636 lavas-ra
3667 601 3784 638 non

2178 658 2409 712 habeant
2443 658 2623 730 (Cone.
2659 662 2893 725 Laedic.,
2930 667 3008 718 tit.
3043 668 3158 735 29).

2245 771 2372 826 206.
2417 772 2483 826 Ut
2528 783 2648 842 post
2675 775 2810 830 duas
2845 777 3210 835 lehdoniadas
3239 781 3676 855 Quadragcsintu-
3708 789 3783 841 ad

2176 862 2496 930 baptismum
2529 867 2708 921 nullus
2731 870 3052 938 suscipiatur
3077 873 3255 942 (Cone.
3283 874 3475 928 Laedic
3506 920 3520 943 ,
3544 880 3627 931 tit.
3655 880 3784 946 41).

2245 974 2370 1028 207.
2415 974 2482 1030 Ut
2530 976 2582 1029 in
2627 976 3041 1049 Quadragesiiua
3082 983 3303 1037 sabbato
3350 995 3549 1041 tantum
3589 999 3650 1042 et
3679 989 3786 1043 do-

2175 1068 2375 1120 minico
2401 1065 2656 1122 offeratur
2683 1067 2866 1136 (Cone.
2907 1072 3145 1140 Laertia,
3178 1078 3258 1129 lit.
3291 1079 3407 1148 47).

2241 1175 2374 1228 208.
2419 1174 2483 1230 Ut
2534 1176 2586 1230 in
2637 1177 2918 1249 Quadrage
2952 1182 3087 1244 ima,
3135 1185 3321 1254 quinta
3381 1188 3507 1242 feria
3559 1191 3783 1245 uitium:

2175 1264 2545 1332 hebdomadtc,
2573 1267 2834 1338 jejunium
2859 1287 2962 1325 non
2987 1273 3504 1349 dissolvaturwenc.
3523 1281 3782 1352 Laertia,

2171 1357 2250 1407 :it.
2278 1356 2390 1427 μ).

2243 1443 2368 1499 209.
2414 1445 2481 1501 Ut
2521 1447 2573 1500 iu
2609 1449 3024 1520 Quadragesima
3055 1459 3292 1512 natalitia
3326 1473 3626 1532 martyrum
3661 1482 3779 1522 non

2172 1537 2512 1591 celebrentur
2541 1540 2726 1610 (Gem.
2761 1539 2997 1609 Laedir.,
3031 1547 3112 1604 tit.
3144 1549 3264 1617 49).

2241 1628 2368 1682 210.
2414 1628 2480 1682 Ut
2518 1632 2571 1682 in
2604 1631 2684 1698 Qu
2705 1632 3022 1702 idragesima
3055 1644 3255 1708 nuptiae
3288 1658 3394 1696 non
3419 1644 3780 1705 celebrentur

549 1732 670 1787 189.
717 1732 786 1789 Ut
834 1734 1230 1790 Donatistarum
1281 1737 1460 1792 clerici
1508 1738 1560 1791 in
1613 1738 1722 1791 suis
1774 1737 2066 1792 honoribus
2105 1747 2144 1804 Β
2174 1720 2353 1788 (θοηεο
2383 1720 2620 1789 ιαοάίεον
2650 1727 2728 1779 m-
2759 1725 2875 1797 ⁵0).

475 1825 833 1891 suscipiantur
860 1827 1041 1899 (Cone.
1075 1829 1344 1900 Carthag.,
1376 1833 1458 1884 tit.
1497 1821 1600 1898 2).-

553 1917 676 1972 190.
720 1917 788 1973 Ut
813 1935 1146 1990 quaecunque
1176 1921 1429 1976 Ecclesia:
1463 1923 1856 1978 Donatistarum
1887 1926 2072 1978 catho-

480 2006 599 2062 licie
622 2007 773 2062 facta:
797 2019 924 2065 sunt
944 2010 1010 2065 ad
1028 2027 1144 2066 eam
1169 2012 1476 2068 cathedram
1501 2017 1797 2083 pertineant
1821 2016 1886 2070 ad
1911 2031 2068 2084 quam

477 2096 742 2153 catholica
776 2115 895 2168 qua:
921 2101 1032 2170 jam
1072 2102 1144 2158 ibi
1187 2102 1359 2158 fuerat
1401 2106 1704 2175 pertinebat
1730 2107 1912 2177 (Conv.
1941 2107 2070 2162 Car-

477 2187 646 2258 thag.,
679 2189 759 2244 tit.
797 2191 907 2264 10).

551 2281 674 2334 191.
719 2283 784 2336 Ut
829 2285 1131 2355 quicunque
1181 2287 1465 2357 episcopus
1503 2306 1570 2344 ex
1613 2289 1904 2346 Donatistis
1932 2308 2068 2347 con-

477 2385 663 2426 versus
704 2373 883 2438 fuerit,
928 2375 1108 2444 plebes
1136 2393 1253 2446 qua:
1287 2387 1538 2449 utrasque
1572 2381 1840 2436 Ecclesias
1873 2383 2070 2438 habent

476 2477 596 2516 rum
635 2465 888 2534 epismpo
931 2469 1195 2524 catholico
1235 2471 1514 2540 aequaliter
1559 2471 1800 2528 dividant
1841 2474 2063 2545 (Cmcil.

474 2550 748 2625 Curi/109..
777 2560 858 2613 lit.
897 2559 1002 2628 ll).

548 2645 670 2700 192.
715 2646 783 2702 Ut
813 2647 1190 2706 hzetet'icorum
1216 2650 1422 2708 beneili-
1443 2655 1614 2708 tiones
1638 2657 1814 2712 nullus
1842 2657 2068 2729 arcipiat

474 2736 655 2806 (Cone.
688 2739 924 2810 Laertia,
957 2746 1036 2799 lit.
1068 2746 1180 2816 51).

547 2835 666 2890 195.
713 2837 780 2892 Ut
826 2839 916 2904 qui
962 2841 1167 2908 parvuli
1211 2842 1348 2910 apud
1382 2842 1686 2900 Donatistas
1731 2848 2065 2917 baptizantur

472 2926 540 2978 ab
568 2926 905 2984 ordinatione
933 2945 1038 2985 non
1073 2933 1481 3002 prohibeantur,
1520 2938 1563 2991 si
1591 2940 1834 2994 conversi
1867 2939 2070 2998 fuerint

469 3015 652 3086 (Cone.
680 3017 946 3091 Cartliag.,
983 3023 1060 3075 tit.
1094 3022 1169 3094 1).

2249 1812 2377 1867 211.
2421 1813 2491 1869 Ut
2537 1816 2715 1870 nullus
2763 1823 3078 1897 peregrinus
3115 1824 3231 1880 sine
3274 1826 3496 1884 formata
3527 1833 3779 1901 episcopi

2174 1905 2466 1972 accipiatur
2493 1905 2675 1977 (Cone.
2708 1910 2969 1979 Amice/1.,
3006 1918 3083 1968 tit.
3115 1917 3190 1985 7).

2243 1997 2369 2051 212.
2412 1999 2482 2055 Ut
2519 2001 2608 2056 die
2646 2004 2850 2068 quinta:
2890 2007 3036 2061 ferite
3077 2013 3391 2079 septimana
3425 2027 3630 2071 sanctas
3669 2019 3778 2073 Pa-

2173 2090 2315 2144 δώτῃ
2342 2093 2579 2149 secundo
2607 2096 2864 2153 offeratur
2888 2101 3068 2164 (Cone.
3103 2103 3468 2173 Septimunic.)

2243 2181 2369 2234 215.
2416 2182 2483 2238 Ut
2531 2186 2583 2238 in
2622 2188 2887 2242 sacriﬁcio
2933 2190 3135 2261 absque
3177 2210 3312 2264 pane
3347 2212 3400 2252 et
3428 2201 3554 2254 vino
3587 2203 3778 2261 nullus

2173 2271 2362 2328 oﬁ‘erat
2393 2274 2570 2344 (Cone.
2597 2276 2870 2350 Car!hag.,
2895 2283 2975 2336 lit.
3000 2283 3117 2351 52).

2241 2364 2366 2420 214.
2411 2367 2479 2423 Ut
2506 2368 2695 2424 diebus
2722 2372 2934 2441 Quinqu
2955 2377 3186 2444 igesinia:
3207 2394 3378 2448 genua
3404 2397 3511 2438 non
3543 2383 3776 2441 ﬂectan-

2173 2468 2257 2513 tur
2291 2459 2469 2528 (Conc.
2502 2461 2735 2527 Sardia,
2769 2466 2850 2520 tit.
2885 2465 2957 2536 1).
3023 2458 3028 2461 ’

2239 2550 2366 2606 215.
2411 2553 2476 2608 Ut
2521 2565 2647 2610 ante
2689 2555 3039 2617 Pentecosten
3081 2565 3254 2620 nullus
3291 2569 3485 2624 audeat
3511 2571 3773 2642 jrjnnare

2170 2641 2348 2713 (Cone.
2381 2644 2775 2719 Septimuuic.).

2238 2734 2365 2789 211i.
2403 2735 2469 2791 Ut
2495 2752 2601 2792 non
2630 2738 2794 2794 liccat
2822 2741 2873 2796 in
2898 2742 3114 2799 domini:
3136 2747 3180 2801 is
3202 2763 3422 2818 agapem
3449 2751 3650 2817 facere,
3675 2757 3770 2812 vel

2168 2827 2220 2881 in
2246 2827 2513 2895 ecclesiis,
2544 2842 2635 2886 aut
2658 2836 2801 2888 intus
2826 2837 3102 2894 accubitus
3129 2851 3370 2898 sternere
3401 2846 3587 2914 (Cone.
3619 2847 3771 2904 Lao-

2166 2919 2296 2982 dia,
2326 2921 2407 2975 m.
2437 2923 2556 2990 a7).

2235 3015 2360 3070 217.
2405 3017 2472 3073 Ut
2499 3023 2830 3078 custodiatur
2862 3024 2994 3080 ﬁdes
3021 3027 3239 3085 Patrum
3267 3041 3636 3093 trecentorum
3667 3039 3771 3098 de-

543 3106 666 3161 194.
713 3107 777 3163 Ut
819 3113 907 3180 qui
942 3112 1211 3183 aliquibus
1242 3117 1538 3175 sceleribus
1582 3121 1822 3177 irretitus
1855 3134 1935 3178 est
1966 3141 2058 3178 vo.

2216 3121 2282 3162 tut
2316 3115 2372 3162 ct
2399 3119 2523 3165 octo
2552 3110 2734 3182 (Cena.
2769 3114 3186 3191 Constantinep.,
3219 3123 3295 3176 tit.
3331 3124 3366 3176 2
3393 3125 3467 3195 ι·).

467 3214 584 3254 ccm
616 3205 900 3259 accusandi
932 3222 1035 3261 non
1078 3208 1274 3265 habent
1305 3211 1486 3283 (Cone.
1522 3214 1798 3287 Carthag.,
1826 3219 1918 3273 sub
1943 3235 2067 3274 san—

469 3302 551 3347 cte
576 3292 865 3363 Genet/ilio,
899 3301 978 3353 tit.
1011 3301 1042 3356 6
1067 3301 1146 3372 ⁸).

540 3383 657 3438 Hoc
682 3397 728 3440 et
759 3387 812 3442 in
841 3391 1056 3444 rencilie
1088 3392 1374 3450 Thenilana
1404 3406 1652 3454 statutum
1680 3408 1776 3466 est,

543 3478 665 3534 195.
707 3481 775 3537 Ut
805 3486 1302 3556 excommunicatis,
1336 3492 1450 3546 sive
1479 3492 1714 3562 clericis,
1741 3496 1855 3550 sive
1887 3496 2057 3562 laicis,

465 3583 722 3628 accusare
753 3590 855 3628 non
892 3575 1046 3632 liceat
1077 3579 1260 3651 (Cone.
1291 3584 1560 3656 Carthag.,
1591 3587 1670 3641 tit.
1697 3587 1776 3658 2).

539 3663 659 3719 196.
694 3664 758 3722 Ut
788 3683 976 3723 omnes
1002 3671 1165 3741 servi,
1193 3674 1277 3728 vel
1308 3676 1506 3745 proprii
1531 3677 1728 3742 liberti.
1765 3680 1845 3734 vel
1870 3696 2060 3738 omnes

468 3767 604 3821 quos
630 3754 696 3808 ad
719 3761 1018 3814 accusanda
1051 3762 1261 3829 publica
1284 3765 1508 3819 crimina
1534 3767 1676 3837 leges
1701 3771 1926 3838 publica:
1951 3789 2056 3826 nou

462 3843 769 3913 admittunt,
806 3849 1096 3908 histriones
1124 3855 1309 3921 etiam,
1347 3857 1606 3924 haeretici,
1643 3863 1830 3928 pagani
1873 3873 1927 3918 et
1963 3863 2059 3918 J-n-

461 3936 565 3992 daai
610 3940 676 3994 ad
720 3945 1116 4000 accusationem
1158 3962 1264 4002 non
1313 3948 1664 4007 adntittautur
1704 3951 1884 4024 (Conv.
1931 3956 2058 4011 Car-

461 4032 628 4102 lhag.,
655 4036 734 4088 (il.
766 4034 843 4106 3).

535 4123 660 4177 197.
706 4124 770 4180 Ut
800 4127 889 4196 qui
921 4143 1084 4182 unum
1108 4129 1313 4187 crimen
1333 4148 1438 4190 non
1468 4137 1797 4208 probaverit,
1822 4139 1886 4194 ad
1912 4139 2055 4195 aliud

460 4229 568 4281 non
601 4216 915 4273 admittatur
939 4220 1122 4292 (Cone.
1156 4222 1433 4296 Carthag.,
1463 4229 1543 4284 tit.
1573 4228 1648 4300 4).

537 4307 659 4362 198.
706 4309 771 4365 Ut
799 4322 1100 4380 accusator,
1132 4317 1178 4370 si
1219 4318 1272 4373 in
1305 4319 1426 4375 loco
1463 4321 1550 4377 ubi
1590 4331 1676 4379 est
1715 4324 1804 4379 ille
1846 4327 1934 4396 qui
1967 4341 2057 4381 ac-

459 4407 698 4466 cusatur,
733 4401 1042 4460 violentiam
1076 4407 1332 4479 timuerit,
1378 4411 1554 4468 locum
1603 4415 1704 4470 sibi
1749 4417 2052 4486 proximum

459 4490 621 4560 eligat
650 4488 832 4560 (Cone.
862 4493 1238 4569 Hipponireg.,
1269 4502 1348 4556 tit.
1378 4503 1458 4573 5).

531 4581 652 4637 199.
699 4581 766 4638 Ut
803 4583 1106 4652 baptizandi
1136 4593 1437 4664 symbolum
1468 4596 1594 4651 ﬁdei
1622 4597 1834 4654 discant
1865 4598 2046 4670 (Cone.

458 4671 694 4745 Laodic.,
726 4676 806 4742 tit.
835 4676 949 4746 44).

524 4763 651 4820 200.
697 4766 765 4822 Ut
805 4767 897 4838 qui
940 4771 991 4824 in
1027 4773 1343 4842 aegritudine
1386 4775 1740 4846 baptizantnr,
1772 4782 1888 4836 sani
1921 4781 2046 4838 facti

452 4855 754 4926 symbolum
784 4856 1080 4916 doceantur
1109 4862 1291 4933 (Cone.
1323 4864 1561 4935 Laedic.,
1593 4869 1670 4922 tit.
1704 4869 1820 4942 45).

522 4946 648 5003 201.
694 4948 759 5005 Ut
798 4949 1054 5021 baptizati
1103 4966 1224 5025 post
1270 4957 1597 5027 baptismum
1628 4960 1918 5019 chrismate
1949 4980 2046 5019 lln-

450 5053 644 5116 gantur
671 5044 851 5114 (Cone.
877 5045 1116 5118 Laodic.,
1145 5051 1225 5105 tit.
1251 5051 1368 5123 £6).

523 5135 649 5191 202.
696 5135 764 5192 Ut
796 5140 1203 5209 mgrotantibus,
1232 5145 1443 5214 quando
1473 5146 1573 5216 ipsi
1609 5148 1750 5217 loqui
1782 5164 1888 5203 non
1920 5165 2044 5220 pos-

449 5239 596 5300 sunt,
620 5230 665 5287 si
691 5247 786 5300 pro
814 5235 892 5289 eis
922 5236 1010 5291 alii
1043 5240 1406 5296 testimonium
1431 5242 1693 5310 dixerint,
1719 5243 2041 5314 baptismum

448 5336 554 5376 non
574 5333 798 5395 negetur
815 5325 993 5396 (Cone.
1022 5327 1292 5403 Carthag.,
1318 5334 1397 5387 tit.
1423 5332 1539 5404 41).

521 5413 649 5468 205.
692 5413 762 5471 Ut
787 5419 1001 5488 quando
1027 5418 1093 5475 de
1123 5421 1414 5478 infantibus
1447 5425 1720 5494 ignoratur
1751 5435 1929 5481 utrum
1956 5427 2035 5482 ba-

443 5499 633 5591 ptizati
664 5505 792 5574 sint,
829 5509 943 5566 sine
975 5511 1080 5568 ulla
1121 5514 1455 5573 dubitatione
1498 5517 1836 5591 baptizentur
1862 5520 2042 5588 (Cone.

448 5588 718 5664 £0rtltag.,
746 5599 821 5653 (il.
857 5601 930 5670 7).

504 5772 524 5798 δ
590 5773 763 5835 '1‘rec..
799 5788 876 5831 tu.
915 5783 968 5836 4.

2242 3200 2372 3255 218.
2396 3201 2468 3258 Ut
2488 3205 2841 3262 conciliorum
2869 3218 3068 3266 statuta
3096 3213 3392 3282 priscorum
3416 3219 3484 3273 ab
3504 3223 3771 3279 omnibus

2169 3291 2523 3348 observentur
2545 3295 2727 3366 (Cone.
2760 3299 3037 3372 laticum).

2239 3385 2368 3441 219.
2411 3386 2478 3443 Ut
2506 3389 2682 3445 nullus
2713 3391 2764 3446 in
2798 3395 3066 3462 precibus,
3096 3398 3199 3455 nisi
3223 3401 3288 3454 ad
3324 3401 3534 3458 Patrem
3565 3406 3770 3474 d‘rigat

2166 3477 2489 3550 orationem,
2515 3490 2570 3534 et
2597 3491 2655 3536 ut
2682 3486 2825 3552 prius
2847 3499 2938 3540 eas
2959 3501 3080 3541 cum
3108 3488 3538 3549 instructioribus
3563 3505 3771 3554 tractet

2166 3567 2348 3641 (Cone.
2383 3569 2655 3645 Cari/iag.,
2687 3575 2767 3628 tit.
2797 3575 2896 3641 51;
2927 3579 3066 3646 item,
3098 3582 3174 3635 tit.
3207 3582 3283 3651 7).

2234 3665 2362 3721 220.
2408 3666 2475 3721 Ut
2522 3684 2626 3722 una
2667 3669 2736 3723 sit
2777 3671 2828 3724 iu
2870 3676 3222 3728 sacramentis
3260 3693 3355 3745 per
3394 3693 3552 3734 omne
3588 3682 3770 3751 Βςικει-

2162 3757 2304 3812 cium
2335 3757 2617 3827 disciplina
2650 3758 2830 3830 (Cone.
2864 3761 3210 3837 diemdiem).

2233 3850 2360 3904 :21.
2406 3852 2470 3907 Ut
2518 3853 2772 3910 mulieres
2819 3871 2941 3924 quae
2987 3859 3129 3927 apud
3168 3861 3387 3917 Gnrcos
3427 3865 3768 3937 presbytrrzc

2161 3943 2501 4013 appellantur
2527 3946 2694 4013 (apud
2726 3963 2824 4004 nos
2852 3961 3031 4006 autem
3072 3953 3244 4008 viduae
3282 3958 3541 4022 seniores,
3580 3963 3768 4015 univi-

2163 4050 2236 4088 rae
2263 4046 2316 4088 et
2345 4037 2664 4109 matriculae)
2696 4039 2746 4093 in
2779 4043 3006 4098 ecclesia
3041 4056 3292 4116 tanquam
3323 4051 3598 4108 ordinatas
3628 4071 3768 4110 cum

2161 4127 2307 4181 stitui
2338 4144 2442 4182 non
2471 4129 2628 4186 liceat
2655 4125 2831 4203 (Cone.
2868 4133 3106 4204 Laertia,
3137 4140 3215 4191 tit.
3245 4141 3355 4209 11).

2231 4219 2357 4274 222.
2392 4221 2458 4278 Ut
2487 4224 2738 4280 mulieres
2759 4225 2825 4281 ad
2852 4226 3023 4284 altare
3047 4244 3152 4284 non
3176 4231 3542 4303 ingred‘antur
3567 4236 3761 4306 (Cone.

2161 4311 2400 4379 Laertia,
2432 4315 2510 4368 tit.
2533 4316 2651 4387 45).

2230 4405 2355 4460 225.
2393 4405 2461 4461 Ut
2478 4419 2678 4463 sanctae
2703 4409 3003 4469 oblationes
3028 4414 3092 4469 ad
3123 4415 3266 4470 vices
3284 4417 3619 4488 eulogiarum
3647 4439 3763 4483 non

2082 4540 2133 4600 Β
2159 4497 2454 4568 dirigantur
2483 4499 2666 4570 (Cone.
2701 4502 2938 4570 Laedic.,
2968 4506 3049 4561 lit.
3085 4507 3196 4578 11).

2226 4591 2357 4647 224.
2403 4593 2468 4649 Ut
2507 4594 2743 4652 sabbatis
2793 4598 3080 4669 Evangelia
3129 4602 3368 4673 legantur
3397 4605 3584 4678 (Cone.
3618 4608 3760 4668 Lee-

2156 4683 2257 4737 dic.
2270 4724 2284 4748 ,
2311 4684 2390 4740 tit.
2425 4686 2540 4758 16).
3777 4713 3782 4715 ’

2224 4777 2352 4833 225.
2389 4778 2454 4833 Ut
2475 4779 2544 4835 de
2565 4779 2794 4837 diversis
2815 4785 3061 4838 versibus
3085 4797 3138 4841 et
3167 4788 3413 4844 sensibus
3437 4791 3557 4847 libri
3583 4810 3759 4852 unum

2152 4869 2420 4924 canticum
2449 4887 2552 4926 non
2585 4883 2934 4930 connectatur
2957 4877 3142 4946 (Coac.
3177 4879 3413 4948 Laedic.,
3440 4885 3520 4938 u’t.
3556 4885 3672 4957 17).

2224 4964 2351 5020 228.
2398 4965 2467 5021 Ut
2505 4969 2673 5022 etiam.
2717 4985 2810 5037 per
2853 4970 3278 5029 solemnissimos
3322 4977 3602 5044 paschales
3631 4980 3757 5038 dics

2149 5069 2545 5115 sacramentum
2585 5060 2988 5119 catechumenis
3030 5080 3133 5121 non
3175 5068 3350 5136 detur,
3385 5071 3486 5124 nisi
3525 5072 3753 5128 solitum

2149 5149 2279 5206 salis
2306 5148 2492 5216 (Cone.
2516 5151 2787 5224 Cartlzag.,
2823 5156 2902 5209 tit.
2941 5157 3056 5227 11).

2220 5241 2345 5295 227.
2391 5241 2459 5297 Ut
2495 5245 2812 5314 corporibus
2838 5246 3218 5307 defunctorum
3257 5255 3584 5310 eucharistia
3632 5272 3750 5315 non

2149 5331 2307 5387 detur
2337 5332 2519 5403 (Cone.
2545 5335 2816 5409 Carthag.,
2849 5344 2929 5394 tit.
2966 5339 3076 5413 12).
3099 5357 3116 5368 ’

2223 5425 2348 5480 228.
2390 5427 2460 5483 Ut
2508 5439 2704 5498 praeter
2741 5431 3046 5503 Scripturas
3083 5439 3370 5496 canonicas
3409 5442 3538 5497 nihil
3569 5443 3620 5498 in
3651 5459 3750 5501 ec-

2149 5520 2308 5575 clesia
2338 5523 2540 5592 legatur
2565 5523 2748 5596 (Cone.
2781 5526 3020 5599 Laedic.,
3052 5534 3130 5586 tit.
3162 5532 3265 5599 57;
3290 5549 3435 5590 conc.
3461 5533 3746 5610 Carthcg.,

2149 5613 2225 5666 rit.
2257 5614 2369 5672 45).

2221 5787 2244 5827 ⁵
2286 5789 2407 5861 ch.
2444 5796 2517 5847 tit.
2560 5794 2600 5850 l.
