4070 6454
304 287 397 341 961
950 283 1005 340 S.
1048 284 1233 340 JUSTI
1271 283 1752 342 URGELLENSIS
1792 285 1900 342 El‘l

2005 288 2128 340 DLA
2171 287 2262 341 AD
2305 287 2615 344 SERGlUlI
2656 287 2908 346 PAPMI.

3488 287 3595 340 902

371 397 498 453 θεὶς).
536 398 600 452 Ut
631 398 788 451 lit-rat
817 400 1094 466 passiones
1124 410 1417 471 martyrum
1453 399 1634 469 legere
1663 399 1716 454 in
1746 406 1897 453 nata-
1925 404 1972 459 A
1999 399 2140 454 diem
2194 397 2416 453 Pascha:
2465 399 2685 453 audiant
2727 408 2969 468 tempore
3008 399 3218 453 concilii
3259 397 3436 467 (Coac.
3467 395 3596 453 Car-

305 493 440 545 ltbus
469 506 652 542 eorum
686 491 869 559 ilione.
903 489 1176 559 Carthag.,
1209 493 1288 544 tit.
1318 490 1434 561 45).

371 583 496 637 9.30.
536 581 602 636 Ut
640 585 738 634 soli
784 583 1040 636 Ecclesia:
1075 581 1418 652 Carthaginis
1458 582 1618 637 liceat
1657 581 1929 637 alienum'

301 676 551 730 (let-Reum
581 674 828 725 ordinare
854 672 1033 744 ((Imtc.
1070 675 1344 744 Carthag.,
1375 674 1456 726 ιὶι.
1488 675 1604 743 51).

2003 494 2171 561 t!mg.,
2208 493 2282 544 tit.
2314 491 2394 556 5).

2074 581 2202 635 27.2.
2250 582 2317 638 Ut
2360 583 2536 636 nullus
2565 581 2844 636 ordinetur
2869 583 2967 636 nisi
2998 583 3250 650 probatus
3274 581 3357 635 vel
3389 580 3598 650 episco-

2009 690 2195 741 purum
2245 674 2518 743 examine,
2550 676 2626 729 vcl
2673 675 2850 744 pepuli
2894 677 3200 729 testimonio
3240 675 3422 746 (Cone.
3469 672 3595 729 Car-

2008 769 2179 836 tlt:tg.,
2207 769 2284 823 tit.
2318 768 2426 836 29).

371 767 494 824 alii.
541 765 608 820 Ut
656 781 843 822 omnes
885 768 1139 821 Ecclesiae
1176 769 1244 822 ab
1287 767 1526 822 Ecclesia
1557 765 1896 837 Carthag'nis

306 897 3556 927 ω

308 933 521 943 ου’-..-

1194 1037 1472 1121 VITA
1535 1037 1958 1123 SANCTI
2007 1033 2660 1124 FULGENTII
2687 1103 2715 1145 ,

1564 1204 1984 1268 RUSPENSIS
2058 1203 2404 1263 El’le‘,()Pl

1170 1327 1397 1407 (Quum
1436 1326 1660 1386 vitlesis
1697 1323 2080 1401 I'atrologiw
2116 1331 2265 1380 tom.
2305 1321 2508 1395 LXV,
2534 1320 2658 1379 ml.
2701 1321 2859 1397 H7).

319 1479 586 1520 Ε
2327 1489 3594 1506 ———_——-——————.———-.————-———————-—-——.————————

1535 1503 1846 1512 .____———-——

2327 1489 2680 1506 —-__:;_—'
2681 1489 3594 1503 ...αφ-...ῇῇἐῇ

1675 1593 1843 1636 ANNO
1889 1593 2115 1634 DOMINI
2163 1592 2314 1632 DXL.

630 1609 2115 1996 δΑΝρΤῦἷ
2165 1609 3268 1988 ’ΞΠΞΤΠΞ

1086 2109 1786 2220 EPISCOPUS
1863 2105 2809 2215 URGELLENSIS.

1669 2316 2171 2344 ...ὢν

733 2439 1004 2494 ΝΟΤΙΤΙᾹ
1043 2438 1129 2502 (ex
1173 2438 1460 2499 Fabricio).

375 2579 433 2634 S.
477 2577 660 2633 Justus
693 2574 1018 2645 Urgellensis
1046 2575 1158 2628 sive
1186 2572 1525 2641 Urgelitanus
1560 2569 1613 2623 in
1647 2566 1897 2636 Hispania

305 2672 608 2742 episcopus,
640 2670 732 2736 qui
760 2666 1081 2735 subscripsit
1108 2666 1336 2720 concilio
1364 2663 1623 2718 Toletauo
1669 2677 1723 2724 tt.
1757 2672 1901 2713 anno

307 2765 410 2819 527
440 2763 535 2835 [αι.
568 2760 716 2833 551),
749 2771 910 2831 atque
951 2759 1206 2815 llcrdensi
1238 2773 1331 2812 an.
1360 2755 1464 2811 διε
1503 2755 1597 2830 [αἱ.
1653 2752 1802 2824 516),
1847 2759 1902 2807 et

308 2856 459 2924 cujus
501 2853 776 2926 mysticam
808 2850 1209 2922 Expositionem
1243 2851 1295 2906 in
1325 2849 1545 2905 Cantica
1571 2845 1897 2900 canticorum

308 2950 372 3003 ad
423 2949 664 3017 Sergium
714 2961 904 3015 papam
953 2945 1081 3016 (non
1127 2944 1452 3009 Romanum,
1494 2940 1588 2995 sed
1633 2940 1899 2994 Tarraco-

313 3041 921 3108 nensem'epismputn)
967 3038 1440 3107 metropolitanum
1484 3051 1665 3101 suum,
1699 3048 1900 3089 memo-

307 3142 477 3188 ratam
501 3130 703 3185 Isidoro
732 3130 882 3200 llisp.
915 3145 1036 3198 eap.
1066 3129 1159 3194 2|,
1195 3127 1427 3184 llonorio
1457 3127 1542 3195 Ill,
1575 3125 1665 3192 25,
1691 3125 1903 3180 'l‘rith-e-

307 3226 416 3281 mio
459 3241 509 3281 c.
564 3225 693 3291 2H1,
723 3224 890 3280 edidit
937 3223 1218 3278 M'enradus
1263 3221 1580 3281 Maltherus.
1635 3221 1903 3289 llaganom

309 3321 470 3385 11⁵129,
513 3335 756 3375 recusam
810 3319 862 3373 in
922 3317 1397 3388 Micropresbytieo
1437 3315 1599 3370 Basil.
1634 3314 1796 3381 1550,
1848 3312 1903 3365 in

310 3413 836 3483 Ortholoxograpliis
875 3411 1118 3481 utrisque
1157 3411 1287 3466 edit.
1336 3425 1426 3464 an.
1482 3409 1622 3464 1553
1653 3416 1706 3460 et
1739 3405 1900 3473 1369,

310 3514 363 3559 et
389 3504 441 3558 in
482 3503 820 3559 Bibliothccis
844 3501 1060 3557 Patrum
1090 3499 1371 3564 universis,
1405 3498 1596 3563 Paris.,
1628 3495 1816 3553 Colon.
1849 3507 1903 3550 et

311 3597 596 3651 nivissima
649 3596 994 3666 Lug'uuensi
1049 3604 1088 3648 t.
1144 3594 1237 3660 IX,
1266 3609 1318 3664 p.
1351 3592 1486 3657 75l;
1531 3604 1579 3645 et
1614 3589 1899 3660 separatim

310 3685 539 3755 Georgio
573 3685 761 3739 liostio
795 3695 1041 3748 curante,
1069 3685 1215 3739 Halre
1271 3684 1398 3738 Sax.
1436 3681 1593 3736 1617.
1621 3681 1900 3735 Prteuiissa

311 3776 534 3846 epistula
567 3775 629 3829 ad
661 3776 904 3846 Sergium
951 3775 1090 3830 edita
1125 3775 1285 3829 etiam
1318 3774 1370 3827 in
1408 3772 1652 3828 Dacherii
1678 3772 1903 3843 Spicile-

311 3867 415 3937 gio,
445 3878 574 3921 tom.
602 3867 687 3931 Ill,
710 3882 828 3936 pag.
854 3867 958 3921 512
987 3866 1137 3941 (vdit.
1159 3882 1312 3922 novae
1335 3875 1464 3922 tom.
1495 3866 1576 3933 Ill,
1607 3881 1726 3936 pag.
1756 3866 1901 3934 ll9),

316 3969 372 4013 ct
420 3960 470 4012 in
504 3958 757 4015 Com-iliis
808 3959 1078 4028 Hispaniae
1129 3974 1249 4015 cum
1305 3956 1446 4014 notis
1502 3956 1788 4012 cardiuatis
1835 3957 1902 4010 de

313 4052 560 4120 Agnit‘t‘e,
607 4063 646 4104 1.
689 4050 752 4113 ll,
803 4066 921 4122 pag.
964 4050 1105 4117 275;
1151 4061 1205 4106 et
1235 4052 1404 4106 alti-ra
1438 4050 1660 4119 cpistola
1695 4050 1758 4102 ad
1807 4049 1902 4104 Ju-

314 4154 455 4196 stum
486 4142 793 4211 diaconum,
825 4158 930 4210 quo
975 4141 1222 4197 hortante
1269 4142 1506 4196 laborem
1556 4141 1696 4195 hunc
1743 4139 1795 4192 in
1847 4151 1905 4194 se

315 4234 619 4304 .«uccpisse
650 4235 953 4305 profitetur.
988 4236 1185 4290 Confer
1231 4235 1347 4289 Nic.
1395 4233 1680 4289 Antonium
1716 4234 1802 4299 IV.
1843 4235 1903 4299 l;

317 4323 454 4381 Bibl.
491 4323 738 4393 Hispanae
768 4325 966 4380 veteris
1011 4333 1141 4380 tom.
1178 4323 1218 4390 Ι,
1264 4339 1379 4394 pag.
1413 4323 1520 4377 9.08
1583 4339 1740 4394 seq.;
1776 4327 1904 4379 Acta

317 4416 564 4472 Sanctor.
591 4425 721 4472 tom.
753 4417 842 4483 Vl,
871 4417 990 4471 Maii
1020 4415 1112 4482 as,
1145 4432 1198 4488 p.
1229 4417 1352 4471 775.
1884 4400 1900 4420 ‘

500 4547 833 4606 EPISTULA
869 4551 929 4606 S.
969 4549 1158 4608 JUSTI
1201 4549 1688 4607 URGELLENSIS.

844 4685 912 4724 AD
945 4685 1175 4726 SERGIUH
1215 4685 1406 4724 PAPAM.

392 4781 617 4836 Domino
649 4797 768 4837 meo
796 4798 920 4838 vere
949 4783 1210 4853 piissimo,
1243 4793 1296 4838 et
1317 4784 1585 4852 praecipue
1616 4782 1706 4837 Dei
1737 4783 1906 4849 gratia

319 4875 562 4942 copioso,
593 4888 912 4944 semperque
941 4877 994 4928 in
1023 4875 1246 4931 Christo
1264 4876 1442 4944 beato,
1473 4877 1692 4933 domino
1722 4876 1910 4946 Sergio

321 4981 497 5037 papae,
527 4966 710 5022 Justus
740 4966 1044 5035 episcopus.

395 5063 581 5116 Sciens
611 5070 663 5115 te
697 5072 801 5114 tant
834 5061 1016 5116 solerti
1044 5065 1223 5118 studio
1254 5080 1349 5133 pro
1379 5065 1671 5136 rcfrigeriis
1713 5083 1912 5138 paupe—

322 5167 441 5208 rum
475 5154 769 5220 laborasse,
812 5165 871 5211 ut
909 5143 1014 5212 illis
1043 5160 1420 5226 temporariam
1460 5162 1906 5236 consolationem,

1929 2440 1978 2500 Β
2005 2442 2147 2480 mum
2167 2468 2182 2491 ,
2205 2424 2428 2480 forsitan
2451 2425 2748 2496 proveniet,
2772 2435 2824 2481 et
2842 2427 2892 2482 in
2915 2426 3103 2481 diebus
3121 2426 3307 2497 jejunii
3338 2429 3596 2498 quodam-

2005 2521 2166 2576 modo
2189 2521 2421 2576 refectus
2442 2521 2508 2576 ad
2535 2536 2774 2576 mensam
2797 2523 3002 2590 venies,
3037 2533 3088 2576 et
3113 2531 3396 2592 antequam
3420 2525 3602 2580 cibum

2002 2614 2234 2684 accipias
2271 2611 2524 2682 quiddam
2567 2622 2924 2683 praegustasse
2970 2614 3288 2682 prrsrn'ies.
3336 2613 3445 2669 Nec
3485 2615 3595 2669 hoe

2002 2705 2186 2761 dicens
2213 2705 2633 2760 transmissionis
2657 2705 2814 2773 huius
2838 2707 3088 2760 meritum
3109 2747 3125 2771 ,
3160 2707 3465 2773 priusquam
3493 2720 3588 2773 ap-

2005 2801 2216 2867 probes,
2243 2806 2557 2868 arroganter
2572 2796 2846 2852 insinuare
2867 2796 3086 2862 studeo;
3110 2797 3202 2851 sed
3225 2797 3351 2851 iutet
3367 2797 3594 2851 cedente

2004 2889 2289 2954 charitate,
2335 2891 2387 2943 in
2417 2903 2521 2958 qua
2551 2898 2604 2944 te
2636 2872 3108 2957 lotum-posside",
3154 2888 3228 2942 ita
3257 2889 3322 2942 de
3356 2897 3446 2942 tuo
3479 2899 3605 2940 tant

2003 2995 2162 3051 quam
2192 2981 2265 3035 de
2289 2993 2409 3034 meo
2437 2979 2616 3033 animo
2647 2993 2998 3047 pra-samem,
3050 2979 3141 3033 tibi
3175 2988 3451 3041 acceptum
3482 2979 3598 3032 fore

2004 3075 2205 3142 absque
2252 3072 2362 3127 ulla
2405 3071 2757 3140 ambiguitate
2798 3070 3032 3124 eunlid'o.
3082 3069 3248 3140 Igitur
3291 3070 3340 3122 in
3381 3069 3606 3123 Christo

2005 3165 2129 3220 Je-u
2158 3178 2470 3238 germanum
2500 3162 2680 3218 cordis
2709 3162 2813 3217 mei
2855 3176 2976 3216 esse
3013 3176 3116 3215 non
3152 3162 3398 3215 nesciens
3439 3161 3603 3215 libel-r

2005 3256 2112 3309 lum
2138 3254 2204 3309 de
2233 3263 2457 3308 tractatu
2489 3253 2606 3307 libri
2638 3252 2881 3307 canonici
2913 3257 2998 3321 qui
3034 3251 3141 3307 Can
3167 3252 3232 3305 'm'
3266 3249 3600 3304 Canticorum-

2006 3345 2393 3416 praescribitur,
2422 3358 2581 3414 quem
2615 3357 2782 3412 nuper
2810 3340 3024 3397 Christo
3055 3341 3387 3395 illuminaute
3417 3341 3592 3395 edidi-

2007 3452 2144 3503 mus,
2193 3437 2284 3489 tibi
2335 3436 2560 3504 primum
2601 3433 2783 3490 censui
2829 3432 3187 3490 offerendum.
3236 3433 3305 3487 ln-
3339 3447 3443 3502 quo
3489 3449 3606 3487 non

2005 3537 2188 3582 nostra
2215 3527 2412 3595 potius,
2445 3527 2538 3581 sed
2563 3542 2622 3581 ea
2647 3543 2764 3596 qua:
2795 3535 2881 3580 tua
2909 3535 3064 3593 sunt,
3097 3527 3218 3596 quia
3245 3528 3323 3580 sie
3349 3525 3593 3596 diligitis,

2009 3629 2058 3672 te
2082 3617 2386 3686 suscepisse
2408 3631 2705 3686 cognoscas
2732 3635 2743 3668 :
2770 3632 2926 3685 quem
2953 3631 3140 3686 precor
3173 3625 3228 3668 ut
3255 3631 3376 3669 cum
3405 3631 3466 3669 ca
3493 3617 3600 3668 sol-

2011 3710 2286 3766 licitudine
2316 3725 2420 3780 qua
2468 3711 2522 3764 in
2546 3710 2763 3765 Christo
2794 3711 2962 3778 viges,
3006 3724 3151 3778 saepe
3182 3723 3465 3762 recenseas
3493 3725 3506 3760 :
3543 3717 3606 3760 ut-

1933 3835 1979 3899 C
2009 3804 2052 3857 si
2084 3801 2211 3871 qttid
2242 3801 2351 3856 illic
2388 3800 2759 3871 corrigendum
2792 3800 3145 3870 persenseris,
3198 3800 3398 3866 integra
3434 3799 3598 3851 liber-

2015 3905 2122 3950 tate
2151 3909 2514 3949 commoneas.
2569 3893 2638 3948 Et
2666 3893 2744 3947 sic
2774 3891 2984 3947 eactcris
3016 3900 3064 3944 in
3092 3889 3307 3946 Chr‘sto
3348 3890 3606 3944 fratribus

2006 3987 2380 4056 relegendum,
2410 3985 2490 4040 vel
2515 3985 2561 4040 si
2588 3985 2655 4039 [οι
2673 3993 2816 4039 tasse
2847 3984 3106 4051 placuerit
3128 3982 3320 4037 offeras
3346 3984 3572 4036 transct-i
3591 4010 3603 4019 -

2008 4077 2258 4134 bcndum.
2310 4077 2492 4147 Itaque
2518 4078 2638 4146 quia
2671 4076 2748 4131 sic
2778 4074 2970 4130 accidit
2999 4085 3058 4130 ut
3084 4073 3412 4128 membranis
3442 4072 3593 4126 desi-

2008 4167 2295 4231 stentibus,
2325 4166 2704 4220 minutioribus
2746 4164 2936 4218 litteris
2975 4163 3217 4218 eamdem
3251 4165 3602 4230 scripturam,

2010 4259 2061 4314 in
2096 4259 2311 4328 paribus
2341 4258 2781 4326 quaterttionibus
2812 4257 3180 4324 su~cipcrent,
3230 4270 3326 4309 nec
3357 4254 3602 4308 studiose

2013 4349 2317 4405 fabrefacds
2346 4350 2655 4405 lateralibus
2677 4349 3003 4414 ambiretur;
3035 4349 3081 4403 si
3109 4357 3456 4404 memoratam
3486 4361 3606 4401 rem

2002 4442 2235 4510 alicujus
2282 4441 2456 4495 meriti
2495 4455 2616 4495 esse
2654 4441 2950 4505 censueris,
3007 4439 3129 4508 quia
3177 4438 3278 4492 hoc
3307 4440 3512 4504 ipsum,
3546 4450 3606 4493 ut

2011 4536 2268 4605 praefatus
2291 4549 2441 4599 sum,
2473 4533 2710 4587 donante
2739 4534 2986 4596 Domino,
3014 4546 3159 4584 tuum
3184 4540 3284 4595 est,
3303 4541 3358 4584 tit
3383 4531 3605 4594 diligen-

2012 4627 2132 4680 tiuri
2161 4625 2339 4679 studio
2373 4625 2750 4694 transcriptum
2779 4623 2960 4677 utilius
2984 4632 3263 4690 coa-ptetur
3290 4621 3613 4690 quantocius

2011 4715 2270 4770 studebis.
2300 4715 2451 4783 Quod
2482 4731 2619 4785 opus
2645 4717 2688 4769 si
2722 4716 2876 4768 laude
2907 4716 3123 4784 dignum
3158 4714 3513 4778 processerit,
3551 4722 3608 4765 te

2013 4817 2290 4861 auctorem
2318 4806 2547 4860 referam
2577 4805 2823 4869 Christo;
2856 4807 2897 4860 si
2924 4820 3050 4859 vero
3073 4803 3479 4872 reprehensioni
3507 4818 3607 4871 pa-

2015 4897 2210 4964 tuerit,
2252 4899 2374 4968 quia
2410 4900 2690 4967 utriusque
2720 4909 2836 4962 est,
2884 4897 3062 4950 statitn
3105 4909 3373 4948 assumant
3405 4896 3511 4949 soci
3540 4911 3612 4947 :m

2016 4990 2386 5058 temetipsum,
2437 4989 2556 5058 quia
2587 4989 2768 5043 decori
2812 4988 2890 5042 sic
2937 4997 2987 5042 te
3025 4986 3287 5041 condecet
3331 4987 3444 5038 litee
3486 5003 3609 5055 qnzt!

2018 5081 2156 5136 Deus
2187 5082 2408 5137 contulit
2437 5081 2708 5150 coaptari,
2758 5091 2814 5134 ut
2857 5097 2961 5133 non
3007 5081 3074 5133 de
3113 5081 3428 5149 negligentia
3472 5082 3610 5132 vitu-

2016 5173 2250 5241 perium,
2278 5173 2371 5227 sed
2390 5171 2456 5226 de
2480 5171 2734 5225 industria
2751 5170 3030 5226 charitatis
3057 5171 3322 5239 suscipias
3339 5166 3608 5227 fructum:

323 5243 524 5313 tibique
552 5247 863 5315 acquisieris
895 5255 1152 5302 aeternam
1181 5251 1515 5306 mercedem.
1562 5261 1618 5307 et
1643 5253 1752 5320 jam
1782 5255 1904 5308 satis

2019 5277 2076 5321 ut
2099 5265 2293 5322 fratres
2321 5266 2488 5323 noStri
2521 5265 2610 5334 qui
2637 5279 3026 5334 praecesserunt
3057 5265 3271 5318 Patrum
3297 5265 3610 5319 tractatibus

333 5338 700 5407 tedendicans
741 5350 907 5394 totum
937 5340 1002 5394 ad
1030 5340 1122 5397 Dei
1163 5342 1394 5411 eloquia,
1441 5360 1505 5398 ex
1536 5345 1729 5414 quibus
1772 5363 1910 5401 nun-

327 5445 484 5498 quam
517 5430 658 5487 fuisti
690 5446 910 5503 vacuus,
947 5449 1046 5504 pro
1075 5435 1267 5489 anima:
1294 5439 1499 5491 cultura
1547 5439 1906 5505 converteris;

326 5522 592 5586 quoddam
637 5523 728 5578 tibi
760 5524 811 5578 iu
843 5527 1109 5593 corporali
1155 5529 1337 5597 specie
1377 5531 1620 5598 spiritale
1662 5529 1910 5589 c’xenium

327 5613 558 5684 dirigere
584 5617 892 5686 procuravi;
935 5619 1075 5688 quod
1104 5623 1146 5674 si
1183 5621 1273 5675 tibi
1303 5621 1551 5677 Christus
1582 5641 1686 5680 non
1719 5642 1781 5680 ex
1817 5641 1914 5681 no-

299 5729 304 5733 ·
329 5715 438 5762 stro
467 5709 676 5774 metito,
706 5710 799 5766 sed
830 5727 894 5766 ex
921 5727 1018 5767 suo
1047 5729 1266 5770 munere
1295 5715 1481 5770 fecerit
1516 5731 1632 5772 esse
1659 5720 1905 5785 gratissi-

2020 5357 2322 5427 epulantur,
2373 5357 2533 5411 etiam
2565 5357 2648 5412 his
2681 5357 2966 5412 neotericis
2998 5372 3114 5425 quat
3145 5357 3225 5410 eis
3255 5371 3319 5410 ex
3350 5357 3612 5411 charitate

2019 5448 2315 5514 offerimus,
2363 5466 2466 5504 non
2503 5465 2598 5519 pro
2632 5461 2814 5504 nostro
2847 5448 3061 5511 merito,
3097 5449 3188 5502 sed
3223 5464 3318 5515 pro
3348 5449 3438 5503 Dei
3471 5449 3612 5502 dono

2019 5548 2074 5594 et
2099 5554 2191 5594 sua
2240 5542 2611 5596 benevolentia
2646 5543 2787 5596 vesci
2833 5541 3226 5610 quodammodo
3254 5539 3610 5596 delectentur.

2022 5637 2132 5686 Ave
2161 5633 2378 5686 nuncin
2407 5633 2640 5694 Christo,
2693 5635 2953 5701 piissime,
3011 5641 3357 5703 nostramque
3403 5633 3611 5704 pusilli-

2023 5730 2185 5776 tatem
2217 5721 2412 5777 sanetis
2444 5724 2772 5777 orationibus
2801 5725 2852 5778 in
2886 5725 3110 5779 Domino
3141 5720 3286 5778 fove.
