  <div class='ocr_page' id='page_1' title='image "/cluster/home/n/w/nwhite01/storage/ocr_20150623/67/umn.31951002477360y/495.png"; bbox 0 0 4070 6458; ppageno 0'>
   <div class='ocr_carea' id='block_1_1' title="bbox 541 289 648 346">
    <p class='ocr_par' dir='ltr' id='par_1_1' title="bbox 541 289 648 346">
     <span class='ocr_line' id='line_1_1' title="bbox 541 289 648 346; baseline 0 0"><span class='ocrx_word' id='word_1_1' title='bbox 541 289 648 346; x_wconf 75' lang='lat'><strong>965</strong></span> 
     </span>
    </p>
   </div>
   <div class='ocr_carea' id='block_1_2' title="bbox 1784 272 2587 336">
    <p class='ocr_par' dir='ltr' id='par_1_2' title="bbox 1784 272 2587 336">
     <span class='ocr_line' id='line_1_2' title="bbox 1784 272 2587 336; baseline -0.009 0"><span class='ocrx_word' id='word_1_2' title='bbox 1784 282 1840 336; x_wconf 85' lang='lat' dir='ltr'><strong>S.</strong></span> <span class='ocrx_word' id='word_1_3' title='bbox 1881 278 2072 336; x_wconf 80' lang='lat' dir='ltr'><strong>JUSTl</strong></span> <span class='ocrx_word' id='word_1_4' title='bbox 2112 272 2587 334; x_wconf 75' lang='lat' dir='ltr'><strong>URGELLENSIS</strong></span> 
     </span>
    </p>
   </div>
   <div class='ocr_carea' id='block_1_3' title="bbox 1005 401 3228 452">
    <p class='ocr_par' dir='ltr' id='par_1_3' title="bbox 1005 401 3228 452">
     <span class='ocr_line' id='line_1_3' title="bbox 1005 401 3228 452; baseline 0.002 0"><span class='ocrx_word' id='word_1_5' title='bbox 1005 401 3228 452; x_wconf 52' lang='grc' dir='ltr'><em>Μ</em></span> 
     </span>
    </p>
   </div>
   <div class='ocr_carea' id='block_1_4' title="bbox 3760 271 3871 330">
    <p class='ocr_par' dir='ltr' id='par_1_4' title="bbox 3760 271 3871 330">
     <span class='ocr_line' id='line_1_4' title="bbox 3760 271 3871 330; baseline 0 -3"><span class='ocrx_word' id='word_1_6' title='bbox 3760 271 3871 330; x_wconf 64' lang='grc' dir='ltr'><strong>Ξξω</strong></span> 
     </span>
    </p>
   </div>
   <div class='ocr_carea' id='block_1_5' title="bbox 3229 405 3851 436">
    <p class='ocr_par' dir='ltr' id='par_1_5' title="bbox 3229 405 3851 436">
     <span class='ocr_line' id='line_1_5' title="bbox 3229 405 3851 436; baseline 0.002 -22"><span class='ocrx_word' id='word_1_7' title='bbox 3229 407 3336 422; x_wconf 29' lang='lat' dir='ltr'><strong>V-..—.-</strong></span> <span class='ocrx_word' id='word_1_8' title='bbox 3359 405 3851 436; x_wconf 41' lang='grc' dir='ltr'><strong>...ῥοὴ-Ἴ</strong></span> 
     </span>
     <span class='ocr_line' id='line_1_6' title="bbox 3239 419 3738 432; baseline 0 -2"><span class='ocrx_word' id='word_1_9' title='bbox 3239 419 3298 425; x_wconf 65' lang='grc' dir='ltr'><strong>--σ</strong></span> <span class='ocrx_word' id='word_1_10' title='bbox 3319 419 3738 432; x_wconf 52' lang='lat'><strong>—~—-—-—-—_——-</strong></span> 
     </span>
    </p>
   </div>
   <div class='ocr_carea' id='block_1_6' title="bbox 3239 419 3738 432">
    <p class='ocr_par' dir='ltr' id='par_1_6' title="bbox 3239 419 3738 432">
     <span class='ocr_line' id='line_1_7' title="bbox 3239 419 3738 432; baseline 0 -2"><span class='ocrx_word' id='word_1_11' title='bbox 3239 420 3252 425; x_wconf 83' lang='lat'><em>-</em></span> <span class='ocrx_word' id='word_1_12' title='bbox 3269 419 3298 424; x_wconf 70' lang='lat'><strong>-&quot;</strong></span> <span class='ocrx_word' id='word_1_13' title='bbox 3319 419 3388 425; x_wconf 58' lang='grc' dir='ltr'><strong>-ο</strong></span> <span class='ocrx_word' id='word_1_14' title='bbox 3397 420 3738 432; x_wconf 51' lang='lat'><strong>-—-—-—_——-</strong></span> 
     </span>
    </p>
   </div>
   <div class='ocr_carea' id='block_1_7' title="bbox 1138 547 3215 716">
    <p class='ocr_par' dir='ltr' id='par_1_7' title="bbox 1138 547 3215 716">
     <span class='ocr_line' id='line_1_8' title="bbox 1138 547 3215 716; baseline -0.009 -43"><span class='ocrx_word' id='word_1_15' title='bbox 1138 558 1271 673; x_wconf 88' lang='lat' dir='ltr'><strong>s.</strong></span> <span class='ocrx_word' id='word_1_16' title='bbox 1351 556 1888 674; x_wconf 66' lang='lat' dir='ltr'><strong>austri</strong></span> <span class='ocrx_word' id='word_1_17' title='bbox 1961 547 3215 716; x_wconf 76' lang='lat' dir='ltr'><strong>UBGELLENSIS</strong></span> 
     </span>
    </p>
   </div>
   <div class='ocr_carea' id='block_1_8' title="bbox 670 758 3743 947">
    <p class='ocr_par' dir='ltr' id='par_1_8' title="bbox 670 758 3743 947">
     <span class='ocr_line' id='line_1_9' title="bbox 670 758 3743 947; baseline -0.004 -41"><span class='ocrx_word' id='word_1_18' title='bbox 670 780 835 907; x_wconf 90' lang='lat' dir='ltr'><strong>IN</strong></span> <span class='ocrx_word' id='word_1_19' title='bbox 908 769 1630 947; x_wconf 80' lang='lat' dir='ltr'><strong>CANTICA</strong></span> <span class='ocrx_word' id='word_1_20' title='bbox 1711 765 2757 899; x_wconf 83' lang='lat' dir='ltr'><strong>CANTICORUM</strong></span> <span class='ocrx_word' id='word_1_21' title='bbox 2823 758 3743 946; x_wconf 85' lang='lat' dir='ltr'><strong>SALOMONIS</strong></span> 
     </span>
    </p>
   </div>
   <div class='ocr_carea' id='block_1_9' title="bbox 1285 1009 3091 1125">
    <p class='ocr_par' dir='ltr' id='par_1_9' title="bbox 1285 1009 3091 1125">
     <span class='ocr_line' id='line_1_10' title="bbox 1285 1009 3091 1125; baseline -0.008 0"><span class='ocrx_word' id='word_1_22' title='bbox 1285 1015 2261 1125; x_wconf 82' lang='lat' dir='ltr'><strong>EXPLICATIO</strong></span> <span class='ocrx_word' id='word_1_23' title='bbox 2347 1009 3091 1117; x_wconf 83' lang='lat' dir='ltr'><strong>MYSTICA.</strong></span> 
     </span>
    </p>
   </div>
   <div class='ocr_carea' id='block_1_10' title="bbox 1638 1205 2780 1234">
    <p class='ocr_par' dir='ltr' id='par_1_10' title="bbox 1638 1205 2780 1234">
     <span class='ocr_line' id='line_1_11' title="bbox 1638 1205 2780 1234; baseline 0 -10"><span class='ocrx_word' id='word_1_24' title='bbox 1638 1205 2780 1234; x_wconf 51' lang='grc' dir='ltr'><em>Μ</em></span> 
     </span>
    </p>
   </div>
   <div class='ocr_carea' id='block_1_11' title="bbox 611 1331 3871 1412">
    <p class='ocr_par' dir='ltr' id='par_1_11' title="bbox 611 1331 3871 1412">
     <span class='ocr_line' id='line_1_12' title="bbox 611 1331 3871 1412; baseline -0.005 -1"><span class='ocrx_word' id='word_1_25' title='bbox 611 1356 794 1411; x_wconf 72' lang='grc' dir='ltr'>ΟΛριιτ</span> <span class='ocrx_word' id='word_1_26' title='bbox 817 1367 1042 1408; x_wconf 76' lang='lat' dir='ltr'><strong>rntuun.</strong></span> <span class='ocrx_word' id='word_1_27' title='bbox 1065 1349 1302 1405; x_wconf 87' lang='lat' dir='ltr'><strong>--Num.</strong></span> <span class='ocrx_word' id='word_1_28' title='bbox 1337 1349 1388 1404; x_wconf 81' lang='lat' dir='ltr'><strong>l.</strong></span> <span class='ocrx_word' id='word_1_29' title='bbox 1425 1347 1696 1402; x_wconf 65' lang='lat' dir='ltr'><strong>Osctﬂetur</strong></span> <span class='ocrx_word' id='word_1_30' title='bbox 1721 1361 1799 1398; x_wconf 88' lang='lat' dir='ltr'><strong>me</strong></span> <span class='ocrx_word' id='word_1_31' title='bbox 1830 1343 2006 1397; x_wconf 82' lang='lat' dir='ltr'><strong>osculo</strong></span> <span class='ocrx_word' id='word_1_32' title='bbox 2038 1341 2141 1395; x_wconf 78' lang='lat' dir='ltr'><strong>oris</strong></span> <span class='ocrx_word' id='word_1_33' title='bbox 2168 1340 2216 1400; x_wconf 80' lang='grc' dir='ltr'><strong>Α</strong></span> <span class='ocrx_word' id='word_1_34' title='bbox 2249 1338 2394 1391; x_wconf 98' lang='lat' dir='ltr'><strong>tione</strong></span> <span class='ocrx_word' id='word_1_35' title='bbox 2425 1337 2591 1388; x_wconf 78' lang='lat' dir='ltr'><strong>ruttns</strong></span> <span class='ocrx_word' id='word_1_36' title='bbox 2622 1334 2731 1404; x_wconf 84' lang='lat' dir='ltr'><strong>ejus</strong></span> <span class='ocrx_word' id='word_1_37' title='bbox 2776 1331 3036 1403; x_wconf 62' lang='lat' dir='ltr'><strong>splenduit</strong></span> <span class='ocrx_word' id='word_1_38' title='bbox 3068 1334 3200 1388; x_wconf 84' lang='lat' dir='ltr'><strong>sicut</strong></span> <span class='ocrx_word' id='word_1_39' title='bbox 3232 1334 3332 1402; x_wconf 83' lang='lat' dir='ltr'><strong>sol,</strong></span> <span class='ocrx_word' id='word_1_40' title='bbox 3383 1338 3514 1393; x_wconf 90' lang='lat' dir='ltr'><strong>utin</strong></span> <span class='ocrx_word' id='word_1_41' title='bbox 3547 1338 3871 1412; x_wconf 68' lang='lat' dir='ltr'><strong>Evangelia</strong></span> 
     </span>
    </p>
   </div>
   <div class='ocr_carea' id='block_1_12' title="bbox 541 1431 2140 1504">
    <p class='ocr_par' dir='ltr' id='par_1_12' title="bbox 541 1431 2140 1504">
     <span class='ocr_line' id='line_1_13' title="bbox 541 1431 2140 1504; baseline -0.013 0"><span class='ocrx_word' id='word_1_42' title='bbox 541 1448 644 1504; x_wconf 85' lang='lat' dir='ltr'><strong>sui.</strong></span> <span class='ocrx_word' id='word_1_43' title='bbox 672 1447 788 1503; x_wconf 78' lang='lat' dir='ltr'><strong>Vox</strong></span> <span class='ocrx_word' id='word_1_44' title='bbox 823 1443 1077 1500; x_wconf 62' lang='lat' dir='ltr'><strong>Ecclesiae</strong></span> <span class='ocrx_word' id='word_1_45' title='bbox 1119 1442 1231 1495; x_wconf 71' lang='lat' dir='ltr'><strong>haec</strong></span> <span class='ocrx_word' id='word_1_46' title='bbox 1261 1450 1344 1494; x_wconf 89' lang='lat' dir='ltr'><strong>est</strong></span> <span class='ocrx_word' id='word_1_47' title='bbox 1385 1437 1652 1493; x_wconf 78' lang='lat' dir='ltr'><strong>venientis</strong></span> <span class='ocrx_word' id='word_1_48' title='bbox 1678 1435 1742 1488; x_wconf 87' lang='lat' dir='ltr'><strong>ad</strong></span> <span class='ocrx_word' id='word_1_49' title='bbox 1783 1433 2053 1488; x_wconf 79' lang='lat' dir='ltr'><strong>Chrstum</strong></span> <span class='ocrx_word' id='word_1_50' title='bbox 2085 1431 2140 1486; x_wconf 90' lang='lat' dir='ltr'><strong>in</strong></span> 
     </span>
    </p>
   </div>
   <div class='ocr_carea' id='block_1_13' title="bbox 543 1525 2139 1605">
    <p class='ocr_par' dir='ltr' id='par_1_13' title="bbox 543 1525 2139 1605">
     <span class='ocr_line' id='line_1_14' title="bbox 543 1525 2139 1605; baseline -0.012 -11"><span class='ocrx_word' id='word_1_51' title='bbox 543 1538 764 1605; x_wconf 90' lang='lat' dir='ltr'><strong>osculo;</strong></span> <span class='ocrx_word' id='word_1_52' title='bbox 795 1536 1056 1592; x_wconf 84' lang='lat' dir='ltr'><strong>oil&#39;eusam</strong></span> <span class='ocrx_word' id='word_1_53' title='bbox 1075 1549 1231 1604; x_wconf 88' lang='lat' dir='ltr'><strong>quam</strong></span> <span class='ocrx_word' id='word_1_54' title='bbox 1264 1530 1404 1600; x_wconf 89' lang='lat' dir='ltr'><strong>apud</strong></span> <span class='ocrx_word' id='word_1_55' title='bbox 1437 1530 1604 1584; x_wconf 91' lang='lat' dir='ltr'><strong>Deum</strong></span> <span class='ocrx_word' id='word_1_56' title='bbox 1637 1525 1884 1581; x_wconf 81' lang='lat' dir='ltr'><strong>homines</strong></span> <span class='ocrx_word' id='word_1_57' title='bbox 1907 1538 2139 1594; x_wconf 84' lang='lat' dir='ltr'><strong>peccan-</strong></span> 
     </span>
    </p>
   </div>
   <div class='ocr_carea' id='block_1_14' title="bbox 547 1617 2137 1691">
    <p class='ocr_par' dir='ltr' id='par_1_14' title="bbox 547 1617 2137 1691">
     <span class='ocr_line' id='line_1_15' title="bbox 547 1617 2137 1691; baseline -0.01 -8"><span class='ocrx_word' id='word_1_58' title='bbox 547 1632 618 1684; x_wconf 88' lang='lat' dir='ltr'><strong>do</strong></span> <span class='ocrx_word' id='word_1_59' title='bbox 664 1634 1052 1684; x_wconf 82' lang='lat' dir='ltr'><strong>contraxerant</strong></span> <span class='ocrx_word' id='word_1_60' title='bbox 1079 1623 1276 1680; x_wconf 76' lang='lat' dir='ltr'><strong>resolvi</strong></span> <span class='ocrx_word' id='word_1_61' title='bbox 1305 1620 1590 1691; x_wconf 88' lang='lat' dir='ltr'><strong>cupientis,</strong></span> <span class='ocrx_word' id='word_1_62' title='bbox 1625 1629 1678 1674; x_wconf 92' lang='lat' dir='ltr'><strong>et</strong></span> <span class='ocrx_word' id='word_1_63' title='bbox 1710 1633 1894 1688; x_wconf 81' lang='lat' dir='ltr'><strong>pacem</strong></span> <span class='ocrx_word' id='word_1_64' title='bbox 1927 1617 1980 1670; x_wconf 91' lang='lat' dir='ltr'><strong>in</strong></span> <span class='ocrx_word' id='word_1_65' title='bbox 2012 1630 2137 1684; x_wconf 89' lang='lat' dir='ltr'><strong>qua,</strong></span> 
     </span>
    </p>
   </div>
   <div class='ocr_carea' id='block_1_15' title="bbox 542 1704 2138 1778">
    <p class='ocr_par' dir='ltr' id='par_1_15' title="bbox 542 1704 2138 1778">
     <span class='ocr_line' id='line_1_16' title="bbox 542 1704 2138 1778; baseline -0.011 -5"><span class='ocrx_word' id='word_1_66' title='bbox 542 1723 669 1775; x_wconf 86' lang='lat' dir='ltr'><strong>dum</strong></span> <span class='ocrx_word' id='word_1_67' title='bbox 696 1733 939 1774; x_wconf 86' lang='lat' dir='ltr'><strong>essemus</strong></span> <span class='ocrx_word' id='word_1_68' title='bbox 981 1716 1095 1771; x_wconf 87' lang='lat' dir='ltr'><strong>Deo</strong></span> <span class='ocrx_word' id='word_1_69' title='bbox 1143 1712 1287 1768; x_wconf 87' lang='lat' dir='ltr'><strong>Patri</strong></span> <span class='ocrx_word' id='word_1_70' title='bbox 1332 1711 1555 1776; x_wconf 90' lang='lat' dir='ltr'><strong>inimici,</strong></span> <span class='ocrx_word' id='word_1_71' title='bbox 1587 1724 1682 1778; x_wconf 88' lang='lat' dir='ltr'><strong>per</strong></span> <span class='ocrx_word' id='word_1_72' title='bbox 1719 1710 1892 1777; x_wconf 85' lang='lat' dir='ltr'><strong>ipsum</strong></span> <span class='ocrx_word' id='word_1_73' title='bbox 1945 1704 2138 1760; x_wconf 86' lang='lat' dir='ltr'><strong>Filium</strong></span> 
     </span>
    </p>
   </div>
   <div class='ocr_carea' id='block_1_16' title="bbox 541 1799 2140 1882">
    <p class='ocr_par' dir='ltr' id='par_1_16' title="bbox 541 1799 2140 1882">
     <span class='ocr_line' id='line_1_17' title="bbox 541 1799 2140 1882; baseline -0.013 -14"><span class='ocrx_word' id='word_1_74' title='bbox 541 1815 659 1882; x_wconf 82' lang='lat' dir='ltr'><strong>ejus</strong></span> <span class='ocrx_word' id='word_1_75' title='bbox 701 1809 1151 1870; x_wconf 71' lang='lat' dir='ltr'><strong>reconciliantur,</strong></span> <span class='ocrx_word' id='word_1_76' title='bbox 1183 1804 1434 1858; x_wconf 76' lang='lat' dir='ltr'><strong>invenire</strong></span> <span class='ocrx_word' id='word_1_77' title='bbox 1482 1799 1840 1856; x_wconf 75' lang='lat' dir='ltr'><strong>desiderantis</strong></span> <span class='ocrx_word' id='word_1_78' title='bbox 1873 1815 1886 1850; x_wconf 89' lang='lat'>:</span> <span class='ocrx_word' id='word_1_79' title='bbox 1923 1805 2140 1868; x_wconf 70' lang='lat' dir='ltr'><strong>promer</strong></span> 
     </span>
    </p>
   </div>
   <div class='ocr_carea' id='block_1_17' title="bbox 541 1889 2141 1975">
    <p class='ocr_par' dir='ltr' id='par_1_17' title="bbox 541 1889 2141 1975">
     <span class='ocr_line' id='line_1_18' title="bbox 541 1889 2141 1975; baseline -0.011 -14"><span class='ocrx_word' id='word_1_80' title='bbox 541 1904 684 1975; x_wconf 90' lang='lat' dir='ltr'><strong>quod</strong></span> <span class='ocrx_word' id='word_1_81' title='bbox 721 1902 982 1973; x_wconf 83' lang='lat' dir='ltr'><strong>propheta</strong></span> <span class='ocrx_word' id='word_1_82' title='bbox 1010 1899 1076 1954; x_wconf 90' lang='lat' dir='ltr'><strong>ad</strong></span> <span class='ocrx_word' id='word_1_83' title='bbox 1106 1898 1276 1953; x_wconf 86' lang='lat' dir='ltr'><strong>Deum</strong></span> <span class='ocrx_word' id='word_1_84' title='bbox 1304 1915 1316 1950; x_wconf 89' lang='lat'>:</span> <span class='ocrx_word' id='word_1_85' title='bbox 1350 1895 1540 1949; x_wconf 87' lang='lat' dir='ltr'><strong>Pacem</strong></span> <span class='ocrx_word' id='word_1_86' title='bbox 1578 1902 1716 1946; x_wconf 87' lang='lat' dir='ltr'><strong>tuam</strong></span> <span class='ocrx_word' id='word_1_87' title='bbox 1738 1933 1753 1956; x_wconf 95' lang='lat'><strong>,</strong></span> <span class='ocrx_word' id='word_1_88' title='bbox 1803 1889 2042 1954; x_wconf 78' lang='lat' dir='ltr'><strong>Domine,</strong></span> <span class='ocrx_word' id='word_1_89' title='bbox 2071 1890 2141 1943; x_wconf 84' lang='lat' dir='ltr'><strong>da</strong></span> 
     </span>
    </p>
   </div>
   <div class='ocr_carea' id='block_1_18' title="bbox 542 1981 2140 2061">
    <p class='ocr_par' dir='ltr' id='par_1_18' title="bbox 542 1981 2140 2061">
     <span class='ocr_line' id='line_1_19' title="bbox 542 1981 2140 2061; baseline -0.011 -11"><span class='ocrx_word' id='word_1_90' title='bbox 542 1995 711 2061; x_wconf 84' lang='lat' dir='ltr'><strong>nobis,</strong></span> <span class='ocrx_word' id='word_1_91' title='bbox 740 2004 788 2048; x_wconf 84' lang='lat' dir='ltr'><strong>et</strong></span> <span class='ocrx_word' id='word_1_92' title='bbox 818 1993 990 2048; x_wconf 82' lang='lat' dir='ltr'><strong>omnia</strong></span> <span class='ocrx_word' id='word_1_93' title='bbox 1020 1989 1290 2043; x_wconf 82' lang='lat' dir='ltr'><strong>reddidisti</strong></span> <span class='ocrx_word' id='word_1_94' title='bbox 1319 1987 1461 2041; x_wconf 86' lang='lat' dir='ltr'><strong>nobis</strong></span> <span class='ocrx_word' id='word_1_95' title='bbox 1486 1983 1623 2055; x_wconf 82' lang='lat' dir='ltr'><strong>(Isa.</strong></span> <span class='ocrx_word' id='word_1_96' title='bbox 1653 1982 1826 2052; x_wconf 73' lang='lat' dir='ltr'><strong>xxvr).</strong></span> <span class='ocrx_word' id='word_1_97' title='bbox 1861 1981 1914 2035; x_wconf 95' lang='lat' dir='ltr'><strong>ln</strong></span> <span class='ocrx_word' id='word_1_98' title='bbox 1952 1982 2140 2034; x_wconf 74' lang='lat' dir='ltr'><strong>Evan-</strong></span> 
     </span>
    </p>
   </div>
   <div class='ocr_carea' id='block_1_19' title="bbox 543 2073 2139 2161">
    <p class='ocr_par' dir='ltr' id='par_1_19' title="bbox 543 2073 2139 2161">
     <span class='ocr_line' id='line_1_20' title="bbox 543 2073 2139 2161; baseline -0.012 -17"><span class='ocrx_word' id='word_1_99' title='bbox 543 2089 688 2161; x_wconf 88' lang='lat' dir='ltr'><strong>gelio</strong></span> <span class='ocrx_word' id='word_1_100' title='bbox 716 2099 929 2156; x_wconf 89' lang='lat' dir='ltr'><strong>quoque</strong></span> <span class='ocrx_word' id='word_1_101' title='bbox 963 2081 1111 2152; x_wconf 87' lang='lat' dir='ltr'><strong>(Luc.</strong></span> <span class='ocrx_word' id='word_1_102' title='bbox 1143 2081 1235 2150; x_wconf 77' lang='lat' dir='ltr'><strong>xv)</strong></span> <span class='ocrx_word' id='word_1_103' title='bbox 1262 2079 1577 2134; x_wconf 80' lang='lat' dir='ltr'><strong>redeuntem</strong></span> <span class='ocrx_word' id='word_1_104' title='bbox 1617 2091 1648 2130; x_wconf 82' lang='lat' dir='ltr'><strong>a</strong></span> <span class='ocrx_word' id='word_1_105' title='bbox 1669 2074 1890 2146; x_wconf 82' lang='lat' dir='ltr'><strong>regione</strong></span> <span class='ocrx_word' id='word_1_106' title='bbox 1931 2073 2139 2143; x_wconf 84' lang='lat' dir='ltr'><strong>longin-</strong></span> 
     </span>
    </p>
   </div>
   <div class='ocr_carea' id='block_1_20' title="bbox 540 2172 2138 2254">
    <p class='ocr_par' dir='ltr' id='par_1_20' title="bbox 540 2172 2138 2254">
     <span class='ocr_line' id='line_1_21' title="bbox 540 2172 2138 2254; baseline -0.007 -18"><span class='ocrx_word' id='word_1_107' title='bbox 540 2197 647 2254; x_wconf 90' lang='lat' dir='ltr'><strong>qua</strong></span> <span class='ocrx_word' id='word_1_108' title='bbox 694 2181 859 2235; x_wconf 81' lang='lat' dir='ltr'><strong>tilium</strong></span> <span class='ocrx_word' id='word_1_109' title='bbox 906 2187 1057 2246; x_wconf 84' lang='lat' dir='ltr'><strong>pater</strong></span> <span class='ocrx_word' id='word_1_110' title='bbox 1087 2177 1433 2232; x_wconf 85' lang='lat' dir='ltr'><strong>deosculatus</strong></span> <span class='ocrx_word' id='word_1_111' title='bbox 1485 2186 1584 2230; x_wconf 89' lang='lat' dir='ltr'><strong>cst.</strong></span> <span class='ocrx_word' id='word_1_112' title='bbox 1621 2175 1773 2229; x_wconf 85' lang='lat' dir='ltr'><strong>Tunc</strong></span> <span class='ocrx_word' id='word_1_113' title='bbox 1801 2172 1944 2229; x_wconf 91' lang='lat' dir='ltr'><strong>enim</strong></span> <span class='ocrx_word' id='word_1_114' title='bbox 2005 2187 2138 2242; x_wconf 64' lang='lat' dir='ltr'><strong>quo.</strong></span> 
     </span>
    </p>
   </div>
   <div class='ocr_carea' id='block_1_21' title="bbox 541 2264 2137 2336">
    <p class='ocr_par' dir='ltr' id='par_1_21' title="bbox 541 2264 2137 2336">
     <span class='ocr_line' id='line_1_22' title="bbox 541 2264 2137 2336; baseline -0.005 -8"><span class='ocrx_word' id='word_1_115' title='bbox 541 2271 831 2328; x_wconf 80' lang='lat' dir='ltr'><strong>dummodo</strong></span> <span class='ocrx_word' id='word_1_116' title='bbox 861 2270 1198 2326; x_wconf 80' lang='lat' dir='ltr'><strong>venientibus</strong></span> <span class='ocrx_word' id='word_1_117' title='bbox 1223 2269 1286 2322; x_wconf 85' lang='lat' dir='ltr'><strong>ad</strong></span> <span class='ocrx_word' id='word_1_118' title='bbox 1311 2282 1371 2324; x_wconf 88' lang='lat' dir='ltr'><strong>se</strong></span> <span class='ocrx_word' id='word_1_119' title='bbox 1395 2269 1634 2323; x_wconf 86' lang='lat' dir='ltr'><strong>osculum</strong></span> <span class='ocrx_word' id='word_1_120' title='bbox 1660 2266 1899 2332; x_wconf 88' lang='lat' dir='ltr'><strong>tradidit,</strong></span> <span class='ocrx_word' id='word_1_121' title='bbox 1924 2264 2137 2336; x_wconf 87' lang='lat' dir='ltr'><strong>quando</strong></span> 
     </span>
    </p>
   </div>
   <div class='ocr_carea' id='block_1_22' title="bbox 543 2358 2134 2428">
    <p class='ocr_par' dir='ltr' id='par_1_22' title="bbox 543 2358 2134 2428">
     <span class='ocr_line' id='line_1_23' title="bbox 543 2358 2134 2428; baseline -0.006 -6"><span class='ocrx_word' id='word_1_122' title='bbox 543 2367 758 2424; x_wconf 90' lang='lat' dir='ltr'><strong>unicum</strong></span> <span class='ocrx_word' id='word_1_123' title='bbox 780 2380 935 2420; x_wconf 90' lang='lat' dir='ltr'><strong>suum</strong></span> <span class='ocrx_word' id='word_1_124' title='bbox 962 2362 1014 2416; x_wconf 92' lang='lat' dir='ltr'><strong>in</strong></span> <span class='ocrx_word' id='word_1_125' title='bbox 1041 2361 1258 2416; x_wconf 82' lang='lat' dir='ltr'><strong>homine</strong></span> <span class='ocrx_word' id='word_1_126' title='bbox 1281 2359 1428 2416; x_wconf 88' lang='lat' dir='ltr'><strong>nasci</strong></span> <span class='ocrx_word' id='word_1_127' title='bbox 1452 2359 1642 2424; x_wconf 85' lang='lat' dir='ltr'><strong>voluit,</strong></span> <span class='ocrx_word' id='word_1_128' title='bbox 1669 2374 1762 2428; x_wconf 88' lang='lat' dir='ltr'><strong>per</strong></span> <span class='ocrx_word' id='word_1_129' title='bbox 1784 2373 1942 2428; x_wconf 89' lang='lat' dir='ltr'><strong>quem</strong></span> <span class='ocrx_word' id='word_1_130' title='bbox 1975 2358 2134 2413; x_wconf 86' lang='lat' dir='ltr'><strong>etiam</strong></span> 
     </span>
    </p>
   </div>
   <div class='ocr_carea' id='block_1_23' title="bbox 549 2447 2138 2527">
    <p class='ocr_par' dir='ltr' id='par_1_23' title="bbox 549 2447 2138 2527">
     <span class='ocr_line' id='line_1_24' title="bbox 549 2447 2138 2527; baseline -0.008 -14"><span class='ocrx_word' id='word_1_131' title='bbox 549 2470 605 2514; x_wconf 92' lang='lat' dir='ltr'><strong>ut</strong></span> <span class='ocrx_word' id='word_1_132' title='bbox 630 2457 681 2512; x_wconf 89' lang='lat' dir='ltr'><strong>ei</strong></span> <span class='ocrx_word' id='word_1_133' title='bbox 713 2456 858 2527; x_wconf 83' lang='lat' dir='ltr'><strong>pacis</strong></span> <span class='ocrx_word' id='word_1_134' title='bbox 885 2452 1100 2508; x_wconf 84' lang='lat' dir='ltr'><strong>vinculo</strong></span> <span class='ocrx_word' id='word_1_135' title='bbox 1128 2450 1499 2506; x_wconf 74' lang='lat' dir='ltr'><strong>adhtereamus</strong></span> <span class='ocrx_word' id='word_1_136' title='bbox 1528 2449 1790 2504; x_wconf 85' lang='lat' dir='ltr'><strong>attribuit.</strong></span> <span class='ocrx_word' id='word_1_137' title='bbox 1818 2447 2056 2518; x_wconf 86' lang='lat' dir='ltr'><strong>Denique</strong></span> <span class='ocrx_word' id='word_1_138' title='bbox 2082 2454 2138 2503; x_wconf 87' lang='lat' dir='ltr'><strong>et</strong></span> 
     </span>
    </p>
   </div>
   <div class='ocr_carea' id='block_1_24' title="bbox 540 2537 2136 2618">
    <p class='ocr_par' dir='ltr' id='par_1_24' title="bbox 540 2537 2136 2618">
     <span class='ocr_line' id='line_1_25' title="bbox 540 2537 2136 2618; baseline -0.006 -14"><span class='ocrx_word' id='word_1_139' title='bbox 540 2550 736 2618; x_wconf 79' lang='lat' dir='ltr'><strong>angeli,</strong></span> <span class='ocrx_word' id='word_1_140' title='bbox 773 2554 1028 2602; x_wconf 85' lang='lat' dir='ltr'><strong>nascente</strong></span> <span class='ocrx_word' id='word_1_141' title='bbox 1051 2544 1302 2597; x_wconf 84' lang='lat' dir='ltr'><strong>Christo:</strong></span> <span class='ocrx_word' id='word_1_142' title='bbox 1327 2539 1510 2597; x_wconf 85' lang='lat' dir='ltr'><strong>Gloria</strong></span> <span class='ocrx_word' id='word_1_143' title='bbox 1538 2542 1590 2594; x_wconf 87' lang='lat' dir='ltr'><strong>in</strong></span> <span class='ocrx_word' id='word_1_144' title='bbox 1611 2541 1820 2595; x_wconf 75' lang='lat' dir='ltr'><strong>excelsis</strong></span> <span class='ocrx_word' id='word_1_145' title='bbox 1853 2537 1984 2603; x_wconf 88' lang='lat' dir='ltr'><strong>Deo,</strong></span> <span class='ocrx_word' id='word_1_146' title='bbox 2012 2547 2057 2592; x_wconf 90' lang='lat' dir='ltr'><strong>et</strong></span> <span class='ocrx_word' id='word_1_147' title='bbox 2081 2539 2136 2594; x_wconf 91' lang='lat' dir='ltr'><strong>in</strong></span> 
     </span>
    </p>
   </div>
   <div class='ocr_carea' id='block_1_25' title="bbox 540 2626 2135 2710">
    <p class='ocr_par' dir='ltr' id='par_1_25' title="bbox 540 2626 2135 2710">
     <span class='ocr_line' id='line_1_26' title="bbox 540 2626 2135 2710; baseline -0.006 -14"><span class='ocrx_word' id='word_1_148' title='bbox 540 2651 675 2696; x_wconf 82' lang='lat' dir='ltr'><strong>terra</strong></span> <span class='ocrx_word' id='word_1_149' title='bbox 702 2655 804 2710; x_wconf 70' lang='lat' dir='ltr'><strong>pax</strong></span> <span class='ocrx_word' id='word_1_150' title='bbox 826 2633 1119 2691; x_wconf 83' lang='lat' dir='ltr'><strong>hominibus</strong></span> <span class='ocrx_word' id='word_1_151' title='bbox 1136 2634 1283 2688; x_wconf 79' lang='lat' dir='ltr'><strong>bona:</strong></span> <span class='ocrx_word' id='word_1_152' title='bbox 1307 2633 1582 2688; x_wconf 78' lang='lat' dir='ltr'><strong>voluntatis</strong></span> <span class='ocrx_word' id='word_1_153' title='bbox 1607 2626 1759 2704; x_wconf 82' lang='lat' dir='ltr'><strong>(Luc.</strong></span> <span class='ocrx_word' id='word_1_154' title='bbox 1834 2631 1912 2702; x_wconf 89' lang='lat' dir='ltr'><strong>It),</strong></span> <span class='ocrx_word' id='word_1_155' title='bbox 1935 2630 2135 2687; x_wconf 85' lang='lat' dir='ltr'><strong>idcirco</strong></span> 
     </span>
    </p>
   </div>
   <div class='ocr_carea' id='block_1_26' title="bbox 2245 1427 3867 1507">
    <p class='ocr_par' dir='ltr' id='par_1_26' title="bbox 2245 1427 3867 1507">
     <span class='ocr_line' id='line_1_27' title="bbox 2245 1427 3867 1507; baseline 0.005 -23"><span class='ocrx_word' id='word_1_156' title='bbox 2245 1429 2503 1498; x_wconf 80' lang='lat' dir='ltr'><strong>legimus,</strong></span> <span class='ocrx_word' id='word_1_157' title='bbox 2545 1438 2591 1482; x_wconf 88' lang='lat' dir='ltr'><strong>et</strong></span> <span class='ocrx_word' id='word_1_158' title='bbox 2642 1428 2943 1482; x_wconf 84' lang='lat' dir='ltr'><strong>indumenta</strong></span> <span class='ocrx_word' id='word_1_159' title='bbox 2973 1427 3132 1498; x_wconf 91' lang='lat' dir='ltr'><strong>ipsius</strong></span> <span class='ocrx_word' id='word_1_160' title='bbox 3174 1431 3307 1484; x_wconf 77' lang='lat' dir='ltr'><strong>velut</strong></span> <span class='ocrx_word' id='word_1_161' title='bbox 3343 1431 3434 1486; x_wconf 81' lang='lat' dir='ltr'><strong>nia:</strong></span> <span class='ocrx_word' id='word_1_162' title='bbox 3457 1435 3692 1489; x_wconf 84' lang='lat' dir='ltr'><strong>candida</strong></span> <span class='ocrx_word' id='word_1_163' title='bbox 3723 1437 3867 1507; x_wconf 72' lang='lat' dir='ltr'><strong>facta</strong></span> 
     </span>
    </p>
   </div>
   <div class='ocr_carea' id='block_1_27' title="bbox 2242 1518 3867 1598">
    <p class='ocr_par' dir='ltr' id='par_1_27' title="bbox 2242 1518 3867 1598">
     <span class='ocr_line' id='line_1_28' title="bbox 2242 1518 3867 1598; baseline 0.008 -25"><span class='ocrx_word' id='word_1_164' title='bbox 2242 1529 2359 1574; x_wconf 87' lang='lat' dir='ltr'><strong>sunt</strong></span> <span class='ocrx_word' id='word_1_165' title='bbox 2392 1519 2550 1591; x_wconf 79' lang='lat' dir='ltr'><strong>(Mat.</strong></span> <span class='ocrx_word' id='word_1_166' title='bbox 2580 1534 2721 1585; x_wconf 66' lang='lat' dir='ltr'><strong>XVII;</strong></span> <span class='ocrx_word' id='word_1_167' title='bbox 2748 1518 2879 1575; x_wconf 87' lang='lat' dir='ltr'><strong>Luc.</strong></span> <span class='ocrx_word' id='word_1_168' title='bbox 2901 1523 3006 1593; x_wconf 70' lang='grc' dir='ltr'><strong>ιχ),</strong></span> <span class='ocrx_word' id='word_1_169' title='bbox 3031 1540 3145 1591; x_wconf 70' lang='lat' dir='ltr'><strong>qua:</strong></span> <span class='ocrx_word' id='word_1_170' title='bbox 3173 1525 3298 1577; x_wconf 77' lang='lat' dir='ltr'><strong>talia</strong></span> <span class='ocrx_word' id='word_1_171' title='bbox 3326 1527 3500 1581; x_wconf 82' lang='lat' dir='ltr'><strong>nullus</strong></span> <span class='ocrx_word' id='word_1_172' title='bbox 3529 1529 3670 1598; x_wconf 81' lang='lat' dir='ltr'><strong>fullo</strong></span> <span class='ocrx_word' id='word_1_173' title='bbox 3702 1548 3867 1586; x_wconf 69' lang='lat' dir='ltr'><strong>siser</strong></span> 
     </span>
    </p>
   </div>
   <div class='ocr_carea' id='block_1_28' title="bbox 2243 1613 3862 1681">
    <p class='ocr_par' dir='ltr' id='par_1_28' title="bbox 2243 1613 3862 1681">
     <span class='ocr_line' id='line_1_29' title="bbox 2243 1613 3862 1681; baseline 0.009 -18"><span class='ocrx_word' id='word_1_174' title='bbox 2243 1619 2434 1665; x_wconf 85' lang='lat' dir='ltr'><strong>terram</strong></span> <span class='ocrx_word' id='word_1_175' title='bbox 2459 1615 2624 1681; x_wconf 76' lang='lat' dir='ltr'><strong>facere</strong></span> <span class='ocrx_word' id='word_1_176' title='bbox 2647 1613 2835 1681; x_wconf 79' lang='lat' dir='ltr'><strong>potuit.</strong></span> <span class='ocrx_word' id='word_1_177' title='bbox 2864 1613 3052 1670; x_wconf 83' lang='lat' dir='ltr'><strong>Nullus</strong></span> <span class='ocrx_word' id='word_1_178' title='bbox 3069 1616 3210 1670; x_wconf 88' lang='lat' dir='ltr'><strong>enim</strong></span> <span class='ocrx_word' id='word_1_179' title='bbox 3236 1616 3514 1672; x_wconf 86' lang='lat' dir='ltr'><strong>doctorum</strong></span> <span class='ocrx_word' id='word_1_180' title='bbox 3545 1621 3615 1672; x_wconf 90' lang='lat' dir='ltr'><strong>ad</strong></span> <span class='ocrx_word' id='word_1_181' title='bbox 3645 1630 3862 1678; x_wconf 75' lang='lat' dir='ltr'><strong>tantum</strong></span> 
     </span>
    </p>
   </div>
   <div class='ocr_carea' id='block_1_29' title="bbox 2245 1703 3859 1780">
    <p class='ocr_par' dir='ltr' id='par_1_29' title="bbox 2245 1703 3859 1780">
     <span class='ocr_line' id='line_1_30' title="bbox 2245 1703 3859 1780; baseline 0.008 -24"><span class='ocrx_word' id='word_1_182' title='bbox 2245 1705 2471 1759; x_wconf 87' lang='lat' dir='ltr'><strong>nitorem</strong></span> <span class='ocrx_word' id='word_1_183' title='bbox 2497 1703 2642 1759; x_wconf 90' lang='lat' dir='ltr'><strong>sicut</strong></span> <span class='ocrx_word' id='word_1_184' title='bbox 2665 1704 2754 1759; x_wconf 90' lang='lat' dir='ltr'><strong>ille</strong></span> <span class='ocrx_word' id='word_1_185' title='bbox 2780 1705 3072 1776; x_wconf 85' lang='lat' dir='ltr'><strong>discipulos</strong></span> <span class='ocrx_word' id='word_1_186' title='bbox 3095 1709 3531 1779; x_wconf 85' lang='lat' dir='ltr'><strong>suosaliquando</strong></span> <span class='ocrx_word' id='word_1_187' title='bbox 3559 1715 3859 1780; x_wconf 76' lang='lat' dir='ltr'><strong>perduxit;</strong></span> 
     </span>
    </p>
   </div>
   <div class='ocr_carea' id='block_1_30' title="bbox 2247 1795 3861 1863">
    <p class='ocr_par' dir='ltr' id='par_1_30' title="bbox 2247 1795 3861 1863">
     <span class='ocr_line' id='line_1_31' title="bbox 2247 1795 3861 1863; baseline 0.011 -16"><span class='ocrx_word' id='word_1_188' title='bbox 2247 1795 2329 1849; x_wconf 71' lang='lat' dir='ltr'><strong>vel</strong></span> <span class='ocrx_word' id='word_1_189' title='bbox 2355 1795 2435 1850; x_wconf 91' lang='lat' dir='ltr'><strong>sic</strong></span> <span class='ocrx_word' id='word_1_190' title='bbox 2456 1811 2486 1849; x_wconf 85' lang='lat' dir='ltr'><strong>a</strong></span> <span class='ocrx_word' id='word_1_191' title='bbox 2517 1796 2737 1850; x_wconf 73' lang='lat' dir='ltr'><strong>maculis</strong></span> <span class='ocrx_word' id='word_1_192' title='bbox 2769 1797 3001 1863; x_wconf 85' lang='lat' dir='ltr'><strong>ahlutos,</strong></span> <span class='ocrx_word' id='word_1_193' title='bbox 3038 1799 3208 1854; x_wconf 85' lang='lat' dir='ltr'><strong>instar</strong></span> <span class='ocrx_word' id='word_1_194' title='bbox 3235 1800 3370 1858; x_wconf 79' lang='lat' dir='ltr'><strong>nivis</strong></span> <span class='ocrx_word' id='word_1_195' title='bbox 3417 1805 3682 1859; x_wconf 81' lang='lat' dir='ltr'><strong>candidos</strong></span> <span class='ocrx_word' id='word_1_196' title='bbox 3713 1807 3772 1862; x_wconf 86' lang='lat' dir='ltr'><strong>in</strong></span> <span class='ocrx_word' id='word_1_197' title='bbox 3804 1823 3861 1863; x_wconf 85' lang='lat' dir='ltr'><strong>se</strong></span> 
     </span>
    </p>
   </div>
   <div class='ocr_carea' id='block_1_31' title="bbox 2240 1887 3868 1962">
    <p class='ocr_par' dir='ltr' id='par_1_31' title="bbox 2240 1887 3868 1962">
     <span class='ocr_line' id='line_1_32' title="bbox 2240 1887 3868 1962; baseline 0.007 -20"><span class='ocrx_word' id='word_1_198' title='bbox 2240 1887 2521 1944; x_wconf 83' lang='lat' dir='ltr'><strong>credentes</strong></span> <span class='ocrx_word' id='word_1_199' title='bbox 2551 1887 2697 1944; x_wconf 78' lang='lat' dir='ltr'><strong>facit.</strong></span> <span class='ocrx_word' id='word_1_200' title='bbox 2728 1888 2879 1944; x_wconf 85' lang='lat' dir='ltr'><strong>Hunc</strong></span> <span class='ocrx_word' id='word_1_201' title='bbox 2925 1904 3057 1962; x_wconf 86' lang='lat' dir='ltr'><strong>ergo</strong></span> <span class='ocrx_word' id='word_1_202' title='bbox 3113 1891 3544 1962; x_wconf 63' lang='lat' dir='ltr'><strong>adolescentulis,</strong></span> <span class='ocrx_word' id='word_1_203' title='bbox 3609 1897 3704 1952; x_wconf 78' lang='lat' dir='ltr'><strong>vel</strong></span> <span class='ocrx_word' id='word_1_204' title='bbox 3762 1913 3868 1954; x_wconf 83' lang='lat' dir='ltr'><strong>no-</strong></span> 
     </span>
    </p>
   </div>
   <div class='ocr_carea' id='block_1_32' title="bbox 2243 1977 3858 2060">
    <p class='ocr_par' dir='ltr' id='par_1_32' title="bbox 2243 1977 3858 2060">
     <span class='ocr_line' id='line_1_33' title="bbox 2243 1977 3858 2060; baseline 0.011 -33"><span class='ocrx_word' id='word_1_205' title='bbox 2243 1977 2395 2032; x_wconf 65' lang='lat' dir='ltr'><strong>vellae</strong></span> <span class='ocrx_word' id='word_1_206' title='bbox 2420 1977 2680 2034; x_wconf 62' lang='lat' dir='ltr'><strong>Ecclesia)</strong></span> <span class='ocrx_word' id='word_1_207' title='bbox 2703 1979 2784 2034; x_wconf 87' lang='lat' dir='ltr'><strong>vel</strong></span> <span class='ocrx_word' id='word_1_208' title='bbox 2805 1979 3130 2051; x_wconf 71' lang='lat' dir='ltr'><strong>incorrupta:</strong></span> <span class='ocrx_word' id='word_1_209' title='bbox 3151 1984 3343 2038; x_wconf 82' lang='lat' dir='ltr'><strong>aninne</strong></span> <span class='ocrx_word' id='word_1_210' title='bbox 3367 1984 3715 2054; x_wconf 83' lang='lat' dir='ltr'><strong>dilexerunt;</strong></span> <span class='ocrx_word' id='word_1_211' title='bbox 3737 2006 3858 2060; x_wconf 69' lang='lat' dir='ltr'><strong>qua</strong></span> 
     </span>
    </p>
   </div>
   <div class='ocr_carea' id='block_1_33' title="bbox 2241 2069 3859 2149">
    <p class='ocr_par' dir='ltr' id='par_1_33' title="bbox 2241 2069 3859 2149">
     <span class='ocr_line' id='line_1_34' title="bbox 2241 2069 3859 2149; baseline 0.008 -25"><span class='ocrx_word' id='word_1_212' title='bbox 2241 2071 2402 2125; x_wconf 86' lang='lat' dir='ltr'><strong>etiam</strong></span> <span class='ocrx_word' id='word_1_213' title='bbox 2431 2069 2678 2141; x_wconf 82' lang='lat' dir='ltr'><strong>ﬂagranti</strong></span> <span class='ocrx_word' id='word_1_214' title='bbox 2727 2084 3000 2144; x_wconf 88' lang='lat' dir='ltr'><strong>unguento</strong></span> <span class='ocrx_word' id='word_1_215' title='bbox 3050 2075 3269 2144; x_wconf 72' lang='lat' dir='ltr'><strong>repleta:</strong></span> <span class='ocrx_word' id='word_1_216' title='bbox 3310 2093 3430 2132; x_wconf 88' lang='lat' dir='ltr'><strong>cum</strong></span> <span class='ocrx_word' id='word_1_217' title='bbox 3477 2081 3755 2149; x_wconf 85' lang='lat' dir='ltr'><strong>Apostolo</strong></span> <span class='ocrx_word' id='word_1_218' title='bbox 3777 2083 3859 2137; x_wconf 88' lang='lat' dir='ltr'><strong>di-</strong></span> 
     </span>
    </p>
   </div>
   <div class='ocr_carea' id='block_1_34' title="bbox 2241 2159 3862 2245">
    <p class='ocr_par' dir='ltr' id='par_1_34' title="bbox 2241 2159 3862 2245">
     <span class='ocr_line' id='line_1_35' title="bbox 2241 2159 3862 2245; baseline 0.009 -31"><span class='ocrx_word' id='word_1_219' title='bbox 2241 2172 2368 2216; x_wconf 88' lang='lat' dir='ltr'><strong>cunt</strong></span> <span class='ocrx_word' id='word_1_220' title='bbox 2394 2179 2406 2214; x_wconf 94' lang='lat'>:</span> <span class='ocrx_word' id='word_1_221' title='bbox 2434 2159 2674 2218; x_wconf 83' lang='lat' dir='ltr'><strong>Charitas</strong></span> <span class='ocrx_word' id='word_1_222' title='bbox 2703 2161 2801 2218; x_wconf 86' lang='lat' dir='ltr'><strong>Dei</strong></span> <span class='ocrx_word' id='word_1_223' title='bbox 2847 2164 3036 2231; x_wconf 72' lang='lat' dir='ltr'><strong>di/fusa</strong></span> <span class='ocrx_word' id='word_1_224' title='bbox 3067 2174 3141 2220; x_wconf 87' lang='lat' dir='ltr'><strong>est</strong></span> <span class='ocrx_word' id='word_1_225' title='bbox 3187 2167 3241 2220; x_wconf 87' lang='lat' dir='ltr'><strong>in</strong></span> <span class='ocrx_word' id='word_1_226' title='bbox 3270 2171 3507 2226; x_wconf 84' lang='lat' dir='ltr'><strong>cordibus</strong></span> <span class='ocrx_word' id='word_1_227' title='bbox 3537 2175 3740 2228; x_wconf 81' lang='lat' dir='ltr'><strong>nostris</strong></span> <span class='ocrx_word' id='word_1_228' title='bbox 3769 2191 3862 2245; x_wconf 76' lang='lat' dir='ltr'><strong>per</strong></span> 
     </span>
    </p>
   </div>
   <div class='ocr_carea' id='block_1_35' title="bbox 2240 2253 3663 2336">
    <p class='ocr_par' dir='ltr' id='par_1_35' title="bbox 2240 2253 3663 2336">
     <span class='ocr_line' id='line_1_36' title="bbox 2240 2253 3663 2336; baseline 0.006 -26"><span class='ocrx_word' id='word_1_229' title='bbox 2240 2253 2492 2323; x_wconf 86' lang='lat' dir='ltr'><strong>Spiritum</strong></span> <span class='ocrx_word' id='word_1_230' title='bbox 2519 2266 2770 2336; x_wconf 73' lang='lat' dir='ltr'><strong>sanctum,</strong></span> <span class='ocrx_word' id='word_1_231' title='bbox 2801 2258 2888 2324; x_wconf 85' lang='lat' dir='ltr'><strong>qui</strong></span> <span class='ocrx_word' id='word_1_232' title='bbox 2915 2259 3063 2312; x_wconf 89' lang='lat' dir='ltr'><strong>datus</strong></span> <span class='ocrx_word' id='word_1_233' title='bbox 3092 2269 3167 2312; x_wconf 87' lang='lat' dir='ltr'><strong>est</strong></span> <span class='ocrx_word' id='word_1_234' title='bbox 3189 2261 3332 2314; x_wconf 86' lang='lat' dir='ltr'><strong>nobis</strong></span> <span class='ocrx_word' id='word_1_235' title='bbox 3361 2261 3541 2332; x_wconf 82' lang='lat' dir='ltr'><strong>(Rom.</strong></span> <span class='ocrx_word' id='word_1_236' title='bbox 3577 2269 3663 2334; x_wconf 72' lang='grc' dir='ltr'><strong>ν).</strong></span> 
     </span>
    </p>
   </div>
   <div class='ocr_carea' id='block_1_36' title="bbox 2311 2345 3857 2418">
    <p class='ocr_par' dir='ltr' id='par_1_36' title="bbox 2311 2345 3857 2418">
     <span class='ocr_line' id='line_1_37' title="bbox 2311 2345 3857 2418; baseline 0.009 -17"><span class='ocrx_word' id='word_1_237' title='bbox 2311 2345 2468 2401; x_wconf 83' lang='lat' dir='ltr'><strong>Num.</strong></span> <span class='ocrx_word' id='word_1_238' title='bbox 2497 2347 2551 2400; x_wconf 74' lang='grc'><strong>4.</strong></span> <span class='ocrx_word' id='word_1_239' title='bbox 2583 2346 2757 2402; x_wconf 82' lang='lat' dir='ltr'><strong>Trahe</strong></span> <span class='ocrx_word' id='word_1_240' title='bbox 2785 2365 2864 2403; x_wconf 90' lang='lat' dir='ltr'><strong>me</strong></span> <span class='ocrx_word' id='word_1_241' title='bbox 2889 2359 3002 2418; x_wconf 87' lang='lat' dir='ltr'><strong>post</strong></span> <span class='ocrx_word' id='word_1_242' title='bbox 3025 2360 3091 2416; x_wconf 88' lang='lat' dir='ltr'><strong>te,</strong></span> <span class='ocrx_word' id='word_1_243' title='bbox 3123 2367 3383 2408; x_wconf 87' lang='lat' dir='ltr'><strong>curremus</strong></span> <span class='ocrx_word' id='word_1_244' title='bbox 3410 2355 3462 2408; x_wconf 86' lang='lat' dir='ltr'><strong>in</strong></span> <span class='ocrx_word' id='word_1_245' title='bbox 3493 2357 3738 2412; x_wconf 79' lang='lat' dir='ltr'><strong>adorent.</strong></span> <span class='ocrx_word' id='word_1_246' title='bbox 3767 2358 3857 2414; x_wconf 86' lang='lat' dir='ltr'><strong>Di-</strong></span> 
     </span>
    </p>
   </div>
   <div class='ocr_carea' id='block_1_37' title="bbox 2238 2435 3854 2510">
    <p class='ocr_par' dir='ltr' id='par_1_37' title="bbox 2238 2435 3854 2510">
     <span class='ocr_line' id='line_1_38' title="bbox 2238 2435 3854 2510; baseline 0.009 -20"><span class='ocrx_word' id='word_1_247' title='bbox 2238 2437 2310 2491; x_wconf 85' lang='lat' dir='ltr'><strong>cit</strong></span> <span class='ocrx_word' id='word_1_248' title='bbox 2336 2435 2594 2492; x_wconf 88' lang='lat' dir='ltr'><strong>Dominus</strong></span> <span class='ocrx_word' id='word_1_249' title='bbox 2617 2438 2672 2492; x_wconf 87' lang='lat' dir='ltr'><strong>in</strong></span> <span class='ocrx_word' id='word_1_250' title='bbox 2699 2438 2994 2510; x_wconf 77' lang='lat' dir='ltr'><strong>Evangelia</strong></span> <span class='ocrx_word' id='word_1_251' title='bbox 3021 2458 3033 2493; x_wconf 94' lang='lat'><strong>:</strong></span> <span class='ocrx_word' id='word_1_252' title='bbox 3063 2441 3235 2498; x_wconf 87' lang='lat' dir='ltr'><strong>Nemo</strong></span> <span class='ocrx_word' id='word_1_253' title='bbox 3258 2447 3387 2498; x_wconf 85' lang='lat' dir='ltr'><strong>venit</strong></span> <span class='ocrx_word' id='word_1_254' title='bbox 3419 2447 3489 2500; x_wconf 68' lang='lat' dir='ltr'><strong>ad</strong></span> <span class='ocrx_word' id='word_1_255' title='bbox 3511 2465 3593 2502; x_wconf 83' lang='lat' dir='ltr'><strong>me</strong></span> <span class='ocrx_word' id='word_1_256' title='bbox 3617 2451 3722 2503; x_wconf 87' lang='lat' dir='ltr'><strong>nisi</strong></span> <span class='ocrx_word' id='word_1_257' title='bbox 3749 2449 3854 2504; x_wconf 80' lang='lat' dir='ltr'><strong>Pa-</strong></span> 
     </span>
    </p>
   </div>
   <div class='ocr_carea' id='block_1_38' title="bbox 2239 2530 3854 2608">
    <p class='ocr_par' dir='ltr' id='par_1_38' title="bbox 2239 2530 3854 2608">
     <span class='ocr_line' id='line_1_39' title="bbox 2239 2530 3854 2608; baseline 0.01 -25"><span class='ocrx_word' id='word_1_258' title='bbox 2239 2539 2333 2595; x_wconf 88' lang='lat' dir='ltr'><strong>ter,</strong></span> <span class='ocrx_word' id='word_1_259' title='bbox 2361 2530 2455 2601; x_wconf 79' lang='lat' dir='ltr'><strong>qui</strong></span> <span class='ocrx_word' id='word_1_260' title='bbox 2475 2531 2610 2584; x_wconf 84' lang='lat' dir='ltr'><strong>misit</strong></span> <span class='ocrx_word' id='word_1_261' title='bbox 2643 2546 2747 2597; x_wconf 85' lang='lat' dir='ltr'><strong>me,</strong></span> <span class='ocrx_word' id='word_1_262' title='bbox 2769 2533 3038 2587; x_wconf 70' lang='lat' dir='ltr'><strong>attraxerit</strong></span> <span class='ocrx_word' id='word_1_263' title='bbox 3069 2551 3184 2588; x_wconf 83' lang='lat' dir='ltr'><strong>eum</strong></span> <span class='ocrx_word' id='word_1_264' title='bbox 3209 2533 3389 2608; x_wconf 77' lang='lat' dir='ltr'><strong>(Ioan.</strong></span> <span class='ocrx_word' id='word_1_265' title='bbox 3414 2538 3515 2608; x_wconf 71' lang='grc' dir='ltr'><strong>γε).</strong></span> <span class='ocrx_word' id='word_1_266' title='bbox 3539 2541 3854 2598; x_wconf 81' lang='lat' dir='ltr'><strong>Attrahitnr</strong></span> 
     </span>
    </p>
   </div>
   <div class='ocr_carea' id='block_1_39' title="bbox 2237 2622 3855 2696">
    <p class='ocr_par' dir='ltr' id='par_1_39' title="bbox 2237 2622 3855 2696">
     <span class='ocr_line' id='line_1_40' title="bbox 2237 2622 3855 2696; baseline 0.007 -17"><span class='ocrx_word' id='word_1_267' title='bbox 2237 2623 2382 2679; x_wconf 89' lang='lat' dir='ltr'><strong>enim</strong></span> <span class='ocrx_word' id='word_1_268' title='bbox 2413 2623 2480 2679; x_wconf 87' lang='lat' dir='ltr'><strong>ad</strong></span> <span class='ocrx_word' id='word_1_269' title='bbox 2500 2622 2773 2680; x_wconf 85' lang='lat' dir='ltr'><strong>Christum</strong></span> <span class='ocrx_word' id='word_1_270' title='bbox 2797 2627 2887 2696; x_wconf 91' lang='lat' dir='ltr'><strong>qui</strong></span> <span class='ocrx_word' id='word_1_271' title='bbox 2906 2627 3077 2682; x_wconf 87' lang='lat' dir='ltr'><strong>credit</strong></span> <span class='ocrx_word' id='word_1_272' title='bbox 3104 2629 3156 2683; x_wconf 91' lang='lat' dir='ltr'><strong>in</strong></span> <span class='ocrx_word' id='word_1_273' title='bbox 3181 2627 3429 2696; x_wconf 82' lang='lat' dir='ltr'><strong>Christo;</strong></span> <span class='ocrx_word' id='word_1_274' title='bbox 3455 2633 3530 2686; x_wconf 92' lang='lat' dir='ltr'><strong>illi</strong></span> <span class='ocrx_word' id='word_1_275' title='bbox 3563 2650 3700 2688; x_wconf 74' lang='lat' dir='ltr'><strong>vero</strong></span> <span class='ocrx_word' id='word_1_276' title='bbox 3727 2651 3855 2690; x_wconf 78' lang='lat' dir='ltr'><strong>cur-</strong></span> 
     </span>
    </p>
   </div>
   <div class='ocr_carea' id='block_1_40' title="bbox 540 2717 3852 2794">
    <p class='ocr_par' dir='ltr' id='par_1_40' title="bbox 540 2717 3852 2794">
     <span class='ocr_line' id='line_1_41' title="bbox 540 2717 3852 2794; baseline -0.005 -3"><span class='ocrx_word' id='word_1_277' title='bbox 540 2747 673 2790; x_wconf 76' lang='lat' dir='ltr'><strong>voce</strong></span> <span class='ocrx_word' id='word_1_278' title='bbox 719 2744 956 2786; x_wconf 72' lang='lat' dir='ltr'><strong>CODSUlla</strong></span> <span class='ocrx_word' id='word_1_279' title='bbox 985 2728 1380 2789; x_wconf 87' lang='lat' dir='ltr'><strong>clamaverunt,</strong></span> <span class='ocrx_word' id='word_1_280' title='bbox 1412 2723 1537 2793; x_wconf 84' lang='lat' dir='ltr'><strong>quia</strong></span> <span class='ocrx_word' id='word_1_281' title='bbox 1580 2725 1752 2794; x_wconf 87' lang='lat' dir='ltr'><strong>ipsum</strong></span> <span class='ocrx_word' id='word_1_282' title='bbox 1783 2722 1876 2794; x_wconf 87' lang='lat' dir='ltr'><strong>qui</strong></span> <span class='ocrx_word' id='word_1_283' title='bbox 1923 2732 2006 2776; x_wconf 89' lang='lat' dir='ltr'><strong>est</strong></span> <span class='ocrx_word' id='word_1_284' title='bbox 2031 2736 2132 2794; x_wconf 74' lang='lat' dir='ltr'><strong>pax</strong></span> <span class='ocrx_word' id='word_1_285' title='bbox 2167 2720 2214 2780; x_wconf 91' lang='lat' dir='ltr'><strong><em>B</em></strong></span> <span class='ocrx_word' id='word_1_286' title='bbox 2237 2724 2364 2770; x_wconf 84' lang='lat' dir='ltr'><strong>runt</strong></span> <span class='ocrx_word' id='word_1_287' title='bbox 2394 2727 2514 2786; x_wconf 83' lang='lat' dir='ltr'><strong>p05t</strong></span> <span class='ocrx_word' id='word_1_288' title='bbox 2539 2731 2687 2783; x_wconf 89' lang='lat' dir='ltr'><strong>eum,</strong></span> <span class='ocrx_word' id='word_1_289' title='bbox 2709 2717 2800 2786; x_wconf 90' lang='lat' dir='ltr'><strong>qui</strong></span> <span class='ocrx_word' id='word_1_290' title='bbox 2822 2732 2944 2772; x_wconf 90' lang='lat' dir='ltr'><strong>eum</strong></span> <span class='ocrx_word' id='word_1_291' title='bbox 2965 2718 3245 2774; x_wconf 89' lang='lat' dir='ltr'><strong>imitantur</strong></span> <span class='ocrx_word' id='word_1_292' title='bbox 3277 2721 3357 2776; x_wconf 79' lang='lat' dir='ltr'><strong>vel</strong></span> <span class='ocrx_word' id='word_1_293' title='bbox 3389 2723 3479 2792; x_wconf 90' lang='lat' dir='ltr'><strong>qui</strong></span> <span class='ocrx_word' id='word_1_294' title='bbox 3507 2723 3852 2794; x_wconf 71' lang='lat' dir='ltr'><strong>donoipsins</strong></span> 
     </span>
    </p>
   </div>
   <div class='ocr_carea' id='block_1_41' title="bbox 541 2821 2132 2898">
    <p class='ocr_par' dir='ltr' id='par_1_41' title="bbox 541 2821 2132 2898">
     <span class='ocr_line' id='line_1_42' title="bbox 541 2821 2132 2898; baseline -0.006 -14"><span class='ocrx_word' id='word_1_295' title='bbox 541 2837 723 2884; x_wconf 88' lang='lat' dir='ltr'><strong>nostra</strong></span> <span class='ocrx_word' id='word_1_296' title='bbox 783 2829 936 2884; x_wconf 88' lang='lat' dir='ltr'><strong>nobis</strong></span> <span class='ocrx_word' id='word_1_297' title='bbox 971 2829 1155 2898; x_wconf 88' lang='lat' dir='ltr'><strong>utique</strong></span> <span class='ocrx_word' id='word_1_298' title='bbox 1177 2824 1302 2882; x_wconf 87' lang='lat' dir='ltr'><strong>talia</strong></span> <span class='ocrx_word' id='word_1_299' title='bbox 1333 2823 1583 2889; x_wconf 81' lang='lat' dir='ltr'><strong>dicendo,</strong></span> <span class='ocrx_word' id='word_1_300' title='bbox 1617 2822 1904 2893; x_wconf 87' lang='lat' dir='ltr'><strong>perspicue</strong></span> <span class='ocrx_word' id='word_1_301' title='bbox 1930 2821 2132 2876; x_wconf 89' lang='lat' dir='ltr'><strong>docue-</strong></span> 
     </span>
    </p>
   </div>
   <div class='ocr_carea' id='block_1_42' title="bbox 540 2932 686 2977">
    <p class='ocr_par' dir='ltr' id='par_1_42' title="bbox 540 2932 686 2977">
     <span class='ocr_line' id='line_1_43' title="bbox 540 2932 686 2977; baseline 0 -1"><span class='ocrx_word' id='word_1_302' title='bbox 540 2932 686 2977; x_wconf 72' lang='grc' dir='ltr'><strong>1⁵111Ιῖ.</strong></span> 
     </span>
    </p>
   </div>
   <div class='ocr_carea' id='block_1_43' title="bbox 610 3011 2136 3083">
    <p class='ocr_par' dir='ltr' id='par_1_43' title="bbox 610 3011 2136 3083">
     <span class='ocr_line' id='line_1_44' title="bbox 610 3011 2136 3083; baseline -0.005 -13"><span class='ocrx_word' id='word_1_303' title='bbox 610 3015 768 3071; x_wconf 90' lang='lat' dir='ltr'><strong>Num.</strong></span> <span class='ocrx_word' id='word_1_304' title='bbox 799 3015 855 3069; x_wconf 62' lang='grc' dir='ltr'><strong>ἒ.</strong></span> <span class='ocrx_word' id='word_1_305' title='bbox 890 3015 1024 3082; x_wconf 86' lang='lat' dir='ltr'><strong>Quia</strong></span> <span class='ocrx_word' id='word_1_306' title='bbox 1053 3014 1266 3068; x_wconf 85' lang='lat' dir='ltr'><strong>meliora</strong></span> <span class='ocrx_word' id='word_1_307' title='bbox 1293 3020 1414 3068; x_wconf 87' lang='lat' dir='ltr'><strong>sunt</strong></span> <span class='ocrx_word' id='word_1_308' title='bbox 1445 3011 1603 3066; x_wconf 83' lang='lat' dir='ltr'><strong>ubera</strong></span> <span class='ocrx_word' id='word_1_309' title='bbox 1631 3023 1717 3066; x_wconf 90' lang='lat' dir='ltr'><strong>tua</strong></span> <span class='ocrx_word' id='word_1_310' title='bbox 1739 3011 1876 3079; x_wconf 82' lang='lat' dir='ltr'><strong>uino,</strong></span> <span class='ocrx_word' id='word_1_311' title='bbox 1901 3011 2136 3083; x_wconf 79' lang='lat' dir='ltr'><strong>ﬂagran-</strong></span> 
     </span>
    </p>
   </div>
   <div class='ocr_carea' id='block_1_44' title="bbox 541 3102 2135 3178">
    <p class='ocr_par' dir='ltr' id='par_1_44' title="bbox 541 3102 2135 3178">
     <span class='ocr_line' id='line_1_45' title="bbox 541 3102 2135 3178; baseline -0.002 -20"><span class='ocrx_word' id='word_1_312' title='bbox 541 3107 612 3160; x_wconf 86' lang='lat' dir='ltr'><strong>tia</strong></span> <span class='ocrx_word' id='word_1_313' title='bbox 641 3108 915 3178; x_wconf 77' lang='lat' dir='ltr'><strong>unguentis</strong></span> <span class='ocrx_word' id='word_1_314' title='bbox 947 3107 1170 3176; x_wconf 79' lang='lat' dir='ltr'><strong>Optimis.</strong></span> <span class='ocrx_word' id='word_1_315' title='bbox 1206 3102 1380 3162; x_wconf 87' lang='lat' dir='ltr'><strong>Ubera</strong></span> <span class='ocrx_word' id='word_1_316' title='bbox 1406 3104 1625 3171; x_wconf 88' lang='lat' dir='ltr'><strong>Christi,</strong></span> <span class='ocrx_word' id='word_1_317' title='bbox 1647 3103 1946 3174; x_wconf 86' lang='lat' dir='ltr'><strong>apostolos,</strong></span> <span class='ocrx_word' id='word_1_318' title='bbox 1967 3116 2135 3157; x_wconf 85' lang='lat' dir='ltr'><strong>evan-</strong></span> 
     </span>
    </p>
   </div>
   <div class='ocr_carea' id='block_1_45' title="bbox 539 3194 2132 3270">
    <p class='ocr_par' dir='ltr' id='par_1_45' title="bbox 539 3194 2132 3270">
     <span class='ocr_line' id='line_1_46' title="bbox 539 3194 2132 3270; baseline -0.004 -16"><span class='ocrx_word' id='word_1_319' title='bbox 539 3199 758 3270; x_wconf 66' lang='lat' dir='ltr'><strong>gelistas</strong></span> <span class='ocrx_word' id='word_1_320' title='bbox 787 3215 894 3254; x_wconf 87' lang='lat' dir='ltr'><strong>non</strong></span> <span class='ocrx_word' id='word_1_321' title='bbox 919 3199 1212 3268; x_wconf 85' lang='lat' dir='ltr'><strong>incongrue</strong></span> <span class='ocrx_word' id='word_1_322' title='bbox 1241 3197 1566 3267; x_wconf 85' lang='lat' dir='ltr'><strong>accipimus;</strong></span> <span class='ocrx_word' id='word_1_323' title='bbox 1598 3211 1693 3266; x_wconf 91' lang='lat' dir='ltr'><strong>per</strong></span> <span class='ocrx_word' id='word_1_324' title='bbox 1731 3197 1876 3265; x_wconf 89' lang='lat' dir='ltr'><strong>ipsos</strong></span> <span class='ocrx_word' id='word_1_325' title='bbox 1906 3194 2049 3250; x_wconf 92' lang='lat' dir='ltr'><strong>enim</strong></span> <span class='ocrx_word' id='word_1_326' title='bbox 2081 3195 2132 3248; x_wconf 92' lang='lat' dir='ltr'><strong>in</strong></span> 
     </span>
    </p>
   </div>
   <div class='ocr_carea' id='block_1_46' title="bbox 537 3285 2132 3360">
    <p class='ocr_par' dir='ltr' id='par_1_46' title="bbox 537 3285 2132 3360">
     <span class='ocr_line' id='line_1_47' title="bbox 537 3285 2132 3360; baseline -0.004 -13"><span class='ocrx_word' id='word_1_327' title='bbox 537 3291 647 3347; x_wconf 73' lang='lat' dir='ltr'><strong>title</strong></span> <span class='ocrx_word' id='word_1_328' title='bbox 673 3293 936 3346; x_wconf 90' lang='lat' dir='ltr'><strong>nutrimur</strong></span> <span class='ocrx_word' id='word_1_329' title='bbox 957 3301 1010 3346; x_wconf 92' lang='lat' dir='ltr'><strong>et</strong></span> <span class='ocrx_word' id='word_1_330' title='bbox 1040 3287 1301 3360; x_wconf 89' lang='lat' dir='ltr'><strong>spirituali</strong></span> <span class='ocrx_word' id='word_1_331' title='bbox 1329 3287 1588 3344; x_wconf 89' lang='lat' dir='ltr'><strong>alimento</strong></span> <span class='ocrx_word' id='word_1_332' title='bbox 1611 3287 1900 3343; x_wconf 88' lang='lat' dir='ltr'><strong>relicimur.</strong></span> <span class='ocrx_word' id='word_1_333' title='bbox 1927 3285 2132 3340; x_wconf 90' lang='lat' dir='ltr'><strong>Idcirco</strong></span> 
     </span>
    </p>
   </div>
   <div class='ocr_carea' id='block_1_47' title="bbox 537 3376 2131 3453">
    <p class='ocr_par' dir='ltr' id='par_1_47' title="bbox 537 3376 2131 3453">
     <span class='ocr_line' id='line_1_48' title="bbox 537 3376 2131 3453; baseline -0.004 -16"><span class='ocrx_word' id='word_1_334' title='bbox 537 3395 718 3438; x_wconf 83' lang='lat' dir='ltr'><strong>autem</strong></span> <span class='ocrx_word' id='word_1_335' title='bbox 771 3383 990 3438; x_wconf 66' lang='lat' dir='ltr'><strong>meliora</strong></span> <span class='ocrx_word' id='word_1_336' title='bbox 1034 3383 1159 3437; x_wconf 79' lang='lat' dir='ltr'><strong>vino</strong></span> <span class='ocrx_word' id='word_1_337' title='bbox 1191 3381 1506 3453; x_wconf 87' lang='lat' dir='ltr'><strong>probantur,</strong></span> <span class='ocrx_word' id='word_1_338' title='bbox 1537 3379 1660 3451; x_wconf 88' lang='lat' dir='ltr'><strong>quia</strong></span> <span class='ocrx_word' id='word_1_339' title='bbox 1699 3392 1882 3448; x_wconf 56' lang='lat' dir='ltr'><strong>evang.</strong></span> <span class='ocrx_word' id='word_1_340' title='bbox 1904 3377 2004 3432; x_wconf 73' lang='lat' dir='ltr'><strong>lica</strong></span> <span class='ocrx_word' id='word_1_341' title='bbox 2037 3376 2131 3432; x_wconf 87' lang='lat' dir='ltr'><strong>do-</strong></span> 
     </span>
    </p>
   </div>
   <div class='ocr_carea' id='block_1_48' title="bbox 534 3467 2129 3546">
    <p class='ocr_par' dir='ltr' id='par_1_48' title="bbox 534 3467 2129 3546">
     <span class='ocr_line' id='line_1_49' title="bbox 534 3467 2129 3546; baseline -0.005 -15"><span class='ocrx_word' id='word_1_342' title='bbox 534 3477 713 3531; x_wconf 90' lang='lat' dir='ltr'><strong>ctrina</strong></span> <span class='ocrx_word' id='word_1_343' title='bbox 761 3472 1084 3530; x_wconf 87' lang='lat' dir='ltr'><strong>eminentior</strong></span> <span class='ocrx_word' id='word_1_344' title='bbox 1111 3490 1272 3546; x_wconf 91' lang='lat' dir='ltr'><strong>quam</strong></span> <span class='ocrx_word' id='word_1_345' title='bbox 1304 3473 1389 3528; x_wconf 81' lang='lat' dir='ltr'><strong>lex</strong></span> <span class='ocrx_word' id='word_1_346' title='bbox 1423 3472 1552 3528; x_wconf 90' lang='lat' dir='ltr'><strong>olim</strong></span> <span class='ocrx_word' id='word_1_347' title='bbox 1606 3471 1727 3526; x_wconf 89' lang='lat' dir='ltr'><strong>data</strong></span> <span class='ocrx_word' id='word_1_348' title='bbox 1780 3467 2129 3540; x_wconf 74' lang='lat' dir='ltr'><strong>dignoscitur.</strong></span> 
     </span>
    </p>
   </div>
   <div class='ocr_carea' id='block_1_49' title="bbox 539 3562 2130 3638">
    <p class='ocr_par' dir='ltr' id='par_1_49' title="bbox 539 3562 2130 3638">
     <span class='ocr_line' id='line_1_50' title="bbox 539 3562 2130 3638; baseline -0.004 -17"><span class='ocrx_word' id='word_1_349' title='bbox 539 3569 774 3638; x_wconf 83' lang='lat' dir='ltr'><strong>Denique</strong></span> <span class='ocrx_word' id='word_1_350' title='bbox 806 3567 914 3622; x_wconf 91' lang='lat' dir='ltr'><strong>illic</strong></span> <span class='ocrx_word' id='word_1_351' title='bbox 944 3567 1133 3637; x_wconf 80' lang='lat' dir='ltr'><strong>ﬁgura,</strong></span> <span class='ocrx_word' id='word_1_352' title='bbox 1159 3566 1244 3622; x_wconf 90' lang='lat' dir='ltr'><strong>hic</strong></span> <span class='ocrx_word' id='word_1_353' title='bbox 1274 3563 1505 3632; x_wconf 83' lang='lat' dir='ltr'><strong>veritas;</strong></span> <span class='ocrx_word' id='word_1_354' title='bbox 1538 3562 1648 3620; x_wconf 90' lang='lat' dir='ltr'><strong>illic</strong></span> <span class='ocrx_word' id='word_1_355' title='bbox 1679 3574 1928 3634; x_wconf 87' lang='lat' dir='ltr'><strong>tanquam</strong></span> <span class='ocrx_word' id='word_1_356' title='bbox 1953 3567 2130 3617; x_wconf 86' lang='lat' dir='ltr'><strong>auste-</strong></span> 
     </span>
    </p>
   </div>
   <div class='ocr_carea' id='block_1_50' title="bbox 534 3652 2129 3728">
    <p class='ocr_par' dir='ltr' id='par_1_50' title="bbox 534 3652 2129 3728">
     <span class='ocr_line' id='line_1_51' title="bbox 534 3652 2129 3728; baseline -0.003 -16"><span class='ocrx_word' id='word_1_357' title='bbox 534 3657 665 3712; x_wconf 83' lang='lat' dir='ltr'><strong>ritas</strong></span> <span class='ocrx_word' id='word_1_358' title='bbox 696 3657 806 3712; x_wconf 82' lang='lat' dir='ltr'><strong>vini</strong></span> <span class='ocrx_word' id='word_1_359' title='bbox 837 3657 1165 3728; x_wconf 81' lang='lat' dir='ltr'><strong>diligendum</strong></span> <span class='ocrx_word' id='word_1_360' title='bbox 1199 3655 1574 3711; x_wconf 86' lang='lat' dir='ltr'><strong>tantummodo</strong></span> <span class='ocrx_word' id='word_1_361' title='bbox 1619 3657 1918 3726; x_wconf 77' lang='lat' dir='ltr'><strong>proximum</strong></span> <span class='ocrx_word' id='word_1_362' title='bbox 1946 3661 2002 3709; x_wconf 84' lang='lat' dir='ltr'><strong>et</strong></span> <span class='ocrx_word' id='word_1_363' title='bbox 2031 3652 2129 3707; x_wconf 88' lang='lat' dir='ltr'><strong>ini-</strong></span> 
     </span>
    </p>
   </div>
   <div class='ocr_carea' id='block_1_51' title="bbox 539 3745 2130 3816">
    <p class='ocr_par' dir='ltr' id='par_1_51' title="bbox 539 3745 2130 3816">
     <span class='ocr_line' id='line_1_52' title="bbox 539 3745 2130 3816; baseline -0.006 -10"><span class='ocrx_word' id='word_1_364' title='bbox 539 3753 736 3806; x_wconf 85' lang='lat' dir='ltr'><strong>micum</strong></span> <span class='ocrx_word' id='word_1_365' title='bbox 770 3751 1058 3806; x_wconf 90' lang='lat' dir='ltr'><strong>odiendnm</strong></span> <span class='ocrx_word' id='word_1_366' title='bbox 1106 3750 1372 3816; x_wconf 86' lang='lat' dir='ltr'><strong>ostendit,</strong></span> <span class='ocrx_word' id='word_1_367' title='bbox 1408 3749 1494 3804; x_wconf 92' lang='lat' dir='ltr'><strong>hic</strong></span> <span class='ocrx_word' id='word_1_368' title='bbox 1532 3747 1762 3804; x_wconf 88' lang='lat' dir='ltr'><strong>dulcedo</strong></span> <span class='ocrx_word' id='word_1_369' title='bbox 1809 3745 1995 3816; x_wconf 75' lang='lat' dir='ltr'><strong>gratizc</strong></span> <span class='ocrx_word' id='word_1_370' title='bbox 2034 3759 2130 3813; x_wconf 75' lang='lat' dir='ltr'><strong>pro</strong></span> 
     </span>
    </p>
   </div>
   <div class='ocr_carea' id='block_1_52' title="bbox 531 3836 2127 3910">
    <p class='ocr_par' dir='ltr' id='par_1_52' title="bbox 531 3836 2127 3910">
     <span class='ocr_line' id='line_1_53' title="bbox 531 3836 2127 3910; baseline -0.006 -11"><span class='ocrx_word' id='word_1_371' title='bbox 531 3840 764 3899; x_wconf 73' lang='lat' dir='ltr'><strong>inimicis</strong></span> <span class='ocrx_word' id='word_1_372' title='bbox 787 3843 1071 3908; x_wconf 88' lang='lat' dir='ltr'><strong>orandum,</strong></span> <span class='ocrx_word' id='word_1_373' title='bbox 1088 3850 1141 3897; x_wconf 93' lang='lat' dir='ltr'><strong>et</strong></span> <span class='ocrx_word' id='word_1_374' title='bbox 1164 3856 1259 3897; x_wconf 90' lang='lat' dir='ltr'><strong>eos</strong></span> <span class='ocrx_word' id='word_1_375' title='bbox 1279 3843 1367 3910; x_wconf 86' lang='lat' dir='ltr'><strong>qui</strong></span> <span class='ocrx_word' id='word_1_376' title='bbox 1392 3855 1492 3896; x_wconf 91' lang='lat' dir='ltr'><strong>nos</strong></span> <span class='ocrx_word' id='word_1_377' title='bbox 1513 3840 1744 3895; x_wconf 87' lang='lat' dir='ltr'><strong>oderunt</strong></span> <span class='ocrx_word' id='word_1_378' title='bbox 1765 3838 2019 3894; x_wconf 87' lang='lat' dir='ltr'><strong>admonet</strong></span> <span class='ocrx_word' id='word_1_379' title='bbox 2046 3836 2127 3891; x_wconf 81' lang='lat' dir='ltr'><strong>di-</strong></span> 
     </span>
    </p>
   </div>
   <div class='ocr_carea' id='block_1_53' title="bbox 532 3927 2125 4004">
    <p class='ocr_par' dir='ltr' id='par_1_53' title="bbox 532 3927 2125 4004">
     <span class='ocr_line' id='line_1_54' title="bbox 532 3927 2125 4004; baseline -0.003 -17"><span class='ocrx_word' id='word_1_380' title='bbox 532 3930 797 4004; x_wconf 72' lang='lat' dir='ltr'><strong>ligentias.</strong></span> <span class='ocrx_word' id='word_1_381' title='bbox 822 3935 939 4002; x_wconf 82' lang='lat' dir='ltr'><strong>Ipsa</strong></span> <span class='ocrx_word' id='word_1_382' title='bbox 956 3947 1168 4001; x_wconf 89' lang='lat' dir='ltr'><strong>quoque</strong></span> <span class='ocrx_word' id='word_1_383' title='bbox 1196 3931 1393 3986; x_wconf 89' lang='lat' dir='ltr'><strong>Christi</strong></span> <span class='ocrx_word' id='word_1_384' title='bbox 1425 3932 1610 3994; x_wconf 88' lang='lat' dir='ltr'><strong>ubera,</strong></span> <span class='ocrx_word' id='word_1_385' title='bbox 1636 3929 1688 3984; x_wconf 92' lang='lat' dir='ltr'><strong>id</strong></span> <span class='ocrx_word' id='word_1_386' title='bbox 1717 3937 1800 3983; x_wconf 87' lang='lat' dir='ltr'><strong>est</strong></span> <span class='ocrx_word' id='word_1_387' title='bbox 1829 3927 2125 3995; x_wconf 88' lang='lat' dir='ltr'><strong>apostolos,</strong></span> 
     </span>
    </p>
   </div>
   <div class='ocr_carea' id='block_1_54' title="bbox 533 4015 2128 4096">
    <p class='ocr_par' dir='ltr' id='par_1_54' title="bbox 533 4015 2128 4096">
     <span class='ocr_line' id='line_1_55' title="bbox 533 4015 2128 4096; baseline -0.004 -19"><span class='ocrx_word' id='word_1_388' title='bbox 533 4024 820 4096; x_wconf 75' lang='lat' dir='ltr'><strong>Lngnentis</strong></span> <span class='ocrx_word' id='word_1_389' title='bbox 841 4022 1057 4090; x_wconf 81' lang='lat' dir='ltr'><strong>Optitnis</strong></span> <span class='ocrx_word' id='word_1_390' title='bbox 1083 4021 1362 4091; x_wconf 73' lang='lat' dir='ltr'><strong>flagrantia</strong></span> <span class='ocrx_word' id='word_1_391' title='bbox 1391 4019 1648 4084; x_wconf 86' lang='lat' dir='ltr'><strong>declarat,</strong></span> <span class='ocrx_word' id='word_1_392' title='bbox 1675 4019 1798 4088; x_wconf 85' lang='lat' dir='ltr'><strong>quia</strong></span> <span class='ocrx_word' id='word_1_393' title='bbox 1825 4017 1990 4072; x_wconf 89' lang='lat' dir='ltr'><strong>tantis</strong></span> <span class='ocrx_word' id='word_1_394' title='bbox 2019 4015 2128 4071; x_wconf 87' lang='lat' dir='ltr'><strong>vir-</strong></span> 
     </span>
    </p>
   </div>
   <div class='ocr_carea' id='block_1_55' title="bbox 2243 2809 3057 2879">
    <p class='ocr_par' dir='ltr' id='par_1_55' title="bbox 2243 2809 3057 2879">
     <span class='ocr_line' id='line_1_56' title="bbox 2243 2809 3057 2879; baseline 0.004 -17"><span class='ocrx_word' id='word_1_395' title='bbox 2243 2809 2414 2878; x_wconf 76' lang='lat' dir='ltr'><strong>ipsum</strong></span> <span class='ocrx_word' id='word_1_396' title='bbox 2445 2809 2719 2879; x_wconf 85' lang='lat' dir='ltr'><strong>sequendo</strong></span> <span class='ocrx_word' id='word_1_397' title='bbox 2749 2809 3057 2879; x_wconf 81' lang='lat' dir='ltr'><strong>proﬁciunt.</strong></span> 
     </span>
    </p>
   </div>
   <div class='ocr_carea' id='block_1_56' title="bbox 2311 2899 3852 2967">
    <p class='ocr_par' dir='ltr' id='par_1_56' title="bbox 2311 2899 3852 2967">
     <span class='ocr_line' id='line_1_57' title="bbox 2311 2899 3852 2967; baseline 0.007 -11"><span class='ocrx_word' id='word_1_398' title='bbox 2311 2901 2468 2956; x_wconf 87' lang='lat' dir='ltr'><strong>Num.</strong></span> <span class='ocrx_word' id='word_1_399' title='bbox 2509 2899 2564 2955; x_wconf 79' lang='lat'><strong>5.</strong></span> <span class='ocrx_word' id='word_1_400' title='bbox 2611 2899 2908 2957; x_wconf 72' lang='lat' dir='ltr'><strong>Introduxit</strong></span> <span class='ocrx_word' id='word_1_401' title='bbox 2937 2919 3015 2956; x_wconf 90' lang='lat' dir='ltr'><strong>me</strong></span> <span class='ocrx_word' id='word_1_402' title='bbox 3044 2919 3136 2958; x_wconf 79' lang='lat' dir='ltr'><strong>rea:</strong></span> <span class='ocrx_word' id='word_1_403' title='bbox 3163 2905 3214 2959; x_wconf 90' lang='lat' dir='ltr'><strong>in</strong></span> <span class='ocrx_word' id='word_1_404' title='bbox 3257 2906 3468 2960; x_wconf 78' lang='lat' dir='ltr'><strong>cellaria</strong></span> <span class='ocrx_word' id='word_1_405' title='bbox 3513 2924 3636 2966; x_wconf 85' lang='lat' dir='ltr'><strong>sua.</strong></span> <span class='ocrx_word' id='word_1_406' title='bbox 3671 2909 3852 2967; x_wconf 75' lang='lat' dir='ltr'><strong>Intro-</strong></span> 
     </span>
    </p>
   </div>
   <div class='ocr_carea' id='block_1_57' title="bbox 2239 2989 3849 3066">
    <p class='ocr_par' dir='ltr' id='par_1_57' title="bbox 2239 2989 3849 3066">
     <span class='ocr_line' id='line_1_58' title="bbox 2239 2989 3849 3066; baseline 0.009 -21"><span class='ocrx_word' id='word_1_407' title='bbox 2239 2990 2390 3046; x_wconf 78' lang='lat' dir='ltr'><strong>duxit</strong></span> <span class='ocrx_word' id='word_1_408' title='bbox 2429 2989 2676 3048; x_wconf 89' lang='lat' dir='ltr'><strong>Christus</strong></span> <span class='ocrx_word' id='word_1_409' title='bbox 2703 2991 3000 3049; x_wconf 73' lang='lat' dir='ltr'><strong>Ecclesium</strong></span> <span class='ocrx_word' id='word_1_410' title='bbox 3032 2995 3085 3049; x_wconf 92' lang='lat' dir='ltr'><strong>in</strong></span> <span class='ocrx_word' id='word_1_411' title='bbox 3115 3008 3212 3050; x_wconf 88' lang='lat' dir='ltr'><strong>sua</strong></span> <span class='ocrx_word' id='word_1_412' title='bbox 3246 2996 3485 3066; x_wconf 88' lang='lat' dir='ltr'><strong>cellaria,</strong></span> <span class='ocrx_word' id='word_1_413' title='bbox 3519 3014 3647 3054; x_wconf 90' lang='lat' dir='ltr'><strong>cum</strong></span> <span class='ocrx_word' id='word_1_414' title='bbox 3676 3002 3732 3057; x_wconf 91' lang='lat' dir='ltr'><strong>ei</strong></span> <span class='ocrx_word' id='word_1_415' title='bbox 3759 3017 3849 3058; x_wconf 84' lang='lat' dir='ltr'><strong>re-</strong></span> 
     </span>
    </p>
   </div>
   <div class='ocr_carea' id='block_1_58' title="bbox 2238 3085 3851 3164">
    <p class='ocr_par' dir='ltr' id='par_1_58' title="bbox 2238 3085 3851 3164">
     <span class='ocr_line' id='line_1_59' title="bbox 2238 3085 3851 3164; baseline 0.007 -24"><span class='ocrx_word' id='word_1_416' title='bbox 2238 3085 2435 3140; x_wconf 79' lang='lat' dir='ltr'><strong>velavit</strong></span> <span class='ocrx_word' id='word_1_417' title='bbox 2465 3085 2865 3158; x_wconf 81' lang='lat' dir='ltr'><strong>Scripturarum</strong></span> <span class='ocrx_word' id='word_1_418' title='bbox 2900 3088 3111 3144; x_wconf 88' lang='lat' dir='ltr'><strong>occulta</strong></span> <span class='ocrx_word' id='word_1_419' title='bbox 3135 3091 3413 3161; x_wconf 88' lang='lat' dir='ltr'><strong>tnysteria,</strong></span> <span class='ocrx_word' id='word_1_420' title='bbox 3435 3095 3576 3147; x_wconf 89' lang='lat' dir='ltr'><strong>sicut</strong></span> <span class='ocrx_word' id='word_1_421' title='bbox 3608 3095 3851 3164; x_wconf 82' lang='lat' dir='ltr'><strong>Aposto-</strong></span> 
     </span>
    </p>
   </div>
   <div class='ocr_carea' id='block_1_59' title="bbox 2237 3177 3859 3252">
    <p class='ocr_par' dir='ltr' id='par_1_59' title="bbox 2237 3177 3859 3252">
     <span class='ocr_line' id='line_1_60' title="bbox 2237 3177 3859 3252; baseline 0.005 -19"><span class='ocrx_word' id='word_1_422' title='bbox 2237 3177 2322 3234; x_wconf 87' lang='lat' dir='ltr'><strong>lus</strong></span> <span class='ocrx_word' id='word_1_423' title='bbox 2347 3178 2452 3246; x_wconf 86' lang='lat' dir='ltr'><strong>ait,</strong></span> <span class='ocrx_word' id='word_1_424' title='bbox 2479 3188 2534 3232; x_wconf 89' lang='lat' dir='ltr'><strong>ut</strong></span> <span class='ocrx_word' id='word_1_425' title='bbox 2562 3180 2848 3235; x_wconf 84' lang='lat' dir='ltr'><strong>ostenderet</strong></span> <span class='ocrx_word' id='word_1_426' title='bbox 2868 3180 2922 3234; x_wconf 87' lang='lat' dir='ltr'><strong>in</strong></span> <span class='ocrx_word' id='word_1_427' title='bbox 2949 3180 3152 3236; x_wconf 77' lang='lat' dir='ltr'><strong>swculis</strong></span> <span class='ocrx_word' id='word_1_428' title='bbox 3171 3183 3644 3252; x_wconf 78' lang='lat' dir='ltr'><strong>supervenientibus</strong></span> <span class='ocrx_word' id='word_1_429' title='bbox 3675 3188 3859 3241; x_wconf 66' lang='lat' dir='ltr'><strong>abusio</strong></span> 
     </span>
    </p>
   </div>
   <div class='ocr_carea' id='block_1_60' title="bbox 2235 3269 3850 3345">
    <p class='ocr_par' dir='ltr' id='par_1_60' title="bbox 2235 3269 3850 3345">
     <span class='ocr_line' id='line_1_61' title="bbox 2235 3269 3850 3345; baseline 0.007 -24"><span class='ocrx_word' id='word_1_430' title='bbox 2235 3269 2418 3325; x_wconf 77' lang='lat' dir='ltr'><strong>dantes</strong></span> <span class='ocrx_word' id='word_1_431' title='bbox 2457 3269 2663 3325; x_wconf 79' lang='lat' dir='ltr'><strong>divitias</strong></span> <span class='ocrx_word' id='word_1_432' title='bbox 2711 3271 2892 3343; x_wconf 75' lang='lat' dir='ltr'><strong>gratia:</strong></span> <span class='ocrx_word' id='word_1_433' title='bbox 2920 3286 3027 3326; x_wconf 76' lang='lat' dir='ltr'><strong>sua:</strong></span> <span class='ocrx_word' id='word_1_434' title='bbox 3079 3271 3133 3326; x_wconf 89' lang='lat' dir='ltr'><strong>in</strong></span> <span class='ocrx_word' id='word_1_435' title='bbox 3183 3271 3404 3327; x_wconf 84' lang='lat' dir='ltr'><strong>bonitate</strong></span> <span class='ocrx_word' id='word_1_436' title='bbox 3453 3290 3611 3345; x_wconf 84' lang='lat' dir='ltr'><strong>super</strong></span> <span class='ocrx_word' id='word_1_437' title='bbox 3653 3291 3757 3332; x_wconf 79' lang='lat' dir='ltr'><strong>nos</strong></span> <span class='ocrx_word' id='word_1_438' title='bbox 3797 3279 3850 3332; x_wconf 68' lang='lat' dir='ltr'><strong>in</strong></span> 
     </span>
    </p>
   </div>
   <div class='ocr_carea' id='block_1_61' title="bbox 2237 3359 3850 3440">
    <p class='ocr_par' dir='ltr' id='par_1_61' title="bbox 2237 3359 3850 3440">
     <span class='ocr_line' id='line_1_62' title="bbox 2237 3359 3850 3440; baseline 0.006 -24"><span class='ocrx_word' id='word_1_439' title='bbox 2237 3362 2441 3416; x_wconf 82' lang='lat' dir='ltr'><strong>Christo</strong></span> <span class='ocrx_word' id='word_1_440' title='bbox 2467 3359 2592 3416; x_wconf 75' lang='lat' dir='ltr'><strong>Iesu</strong></span> <span class='ocrx_word' id='word_1_441' title='bbox 2620 3359 2838 3434; x_wconf 85' lang='lat' dir='ltr'><strong>(Ephes.</strong></span> <span class='ocrx_word' id='word_1_442' title='bbox 2865 3362 2950 3434; x_wconf 86' lang='lat' dir='ltr'><strong>tt).</strong></span> <span class='ocrx_word' id='word_1_443' title='bbox 2977 3361 3068 3440; x_wconf 75' lang='lat' dir='ltr'><strong>Vel</strong></span> <span class='ocrx_word' id='word_1_444' title='bbox 3096 3371 3226 3418; x_wconf 87' lang='lat' dir='ltr'><strong>tunc</strong></span> <span class='ocrx_word' id='word_1_445' title='bbox 3250 3380 3318 3418; x_wconf 77' lang='lat' dir='ltr'><strong>ex.</strong></span> <span class='ocrx_word' id='word_1_446' title='bbox 3339 3372 3451 3420; x_wconf 88' lang='lat' dir='ltr'><strong>toto</strong></span> <span class='ocrx_word' id='word_1_447' title='bbox 3474 3367 3650 3422; x_wconf 87' lang='lat' dir='ltr'><strong>sancti</strong></span> <span class='ocrx_word' id='word_1_448' title='bbox 3678 3368 3850 3425; x_wconf 83' lang='lat' dir='ltr'><strong>intro-</strong></span> 
     </span>
    </p>
   </div>
   <div class='ocr_carea' id='block_1_62' title="bbox 2235 3453 3846 3533">
    <p class='ocr_par' dir='ltr' id='par_1_62' title="bbox 2235 3453 3846 3533">
     <span class='ocr_line' id='line_1_63' title="bbox 2235 3453 3846 3533; baseline 0.004 -25"><span class='ocrx_word' id='word_1_449' title='bbox 2235 3455 2504 3533; x_wconf 81' lang='lat' dir='ltr'><strong>ducantur</strong></span> <span class='ocrx_word' id='word_1_450' title='bbox 2534 3453 2586 3508; x_wconf 91' lang='lat' dir='ltr'><strong>in</strong></span> <span class='ocrx_word' id='word_1_451' title='bbox 2612 3454 2816 3510; x_wconf 90' lang='lat' dir='ltr'><strong>Christi</strong></span> <span class='ocrx_word' id='word_1_452' title='bbox 2842 3453 3084 3522; x_wconf 86' lang='lat' dir='ltr'><strong>cellaria,</strong></span> <span class='ocrx_word' id='word_1_453' title='bbox 3117 3469 3238 3510; x_wconf 88' lang='lat' dir='ltr'><strong>cum</strong></span> <span class='ocrx_word' id='word_1_454' title='bbox 3260 3454 3340 3512; x_wconf 83' lang='lat' dir='ltr'><strong>eis</strong></span> <span class='ocrx_word' id='word_1_455' title='bbox 3368 3457 3420 3512; x_wconf 93' lang='lat' dir='ltr'><strong>in</strong></span> <span class='ocrx_word' id='word_1_456' title='bbox 3446 3457 3552 3512; x_wconf 83' lang='lat' dir='ltr'><strong>line</strong></span> <span class='ocrx_word' id='word_1_457' title='bbox 3579 3459 3806 3516; x_wconf 86' lang='lat' dir='ltr'><strong>dicetur</strong></span> <span class='ocrx_word' id='word_1_458' title='bbox 3831 3476 3846 3514; x_wconf 86' lang='lat'><strong>:</strong></span> 
     </span>
    </p>
   </div>
   <div class='ocr_carea' id='block_1_63' title="bbox 2242 3544 3848 3621">
    <p class='ocr_par' dir='ltr' id='par_1_63' title="bbox 2242 3544 3848 3621">
     <span class='ocr_line' id='line_1_64' title="bbox 2242 3544 3848 3621; baseline 0.004 -23"><span class='ocrx_word' id='word_1_459' title='bbox 2242 3545 2449 3612; x_wconf 81' lang='lat' dir='ltr'><strong>Venite,</strong></span> <span class='ocrx_word' id='word_1_460' title='bbox 2481 3545 2729 3601; x_wconf 81' lang='lat' dir='ltr'><strong>benedicti</strong></span> <span class='ocrx_word' id='word_1_461' title='bbox 2773 3544 2947 3600; x_wconf 87' lang='lat' dir='ltr'><strong>Putris</strong></span> <span class='ocrx_word' id='word_1_462' title='bbox 2993 3547 3126 3616; x_wconf 88' lang='lat' dir='ltr'><strong>mei,</strong></span> <span class='ocrx_word' id='word_1_463' title='bbox 3152 3548 3400 3618; x_wconf 85' lang='lat' dir='ltr'><strong>percipite</strong></span> <span class='ocrx_word' id='word_1_464' title='bbox 3441 3563 3663 3621; x_wconf 82' lang='lat' dir='ltr'><strong>regnum</strong></span> <span class='ocrx_word' id='word_1_465' title='bbox 3700 3555 3848 3621; x_wconf 73' lang='lat' dir='ltr'><strong>qud</strong></span> 
     </span>
    </p>
   </div>
   <div class='ocr_carea' id='block_1_64' title="bbox 2233 3635 3702 3717">
    <p class='ocr_par' dir='ltr' id='par_1_64' title="bbox 2233 3635 3702 3717">
     <span class='ocr_line' id='line_1_65' title="bbox 2233 3635 3702 3717; baseline 0.006 -27"><span class='ocrx_word' id='word_1_466' title='bbox 2233 3635 2375 3691; x_wconf 82' lang='lat' dir='ltr'><strong>vobis</strong></span> <span class='ocrx_word' id='word_1_467' title='bbox 2397 3647 2639 3707; x_wconf 72' lang='lat' dir='ltr'><strong>peratum</strong></span> <span class='ocrx_word' id='word_1_468' title='bbox 2662 3646 2736 3692; x_wconf 84' lang='lat' dir='ltr'><strong>est</strong></span> <span class='ocrx_word' id='word_1_469' title='bbox 2765 3637 2829 3692; x_wconf 86' lang='lat' dir='ltr'><strong>ab</strong></span> <span class='ocrx_word' id='word_1_470' title='bbox 2858 3638 3055 3709; x_wconf 82' lang='lat' dir='ltr'><strong>origine</strong></span> <span class='ocrx_word' id='word_1_471' title='bbox 3087 3639 3263 3693; x_wconf 88' lang='lat' dir='ltr'><strong>mundi</strong></span> <span class='ocrx_word' id='word_1_472' title='bbox 3292 3638 3506 3712; x_wconf 66' lang='lat' dir='ltr'><strong>(Matth.</strong></span> <span class='ocrx_word' id='word_1_473' title='bbox 3531 3642 3702 3717; x_wconf 78' lang='lat' dir='ltr'><strong>xxv).</strong></span> 
     </span>
    </p>
   </div>
   <div class='ocr_carea' id='block_1_65' title="bbox 2303 3731 3846 3800">
    <p class='ocr_par' dir='ltr' id='par_1_65' title="bbox 2303 3731 3846 3800">
     <span class='ocr_line' id='line_1_66' title="bbox 2303 3731 3846 3800; baseline 0.009 -14"><span class='ocrx_word' id='word_1_474' title='bbox 2303 3731 2460 3788; x_wconf 84' lang='lat' dir='ltr'><strong>Num.</strong></span> <span class='ocrx_word' id='word_1_475' title='bbox 2493 3732 2547 3788; x_wconf 87' lang='lat'><strong>6.</strong></span> <span class='ocrx_word' id='word_1_476' title='bbox 2580 3731 2968 3788; x_wconf 72' lang='lat' dir='ltr'><strong>Exsultabimus</strong></span> <span class='ocrx_word' id='word_1_477' title='bbox 2996 3743 3044 3788; x_wconf 86' lang='lat' dir='ltr'><strong>et</strong></span> <span class='ocrx_word' id='word_1_478' title='bbox 3081 3732 3375 3790; x_wconf 75' lang='lat' dir='ltr'><strong>lwtabimur</strong></span> <span class='ocrx_word' id='word_1_479' title='bbox 3415 3737 3468 3790; x_wconf 88' lang='lat' dir='ltr'><strong>in</strong></span> <span class='ocrx_word' id='word_1_480' title='bbox 3502 3748 3548 3792; x_wconf 87' lang='lat' dir='ltr'><strong>te</strong></span> <span class='ocrx_word' id='word_1_481' title='bbox 3586 3757 3846 3800; x_wconf 77' lang='lat' dir='ltr'><strong>memores</strong></span> 
     </span>
    </p>
   </div>
   <div class='ocr_carea' id='block_1_66' title="bbox 2233 3826 3844 3898">
    <p class='ocr_par' dir='ltr' id='par_1_66' title="bbox 2233 3826 3844 3898">
     <span class='ocr_line' id='line_1_67' title="bbox 2233 3826 3844 3898; baseline 0.009 -19"><span class='ocrx_word' id='word_1_482' title='bbox 2233 3826 2442 3880; x_wconf 84' lang='lat' dir='ltr'><strong>uberum</strong></span> <span class='ocrx_word' id='word_1_483' title='bbox 2473 3836 2681 3881; x_wconf 86' lang='lat' dir='ltr'><strong>tuorum</strong></span> <span class='ocrx_word' id='word_1_484' title='bbox 2729 3844 2881 3898; x_wconf 85' lang='lat' dir='ltr'><strong>super</strong></span> <span class='ocrx_word' id='word_1_485' title='bbox 2916 3843 3094 3882; x_wconf 83' lang='lat' dir='ltr'><strong>unum.</strong></span> <span class='ocrx_word' id='word_1_486' title='bbox 3125 3827 3404 3886; x_wconf 80' lang='lat' dir='ltr'><strong>Exsultaut</strong></span> <span class='ocrx_word' id='word_1_487' title='bbox 3440 3835 3616 3888; x_wconf 86' lang='lat' dir='ltr'><strong>sancti</strong></span> <span class='ocrx_word' id='word_1_488' title='bbox 3647 3845 3706 3890; x_wconf 85' lang='lat' dir='ltr'><strong>et</strong></span> <span class='ocrx_word' id='word_1_489' title='bbox 3745 3836 3844 3892; x_wconf 58' lang='lat' dir='ltr'><strong>lac-</strong></span> 
     </span>
    </p>
   </div>
   <div class='ocr_carea' id='block_1_67' title="bbox 2231 3921 3842 3997">
    <p class='ocr_par' dir='ltr' id='par_1_67' title="bbox 2231 3921 3842 3997">
     <span class='ocr_line' id='line_1_68' title="bbox 2231 3921 3842 3997; baseline 0.007 -21"><span class='ocrx_word' id='word_1_490' title='bbox 2231 3929 2414 3976; x_wconf 88' lang='lat' dir='ltr'><strong>tantur</strong></span> <span class='ocrx_word' id='word_1_491' title='bbox 2457 3923 2510 3978; x_wconf 89' lang='lat' dir='ltr'><strong>in</strong></span> <span class='ocrx_word' id='word_1_492' title='bbox 2555 3921 2820 3991; x_wconf 88' lang='lat' dir='ltr'><strong>Domino,</strong></span> <span class='ocrx_word' id='word_1_493' title='bbox 2843 3937 2963 3978; x_wconf 90' lang='lat' dir='ltr'><strong>cum</strong></span> <span class='ocrx_word' id='word_1_494' title='bbox 2998 3925 3350 3980; x_wconf 66' lang='lat' dir='ltr'><strong>recordamur</strong></span> <span class='ocrx_word' id='word_1_495' title='bbox 3377 3929 3842 3997; x_wconf 76' lang='lat' dir='ltr'><strong>quemadmodum</strong></span> 
     </span>
    </p>
   </div>
   <div class='ocr_carea' id='block_1_68' title="bbox 2231 4013 3841 4093">
    <p class='ocr_par' dir='ltr' id='par_1_68' title="bbox 2231 4013 3841 4093">
     <span class='ocr_line' id='line_1_69' title="bbox 2231 4013 3841 4093; baseline 0.005 -25"><span class='ocrx_word' id='word_1_496' title='bbox 2231 4027 2328 4082; x_wconf 90' lang='lat' dir='ltr'><strong>per</strong></span> <span class='ocrx_word' id='word_1_497' title='bbox 2351 4014 2517 4069; x_wconf 90' lang='lat' dir='ltr'><strong>ubera</strong></span> <span class='ocrx_word' id='word_1_498' title='bbox 2537 4013 2763 4082; x_wconf 90' lang='lat' dir='ltr'><strong>Christi,</strong></span> <span class='ocrx_word' id='word_1_499' title='bbox 2794 4015 3158 4085; x_wconf 84' lang='lat' dir='ltr'><strong>apostolorum</strong></span> <span class='ocrx_word' id='word_1_500' title='bbox 3181 4017 3387 4072; x_wconf 86' lang='lat' dir='ltr'><strong>scilicet</strong></span> <span class='ocrx_word' id='word_1_501' title='bbox 3408 4017 3696 4087; x_wconf 83' lang='lat' dir='ltr'><strong>doctrinis,</strong></span> <span class='ocrx_word' id='word_1_502' title='bbox 3731 4026 3841 4093; x_wconf 74' lang='lat' dir='ltr'><strong>Spi-</strong></span> 
     </span>
    </p>
   </div>
   <div class='ocr_carea' id='block_1_69' title="bbox 533 4093 3841 4183">
    <p class='ocr_par' dir='ltr' id='par_1_69' title="bbox 533 4093 3841 4183">
     <span class='ocr_line' id='line_1_70' title="bbox 533 4093 3841 4183; baseline 0 -13"><span class='ocrx_word' id='word_1_503' title='bbox 533 4093 737 4171; x_wconf 72' lang='lat' dir='ltr'><strong>tutibus</strong></span> <span class='ocrx_word' id='word_1_504' title='bbox 763 4115 1030 4183; x_wconf 86' lang='lat' dir='ltr'><strong>tantisque</strong></span> <span class='ocrx_word' id='word_1_505' title='bbox 1058 4111 1306 4167; x_wconf 88' lang='lat' dir='ltr'><strong>enituere</strong></span> <span class='ocrx_word' id='word_1_506' title='bbox 1337 4110 1629 4177; x_wconf 84' lang='lat' dir='ltr'><strong>miraculis,</strong></span> <span class='ocrx_word' id='word_1_507' title='bbox 1659 4119 1717 4164; x_wconf 90' lang='lat' dir='ltr'><strong>ut</strong></span> <span class='ocrx_word' id='word_1_508' title='bbox 1749 4109 1881 4165; x_wconf 87' lang='lat' dir='ltr'><strong>odor</strong></span> <span class='ocrx_word' id='word_1_509' title='bbox 1901 4108 2125 4178; x_wconf 70' lang='lat' dir='ltr'><strong>iustitia:</strong></span> <span class='ocrx_word' id='word_1_510' title='bbox 2155 4093 2200 4156; x_wconf 88' lang='lat' dir='ltr'><strong>C</strong></span> <span class='ocrx_word' id='word_1_511' title='bbox 2233 4106 2409 4161; x_wconf 87' lang='lat' dir='ltr'><strong>rituali</strong></span> <span class='ocrx_word' id='word_1_512' title='bbox 2444 4107 2580 4161; x_wconf 88' lang='lat' dir='ltr'><strong>lacte</strong></span> <span class='ocrx_word' id='word_1_513' title='bbox 2621 4107 2804 4162; x_wconf 89' lang='lat' dir='ltr'><strong>nutriti</strong></span> <span class='ocrx_word' id='word_1_514' title='bbox 2846 4118 2992 4161; x_wconf 85' lang='lat' dir='ltr'><strong>sunt.</strong></span> <span class='ocrx_word' id='word_1_515' title='bbox 3048 4107 3218 4176; x_wconf 88' lang='lat' dir='ltr'><strong>Quam</strong></span> <span class='ocrx_word' id='word_1_516' title='bbox 3275 4107 3577 4166; x_wconf 82' lang='lat' dir='ltr'><strong>doctrinam</strong></span> <span class='ocrx_word' id='word_1_517' title='bbox 3623 4110 3841 4171; x_wconf 77' lang='lat' dir='ltr'><strong>Christi</strong></span> 
     </span>
    </p>
   </div>
   <div class='ocr_carea' id='block_1_70' title="bbox 527 4201 2125 4278">
    <p class='ocr_par' dir='ltr' id='par_1_70' title="bbox 527 4201 2125 4278">
     <span class='ocr_line' id='line_1_71' title="bbox 527 4201 2125 4278; baseline -0.005 -16"><span class='ocrx_word' id='word_1_518' title='bbox 527 4225 713 4263; x_wconf 72' lang='lat' dir='ltr'><strong>eorum</strong></span> <span class='ocrx_word' id='word_1_519' title='bbox 747 4208 901 4278; x_wconf 84' lang='lat' dir='ltr'><strong>longe</strong></span> <span class='ocrx_word' id='word_1_520' title='bbox 934 4207 1142 4276; x_wconf 86' lang='lat' dir='ltr'><strong>lateque</strong></span> <span class='ocrx_word' id='word_1_521' title='bbox 1167 4203 1389 4258; x_wconf 67' lang='lat' dir='ltr'><strong>diffusus</strong></span> <span class='ocrx_word' id='word_1_522' title='bbox 1425 4211 1551 4258; x_wconf 91' lang='lat' dir='ltr'><strong>tunc</strong></span> <span class='ocrx_word' id='word_1_523' title='bbox 1589 4202 1856 4256; x_wconf 89' lang='lat' dir='ltr'><strong>intuentes</strong></span> <span class='ocrx_word' id='word_1_524' title='bbox 1887 4201 2125 4256; x_wconf 84' lang='lat' dir='ltr'><strong>oblecta-</strong></span> 
     </span>
    </p>
   </div>
   <div class='ocr_carea' id='block_1_71' title="bbox 530 4295 2124 4370">
    <p class='ocr_par' dir='ltr' id='par_1_71' title="bbox 530 4295 2124 4370">
     <span class='ocr_line' id='line_1_72' title="bbox 530 4295 2124 4370; baseline -0.004 -16"><span class='ocrx_word' id='word_1_525' title='bbox 530 4315 631 4366; x_wconf 74' lang='grc' dir='ltr'><strong>ιω,</strong></span> <span class='ocrx_word' id='word_1_526' title='bbox 658 4310 713 4354; x_wconf 76' lang='grc' dir='ltr'><strong>ιιι</strong></span> <span class='ocrx_word' id='word_1_527' title='bbox 734 4314 907 4370; x_wconf 83' lang='lat' dir='ltr'><strong>usque</strong></span> <span class='ocrx_word' id='word_1_528' title='bbox 935 4300 1038 4353; x_wconf 88' lang='lat' dir='ltr'><strong>huc</strong></span> <span class='ocrx_word' id='word_1_529' title='bbox 1059 4312 1248 4352; x_wconf 88' lang='lat' dir='ltr'><strong>omnes</strong></span> <span class='ocrx_word' id='word_1_530' title='bbox 1279 4295 1482 4351; x_wconf 86' lang='lat' dir='ltr'><strong>reﬁc&#39;at</strong></span> <span class='ocrx_word' id='word_1_531' title='bbox 1501 4295 1794 4359; x_wconf 85' lang='lat' dir='ltr'><strong>audientes,</strong></span> <span class='ocrx_word' id='word_1_532' title='bbox 1822 4295 1960 4348; x_wconf 89' lang='lat' dir='ltr'><strong>sicut</strong></span> <span class='ocrx_word' id='word_1_533' title='bbox 1987 4307 2124 4348; x_wconf 89' lang='lat' dir='ltr'><strong>unus</strong></span> 
     </span>
    </p>
   </div>
   <div class='ocr_carea' id='block_1_72' title="bbox 527 4388 2123 4464">
    <p class='ocr_par' dir='ltr' id='par_1_72' title="bbox 527 4388 2123 4464">
     <span class='ocr_line' id='line_1_73' title="bbox 527 4388 2123 4464; baseline -0.006 -15"><span class='ocrx_word' id='word_1_534' title='bbox 527 4410 594 4449; x_wconf 80' lang='lat' dir='ltr'><strong>cx</strong></span> <span class='ocrx_word' id='word_1_535' title='bbox 641 4394 770 4464; x_wconf 83' lang='lat' dir='ltr'><strong>ipsis</strong></span> <span class='ocrx_word' id='word_1_536' title='bbox 817 4393 1127 4462; x_wconf 80' lang='lat' dir='ltr'><strong>pronuntiat</strong></span> <span class='ocrx_word' id='word_1_537' title='bbox 1167 4390 1402 4446; x_wconf 88' lang='lat' dir='ltr'><strong>dicens:</strong></span> <span class='ocrx_word' id='word_1_538' title='bbox 1452 4389 1558 4443; x_wconf 92' lang='lat' dir='ltr'><strong>Deo</strong></span> <span class='ocrx_word' id='word_1_539' title='bbox 1585 4399 1755 4443; x_wconf 88' lang='lat' dir='ltr'><strong>autem</strong></span> <span class='ocrx_word' id='word_1_540' title='bbox 1798 4391 1986 4460; x_wconf 83' lang='lat' dir='ltr'><strong>grat&#39;a,</strong></span> <span class='ocrx_word' id='word_1_541' title='bbox 2036 4388 2123 4458; x_wconf 85' lang='lat' dir='ltr'><strong>qui</strong></span> 
     </span>
    </p>
   </div>
   <div class='ocr_carea' id='block_1_73' title="bbox 523 4476 2122 4558">
    <p class='ocr_par' dir='ltr' id='par_1_73' title="bbox 523 4476 2122 4558">
     <span class='ocr_line' id='line_1_74' title="bbox 523 4476 2122 4558; baseline -0.006 -17"><span class='ocrx_word' id='word_1_542' title='bbox 523 4502 722 4558; x_wconf 83' lang='lat' dir='ltr'><strong>semper</strong></span> <span class='ocrx_word' id='word_1_543' title='bbox 748 4483 1028 4550; x_wconf 78' lang='lat' dir='ltr'><strong>triumphat</strong></span> <span class='ocrx_word' id='word_1_544' title='bbox 1063 4499 1152 4537; x_wconf 87' lang='lat' dir='ltr'><strong>nos</strong></span> <span class='ocrx_word' id='word_1_545' title='bbox 1183 4484 1240 4536; x_wconf 87' lang='lat' dir='ltr'><strong>in</strong></span> <span class='ocrx_word' id='word_1_546' title='bbox 1271 4481 1470 4536; x_wconf 84' lang='lat' dir='ltr'><strong>Christo</strong></span> <span class='ocrx_word' id='word_1_547' title='bbox 1501 4476 1649 4551; x_wconf 73' lang='lat' dir='ltr'><strong>Iesu,</strong></span> <span class='ocrx_word' id='word_1_548' title='bbox 1679 4493 1724 4534; x_wconf 88' lang='lat' dir='ltr'><strong>et</strong></span> <span class='ocrx_word' id='word_1_549' title='bbox 1755 4482 1962 4534; x_wconf 87' lang='lat' dir='ltr'><strong>odorem</strong></span> <span class='ocrx_word' id='word_1_550' title='bbox 1989 4481 2122 4532; x_wconf 89' lang='lat' dir='ltr'><strong>noti-</strong></span> 
     </span>
    </p>
   </div>
   <div class='ocr_carea' id='block_1_74' title="bbox 525 4566 2118 4645">
    <p class='ocr_par' dir='ltr' id='par_1_74' title="bbox 525 4566 2118 4645">
     <span class='ocr_line' id='line_1_75' title="bbox 525 4566 2118 4645; baseline -0.006 -12"><span class='ocrx_word' id='word_1_551' title='bbox 525 4578 612 4633; x_wconf 77' lang='lat' dir='ltr'><strong>tia:</strong></span> <span class='ocrx_word' id='word_1_552' title='bbox 642 4593 749 4632; x_wconf 72' lang='lat' dir='ltr'><strong>sua:</strong></span> <span class='ocrx_word' id='word_1_553' title='bbox 781 4576 1070 4645; x_wconf 76' lang='lat' dir='ltr'><strong>manifestat</strong></span> <span class='ocrx_word' id='word_1_554' title='bbox 1109 4577 1162 4627; x_wconf 89' lang='lat' dir='ltr'><strong>in</strong></span> <span class='ocrx_word' id='word_1_555' title='bbox 1195 4575 1332 4627; x_wconf 84' lang='lat' dir='ltr'><strong>omni</strong></span> <span class='ocrx_word' id='word_1_556' title='bbox 1362 4573 1473 4627; x_wconf 86' lang='lat' dir='ltr'><strong>loco</strong></span> <span class='ocrx_word' id='word_1_557' title='bbox 1501 4591 1594 4643; x_wconf 87' lang='lat' dir='ltr'><strong>pro</strong></span> <span class='ocrx_word' id='word_1_558' title='bbox 1622 4573 1763 4626; x_wconf 84' lang='lat' dir='ltr'><strong>nobis</strong></span> <span class='ocrx_word' id='word_1_559' title='bbox 1796 4566 1849 4638; x_wconf 83' lang='grc' dir='ltr'><strong>(Ι</strong></span> <span class='ocrx_word' id='word_1_560' title='bbox 1885 4567 2002 4626; x_wconf 86' lang='lat' dir='ltr'><strong>Cor.</strong></span> <span class='ocrx_word' id='word_1_561' title='bbox 2037 4571 2118 4639; x_wconf 87' lang='lat' dir='ltr'><strong>t.).</strong></span> 
     </span>
    </p>
   </div>
   <div class='ocr_carea' id='block_1_75' title="bbox 598 4665 2120 4735">
    <p class='ocr_par' dir='ltr' id='par_1_75' title="bbox 598 4665 2120 4735">
     <span class='ocr_line' id='line_1_76' title="bbox 598 4665 2120 4735; baseline -0.003 -11"><span class='ocrx_word' id='word_1_562' title='bbox 598 4670 758 4726; x_wconf 80' lang='lat' dir='ltr'><strong>Num.</strong></span> <span class='ocrx_word' id='word_1_563' title='bbox 799 4668 851 4722; x_wconf 80' lang='grc'><strong>5.</strong></span> <span class='ocrx_word' id='word_1_564' title='bbox 899 4668 1080 4723; x_wconf 72' lang='lat' dir='ltr'><strong>Oleum</strong></span> <span class='ocrx_word' id='word_1_565' title='bbox 1136 4667 1355 4735; x_wconf 62' lang='lat' dir='ltr'><strong>e/I’usum</strong></span> <span class='ocrx_word' id='word_1_566' title='bbox 1393 4683 1574 4720; x_wconf 86' lang='lat' dir='ltr'><strong>nomen</strong></span> <span class='ocrx_word' id='word_1_567' title='bbox 1601 4677 1774 4731; x_wconf 73' lang='lat' dir='ltr'><strong>tuum,</strong></span> <span class='ocrx_word' id='word_1_568' title='bbox 1806 4666 1918 4718; x_wconf 85' lang='lat' dir='ltr'><strong>ideo</strong></span> <span class='ocrx_word' id='word_1_569' title='bbox 1948 4665 2120 4719; x_wconf 80' lang='lat' dir='ltr'><strong>adole-</strong></span> 
     </span>
    </p>
   </div>
   <div class='ocr_carea' id='block_1_76' title="bbox 523 4756 2119 4826">
    <p class='ocr_par' dir='ltr' id='par_1_76' title="bbox 523 4756 2119 4826">
     <span class='ocr_line' id='line_1_77' title="bbox 523 4756 2119 4826; baseline -0.005 -10"><span class='ocrx_word' id='word_1_570' title='bbox 523 4761 770 4816; x_wconf 80' lang='lat' dir='ltr'><strong>scentqu</strong></span> <span class='ocrx_word' id='word_1_571' title='bbox 797 4761 1083 4816; x_wconf 72' lang='lat' dir='ltr'><strong>dilexerunt</strong></span> <span class='ocrx_word' id='word_1_572' title='bbox 1111 4770 1178 4813; x_wconf 89' lang='lat' dir='ltr'><strong>te.</strong></span> <span class='ocrx_word' id='word_1_573' title='bbox 1209 4759 1375 4826; x_wconf 80' lang='lat' dir='ltr'><strong>Quem</strong></span> <span class='ocrx_word' id='word_1_574' title='bbox 1408 4758 1557 4812; x_wconf 81' lang='lat' dir='ltr'><strong>nnxit</strong></span> <span class='ocrx_word' id='word_1_575' title='bbox 1588 4757 1744 4822; x_wconf 86' lang='lat' dir='ltr'><strong>Deus,</strong></span> <span class='ocrx_word' id='word_1_576' title='bbox 1782 4756 1830 4810; x_wconf 90' lang='lat' dir='ltr'><strong>id</strong></span> <span class='ocrx_word' id='word_1_577' title='bbox 1862 4768 1943 4811; x_wconf 89' lang='lat' dir='ltr'><strong>est</strong></span> <span class='ocrx_word' id='word_1_578' title='bbox 1967 4756 2119 4809; x_wconf 84' lang='lat' dir='ltr'><strong>Cini-</strong></span> 
     </span>
    </p>
   </div>
   <div class='ocr_carea' id='block_1_77' title="bbox 525 4846 2115 4922">
    <p class='ocr_par' dir='ltr' id='par_1_77' title="bbox 525 4846 2115 4922">
     <span class='ocr_line' id='line_1_78' title="bbox 525 4846 2115 4922; baseline -0.008 -12"><span class='ocrx_word' id='word_1_579' title='bbox 525 4866 692 4920; x_wconf 86' lang='lat' dir='ltr'><strong>stum,</strong></span> <span class='ocrx_word' id='word_1_580' title='bbox 721 4856 834 4908; x_wconf 83' lang='lat' dir='ltr'><strong>oleo</strong></span> <span class='ocrx_word' id='word_1_581' title='bbox 864 4853 1077 4919; x_wconf 68' lang='lat' dir='ltr'><strong>ltetitia’,</strong></span> <span class='ocrx_word' id='word_1_582' title='bbox 1109 4867 1216 4922; x_wconf 76' lang='lat' dir='ltr'><strong>pra:</strong></span> <span class='ocrx_word' id='word_1_583' title='bbox 1241 4850 1575 4922; x_wconf 77' lang='lat' dir='ltr'><strong>participibus</strong></span> <span class='ocrx_word' id='word_1_584' title='bbox 1603 4849 1709 4902; x_wconf 83' lang='lat' dir='ltr'><strong>suis</strong></span> <span class='ocrx_word' id='word_1_585' title='bbox 1741 4846 1914 4918; x_wconf 84' lang='lat' dir='ltr'><strong>(Psal.</strong></span> <span class='ocrx_word' id='word_1_586' title='bbox 1948 4847 2115 4916; x_wconf 62' lang='grc' dir='ltr'><strong>κων),</strong></span> 
     </span>
    </p>
   </div>
   <div class='ocr_carea' id='block_1_78' title="bbox 525 4939 2120 5014">
    <p class='ocr_par' dir='ltr' id='par_1_78' title="bbox 525 4939 2120 5014">
     <span class='ocr_line' id='line_1_79' title="bbox 525 4939 2120 5014; baseline -0.004 -17"><span class='ocrx_word' id='word_1_587' title='bbox 525 4943 684 5014; x_wconf 81' lang='lat' dir='ltr'><strong>hujus</strong></span> <span class='ocrx_word' id='word_1_588' title='bbox 715 4943 874 4999; x_wconf 90' lang='lat' dir='ltr'><strong>etiam</strong></span> <span class='ocrx_word' id='word_1_589' title='bbox 908 4942 1052 4998; x_wconf 86' lang='lat' dir='ltr'><strong>velut</strong></span> <span class='ocrx_word' id='word_1_590' title='bbox 1102 4943 1279 4997; x_wconf 90' lang='lat' dir='ltr'><strong>oleum</strong></span> <span class='ocrx_word' id='word_1_591' title='bbox 1316 4939 1544 4996; x_wconf 78' lang='lat' dir='ltr'><strong>effusum</strong></span> <span class='ocrx_word' id='word_1_592' title='bbox 1588 4950 1671 4995; x_wconf 89' lang='lat' dir='ltr'><strong>est</strong></span> <span class='ocrx_word' id='word_1_593' title='bbox 1709 4953 1903 4992; x_wconf 87' lang='lat' dir='ltr'><strong>nomen</strong></span> <span class='ocrx_word' id='word_1_594' title='bbox 1942 4954 1956 4989; x_wconf 87' lang='lat'><strong>:</strong></span> <span class='ocrx_word' id='word_1_595' title='bbox 2003 4940 2120 5006; x_wconf 87' lang='lat' dir='ltr'><strong>qni-</strong></span> 
     </span>
    </p>
   </div>
   <div class='ocr_carea' id='block_1_79' title="bbox 524 5032 2117 5109">
    <p class='ocr_par' dir='ltr' id='par_1_79' title="bbox 524 5032 2117 5109">
     <span class='ocr_line' id='line_1_80' title="bbox 524 5032 2117 5109; baseline -0.003 -17"><span class='ocrx_word' id='word_1_596' title='bbox 524 5052 735 5109; x_wconf 88' lang='lat' dir='ltr'><strong>cunque</strong></span> <span class='ocrx_word' id='word_1_597' title='bbox 752 5037 896 5094; x_wconf 91' lang='lat' dir='ltr'><strong>enim</strong></span> <span class='ocrx_word' id='word_1_598' title='bbox 927 5035 1216 5091; x_wconf 88' lang='lat' dir='ltr'><strong>Christiani</strong></span> <span class='ocrx_word' id='word_1_599' title='bbox 1245 5051 1274 5089; x_wconf 90' lang='lat' dir='ltr'><strong>a</strong></span> <span class='ocrx_word' id='word_1_600' title='bbox 1295 5035 1508 5090; x_wconf 86' lang='lat' dir='ltr'><strong>Christo</strong></span> <span class='ocrx_word' id='word_1_601' title='bbox 1529 5036 1876 5087; x_wconf 88' lang='lat' dir='ltr'><strong>nominantur</strong></span> <span class='ocrx_word' id='word_1_602' title='bbox 1908 5032 2117 5100; x_wconf 82' lang='lat' dir='ltr'><strong>ipsique</strong></span> 
     </span>
    </p>
   </div>
   <div class='ocr_carea' id='block_1_80' title="bbox 521 5122 2113 5197">
    <p class='ocr_par' dir='ltr' id='par_1_80' title="bbox 521 5122 2113 5197">
     <span class='ocr_line' id='line_1_81' title="bbox 521 5122 2113 5197; baseline -0.007 -13"><span class='ocrx_word' id='word_1_603' title='bbox 521 5131 817 5184; x_wconf 87' lang='lat' dir='ltr'><strong>chrismate</strong></span> <span class='ocrx_word' id='word_1_604' title='bbox 853 5138 1240 5197; x_wconf 82' lang='lat' dir='ltr'><strong>petunguntur,</strong></span> <span class='ocrx_word' id='word_1_605' title='bbox 1271 5135 1428 5194; x_wconf 82' lang='lat' dir='ltr'><strong>atque</strong></span> <span class='ocrx_word' id='word_1_606' title='bbox 1465 5125 1517 5180; x_wconf 91' lang='lat' dir='ltr'><strong>in</strong></span> <span class='ocrx_word' id='word_1_607' title='bbox 1544 5123 1662 5194; x_wconf 86' lang='lat' dir='ltr'><strong>ejus</strong></span> <span class='ocrx_word' id='word_1_608' title='bbox 1692 5122 1908 5179; x_wconf 90' lang='lat' dir='ltr'><strong>nomine</strong></span> <span class='ocrx_word' id='word_1_609' title='bbox 1941 5123 2113 5193; x_wconf 86' lang='lat' dir='ltr'><strong>bapti-</strong></span> 
     </span>
    </p>
   </div>
   <div class='ocr_carea' id='block_1_81' title="bbox 525 5218 2111 5288">
    <p class='ocr_par' dir='ltr' id='par_1_81' title="bbox 525 5218 2111 5288">
     <span class='ocr_line' id='line_1_82' title="bbox 525 5218 2111 5288; baseline -0.004 -11"><span class='ocrx_word' id='word_1_610' title='bbox 525 5222 631 5277; x_wconf 79' lang='lat' dir='ltr'><strong>luti</strong></span> <span class='ocrx_word' id='word_1_611' title='bbox 657 5231 844 5278; x_wconf 88' lang='lat' dir='ltr'><strong>sancto</strong></span> <span class='ocrx_word' id='word_1_612' title='bbox 875 5220 1080 5286; x_wconf 66' lang='lat' dir='ltr'><strong>Spiritu</strong></span> <span class='ocrx_word' id='word_1_613' title='bbox 1111 5218 1490 5288; x_wconf 85' lang='lat' dir='ltr'><strong>adimplenlur,</strong></span> <span class='ocrx_word' id='word_1_614' title='bbox 1534 5228 1591 5272; x_wconf 89' lang='lat' dir='ltr'><strong>ut</strong></span> <span class='ocrx_word' id='word_1_615' title='bbox 1616 5227 1939 5286; x_wconf 82' lang='lat' dir='ltr'><strong>unguentum</strong></span> <span class='ocrx_word' id='word_1_616' title='bbox 1973 5219 2111 5283; x_wconf 85' lang='lat' dir='ltr'><strong>quod</strong></span> 
     </span>
    </p>
   </div>
   <div class='ocr_carea' id='block_1_82' title="bbox 516 5301 2108 5382">
    <p class='ocr_par' dir='ltr' id='par_1_82' title="bbox 516 5301 2108 5382">
     <span class='ocr_line' id='line_1_83' title="bbox 516 5301 2108 5382; baseline -0.003 -16"><span class='ocrx_word' id='word_1_617' title='bbox 516 5313 798 5368; x_wconf 73' lang='lat' dir='ltr'><strong>descendit</strong></span> <span class='ocrx_word' id='word_1_618' title='bbox 825 5325 854 5365; x_wconf 89' lang='lat' dir='ltr'><strong>a</strong></span> <span class='ocrx_word' id='word_1_619' title='bbox 893 5301 1070 5381; x_wconf 67' lang='lat' dir='ltr'><strong>Capite</strong></span> <span class='ocrx_word' id='word_1_620' title='bbox 1112 5312 1165 5364; x_wconf 87' lang='lat' dir='ltr'><strong>in</strong></span> <span class='ocrx_word' id='word_1_621' title='bbox 1194 5310 1404 5364; x_wconf 86' lang='lat' dir='ltr'><strong>barbam</strong></span> <span class='ocrx_word' id='word_1_622' title='bbox 1442 5311 1616 5363; x_wconf 84' lang='lat' dir='ltr'><strong>Aaron</strong></span> <span class='ocrx_word' id='word_1_623' title='bbox 1656 5309 1832 5382; x_wconf 82' lang='lat' dir='ltr'><strong>(Psal.</strong></span> <span class='ocrx_word' id='word_1_624' title='bbox 1870 5309 2108 5379; x_wconf 67' lang='lat' dir='ltr'><strong>anxii);</strong></span> 
     </span>
    </p>
   </div>
   <div class='ocr_carea' id='block_1_83' title="bbox 521 5402 2105 5475">
    <p class='ocr_par' dir='ltr' id='par_1_83' title="bbox 521 5402 2105 5475">
     <span class='ocr_line' id='line_1_84' title="bbox 521 5402 2105 5475; baseline -0.003 -18"><span class='ocrx_word' id='word_1_625' title='bbox 521 5406 661 5471; x_wconf 84' lang='lat' dir='ltr'><strong>quod</strong></span> <span class='ocrx_word' id='word_1_626' title='bbox 684 5421 893 5470; x_wconf 85' lang='lat' dir='ltr'><strong>verum,</strong></span> <span class='ocrx_word' id='word_1_627' title='bbox 925 5404 1243 5475; x_wconf 75' lang='lat' dir='ltr'><strong>perfectura,</strong></span> <span class='ocrx_word' id='word_1_628' title='bbox 1268 5411 1429 5472; x_wconf 90' lang='lat' dir='ltr'><strong>atque</strong></span> <span class='ocrx_word' id='word_1_629' title='bbox 1459 5402 1807 5457; x_wconf 81' lang='lat' dir='ltr'><strong>fortissimum</strong></span> <span class='ocrx_word' id='word_1_630' title='bbox 1839 5403 2105 5466; x_wconf 44' lang='lat' dir='ltr'><strong>declare;</strong></span> 
     </span>
    </p>
   </div>
   <div class='ocr_carea' id='block_1_84' title="bbox 2228 4198 3838 4271">
    <p class='ocr_par' dir='ltr' id='par_1_84' title="bbox 2228 4198 3838 4271">
     <span class='ocr_line' id='line_1_85' title="bbox 2228 4198 3838 4271; baseline 0.005 -17"><span class='ocrx_word' id='word_1_631' title='bbox 2228 4198 2354 4254; x_wconf 88' lang='lat' dir='ltr'><strong>dum</strong></span> <span class='ocrx_word' id='word_1_632' title='bbox 2409 4200 2598 4268; x_wconf 79' lang='lat' dir='ltr'><strong>priscze</strong></span> <span class='ocrx_word' id='word_1_633' title='bbox 2631 4200 2762 4270; x_wconf 86' lang='lat' dir='ltr'><strong>legis</strong></span> <span class='ocrx_word' id='word_1_634' title='bbox 2788 4199 3073 4270; x_wconf 65' lang='lat' dir='ltr'><strong>praeceptis</strong></span> <span class='ocrx_word' id='word_1_635' title='bbox 3101 4200 3390 4271; x_wconf 81' lang='lat' dir='ltr'><strong>inSpiciuttt</strong></span> <span class='ocrx_word' id='word_1_636' title='bbox 3417 4202 3747 4270; x_wconf 86' lang='lat' dir='ltr'><strong>clariorem,</strong></span> <span class='ocrx_word' id='word_1_637' title='bbox 3785 4207 3838 4262; x_wconf 84' lang='lat' dir='ltr'><strong>in</strong></span> 
     </span>
    </p>
   </div>
   <div class='ocr_carea' id='block_1_85' title="bbox 2229 4290 3839 4368">
    <p class='ocr_par' dir='ltr' id='par_1_85' title="bbox 2229 4290 3839 4368">
     <span class='ocr_line' id='line_1_86' title="bbox 2229 4290 3839 4368; baseline 0.007 -22"><span class='ocrx_word' id='word_1_638' title='bbox 2229 4290 2317 4346; x_wconf 88' lang='lat' dir='ltr'><strong>illa</strong></span> <span class='ocrx_word' id='word_1_639' title='bbox 2341 4292 2424 4346; x_wconf 78' lang='lat' dir='ltr'><strong>vel</strong></span> <span class='ocrx_word' id='word_1_640' title='bbox 2461 4307 2527 4346; x_wconf 81' lang='lat' dir='ltr'><strong>ex</strong></span> <span class='ocrx_word' id='word_1_641' title='bbox 2551 4293 2662 4362; x_wconf 88' lang='lat' dir='ltr'><strong>ipsa</strong></span> <span class='ocrx_word' id='word_1_642' title='bbox 2686 4291 2958 4347; x_wconf 88' lang='lat' dir='ltr'><strong>Christum</strong></span> <span class='ocrx_word' id='word_1_643' title='bbox 2986 4294 3257 4351; x_wconf 83' lang='lat' dir='ltr'><strong>intuentes</strong></span> <span class='ocrx_word' id='word_1_644' title='bbox 3281 4294 3606 4365; x_wconf 68' lang='lat' dir='ltr'><strong>intelligunt,</strong></span> <span class='ocrx_word' id='word_1_645' title='bbox 3632 4300 3839 4368; x_wconf 73' lang='lat' dir='ltr'><strong>quibus</strong></span> 
     </span>
    </p>
   </div>
   <div class='ocr_carea' id='block_1_86' title="bbox 2186 4383 3831 4462">
    <p class='ocr_par' dir='ltr' id='par_1_86' title="bbox 2186 4383 3831 4462">
     <span class='ocr_line' id='line_1_87' title="bbox 2186 4383 3831 4462; baseline 0.005 -26"><span class='ocrx_word' id='word_1_646' title='bbox 2186 4401 2196 4415; x_wconf 86' lang='grc'><strong>·</strong></span> <span class='ocrx_word' id='word_1_647' title='bbox 2228 4385 2345 4453; x_wconf 89' lang='lat' dir='ltr'><strong>ipse</strong></span> <span class='ocrx_word' id='word_1_648' title='bbox 2375 4383 2426 4437; x_wconf 93' lang='lat' dir='ltr'><strong>in</strong></span> <span class='ocrx_word' id='word_1_649' title='bbox 2460 4384 2752 4454; x_wconf 80' lang='lat' dir='ltr'><strong>Evangelia</strong></span> <span class='ocrx_word' id='word_1_650' title='bbox 2781 4383 2911 4441; x_wconf 88' lang='lat' dir='ltr'><strong>dicit</strong></span> <span class='ocrx_word' id='word_1_651' title='bbox 2947 4403 2958 4439; x_wconf 92' lang='lat'>:</span> <span class='ocrx_word' id='word_1_652' title='bbox 2999 4385 3170 4441; x_wconf 83' lang='lat' dir='ltr'><strong>Vestri</strong></span> <span class='ocrx_word' id='word_1_653' title='bbox 3191 4385 3322 4441; x_wconf 86' lang='lat' dir='ltr'><strong>beati</strong></span> <span class='ocrx_word' id='word_1_654' title='bbox 3353 4388 3490 4441; x_wconf 80' lang='lat' dir='ltr'><strong>oeuli</strong></span> <span class='ocrx_word' id='word_1_655' title='bbox 3515 4391 3608 4459; x_wconf 88' lang='lat' dir='ltr'><strong>qui</strong></span> <span class='ocrx_word' id='word_1_656' title='bbox 3631 4392 3831 4462; x_wconf 72' lang='lat' dir='ltr'><strong>vident,</strong></span> 
     </span>
    </p>
   </div>
   <div class='ocr_carea' id='block_1_87' title="bbox 2224 4476 3835 4554">
    <p class='ocr_par' dir='ltr' id='par_1_87' title="bbox 2224 4476 3835 4554">
     <span class='ocr_line' id='line_1_88' title="bbox 2224 4476 3835 4554; baseline 0.009 -26"><span class='ocrx_word' id='word_1_657' title='bbox 2224 4485 2272 4528; x_wconf 87' lang='lat' dir='ltr'><strong>et</strong></span> <span class='ocrx_word' id='word_1_658' title='bbox 2301 4491 2451 4529; x_wconf 83' lang='lat' dir='ltr'><strong>aures</strong></span> <span class='ocrx_word' id='word_1_659' title='bbox 2472 4491 2586 4546; x_wconf 72' lang='lat' dir='ltr'><strong>qua:</strong></span> <span class='ocrx_word' id='word_1_660' title='bbox 2612 4476 2864 4542; x_wconf 81' lang='lat' dir='ltr'><strong>audiunt;</strong></span> <span class='ocrx_word' id='word_1_661' title='bbox 2889 4493 3034 4532; x_wconf 87' lang='lat' dir='ltr'><strong>amen</strong></span> <span class='ocrx_word' id='word_1_662' title='bbox 3062 4479 3176 4532; x_wconf 81' lang='lat' dir='ltr'><strong>dico</strong></span> <span class='ocrx_word' id='word_1_663' title='bbox 3198 4480 3356 4546; x_wconf 86' lang='lat' dir='ltr'><strong>vobis,</strong></span> <span class='ocrx_word' id='word_1_664' title='bbox 3391 4480 3540 4534; x_wconf 81' lang='lat' dir='ltr'><strong>multi</strong></span> <span class='ocrx_word' id='word_1_665' title='bbox 3560 4484 3835 4554; x_wconf 71' lang='lat' dir='ltr'><strong>propheta</strong></span> 
     </span>
    </p>
   </div>
   <div class='ocr_carea' id='block_1_88' title="bbox 2224 4569 3832 4645">
    <p class='ocr_par' dir='ltr' id='par_1_88' title="bbox 2224 4569 3832 4645">
     <span class='ocr_line' id='line_1_89' title="bbox 2224 4569 3832 4645; baseline 0.008 -25"><span class='ocrx_word' id='word_1_666' title='bbox 2224 4576 2270 4620; x_wconf 88' lang='lat' dir='ltr'><strong>et</strong></span> <span class='ocrx_word' id='word_1_667' title='bbox 2299 4584 2443 4638; x_wconf 78' lang='lat' dir='ltr'><strong>reges</strong></span> <span class='ocrx_word' id='word_1_668' title='bbox 2471 4570 2781 4640; x_wconf 61' lang='lat' dir='ltr'><strong>quasierunt</strong></span> <span class='ocrx_word' id='word_1_669' title='bbox 2803 4569 2972 4624; x_wconf 77' lang='lat' dir='ltr'><strong>videre</strong></span> <span class='ocrx_word' id='word_1_670' title='bbox 2991 4583 3102 4633; x_wconf 74' lang='lat' dir='ltr'><strong>qua:</strong></span> <span class='ocrx_word' id='word_1_671' title='bbox 3129 4571 3327 4638; x_wconf 78' lang='lat' dir='ltr'><strong>videtis,</strong></span> <span class='ocrx_word' id='word_1_672' title='bbox 3361 4581 3407 4626; x_wconf 88' lang='lat' dir='ltr'><strong>et</strong></span> <span class='ocrx_word' id='word_1_673' title='bbox 3429 4589 3530 4628; x_wconf 89' lang='lat' dir='ltr'><strong>non</strong></span> <span class='ocrx_word' id='word_1_674' title='bbox 3554 4575 3832 4645; x_wconf 65' lang='lat' dir='ltr'><strong>uiderunt;</strong></span> 
     </span>
    </p>
   </div>
   <div class='ocr_carea' id='block_1_89' title="bbox 2223 4662 3828 4738">
    <p class='ocr_par' dir='ltr' id='par_1_89' title="bbox 2223 4662 3828 4738">
     <span class='ocr_line' id='line_1_90' title="bbox 2223 4662 3828 4738; baseline 0.009 -25"><span class='ocrx_word' id='word_1_675' title='bbox 2223 4672 2269 4713; x_wconf 86' lang='lat' dir='ltr'><strong>et</strong></span> <span class='ocrx_word' id='word_1_676' title='bbox 2297 4662 2476 4715; x_wconf 89' lang='lat' dir='ltr'><strong>audire</strong></span> <span class='ocrx_word' id='word_1_677' title='bbox 2509 4677 2622 4729; x_wconf 69' lang='lat' dir='ltr'><strong>qua</strong></span> <span class='ocrx_word' id='word_1_678' title='bbox 2647 4663 2867 4718; x_wconf 82' lang='lat' dir='ltr'><strong>audistis</strong></span> <span class='ocrx_word' id='word_1_679' title='bbox 2886 4704 2902 4730; x_wconf 96' lang='lat'><strong>,</strong></span> <span class='ocrx_word' id='word_1_680' title='bbox 2933 4674 2982 4717; x_wconf 89' lang='lat' dir='ltr'><strong>et</strong></span> <span class='ocrx_word' id='word_1_681' title='bbox 3005 4681 3103 4718; x_wconf 83' lang='lat' dir='ltr'><strong>non</strong></span> <span class='ocrx_word' id='word_1_682' title='bbox 3133 4667 3409 4720; x_wconf 82' lang='lat' dir='ltr'><strong>audierunt</strong></span> <span class='ocrx_word' id='word_1_683' title='bbox 3437 4667 3660 4737; x_wconf 76' lang='lat' dir='ltr'><strong>(Matth.</strong></span> <span class='ocrx_word' id='word_1_684' title='bbox 3693 4688 3791 4727; x_wconf 73' lang='grc' dir='ltr'>ιιιι</span> <span class='ocrx_word' id='word_1_685' title='bbox 3814 4691 3828 4738; x_wconf 89' lang='lat'><strong>;</strong></span> 
     </span>
    </p>
   </div>
   <div class='ocr_carea' id='block_1_90' title="bbox 2225 4752 2452 4823">
    <p class='ocr_par' dir='ltr' id='par_1_90' title="bbox 2225 4752 2452 4823">
     <span class='ocr_line' id='line_1_91' title="bbox 2225 4752 2452 4823; baseline 0.009 -19"><span class='ocrx_word' id='word_1_686' title='bbox 2225 4752 2352 4807; x_wconf 69' lang='lat' dir='ltr'><strong>Luc.</strong></span> <span class='ocrx_word' id='word_1_687' title='bbox 2381 4754 2452 4823; x_wconf 75' lang='grc' dir='ltr'><strong>λ).</strong></span> 
     </span>
    </p>
   </div>
   <div class='ocr_carea' id='block_1_91' title="bbox 2292 4847 3826 4921">
    <p class='ocr_par' dir='ltr' id='par_1_91' title="bbox 2292 4847 3826 4921">
     <span class='ocr_line' id='line_1_92' title="bbox 2292 4847 3826 4921; baseline 0.006 -20"><span class='ocrx_word' id='word_1_688' title='bbox 2292 4848 2451 4901; x_wconf 78' lang='lat' dir='ltr'><strong>Num.</strong></span> <span class='ocrx_word' id='word_1_689' title='bbox 2486 4847 2538 4900; x_wconf 88' lang='lat'><strong>7.</strong></span> <span class='ocrx_word' id='word_1_690' title='bbox 2577 4847 2721 4901; x_wconf 70' lang='grc' dir='ltr'><strong>[ἶριςιὶ</strong></span> <span class='ocrx_word' id='word_1_691' title='bbox 2756 4848 2976 4919; x_wconf 75' lang='lat' dir='ltr'><strong>diligunt</strong></span> <span class='ocrx_word' id='word_1_692' title='bbox 3005 4859 3069 4901; x_wconf 87' lang='lat' dir='ltr'><strong>te.</strong></span> <span class='ocrx_word' id='word_1_693' title='bbox 3104 4848 3211 4903; x_wconf 82' lang='lat' dir='ltr'><strong>Nec</strong></span> <span class='ocrx_word' id='word_1_694' title='bbox 3236 4849 3379 4903; x_wconf 89' lang='lat' dir='ltr'><strong>cnim</strong></span> <span class='ocrx_word' id='word_1_695' title='bbox 3413 4851 3560 4920; x_wconf 82' lang='lat' dir='ltr'><strong>pravi</strong></span> <span class='ocrx_word' id='word_1_696' title='bbox 3596 4867 3826 4921; x_wconf 68' lang='lat' dir='ltr'><strong>poscunt</strong></span> 
     </span>
    </p>
   </div>
   <div class='ocr_carea' id='block_1_92' title="bbox 2221 4941 3822 5016">
    <p class='ocr_par' dir='ltr' id='par_1_92' title="bbox 2221 4941 3822 5016">
     <span class='ocr_line' id='line_1_93' title="bbox 2221 4941 3822 5016; baseline 0.004 -22"><span class='ocrx_word' id='word_1_697' title='bbox 2221 4943 2443 5008; x_wconf 50' lang='lat' dir='ltr'><strong>tltl&#39;gerc</strong></span> <span class='ocrx_word' id='word_1_698' title='bbox 2489 4942 2791 5008; x_wconf 72' lang='lat' dir='ltr'><strong>mquitatem</strong></span> <span class='ocrx_word' id='word_1_699' title='bbox 2828 4957 2841 4994; x_wconf 87' lang='lat'><strong>:</strong></span> <span class='ocrx_word' id='word_1_700' title='bbox 2877 4942 2951 4996; x_wconf 91' lang='lat' dir='ltr'><strong>illi</strong></span> <span class='ocrx_word' id='word_1_701' title='bbox 2985 4941 3127 4994; x_wconf 85' lang='lat' dir='ltr'><strong>enim</strong></span> <span class='ocrx_word' id='word_1_702' title='bbox 3175 4942 3306 4996; x_wconf 87' lang='lat' dir='ltr'><strong>recti</strong></span> <span class='ocrx_word' id='word_1_703' title='bbox 3353 4956 3478 4996; x_wconf 61' lang='lat' dir='ltr'><strong>sunt</strong></span> <span class='ocrx_word' id='word_1_704' title='bbox 3504 4957 3558 4998; x_wconf 89' lang='lat' dir='ltr'><strong>et</strong></span> <span class='ocrx_word' id='word_1_705' title='bbox 3586 4944 3822 5016; x_wconf 60' lang='lat' dir='ltr'><strong>diligunt</strong></span> 
     </span>
    </p>
   </div>
   <div class='ocr_carea' id='block_1_93' title="bbox 2225 5032 3821 5104">
    <p class='ocr_par' dir='ltr' id='par_1_93' title="bbox 2225 5032 3821 5104">
     <span class='ocr_line' id='line_1_94' title="bbox 2225 5032 3821 5104; baseline 0.004 -17"><span class='ocrx_word' id='word_1_706' title='bbox 2225 5035 2407 5096; x_wconf 76' lang='lat' dir='ltr'><strong>lleum,</strong></span> <span class='ocrx_word' id='word_1_707' title='bbox 2435 5033 2520 5100; x_wconf 89' lang='lat' dir='ltr'><strong>qui</strong></span> <span class='ocrx_word' id='word_1_708' title='bbox 2543 5047 2647 5086; x_wconf 91' lang='lat' dir='ltr'><strong>non</strong></span> <span class='ocrx_word' id='word_1_709' title='bbox 2673 5047 2856 5087; x_wconf 87' lang='lat' dir='ltr'><strong>amore</strong></span> <span class='ocrx_word' id='word_1_710' title='bbox 2886 5043 3141 5086; x_wconf 65' lang='lat' dir='ltr'><strong>creatura:</strong></span> <span class='ocrx_word' id='word_1_711' title='bbox 3162 5032 3357 5100; x_wconf 75' lang='lat' dir='ltr'><strong>captivi</strong></span> <span class='ocrx_word' id='word_1_712' title='bbox 3386 5043 3669 5102; x_wconf 84' lang='lat' dir='ltr'><strong>tenentur;</strong></span> <span class='ocrx_word' id='word_1_713' title='bbox 3696 5043 3821 5104; x_wconf 80' lang='lat' dir='ltr'><strong>sed,</strong></span> 
     </span>
    </p>
   </div>
   <div class='ocr_carea' id='block_1_94' title="bbox 2219 5125 3816 5196">
    <p class='ocr_par' dir='ltr' id='par_1_94' title="bbox 2219 5125 3816 5196">
     <span class='ocr_line' id='line_1_95' title="bbox 2219 5125 3816 5196; baseline 0.004 -16"><span class='ocrx_word' id='word_1_714' title='bbox 2219 5141 2245 5180; x_wconf 87' lang='lat' dir='ltr'><strong>s</strong></span> <span class='ocrx_word' id='word_1_715' title='bbox 2269 5134 2356 5178; x_wconf 78' lang='lat' dir='ltr'><strong>cui.</strong></span> <span class='ocrx_word' id='word_1_716' title='bbox 2403 5135 2577 5178; x_wconf 71' lang='lat' dir='ltr'><strong>r.ctos</strong></span> <span class='ocrx_word' id='word_1_717' title='bbox 2609 5125 2792 5189; x_wconf 85' lang='lat' dir='ltr'><strong>decet,</strong></span> <span class='ocrx_word' id='word_1_718' title='bbox 2843 5125 3131 5192; x_wconf 81' lang='lat' dir='ltr'><strong>pretiosum</strong></span> <span class='ocrx_word' id='word_1_719' title='bbox 3173 5128 3369 5179; x_wconf 84' lang='lat' dir='ltr'><strong>munus</strong></span> <span class='ocrx_word' id='word_1_720' title='bbox 3405 5140 3816 5196; x_wconf 73' lang='lat' dir='ltr'><strong>pra-ponentes.</strong></span> 
     </span>
    </p>
   </div>
   <div class='ocr_carea' id='block_1_95' title="bbox 2220 5215 3816 5278">
    <p class='ocr_par' dir='ltr' id='par_1_95' title="bbox 2220 5215 3816 5278">
     <span class='ocr_line' id='line_1_96' title="bbox 2220 5215 3816 5278; baseline 0.004 -6"><span class='ocrx_word' id='word_1_721' title='bbox 2220 5219 2329 5272; x_wconf 85' lang='lat' dir='ltr'><strong>Deo</strong></span> <span class='ocrx_word' id='word_1_722' title='bbox 2347 5219 2550 5273; x_wconf 81' lang='lat' dir='ltr'><strong>auctori</strong></span> <span class='ocrx_word' id='word_1_723' title='bbox 2571 5219 2808 5271; x_wconf 88' lang='lat' dir='ltr'><strong>omnium</strong></span> <span class='ocrx_word' id='word_1_724' title='bbox 2829 5217 3115 5271; x_wconf 84' lang='lat' dir='ltr'><strong>dilectione</strong></span> <span class='ocrx_word' id='word_1_725' title='bbox 3135 5215 3202 5271; x_wconf 69' lang='grc' dir='ltr'><strong>[οι</strong></span> <span class='ocrx_word' id='word_1_726' title='bbox 3219 5216 3421 5273; x_wconf 81' lang='lat' dir='ltr'><strong>tissima</strong></span> <span class='ocrx_word' id='word_1_727' title='bbox 3443 5219 3816 5278; x_wconf 53' lang='lat' dir='ltr'><strong>:idtiwserunt.</strong></span> 
     </span>
    </p>
   </div>
   <div class='ocr_carea' id='block_1_96' title="bbox 2219 5307 3815 5381">
    <p class='ocr_par' dir='ltr' id='par_1_96' title="bbox 2219 5307 3815 5381">
     <span class='ocr_line' id='line_1_97' title="bbox 2219 5307 3815 5381; baseline 0.003 -15"><span class='ocrx_word' id='word_1_728' title='bbox 2219 5310 2324 5366; x_wconf 89' lang='lat' dir='ltr'><strong>Sed</strong></span> <span class='ocrx_word' id='word_1_729' title='bbox 2355 5320 2407 5365; x_wconf 87' lang='lat' dir='ltr'><strong>et</strong></span> <span class='ocrx_word' id='word_1_730' title='bbox 2433 5309 2508 5363; x_wconf 89' lang='lat' dir='ltr'><strong>illi</strong></span> <span class='ocrx_word' id='word_1_731' title='bbox 2534 5308 2703 5364; x_wconf 92' lang='lat' dir='ltr'><strong>Deum</strong></span> <span class='ocrx_word' id='word_1_732' title='bbox 2733 5318 2880 5363; x_wconf 90' lang='lat' dir='ltr'><strong>recte</strong></span> <span class='ocrx_word' id='word_1_733' title='bbox 2912 5307 3139 5378; x_wconf 85' lang='lat' dir='ltr'><strong>diligere</strong></span> <span class='ocrx_word' id='word_1_734' title='bbox 3166 5309 3549 5378; x_wconf 84' lang='lat' dir='ltr'><strong>approbantur,</strong></span> <span class='ocrx_word' id='word_1_735' title='bbox 3585 5316 3673 5381; x_wconf 87' lang='lat' dir='ltr'><strong>qui</strong></span> <span class='ocrx_word' id='word_1_736' title='bbox 3706 5331 3815 5370; x_wconf 86' lang='lat' dir='ltr'><strong>non</strong></span> 
     </span>
    </p>
   </div>
   <div class='ocr_carea' id='block_1_97' title="bbox 2217 5398 3814 5471">
    <p class='ocr_par' dir='ltr' id='par_1_97' title="bbox 2217 5398 3814 5471">
     <span class='ocr_line' id='line_1_98' title="bbox 2217 5398 3814 5471; baseline 0.001 -17"><span class='ocrx_word' id='word_1_737' title='bbox 2217 5400 2388 5455; x_wconf 89' lang='lat' dir='ltr'><strong>solum</strong></span> <span class='ocrx_word' id='word_1_738' title='bbox 2422 5401 2472 5454; x_wconf 92' lang='lat' dir='ltr'><strong>iu</strong></span> <span class='ocrx_word' id='word_1_739' title='bbox 2507 5398 2805 5465; x_wconf 84' lang='lat' dir='ltr'><strong>beneﬁciis,</strong></span> <span class='ocrx_word' id='word_1_740' title='bbox 2833 5399 2925 5453; x_wconf 90' lang='lat' dir='ltr'><strong>sed</strong></span> <span class='ocrx_word' id='word_1_741' title='bbox 2975 5400 3029 5453; x_wconf 94' lang='lat' dir='ltr'><strong>in</strong></span> <span class='ocrx_word' id='word_1_742' title='bbox 3061 5399 3281 5469; x_wconf 83' lang='lat' dir='ltr'><strong>ﬂagellis</strong></span> <span class='ocrx_word' id='word_1_743' title='bbox 3314 5400 3482 5470; x_wconf 84' lang='lat' dir='ltr'><strong>ipsius</strong></span> <span class='ocrx_word' id='word_1_744' title='bbox 3507 5406 3814 5471; x_wconf 74' lang='lat' dir='ltr'><strong>constituti,</strong></span> 
     </span>
    </p>
   </div>
   <div class='ocr_carea' id='block_1_98' title="bbox 519 5480 3811 5567">
    <p class='ocr_par' dir='ltr' id='par_1_98' title="bbox 519 5480 3811 5567">
     <span class='ocr_line' id='line_1_99' title="bbox 519 5480 3811 5567; baseline 0.001 -20"><span class='ocrx_word' id='word_1_745' title='bbox 519 5494 569 5547; x_wconf 89' lang='lat' dir='ltr'><strong>id</strong></span> <span class='ocrx_word' id='word_1_746' title='bbox 598 5507 683 5550; x_wconf 89' lang='lat' dir='ltr'><strong>est</strong></span> <span class='ocrx_word' id='word_1_747' title='bbox 709 5512 865 5552; x_wconf 87' lang='lat' dir='ltr'><strong>sacer</strong></span> <span class='ocrx_word' id='word_1_748' title='bbox 894 5497 1144 5566; x_wconf 78' lang='lat' dir='ltr'><strong>Spiritus,</strong></span> <span class='ocrx_word' id='word_1_749' title='bbox 1172 5498 1260 5567; x_wconf 87' lang='lat' dir='ltr'><strong>qui</strong></span> <span class='ocrx_word' id='word_1_750' title='bbox 1292 5511 1320 5550; x_wconf 92' lang='lat' dir='ltr'><strong>a</strong></span> <span class='ocrx_word' id='word_1_751' title='bbox 1351 5499 1458 5554; x_wconf 87' lang='lat' dir='ltr'><strong>Deo</strong></span> <span class='ocrx_word' id='word_1_752' title='bbox 1485 5497 1708 5553; x_wconf 71' lang='lat' dir='ltr'><strong>diliusus</strong></span> <span class='ocrx_word' id='word_1_753' title='bbox 1753 5509 1828 5552; x_wconf 86' lang='lat' dir='ltr'><strong>est</strong></span> <span class='ocrx_word' id='word_1_754' title='bbox 1863 5497 1913 5551; x_wconf 90' lang='lat' dir='ltr'><strong>in</strong></span> <span class='ocrx_word' id='word_1_755' title='bbox 1947 5497 2105 5551; x_wconf 74' lang='lat' dir='ltr'><strong>Chri-</strong></span> <span class='ocrx_word' id='word_1_756' title='bbox 2139 5480 2194 5541; x_wconf 72' lang='grc' dir='ltr'><strong><em>Β</em></strong></span> <span class='ocrx_word' id='word_1_757' title='bbox 2214 5493 2461 5548; x_wconf 89' lang='lat' dir='ltr'><strong>similiter</strong></span> <span class='ocrx_word' id='word_1_758' title='bbox 2490 5491 2693 5562; x_wconf 84' lang='lat' dir='ltr'><strong>gratias</strong></span> <span class='ocrx_word' id='word_1_759' title='bbox 2723 5501 2884 5561; x_wconf 80' lang='lat' dir='ltr'><strong>agunt</strong></span> <span class='ocrx_word' id='word_1_760' title='bbox 2929 5492 3067 5547; x_wconf 88' lang='lat' dir='ltr'><strong>sicut</strong></span> <span class='ocrx_word' id='word_1_761' title='bbox 3093 5501 3148 5547; x_wconf 89' lang='lat' dir='ltr'><strong>et</strong></span> <span class='ocrx_word' id='word_1_762' title='bbox 3179 5492 3268 5546; x_wconf 78' lang='lat' dir='ltr'><strong>iile</strong></span> <span class='ocrx_word' id='word_1_763' title='bbox 3304 5493 3520 5550; x_wconf 80' lang='lat' dir='ltr'><strong>dicebat</strong></span> <span class='ocrx_word' id='word_1_764' title='bbox 3549 5513 3561 5548; x_wconf 93' lang='lat'><strong>:</strong></span> <span class='ocrx_word' id='word_1_765' title='bbox 3590 5495 3811 5554; x_wconf 77' lang='lat' dir='ltr'><strong>Benedi-</strong></span> 
     </span>
    </p>
   </div>
   <div class='ocr_carea' id='block_1_99' title="bbox 519 5579 2106 5658">
    <p class='ocr_par' dir='ltr' id='par_1_99' title="bbox 519 5579 2106 5658">
     <span class='ocr_line' id='line_1_100' title="bbox 519 5579 2106 5658; baseline 0.004 -20"><span class='ocrx_word' id='word_1_766' title='bbox 519 5598 622 5651; x_wconf 54' lang='grc' dir='ltr'><strong>θυι,</strong></span> <span class='ocrx_word' id='word_1_767' title='bbox 644 5588 903 5642; x_wconf 85' lang='lat' dir='ltr'><strong>descendit</strong></span> <span class='ocrx_word' id='word_1_768' title='bbox 927 5589 1083 5642; x_wconf 72' lang='lat' dir='ltr'><strong>etiam</strong></span> <span class='ocrx_word' id='word_1_769' title='bbox 1103 5590 1154 5642; x_wconf 90' lang='lat' dir='ltr'><strong>in</strong></span> <span class='ocrx_word' id='word_1_770' title='bbox 1182 5605 1319 5643; x_wconf 82' lang='lat' dir='ltr'><strong>oram</strong></span> <span class='ocrx_word' id='word_1_771' title='bbox 1347 5579 1627 5643; x_wconf 79' lang='lat' dir='ltr'><strong>vestimenti</strong></span> <span class='ocrx_word' id='word_1_772' title='bbox 1671 5590 1804 5658; x_wconf 75' lang='lat' dir='ltr'><strong>ejus,</strong></span> <span class='ocrx_word' id='word_1_773' title='bbox 1830 5604 1892 5642; x_wconf 89' lang='lat' dir='ltr'><strong>ac</strong></span> <span class='ocrx_word' id='word_1_774' title='bbox 1917 5598 2106 5654; x_wconf 87' lang='lat' dir='ltr'><strong>totam,</strong></span> 
     </span>
    </p>
   </div>
   <div class='ocr_carea' id='block_1_100' title="bbox 517 5675 2106 5750">
    <p class='ocr_par' dir='ltr' id='par_1_100' title="bbox 517 5675 2106 5750">
     <span class='ocr_line' id='line_1_101' title="bbox 517 5675 2106 5750; baseline 0.003 -20"><span class='ocrx_word' id='word_1_775' title='bbox 517 5688 690 5744; x_wconf 84' lang='lat' dir='ltr'><strong>usque</strong></span> <span class='ocrx_word' id='word_1_776' title='bbox 725 5675 778 5728; x_wconf 91' lang='lat' dir='ltr'><strong>in</strong></span> <span class='ocrx_word' id='word_1_777' title='bbox 807 5676 998 5744; x_wconf 82' lang='lat' dir='ltr'><strong>linem,</strong></span> <span class='ocrx_word' id='word_1_778' title='bbox 1029 5678 1323 5733; x_wconf 79' lang='lat' dir='ltr'><strong>Ecclesium</strong></span> <span class='ocrx_word' id='word_1_779' title='bbox 1363 5681 1565 5749; x_wconf 83' lang='lat' dir='ltr'><strong>replet;</strong></span> <span class='ocrx_word' id='word_1_780' title='bbox 1599 5696 1716 5750; x_wconf 75' lang='lat' dir='ltr'><strong>qua:</strong></span> <span class='ocrx_word' id='word_1_781' title='bbox 1755 5680 1804 5734; x_wconf 86' lang='lat' dir='ltr'><strong>ei</strong></span> <span class='ocrx_word' id='word_1_782' title='bbox 1839 5682 2106 5735; x_wconf 67' lang='lat' dir='ltr'><strong>inlimren-</strong></span> 
     </span>
    </p>
   </div>
   <div class='ocr_carea' id='block_1_101' title="bbox 513 5767 2103 5842">
    <p class='ocr_par' dir='ltr' id='par_1_101' title="bbox 513 5767 2103 5842">
     <span class='ocr_line' id='line_1_102' title="bbox 513 5767 2103 5842; baseline 0.005 -18"><span class='ocrx_word' id='word_1_783' title='bbox 513 5767 606 5833; x_wconf 83' lang='lat' dir='ltr'><strong>do,</strong></span> <span class='ocrx_word' id='word_1_784' title='bbox 633 5767 746 5823; x_wconf 85' lang='lat' dir='ltr'><strong>sine</strong></span> <span class='ocrx_word' id='word_1_785' title='bbox 790 5768 950 5824; x_wconf 83' lang='lat' dir='ltr'><strong>dubio</strong></span> <span class='ocrx_word' id='word_1_786' title='bbox 983 5773 1146 5825; x_wconf 77' lang='lat' dir='ltr'><strong>Vestis</strong></span> <span class='ocrx_word' id='word_1_787' title='bbox 1177 5771 1340 5838; x_wconf 62' lang='lat' dir='ltr'><strong>ipsius</strong></span> <span class='ocrx_word' id='word_1_788' title='bbox 1369 5783 1469 5828; x_wconf 85' lang='lat' dir='ltr'><strong>est.</strong></span> <span class='ocrx_word' id='word_1_789' title='bbox 1503 5773 1634 5829; x_wconf 60' lang='lat' dir='ltr'><strong>Num</strong></span> <span class='ocrx_word' id='word_1_790' title='bbox 1667 5775 1718 5828; x_wconf 88' lang='lat' dir='ltr'><strong>in</strong></span> <span class='ocrx_word' id='word_1_791' title='bbox 1754 5774 2103 5842; x_wconf 79' lang='lat' dir='ltr'><strong>transﬁgura-</strong></span> 
     </span>
    </p>
   </div>
   <div class='ocr_carea' id='block_1_102' title="bbox 2216 5586 3812 5660">
    <p class='ocr_par' dir='ltr' id='par_1_102' title="bbox 2216 5586 3812 5660">
     <span class='ocr_line' id='line_1_103' title="bbox 2216 5586 3812 5660; baseline 0.004 -22"><span class='ocrx_word' id='word_1_792' title='bbox 2216 5603 2329 5639; x_wconf 82' lang='lat' dir='ltr'><strong>cam</strong></span> <span class='ocrx_word' id='word_1_793' title='bbox 2364 5587 2646 5640; x_wconf 84' lang='lat' dir='ltr'><strong>Dominum</strong></span> <span class='ocrx_word' id='word_1_794' title='bbox 2680 5587 2733 5638; x_wconf 86' lang='lat' dir='ltr'><strong>in</strong></span> <span class='ocrx_word' id='word_1_795' title='bbox 2767 5586 2905 5639; x_wconf 86' lang='lat' dir='ltr'><strong>omni</strong></span> <span class='ocrx_word' id='word_1_796' title='bbox 2937 5594 3182 5655; x_wconf 83' lang='lat' dir='ltr'><strong>tempore,</strong></span> <span class='ocrx_word' id='word_1_797' title='bbox 3213 5587 3328 5640; x_wconf 83' lang='lat' dir='ltr'><strong>laus</strong></span> <span class='ocrx_word' id='word_1_798' title='bbox 3351 5588 3459 5660; x_wconf 67' lang='lat' dir='ltr'><strong>ejus</strong></span> <span class='ocrx_word' id='word_1_799' title='bbox 3489 5589 3539 5642; x_wconf 82' lang='lat' dir='ltr'><strong>in</strong></span> <span class='ocrx_word' id='word_1_800' title='bbox 3579 5608 3670 5644; x_wconf 84' lang='lat' dir='ltr'><strong>ore</strong></span> <span class='ocrx_word' id='word_1_801' title='bbox 3698 5609 3812 5650; x_wconf 64' lang='lat' dir='ltr'><strong>meo</strong></span> 
     </span>
    </p>
   </div>
   <div class='ocr_carea' id='block_1_103' title="bbox 2214 5677 3809 5751">
    <p class='ocr_par' dir='ltr' id='par_1_103' title="bbox 2214 5677 3809 5751">
     <span class='ocr_line' id='line_1_104' title="bbox 2214 5677 3809 5751; baseline 0.007 -22"><span class='ocrx_word' id='word_1_802' title='bbox 2214 5677 2388 5751; x_wconf 85' lang='lat' dir='ltr'><strong>(Psal.</strong></span> <span class='ocrx_word' id='word_1_803' title='bbox 2417 5679 2642 5747; x_wconf 70' lang='lat' dir='ltr'><strong>xxxm):</strong></span> <span class='ocrx_word' id='word_1_804' title='bbox 2677 5677 2851 5744; x_wconf 84' lang='lat' dir='ltr'><strong>idest,</strong></span> <span class='ocrx_word' id='word_1_805' title='bbox 2880 5687 2934 5732; x_wconf 86' lang='lat' dir='ltr'><strong>et</strong></span> <span class='ocrx_word' id='word_1_806' title='bbox 2954 5677 3167 5747; x_wconf 83' lang='lat' dir='ltr'><strong>quando</strong></span> <span class='ocrx_word' id='word_1_807' title='bbox 3197 5680 3430 5734; x_wconf 70' lang='lat' dir='ltr'><strong>laetitiam</strong></span> <span class='ocrx_word' id='word_1_808' title='bbox 3462 5696 3527 5736; x_wconf 73' lang='lat' dir='ltr'><strong>ex</strong></span> <span class='ocrx_word' id='word_1_809' title='bbox 3559 5682 3706 5737; x_wconf 86' lang='lat' dir='ltr'><strong>dono</strong></span> <span class='ocrx_word' id='word_1_810' title='bbox 3728 5703 3809 5740; x_wconf 86' lang='lat' dir='ltr'><strong>ca-</strong></span> 
     </span>
    </p>
   </div>
   <div class='ocr_carea' id='block_1_104' title="bbox 2216 5770 3804 5847">
    <p class='ocr_par' dir='ltr' id='par_1_104' title="bbox 2216 5770 3804 5847">
     <span class='ocr_line' id='line_1_105' title="bbox 2216 5770 3804 5847; baseline 0.007 -23"><span class='ocrx_word' id='word_1_811' title='bbox 2216 5772 2326 5842; x_wconf 80' lang='lat' dir='ltr'><strong>pio,</strong></span> <span class='ocrx_word' id='word_1_812' title='bbox 2348 5781 2398 5827; x_wconf 89' lang='lat' dir='ltr'><strong>et</strong></span> <span class='ocrx_word' id='word_1_813' title='bbox 2417 5771 2630 5839; x_wconf 76' lang='lat' dir='ltr'><strong>quando</strong></span> <span class='ocrx_word' id='word_1_814' title='bbox 2657 5770 2899 5824; x_wconf 83' lang='lat' dir='ltr'><strong>dolorem</strong></span> <span class='ocrx_word' id='word_1_815' title='bbox 2931 5770 3141 5840; x_wconf 82' lang='lat' dir='ltr'><strong>(eodem</strong></span> <span class='ocrx_word' id='word_1_816' title='bbox 3167 5771 3509 5845; x_wconf 78' lang='lat' dir='ltr'><strong>corripiente)</strong></span> <span class='ocrx_word' id='word_1_817' title='bbox 3539 5777 3804 5847; x_wconf 71' lang='lat' dir='ltr'><strong>soscipio.</strong></span> 
     </span>
    </p>
   </div>
  </div>
