4070 6454
303 296 402 352 963

1266 291 1328 346 IN
1367 288 1658 347 CANTICA
1701 291 2144 350 CAN'I‘ICOClUM
2186 292 2617 350 EXPLICATIO.

3477 300 3586 355 πί)

298 410 446 465 Sient
481 408 616 462 alius
646 421 856 476 quoque
885 405 1353 460 vehementissima
1402 408 1651 474 passione
1696 407 1887 477 proba-
1919 414 1964 473 Α
1996 425 2149 464 uram
2176 411 2490 467 custodiret.
2528 413 2586 466 Et
2610 411 2851 481 sequitur
2875 456 2889 478 ,
2932 412 3140 468 Vineam
3169 418 3335 469 meam
3354 431 3458 471 non
3482 433 3577 471 cu-

300 511 407 567 tus,
439 514 603 553 carne
650 499 891 567 puttidns
912 541 924 563 ,
953 506 1006 551 ct
1046 498 1290 552 sincerus
1320 502 1481 552 corde
1522 499 1730 552 locutus
1760 510 1841 555 est
1873 516 1885 552 :

303 594 359 649 Si
389 594 521 646 bona
550 593 866 660 suscepimus
917 591 980 643 de
1020 606 1176 644 manu
1220 590 1462 659 Domini,
1495 592 1632 644 mala
1670 606 1762 644 cur
1790 608 1891 645 non

300 684 638 737 sustineamus
660 683 686 736 Σ)
724 681 977 735 Dominus
1005 683 1173 745 dedit,
1210 682 1460 735 Dominus
1498 683 1723 748 abstulit,
1758 688 1890 735 sicut

300 773 524 828 Domino
555 774 746 840 placuit
770 774 841 826 ita
868 774 1060 841 factum
1084 783 1153 826 est
1176 790 1193 839 ;
1219 775 1282 827 sit
1306 790 1512 838 nomen,
1544 786 1649 827 etc.

365 867 521 922 Num.
556 867 609 921 8.
649 865 814 935 Nigra
856 882 999 929 sum,
1026 871 1113 919 sed
1144 867 1389 936 formosa,
1416 868 1529 934 filia
1566 865 1883 934 Jerusalem,

297 961 427 1013 sicut
456 958 785 1012 tabernacula
834 957 1020 1011 Ccdar.
1053 958 1210 1027 Nigra
1259 958 1601 1013 confessione
1642 970 1889 1029 peccato-

300 1069 438 1117 rum,
472 1052 705 1106 lurtnusa
738 1052 906 1120 gratia
936 1053 1282 1117 sacramenti,
1314 1052 1420 1106 tilia
1452 1053 1772 1110 Jerusalem.
1812 1056 1887 1111 Ex

298 1145 385 1198 illa
410 1146 553 1198 enim
581 1144 971 1211 primitivorum
1004 1143 1242 1198 Ecclesia
1266 1159 1359 1212 per
1391 1145 1737 1213 Evangelium
1766 1157 1888 1200 nata

298 1246 377 1291 est
407 1252 525 1305 qua:
557 1236 727 1303 prima
757 1235 1053 1289 crediditin
1073 1234 1366 1291 Jerusalem
1390 1278 1402 1302 ,
1427 1238 1513 1291 vel
1545 1248 1725 1305 certe,
1752 1238 1811 1290 sit
1833 1250 1890 1293 ut

298 1328 587 1398 Apostolus
610 1326 741 1381 dicit
764 1344 778 1379 :
814 1327 920 1380 illa
944 1343 1059 1397 qui?
1080 1345 1283 1381 sursum
1312 1339 1381 1382 est
1402 1327 1710 1392 Jerusalem,
1732 1332 1890 1384 libera

298 1431 389 1486 est,
421 1437 533 1490 qua:
555 1430 627 1474 est
656 1431 817 1473 mater
845 1431 1019 1474 nostra
1052 1419 1247 1489 (Colat.
1278 1420 1380 1492 tv).
1418 1425 1481 1475 Η
1521 1425 1733 1489 merito,
1767 1427 1889 1493 quia

296 1513 552 1566 assimilat
585 1526 644 1567 se
675 1513 1030 1565 tabernaculis
1058 1512 1265 1577 Cedar;
1298 1514 1438 1582 quod
1471 1512 1884 1583 interpretatur,

297 1601 644 1657 obscuritatis
673 1619 687 1668 ;
718 1603 783 1656 ad
817 1603 972 1672 cujus
997 1602 1137 1657 lilios
1158 1604 1449 1671 Apostolus
1477 1603 1608 1657 dicit
1642 1621 1653 1657 :
1688 1603 1888 1661 Fuistis

297 1695 572 1763 aliquando
601 1694 837 1759 tenebrat,
867 1711 1001 1747 nunc
1025 1701 1199 1746 autent
1222 1696 1314 1747 tua:
1335 1695 1387 1747 in
1420 1694 1638 1749 Domino
1668 1695 1882 1765 (Ephes.

1992 503 2194 555 stodivi.
2232 503 2424 558 Facius
2453 504 2596 558 enim
2620 520 2683 560 ex
2708 505 2870 561 Sattlo
2901 504 3120 574 Paulus,
3148 522 3212 562 ex
3238 519 3584 577 persecutore

1993 597 2335 665 praedicator,
2365 597 2490 651 dum
2515 599 2730 653 verbum
2755 599 2850 653 Dei
2872 598 3072 654 Judais
3092 601 3585 659 contradicentibus

1997 687 2313 751 prmdicart-t
2339 691 2626 743 etomnino
2658 702 3027 759 sperneretur,
3061 692 3264 747 eisdem
3290 694 3590 750 incredulis

1992 774 2126 828 dixit
2152 793 2164 827 :
2204 776 2355 832 Vobis
2378 780 2581 848 quidem
2624 782 2884 850 oportebat
2928 784 3203 853 prtcdicari
3232 784 3437 838 verbum
3467 784 3585 851 Dii,

1990 868 2081 920 sed
2120 870 2357 935 quoniam
2387 873 2646 939 repulistis
2695 876 2824 927 illud
2854 885 2901 928 et
2942 877 3179 945 indignos
3202 892 3287 930 cos
3308 878 3585 946 judiccstis

1992 968 2137 1012 tanta
2165 962 2348 1028 salute,
2374 978 2486 1015 ecce
2507 966 2841 1018 convertimur
2867 968 2935 1019 ad
2964 984 3007 1036 ge
3026 979 3155 1035 ntes,
3190 969 3262 1021 sic
3287 969 3420 1021 enim
3450 983 3583 1038 prat-

1990 1052 2295 1121 ccpit'nobis
2316 1070 2408 1124 per
2441 1054 2762 1125 Scripturam
2787 1056 3076 1109 Dominus:
3100 1056 3234 1111 Dedi
3264 1066 3312 1111 te
3338 1059 3390 1110 in
3420 1059 3584 1111 lucem

1991 1144 2238 1212 gentium,
2268 1154 2323 1197 ut
2351 1146 2419 1199 sis
2448 1148 2501 1199 in
2553 1149 2769 1199 salutem
2817 1163 2976 1215 usque
3019 1148 3090 1200 ad
3122 1158 3402 1201 extremum
3436 1158 3586 1202 terra:

1991 1232 2108 1302 (Act
2161 1233 2426 1301 snt;1sa.
2459 1240 2626 1305 xux).
2665 1237 2759 1291 Vel
2787 1240 2926 1292 sicut
2955 1240 3066 1307 ipse
3092 1238 3157 1291 ad
3198 1239 3414 1293 Galatas
3450 1239 3588 1294 seti-

1993 1327 2125 1393 psit,
2162 1327 2394 1379 Audistis
2422 1330 2853 1385 conversationem
2884 1346 3043 1382 meam
3072 1330 3123 1381 in
3148 1328 3442 1395 Judaismo,
3463 1330 3586 1399 qu’a

1990 1418 2325 1487 persequebar
2372 1417 2655 1473 Eccles'am
2700 1420 2830 1487 Dei,
2863 1432 2908 1475 et
2950 1422 3303 1491 expugnabam
3341 1420 3490 1475 illam
3536 1430 3585 1474 et

1992 1509 2318 1575 proﬁciebam
2358 1510 2409 1562 in
2438 1511 2712 1566 Juduismo
2742 1529 2901 1579 supra
2933 1513 3077 1566 mult:
3096 1529 3118 1567 s
3144 1526 3427 1567 cowtaneos
3451 1528 3586 1567 meos

1990 1601 2043 1654 in
2072 1619 2255 1672 genere
2292 1621 2398 1683 meo
2421 1646 2434 1671 ,
2460 1606 2804 1660 abundantius
2842 1605 3112 1660 wutulator
3141 1608 3367 1661 existens
3408 1616 3586 1677 pater-

1994 1711 2179 1747 narum
2226 1714 2451 1750 mearum
2491 1700 2824 1752 traditionum
2852 1699 2993 1769 (Gal.
3022 1696 3084 1771 ι).
3120 1701 3181 1754 Ει
3210 1700 3403 1754 iterum
3432 1718 3446 1755 :
3479 1700 3585 1755 Sed

300 1788 375 1855 ν).
410 1786 589 1840 Potest
634 1787 795 1839 etiam
831 1787 978 1856 nigra
1003 1788 1211 1849 vocari,
1245 1800 1365 1839 cum
1398 1788 1754 1856 passioitibus,
1787 1805 1887 1858 op-
1923 1788 1965 1846 Β
1995 1804 2109 1853 (μιαί
2136 1790 2259 1842 mihi
2284 1792 2486 1857 {uerunt
2519 1794 2687 1859 lucra,
2714 1793 2823 1846 ha'c
2842 1794 3117 1846 arbitratus
3145 1808 3258 1846 sum
3281 1795 3590 1847 detrimenta

299 1879 557 1946 prohriis,
601 1878 939 1931 contumeliis
996 1886 1050 1932 ιιι
1094 1879 1367 1946 des-pectui
1411 1878 1660 1932 traditur.
1694 1879 1885 1934 Consi-

298 1970 421 2024 dera
448 1969 654 2039 nigram
684 1977 843 2037 atque
868 1967 1159 2023 formosam
1189 1986 1202 2023 :
1237 1969 1290 2022 in
1319 1968 1486 2023 Paulo
1512 1985 1526 2022 :
1552 1968 1619 2022 In
1649 1973 1884 2025 omnibus

298 2061 675 2114 tribulationem
704 2061 962 2129 patimur,
1010 2060 1106 2114 sed
1128 2077 1228 2113 non
1257 2063 1647 2131 angustiamur;
1678 2065 1887 2131 aporia-

299 2170 428 2217 mur,
458 2153 547 2208 sed
572 2169 676 2207 non
699 2152 1066 2216 destituimur;
1098 2153 1389 2221 dejicimur,
1421 2154 1510 2208 sed
1535 2171 1637 2208 non
1662 2157 1886 2221 perimus

299 2244 380 2315 (Il
399 2244 519 2300 Cor.
552 2245 652 2313 tv).
676 2243 1137 2310 Quemadmodum
1169 2246 1512 2301 tabernacula
1537 2249 1741 2313 Cedar;
1774 2259 1887 2303 tan-

297 2355 447 2407 quam
478 2348 816 2408 purgamenta
860 2339 1016 2407 hujus
1045 2339 1224 2393 mundi
1274 2341 1399 2407 [acti
1437 2357 1633 2408 sumus,
1659 2324 1887 2395 omnium

297 2432 618 2501 peripsema;
649 2441 703 2484 et
736 2430 875 2484 sicut
901 2430 1053 2496 pellis
1080 2430 1404 2497 Salomonis,
1441 2448 1641 2502 semper
1668 2435 1884 2503 morti/i—

296 2523 551 2577 cationem
579 2521 707 2576 Jesu
740 2521 931 2577 Christi
974 2526 1026 2576 in
1051 2536 1208 2577 carne
1257 2532 1430 2579 nostra
1458 2525 1887 2596 circumferentes,

297 2626 348 2668 ut
374 2618 475 2671 rita
503 2614 628 2670 Jesu
660 2616 1013 2683 manifestatur
1052 2615 1107 2669 in
1146 2632 1299 2670 carne
1337 2627 1513 2670 nostra
1551 2618 1778 2673 mortali.

369 2711 526 2764 Num.
559 2709 612 2764 9.
640 2707 822 2764 Nolite
851 2726 929 2763 me
952 2710 1275 2765 considerare
1298 2712 1435 2779 quod
1457 2714 1604 2781 fusca
1625 2713 1744 2779 sim,
1768 2712 1891 2783 quia

298 2801 612 2857 decoloravit
639 2818 716 2855 me
745 2802 843 2855 sol.
883 2800 937 2854 ld
966 2811 1089 2856 est:
1121 2804 1289 2857 nolite
1333 2819 1417 2857 me
1454 2804 1800 2857 constitutam
1836 2804 1889 2858 in

305 2896 683 2963 persecutione
729 2894 1047 2964 despicere;
1080 2904 1242 2950 aestus
1293 2895 1437 2950 enint
1489 2896 1888 2950 tribulationum

298 2988 562 3051 sustinui,
594 2996 648 3042 et
685 2987 837 3056 quasi
884 2986 1136 3041 decorem
1176 2988 1494 3055 temporalis
1537 2988 1891 3057 iucunditatis

299 3080 485 3133 amisi:
523 3076 623 3132 Per
649 3080 837 3132 multas
864 3079 1005 3132 enim
1048 3079 1398 3134 tribulationes
1446 3093 1640 3148 oportet
1699 3096 1785 3135 me
1813 3082 1893 3134 in-

1990 1882 2216 1959 (l’hilip.
2252 1882 2354 1953 tn),
2391 1894 2641 1955 tanquam
2676 1887 2775 1941 sub
2822 1888 3106 1956 muigmate
3135 1888 3320 1943 dicens
3345 1906 3359 1943 :
3389 1887 3586 1944 Parue-

1989 1986 2107 2028 runt
2135 1992 2212 2029 me
2259 1979 2523 2032 custodem
2558 1979 2735 2043 vineis,
2764 1980 2965 2033 vineam
2995 1995 3159 2032 meam
3189 1982 3330 2035 enim
3363 1995 3465 2034 non
3498 1996 3587 2034 cu-

1988 2066 2194 2119 stodivi.

2060 2158 2220 2213 Num.
2258 2160 2342 2212 12.
2373 2159 2556 2213 Indica
2586 2160 2710 2214 mihi
2753 2178 2899 2231 quem
2929 2162 3099 2233 diligit
3129 2163 3302 2216 anima
3337 2178 3478 2225 mea,
3500 2162 3591 2215 ubi

1994 2266 2177 2318 pascas
2196 2290 2211 2316 ,
2243 2251 2327 2303 ubi
2350 2253 2502 2305 cubas
2532 2252 2583 2305 in
2611 2254 2837 2306 meridie.
2870 2253 3123 2321 Legimus
3167 2254 3220 2308 in
3254 2254 3544 2325 Evangelio
3571 2272 3582 2306 :

1992 2342 2052 2398 Si
2082 2343 2342 2411 dixerint,
2378 2342 2508 2397 Ecce
2539 2343 2625 2397 hic
2668 2354 2741 2397 est
2787 2344 3054 2408 Christus,
3087 2361 3199 2398 ecce
3243 2345 3385 2412 illic,
3431 2345 3588 2399 nolite

1991 2436 2133 2490 exire
2153 2434 2369 2506 (Matth.
2401 2452 2527 2491 xstv
2550 2454 2566 2503 ;
2591 2435 2759 2492 Marc.
2801 2438 2944 2508 sui).
2978 2437 3075 2493 llic
3100 2438 3245 2493 enim
3274 2449 3432 2508 atque
3454 2439 3586 2505 illic,

1995 2538 2175 2595 partes
2218 2542 2340 2582 esse
2378 2539 2708 2595 noscuntur;
2735 2526 2979 2583 Christus
3016 2536 3193 2583 autem
3238 2530 3291 2583 in
3340 2528 3587 2584 Ecclesia

1992 2618 2255 2674 catholica
2286 2628 2536 2689 tanquam
2578 2619 2631 2673 in
2661 2620 2886 2675 meridie
2913 2620 3139 2686 cubans,
3182 2621 3440 2675 mundum
3466 2619 3587 2675 uni.

1993 2724 2213 2764 versum
2237 2724 2335 2763 suo
2377 2708 2586 2778 fulgore
2630 2710 2892 2778 perfudit,
2924 2720 2979 2766 et
3008 2712 3060 2766 in
3092 2713 3285 2781 spiritu
3329 2712 3586 2768 ferventi-

1995 2801 2094 2855 bus
2118 2797 2425 2871 requiescit,
2456 2812 2615 2871 atque
2645 2816 2709 2856 ex
2734 2817 2796 2857 ea
2826 2803 3090 2859 charitate
3119 2820 3221 2874 qua
3246 2805 3432 2861 urbem
3461 2806 3582 2860 uui-

1997 2905 2214 2945 versum
2255 2892 2499 2961 irradiat,
2533 2893 2816 2949 credentes
2867 2894 2921 2950 in
2970 2909 3031 2951 se
3081 2896 3308 2967 populos
3347 2898 3589 2966 quotidie

1997 2984 2187 3051 pascit.

2068 3077 2222 3132 Num.
2259 3078 2347 3133 15.
2382 3077 2462 3133 Ne
2490 3080 2665 3149 vagari
2694 3079 2937 3149 incipiam
2984 3095 3074 3149 per
3109 3095 3284 3150 greges
3330 3078 3587 3133 sodalium

299 3181 435 3224 trare
462 3171 515 3223 in
552 3184 765 3239 regnum
796 3165 893 3223 Dei
939 3169 1077 3237 (Act.
1110 3172 1245 3240 stv).
1280 3170 1336 3224 In
1376 3172 1479 3226 illis
1506 3186 1735 3241 namque
1772 3187 1890 3226 sum
1922 3167 1968 3231 C
2001 3179 2203 3224 tuorum
2227 3186 2246 3225 :
2268 3170 2321 3226 id
2347 3182 2451 3238 est,
2472 3172 2589 3229 siin
2610 3187 2675 3228 ea
2699 3172 2945 3228 claritate
2973 3189 3075 3243 qua
3108 3173 3341 3229 lidclium
3374 3182 3588 3230 tuorum

298 3265 365 3319 de
403 3263 596 3333 quibus
635 3263 894 3332 scripturn
927 3270 1010 3316 est
1044 3280 1057 3315 :
1095 3262 1239 3316 Beati
1274 3264 1363 3333 qui
1412 3263 1620 3334 lugent,
1650 3266 1895 3333 quoniam

298 3358 397 3428 ipsi
421 3356 816 3411 consolabuntur
835 3371 854 3408 :
881 3364 930 3410 et
960 3371 1048 3410 vos
1082 3356 1286 3425 quidem
1328 3357 1591 3410 tristitiam
1620 3357 1889 3425 habebitis,

299 3449 523 3503 mundus
551 3461 722 3504 autem
747 3450 1007 3521 gaudebit,
1041 3449 1132 3502 sed
1154 3450 1367 3504 tris:itia
1382 3461 1544 3506 vestra
1571 3454 1624 3506 in
1644 3453 1894 3525 gaudium

301 3553 617 3597 convertetur
645 3541 859 3611 (Matth.
891 3558 951 3607 v;
979 3539 1142 3596 Joan.
1178 3542 1316 3612 xvr).

377 3632 533 3688 Num.
576 3634 656 3688 lO.
689 3633 817 3689 Filii
843 3639 1021 3691 matris
1047 3652 1169 3690 mea:
1200 3648 1548 3708 pugnaverunt
1588 3648 1767 3693 contra
1793 3655 1890 3694 me.

301 3724 424 3779 Filii
458 3724 661 3781 scilicet
691 3727 1010 3798 Synagogm,
1040 3729 1134 3797 qui
1173 3729 1451 3783 docentem
1497 3738 1551 3784 et
1578 3742 1890 3800 arguentem

301 3813 634 3883 Stephanum
661 3826 950 3887 martyrem
977 3817 1346 3886 lapidaverunt
1369 3835 1382 3872 :
1417 3818 1484 3873 Et
1510 3821 1650 3889 facta
1680 3830 1754 3875 est
1777 3840 1892 3891 per-

301 3906 495 3959 secutio
529 3923 717 3977 mvgna
759 3910 810 3961 in
843 3907 1073 3963 Ecclesia
1111 3925 1225 3980 quae
1267 3921 1376 3964 erat
1408 3911 1809 3982 Hierosolymis,
1842 3922 1888 3967 cl

302 4015 475 4054 onmes
504 4004 687 4070 fratres
715 4003 933 4073 dispersi
965 4012 1082 4057 sunt
1113 4021 1204 4073 per
1222 4005 1452 4075 regiones
1482 4004 1681 4062 Judwte
1710 4018 1756 4062 et
1789 4010 1891 4063 Sa-

307 4094 490 4147 maria:
522 4093 639 4165 (Act
687 4090 931 4163 vtu).Vel
957 4095 1028 4149 illi
1057 4098 1217 4150 etiam
1243 4110 1608 4168 pugnaverunt
1632 4102 1889 4157 adversus

308 4185 626 4253 Ecclesiatn,
662 4189 752 4255 qui
781 4187 1000 4242 Paulum
1028 4190 1403 4254 prtedicantem
1428 4191 1478 4245 in
1504 4193 1769 4261 gentibus,
1796 4209 1889 4262 per

303 4279 548 4334 civitates
581 4280 813 4349 singulas
840 4283 1103 4349 persecui
1140 4293 1283 4338 sunt.
1329 4285 1587 4339 Similiter
1613 4286 1767 4340 etilli
1799 4287 1887 4356 qui

302 4371 391 4426 his
410 4373 501 4441 qui
526 4386 594 4424 ex
620 4371 866 4440 gentibus
890 4373 1248 4439 crediderant,
1269 4392 1386 4431 (met
1402 4391 1430 4430 a
1458 4376 1589 4446 legis
1610 4378 1891 4447 imponen-

301 4465 372 4521 da
402 4468 714 4531 censebant,
747 4483 863 4534 qua:
894 4468 952 4521 Β.
984 4468 1214 4522 Jacohus
1244 4485 1361 4523 cum
1392 4470 1601 4526 czeteris
1629 4471 1887 4540 apostolis

2005 3267 2330 3322 universitas
2369 3266 2653 3333 consistit,
2687 3277 2736 3323 te
2765 3267 3091 3323 habitantem
3124 3268 3460 3339 ignoravere,
3494 3283 3588 3335 per

2000 3373 2191 3429 greges
2218 3357 2507 3425 sodalium,
2533 3359 2586 3413 id
2619 3367 2700 3416 est
2722 3375 2818 3430 per
2838 3360 3280 3430 eongregationes
3305 3361 3590 3417 baretieo-

2000 3464 2140 3515 rum,
2195 3450 2445 3519 incipiam
2486 3451 2763 3507 aberrare.
2796 3451 3022 3508 Sodales
3056 3454 3255 3524 quippe
3294 3450 3495 3508 Christi
3520 3467 3595 3508 ex.

1998 3539 2231 3609 quadam
2255 3552 2405 3608 parte
2427 3541 2664 3596 haeretici
2696 3537 3064 3611 appellentur,
3081 3543 3203 3612 quia
3229 3542 3586 3607 nativitatem,

2001 3632 2327 3702 passionem,
2361 3642 2415 3689 et
2441 3634 2890 3690 resurrectionem
2906 3632 3082 3703 ipsius
3108 3634 3462 3704 proﬁtentur;
3493 3635 3597 3690 sed.

1998 3727 2120 3796 quia
2148 3727 2216 3782 de
2236 3726 2369 3797 ipsis
2394 3726 2686 3797 Apostolus
2706 3725 2813 3781 ait:
2847 3720 3107 3779 Habentes
3143 3728 3361 3797 [oratam
3382 3727 3589 3797 pietatis

1997 3830 2044 3872 et
2074 3819 2282 3874 virtutes
2305 3822 2416 3892 ejus
2437 3819 2742 3893 abnegantes
2765 3815 2853 3888 (ll
2886 3817 3089 3871 Tim.ut
3124 3857 3141 3883 ,
3172 3833 3273 3871 non
3296 3818 3405 3886 jam
3433 3819 3596 3872 soda-r

2003 3912 2103 3977 IcS,
2134 3912 2229 3967 sed
2261 3910 2555 3967 adversarii
2581 3910 3018 3981 comprobantur.

2071 4006 2228 4061 Num.
2274 4006 2361 4061 14.
2394 4006 2453 4062 Si
2480 4006 2688 4078 ignoras
2712 4014 2779 4071 te,
2809 4022 2837 4058 ο
2869 4003 3215 4073 pulcherrima
3241 4003 3376 4055 inter
3403 3999 3588 4055 mulie-

1994 4114 2097 4164 res,
2149 4102 2381 4170 egredere
2403 4108 2449 4153 et
2484 4100 2567 4153 abi
2616 4108 2729 4168 post
2765 4098 2994 4169 vestigia.
3044 4096 3153 4150 Vox
3185 4095 3381 4150 Christi
3410 4105 3493 4149 est
3521 4094 3593 4150 ad

1998 4191 2296 4245 Ecclesium
2315 4229 2329 4253 ,
2355 4189 2416 4245 Si
2442 4191 2654 4261 ignoras
2694 4200 2761 4256 te,
2791 4205 2820 4241 o
2849 4188 3070 4258 pulchra
3093 4187 3223 4240 inter
3248 4186 3521 4239 mulieres:
3543 4186 3593 4242 si

1997 4297 2100 4335 non
2130 4281 2383 4349 intelligis
2410 4281 2529 4349 quia
2573 4290 2627 4334 tu
2654 4295 2712 4335 es
2760 4281 2848 4334 illa
2896 4280 2981 4334 cui
3020 4280 3075 4333 in
3104 4280 3307 4349 psalmo
3353 4278 3547 4333 dicitur
3571 4296 3589 4333 :

1994 4372 2151 4437 Audi,
2187 4374 2295 4440 [ilia
2318 4414 2333 4437 ,
2363 4380 2409 4425 et
2456 4372 2569 4425 vide
2589 4412 2603 4437 ,
2636 4382 2684 4425 et
2729 4372 2921 4424 inclina
2943 4387 3117 4425 aurem
3146 4379 3311 4439 tuam,
3341 4382 3388 4425 et
3414 4370 3593 4424 oblivi-

1995 4482 2134 4520 scere
2164 4465 2408 4535 papulum
2437 4475 2578 4518 tuum
2606 4477 2654 4519 et
2683 4467 2891 4518 domum
2932 4467 3094 4535 patris
3117 4467 3212 4529 tui,
3261 4467 3380 4535 quia
3411 4481 3595 4519 concu-

304 4557 594 4612 Salubriter
618 4559 941 4613 tetnovenda
970 4559 1608 4631 decrevit(Act.xv).Nam
1632 4572 1681 4616 et
1706 4562 1779 4617 illi
1805 4565 1894 4634 qui
1923 4541 1977 4600 D
2001 4559 2149 4627 piscit
2182 4574 2273 4611 rea:
2313 4557 2745 4627 pulchritudinem
2798 4566 2937 4611 tuam
2973 4555 3144 4631 (Psal.
3178 4557 3357 4627 κων),
3389 4557 3506 4628 quia
3536 4565 3594 4611 tu

307 4648 524 4703 Galatas
557 4649 608 4701 in
635 4649 847 4703 Christo
893 4651 1176 4707 credentes
1213 4652 1522 4707 circumcidi
1568 4666 1892 4722 suaserant,

309 4745 686 4809 perturbantes
730 4745 1092 4811 evangelicam
1134 4746 1472 4800 traditionem
1506 4745 1763 4801 adversus
1798 4748 1897 4802 Ec-

307 4837 530 4892 clesium
555 4851 821 4907 pugnasse
848 4838 1128 4906 docentur,
1161 4839 1227 4895 de
1249 4842 1443 4910 quibus
1468 4841 1663 4896 Paulus
1685 4853 1898 4910 apnstoo

306 4931 389 4984 Ius
419 4930 529 4982 ait:
565 4928 744 4999 Neque
793 4930 934 4983 enim
986 4929 1049 4985 hi
1085 4931 1172 5000 qui
1223 4932 1679 4986 circumciduntur
1725 4933 1896 5003 legem

306 5022 636 5089 custodiunt,
660 5022 753 5076 sed
776 5021 952 5075 volunt
975 5036 1061 5074 vos
1088 5023 1385 5076 circumcidi
1402 5035 1455 5076 ut
1472 5024 1524 5076 in
1555 5041 1708 5078 carne
1734 5036 1898 5079 vestra

304 5113 589 5181 glorientur
621 5112 767 5183 (Gal.
787 5109 880 5183 Vt).
916 5111 991 5167 De
1014 5111 1144 5181 ipsis
1168 5114 1327 5167 etiam
1352 5114 1484 5168 dixit
1516 5132 1529 5169 :
1564 5115 1774 5171 Utinam
1804 5118 1896 5169 ab-

304 5205 612 5257 srindantur
642 5207 728 5273 qui
758 5221 845 5259 vos
866 5205 1169 5259 conturbant
1196 5204 1415 5277 (Ibid).

378 5296 538 5349 Num.
573 5297 659 5350 Η.
696 5295 984 5351 Posuerunt
1016 5312 1095 5348 me
1123 5298 1384 5349 custodem
1412 5298 1463 5349 in
1500 5299 1679 5351 vineis.
1719 5298 1899 5354 Vinete

306 5402 522 5457 quoque
552 5386 684 5452 istm,
717 5386 1013 5457 Synagogm
1036 5395 1160 5441 sunt
1190 5405 1201 5440 :
1245 5390 1516 5457 deceperat
1546 5390 1742 5458 quippe
1765 5392 1893 5444 Sau-

310 5483 394 5536 lus
424 5490 763 5549 potestatem,
798 5490 852 5535 et.
879 5480 1122 5549 epistolas
1145 5497 1175 5531 a
1207 5481 1519 5549 principibus
1547 5482 1894 5545 sacerdotum,

308 5586 363 5630 ut
410 5591 735 5647 quoscunque
769 5578 1027 5630 credentes
1055 5578 1106 5629 in
1149 5573 1351 5629 Christo
1379 5578 1649 5647 reperisse!
1680 5580 1811 5632 viros
1835 5594 1897 5631 ac

307 5668 568 5730 mulieres,
596 5670 646 5723 in
669 5669 927 5721 custodias
951 5668 1151 5721 tradere
1184 5676 1236 5720 ut
1267 5668 1571 5738 punirentur
1599 5669 1732 5739 (Act.
1762 5683 1885 5745 btxet

309 5760 451 5834 uti)
480 5778 493 5809 τ
525 5770 581 5817 ut
622 5762 746 5817 dum
778 5760 877 5817 ista
918 5769 1268 5831 perpetraret,
1303 5762 1453 5831 quasi
1486 5760 1780 5831 Syuagngae
1808 5765 1887 5817 vi-

2003 4650 2114 4703 sola
2141 4648 2395 4717 accepisti
2426 4649 2675 4704 decorem
2700 4649 3121 4719 incorruptibilis
3148 4649 3493 4702 sacramenti.
3526 4648 3595 4702 Et

2002 4742 2139 4796 bene
2167 4740 2260 4809 ait,
2293 4742 2424 4794 inter
2471 4742 2739 4807 mulieres,
2768 4742 2816 4795 id
2850 4752 2950 4806 est,
2978 4741 3210 4812 gloriosa
3244 4741 3384 4795 inter
3421 4741 3595 4796 haere-

2001 4850 2131 4890 ses:
2179 4851 2419 4904 congrue
2456 4836 2600 4891 enim
2655 4838 2940 4892 mulierum
2991 4836 3209 4889 neruine
3253 4837 3588 4901 vocitantur,

2002 4929 2124 4997 quia
2150 4928 2506 4998 virginitatem
2532 4942 2652 4996 quae
2673 4937 2755 4982 est
2774 4929 2825 4980 in
2850 4926 3064 4981 Christo
3084 4926 3401 4980 amiserunt.
3429 4925 3595 4994 Igitur

2004 5036 2109 5075 non
2140 5021 2377 5087 oberres,
2412 5034 2498 5075 me
2525 5020 2651 5073 alibi
2679 5029 2827 5074 extra
2854 5028 2905 5075 te
2943 5018 3235 5089 quaarendo
3262 5019 3370 5073 ullo
3395 5020 3591 5083 modo;

2002 5113 2057 5169 in
2082 5123 2133 5169 te
2162 5128 2358 5183 quippe
2379 5113 2466 5167 ubi
2490 5127 2577 5167 me
2600 5112 2861 5166 hactenus
2881 5127 2986 5165 nou
3011 5109 3310 5181 quaerebas,
3342 5119 3593 5180 tanquam

2004 5206 2057 5260 in
2092 5206 2316 5261 meridie
2355 5205 2659 5275 requiesco.
2688 5202 2807 5258 Jatn
2841 5203 3079 5273 intelligo
3111 5202 3201 5258 ubi
3244 5216 3330 5259 me
3359 5214 3596 5271 pascen-

2004 5306 2110 5351 tem
2143 5305 2196 5351 et
2226 5299 2611 5367 gubernantem
2645 5294 2985 5362 temetipsum
3017 5306 3247 5363 quaeras,
3276 5308 3343 5347 ne
3370 5291 3518 5347 velut
3540 5292 3595 5346 in

2009 5400 2164 5445 nocte
2195 5391 2555 5459 quorumlibet
2599 5388 2869 5444 simulatio
2902 5397 2951 5442 te
2990 5387 3263 5442 abducat:
3300 5384 3422 5455 quia
3472 5392 3596 5440 tan-

2009 5485 2284 5541 tummodo
2316 5486 2365 5537 itt
2397 5494 2451 5539 te
2492 5499 2640 5539 certa
2674 5484 2959 5539 sincetitas
2985 5496 3071 5535 me
3099 5480 3238 5549 apud
3269 5488 3319 5534 te
3342 5488 3599 5548 regnante

2008 5576 2291 5646 perdurat,
2323 5575 2374 5628 in
2407 5574 2514 5627 illis
2546 5586 2597 5628 te
2640 5589 2761 5628 esse
2799 5586 3085 5644 cognosce,
3115 5572 3306 5640 quibus
3348 5576 3470 5638 post
3515 5582 3600 5621 re-

2005 5668 2392 5723 stnrcctiouem
2444 5682 2617 5721 meam
2642 5667 2931 5721 veraciter
2972 5661 3255 5734 reprotnisi
3284 5679 3298 5715 :
3330 5658 3463 5715 Ecce
3505 5672 3601 5727 ego

2006 5763 2258 5817 vobiscum
2279 5777 2389 5817 sum
2414 5777 2570 5826 usque
2591 5761 2658 5814 ad
2674 5760 3157 5815 consummationem
3181 5756 3354 5812 sa‘culi
3382 5751 3598 5825 (Matth.
