4070 6520
529 275 632 331 967

1773 267 1832 332 S.
1874 268 2063 331 JUSTI
2101 258 2582 330 URGELLENSIS

3717 269 3830 339 968,

536 391 749 464 uvnt).
778 390 930 461 Quod
975 392 1019 447 si
1047 391 1277 462 quadam
1307 388 1701 460 pretiiissorum
1747 402 1988 443 meorum
2022 387 2120 442 du-
2148 391 2198 447 Α
2230 384 2480 442 fessionis
2514 389 2786 445 odorifero
2817 400 3087 461 intguento
3116 409 3239 449 eum
3284 394 3566 464 perunxit,
3599 407 3660 451 ut
3699 409 3832 455 eum

533 485 790 540 bitatione
819 485 996 554 aliquo
1025 483 1186 538 modo
1214 484 1462 549 lluctuas,
1511 497 1611 538 nec
1651 495 1826 536 meam
1877 494 2115 550 prasen-

530 581 684 648 tiam,
714 593 813 634 nec
838 588 984 632 tuam
1017 576 1470 645 pulchritudinem
1501 576 1783 645 cognoscis
1810 589 1824 626 :
1852 573 2114 643 egredere,

529 683 575 726 et
595 672 681 726 ubi
709 680 822 742 post
843 670 1050 740 vestigia
1068 685 1278 740 gregum
1307 678 1535 722 tuarum.
1562 667 1750 721 Merito
1771 664 1969 720 etenim
1999 668 2121 731 post

528 763 748 834 vestigia
776 776 992 832 gregum
1028 771 1232 831 perget,
1255 762 1376 831 quia
1404 760 1634 830 pastoris
1658 757 2004 828 praesentiam
2025 753 2119 810 de-

527 855 760 924 reliquit.
793 853 871 908 Et—
881 871 1032 925 pasce
1056 854 1230 908 hmdos
1255 864 1368 907 tuos
1392 857 1550 926 juxta
1579 851 1908 906 tabernacula
1937 856 2114 921 pasta-

524 963 682 1001 rum:
713 947 941 1017 iniustos
993 947 1240 1002 homines
1282 947 1556 1002 obiectans
1607 944 1986 1001 traditionibus
2031 945 2148 1027 vel.

522 1040 916 1096 conventiculis
947 1041 1342 1097 hccreticorum.
1377 1041 1470 1096 liis
1498 1040 1697 1096 etenim
1726 1039 2118 1108 redargutioni-

525 1135 625 1189 bus
653 1134 925 1205 ohjnrgari
972 1144 1275 1194 merentur.
1310 1134 1402 1203 qui
1430 1133 1702 1189 Christum
1750 1134 1802 1188 in
1851 1133 2115 1189 catholica

525 1224 787 1292 Ecclesia,
813 1225 896 1281 vel
927 1227 1138 1296 seipsos
1169 1226 1463 1282 Ecclesium
1505 1226 1828 1283 catholicam
1860 1239 1982 1282 esse
2011 1243 2115 1282 non

517 1326 872 1389 cognoscunt.
1534 1347 1556 1374 ο

592 1412 754 1466 Num.
785 1413 872 1468 15.
903 1411 1170 1484 Equitatui
1197 1429 1303 1468 meo
1329 1416 1380 1467 in
1407 1413 1641 1468 curribus
1675 1412 1986 1467 Pharaonis.
2020 1411 2111 1466 Di-

521 1506 598 1559 ‘cit
646 1504 864 1563 Abacuc.
910 1509 1170 1577 propheta
1201 1524 1214 1560 :
1245 1507 1498 1578 Nunquid
1526 1510 1578 1562 in
1605 1508 1906 1577 ﬂuminibus
1947 1507 2117 1561 iratus

519 1620 571 1658 cs
590 1649 604 1670 ,
639 1603 852 1660 Domine
870 1648 883 1671 ,
912 1616 1000 1660 aut
1028 1607 1080 1660 in
1102 1605 1400 1677 ﬂuminibus
1423 1608 1570 1678 furor
1598 1618 1718 1662 tuus
1741 1649 1755 1672 ,
1780 1608 1858 1661 uel
1900 1608 1955 1662 in
1981 1608 2116 1662 mari

519 1697 808 1768 indignatio
839 1708 946 1764 tua,
970 1701 1066 1770 qui
1113 1701 1346 1754 accendis
1375 1717 1529 1771 super
1565 1717 1722 1771 equos
1757 1713 1888 1767 tuos,
1915 1710 1963 1756 et
1989 1717 2117 1772 qua-

2225 475 2523 530 voluntarie
2553 493 2766 547 passum
2815 480 3010 545 fuisse,
3046 491 3102 537 et
3127 497 3156 536 a
3196 486 3421 540 mortuis
3451 491 3832 544 rosuri-exisse

2223 565 2311 620 die
2360 567 2518 622 tertia
2571 572 2764 627 virtute
2809 574 3058 642 propria,
3103 575 3158 629 in
3203 578 3430 632 salutem
3476 580 3830 637 (tradentium

2225 661 2522 728 praedicare
2555 677 2661 717 non
2689 677 2883 720 cesset.

2294 751 2450 806 Num.
2475 752 2563 808 ‘20.
2594 752 2898 811 Fasciculus
2919 759 3140 829 myrrha:
3161 760 3377 816 dilectus
3397 778 3557 818 meus.
3587 763 3731 834 Myrr
3747 765 3834 820 ha

2221 846 2464 913 species,
2495 855 2828 902 mortuorum
2861 835 3182 918 corporibus
3227 852 3546 910 condiendis
3579 866 3710 924 apta
3747 857 3832 910 di-

2219 940 2518 1009 gnoscitur.
2551 939 2861 996 Fasciculus
2891 942 3071 1011 itaque
3101 945 3335 1016 myrrha:
3357 942 3608 1001 Christus
3626 961 3830 1016 passus

2220 1041 2276 1086 ct
2301 1042 2542 1088 mortuus
2571 1041 2625 1088 et
2652 1034 2915 1101 Sepultus.
2962 1035 3107 1089 Inter
3135 1038 3288 1090 ubera
3327 1053 3437 1092 mea
3475 1039 3829 1092 comitaretu-

2221 1133 2326 1179 tur.
2357 1123 2527 1180 Ubera
2555 1125 2812 1180 Ecclesiae
2835 1141 2958 1183 esse
2981 1128 3176 1183 eruditi
3201 1138 3257 1184 et
3277 1129 3538 1198 spirituali
3571 1133 3721 1186 lacte
3752 1148 3827 1187 re

2219 1216 2519 1273 dundantes
2548 1219 2640 1288 qui
2667 1229 2954 1275 nascentes
2975 1222 3026 1275 in
3055 1223 3158 1278 [ide
3188 1224 3410 1294 populos
3432 1225 3714 1294 nutriunt,
3751 1227 3826 1282 illi

2219 1314 2336 1369 sine
2364 1315 2529 1369 dubio
2551 1315 2991 1384 comprobantur,
3035 1317 3121 1385 qni
3157 1326 3384 1372 mortem
3413 1317 3654 1384 Doniini,
3681 1321 3827 1376 sicut

2221 1417 2546 1478 priet-cptum
2575 1419 2689 1475 est,
2717 1411 3038 1466 annuntiare
3087 1411 3259 1468 donec
3300 1413 3514 1480 veniat,
3557 1414 3826 1470 ontnibus

2220 1502 2392 1555 nitidis
2415 1516 2519 1556 non
2541 1501 2829 1557 desistunt.
3081 1493 3083 1495 ’

2290 1593 2448 1649 Num.
2471 1592 2562 1647 ‘21.
2582 1591 2769 1648 Botrus
2789 1593 2947 1665 Cypri
2974 1594 3187 1649 dilectus
3211 1612 3372 1651 meus.
3398 1596 3597 1652 Botrtts
3629 1601 3683 1652 iu
3717 1598 3824 1669 Cy-

2222 1703 2338 1756 pro,
2368 1687 2615 1743 Christus
2643 1702 2939 1758 suapcnsus
2973 1690 3023 1743 in
3055 1689 3229 1744 crucis
3263 1691 3438 1760 ligno:
3470 1691 3617 1756 quod
3648 1707 3826 1760 genus

516 1789 682 1858 ἀνέρας
713 1797 815 1843 ινα,
857 1791 997 1844 salu,
1033 1789 1500 1862 (AbudnHQuos
1537 1807 1723 1862 equos,
1757 1793 2032 1863 apostolos
2063 1800 2119 1848 ει
2147 1773 2195 1833 Β
2225 1781 2349 1850 ligni
2373 1780 2702 1836 odoriferam
2733 1797 2949 1852 semper
2971 1791 3028 1836 et
3055 1782 3422 1853 incorruptum
3461 1792 3569 1848 est,
3602 1785 3824 1854 signant

517 1886 882 1958 erangelistas
925 1888 1259 1957 accipimus?
1308 1888 1431 1944 Ideo
1471 1888 1719 1944 Christus
1765 1889 2001 1960 loquitur
2049 1889 2114 1944 ad

524 1981 839 2035 Ecclesium.
868 1979 1020 2036 Tunc
1042 1983 1294 2052 equitatui
1321 1999 1431 2038 meo
1463 1985 1520 2038 in
1554 1985 1784 2039 curribus
1821 1983 2114 2040 Pharaonis

519 2073 805 2127 assimilavi
849 2083 933 2140 te,
980 2088 1100 2130 cum
1129 2076 1398 2146 sapientes
1426 2078 1609 2132 mundi
1637 2077 1705 2132 ad
1747 2093 1920 2134 meam
1953 2077 2111 2134 tidem

514 2167 823 2222 evocandos
851 2169 1120 2234 converti,
1153 2178 1213 2227 ut
1237 2167 1484 2240 deposito
1525 2179 1732 2225 tumore
1771 2170 1979 2236 saeculi,
2012 2170 2112 2226 sub

517 2273 604 2312 me
623 2257 736 2328 (qui
767 2271 885 2312 sum
914 2259 1062 2314 salus
1089 2260 1236 2328 vera)
1265 2260 1532 2315 currendo
1565 2253 1881 2329 proﬁciant;
1915 2276 2108 2330 meque

514 2347 945 2404 circumferendo
973 2349 1076 2419 piis
1104 2349 1576 2420 praedicationibus
1596 2394 1610 2419 ,
1641 2351 1976 2408 credentium
2003 2352 2107 2409 lide

510 2427 685 2496 'octdis
716 2439 1082 2496 manifestent.
1132 2442 1210 2498 Ac
1249 2442 1382 2497 sicut
1413 2443 1663 2514 princeps
1713 2444 1898 2499 mundi
1947 2443 2106 2514 hujus

510 2532 600 2601 qui
620 2531 732 2601 jam
758 2533 957 2587 missus
1003 2541 1087 2588 est
1115 2532 1280 2599 foras,
1305 2534 1455 2590 falsis
1487 2535 1820 2607 philosophis
1852 2545 2104 2608 tanquam

509 2624 672 2678 claris
716 2624 967 2679 curribus
999 2641 1128 2680 usus
1150 2633 1240 2684 est
1286 2625 1352 2680 ad
1383 2627 1702 2696 perniciem,
1734 2628 1806 2683 ita
1835 2642 1936 2699 ego
1984 2643 2104 2685 mea

515 2715 778 2783 sapientia
817 2717 1038 2786 repletis
1085 2717 1387 2787 apostolis,
1419 2717 1702 2776 credentes
1728 2719 2003 2776 instituam
2034 2720 2101 2775 ad

507 2806 765 2865 salutem.

580 2897 741 2956 Num.
789 2900 875 2957 i6.
918 2898 1163 2959 Pulchri:
1199 2913 1317 2956 sunt
1355 2918 1496 2973 gena:
1535 2912 1638 2960 tute
1681 2904 1810 2960 sicut
1861 2906 2097 2960 turturis.

507 2993 822 3050 Castitatem
865 2995 1119 3050 comitem
1168 2994 1503 3051 verecundiae
1529 2995 1859 3065 praedicavit.
1894 2995 2102 3053 Dicitur

506 3086 649 3138 enim
677 3100 848 3156 genus
872 3095 1138 3142 turturum
1171 3086 1373 3142 amisso
1401 3087 1671 3157 corporali
1703 3090 1982 3144 consortio
2010 3103 2100 3144 so-

511 3178 742 3232 litarium
771 3179 1038 3245 incedere,
1070 3194 1168 3236 nec
1197 3180 1467 3237 carnalem
1495 3182 1743 3251 copulam
1765 3183 1904 3237 ultra
1931 3183 2084 3254 requi

508 3283 645 3322 rere.
675 3268 847 3325 liabet
893 3271 1070 3341 itaque
1107 3269 1304 3327 Christi
1333 3286 1537 3343 sponsa
1576 3273 1825 3330 eximiam
1861 3275 2099 3344 pulchri-

507 3360 771 3427 tudinem,
803 3361 1017 3431 quando
1037 3377 1157 3418 cum
1202 3363 1408 3434 pudore
1437 3365 1633 3420 retinet
1662 3365 1989 3422 castitatem.

580 3449 739 3505 Num.
776 3451 863 3505 i7.
891 3449 1096 3506 Collum
1144 3463 1286 3532 tuum
1310 3455 1442 3508 sicut
1483 3456 1718 3510 monilia.
1760 3454 1815 3509 lu
1871 3457 2010 3514 collo
2040 3456 2096 3514 bi

505 3542 844 3600 insinuantur
874 3546 963 3616 qui
995 3547 1165 3618 legem
1198 3548 1292 3604 Dei
1324 3549 1512 3605 diebus
1538 3566 1600 3606 ac
1642 3553 1888 3608 noctibus
1929 3553 2098 3609 medi-

505 3646 608 3699 tari
630 3661 739 3699 non
762 3645 1052 3713 desistunt,
1077 3647 1277 3718 quique
1299 3649 1459 3703 etiam
1491 3650 1638 3706 velut
1665 3652 1861 3706 munda
1889 3653 2094 3708 anima-

506 3735 601 3802 lia,
629 3737 920 3792 salutarem
946 3737 1246 3793 doctrinam
1271 3738 1470 3809 iugiter
1489 3741 1808 3798 ruminando
1838 3743 2090 3800 reddunt.

504 3828 589 3897 lli,
624 3830 743 3900 quia
790 3833 1042 3901 prteclara
1095 3833 1348 3889 Ecclesia:
1395 3848 1708 3892 ornamenta
1760 3847 1911 3905 sunt,
1951 3841 2096 3894 velut

502 3943 714 3992 apt-usa:
743 3929 961 3982 monilia
990 3929 1390 3985 describuntur.

572 4019 729 4074 Num.
766 4021 851 4076 l8.
879 4020 1184 4076 Murenulas
1207 4039 1388 4078 aureas
1421 4025 1676 4093 faciamus
1706 4027 1814 4080 tibi.
1847 4027 1958 4082 Vox
1993 4030 2091 4084 ista

497 4114 782 4167 doctorum
814 4123 917 4181 cst,
947 4113 1042 4184 qui
1072 4124 1196 4170 tunc
1225 4129 1541 4172 ornamenta
1572 4118 1827 4175 Ecclesite
1849 4137 1980 4176 auro
2010 4138 2095 4176 ar-

499 4214 771 4273 gentoque
801 4203 1060 4271 permixta
1106 4203 1427 4274 disponunt,
1460 4209 1674 4277 quando
1699 4212 1972 4280 spiritales
2007 4213 2092 4266 in-

500 4293 826 4364 tcliigentias
848 4295 1044 4364 eloquii
1077 4296 1249 4352 nitore
1276 4298 1564 4355 disserunt.
1595 4291 2088 4358 Murenulze'autem

497 4397 527 4434 a
561 4386 737 4451 capite
781 4385 1112 4451 detinentes,
1145 4388 1321 4444 solent
1369 4390 1433 4444 ad
1480 4392 1746 4447 cervicem
1796 4396 2090 4450 ornandam

502 4475 676 4540 aptari
705 4491 717 4526 :
752 4486 804 4527 et
834 4475 1035 4532 idcirco
1072 4478 1177 4533 illa:
1207 4478 1465 4535 doctrina:
1498 4482 1768 4552 praeclarze
1796 4497 1941 4552 sunt,
1968 4503 2087 4556 quae

2219 1877 2417 1931 etenim
2451 1879 2650 1942 crucis,
2681 1893 2805 1934 cum
2830 1879 2998 1934 odore
3031 1880 3337 1936 chrismatis
3364 1890 3746 1949 praepotentes
3771 1881 3822 1937 in

2219 1969 2410 2025 fronte.
2445 1970 2592 2027 Bene
2621 1979 2801 2027 autem
2843 1974 2960 2026 ait:
2995 1971 3184 2028 Batrus
3215 1973 3392 2044 Cypri,
3418 1975 3646 2028 dilectus
3677 1991 3821 2030 meus

2217 2065 2366 2131 mihi,
2394 2067 2520 2135 quia
2559 2080 2662 2121 non
2702 2066 2812 2121 illis
2837 2066 2925 2137 qui
2956 2067 3363 2132 crucifixerunt,
3393 2067 3491 2122 sed
3519 2067 3607 2122 his
3635 2071 3734 2138 qui
3769 2071 3816 2122 in

2215 2157 2530 2211 cruciﬁxum
2555 2157 2923 2225 crediderunt,
2945 2159 3089 2213 botri
3116 2159 3266 2213 istius
3290 2157 3522 2238 dulcedo
3550 2174 3820 2215 concessa

2212 2262 2314 2308 est.
2340 2250 2405 2306 In
2434 2254 2592 2308 uineis
2619 2253 2892 2324 Engaddi;
2918 2253 2970 2308 in
2999 2253 3296 2326 Synagoga:
3327 2255 3563 2325 populis,
3593 2256 3689 2310 ubi
3719 2257 3819 2311 do-

2212 2344 2409 2398 minica
2437 2352 2652 2413 peracta
2672 2353 2756 2399 est
2780 2345 2984 2414 passio.
3006 2343 3247 2414 hngazldi
3271 2346 3662 2415 interpretatur
3690 2362 3818 2402 ocu-

2216 2434 2302 2491 lus
2351 2437 2662 2493 tcntationis
2711 2452 2868 2492 metu.
2911 2438 3052 2508 Lege
3083 2438 3448 2506 Evangelium,
3479 2448 3534 2493 et
3570 2439 3817 2496 invenies

2213 2529 2518 2586 Pharisaeos
2547 2539 2603 2586 et
2644 2529 2974 2586 Saddnceeos
3013 2528 3144 2584 nihil
3185 2530 3328 2584 aliud
3368 2530 3675 2586 intendisse
3706 2532 3817 2587 suis
3905 2603 3916 2614 ⁸

2210 2623 2745 2695 interrogationilms,
2783 2623 2885 2678 nisi
2924 2632 2978 2677 ut
3012 2623 3292 2676 Dominum
3321 2636 3417 2690 per
3439 2623 3649 2694 singula
3687 2632 3816 2680 teu-

2211 2725 2409 2776 tarent.
2444 2719 2501 2771 et
2540 2715 2843 2770 invenirent
2889 2729 3082 2770 causas
3112 2715 3394 2770 accusandi
3429 2732 3555 2770 cum
3577 2734 3593 2782 ;
3615 2717 3816 2786 quibus

2209 2807 2326 2877 ipse
2353 2807 2515 2862 dicit:
2551 2807 2688 2874 Quid
2713 2823 2791 2861 me
2819 2807 3048 2873 tentasis,
3077 2805 3356 2876 hypocrita:
3385 2806 3609 2878 (Matth.
3633 2809 3816 2876 xx")!

2208 2897 2316 2955 Sed
2346 2907 2551 2952 tantum
2599 2899 2797 2952 bonum
2847 2899 3112 2967 passionis
3151 2897 3388 2966 Christi,
3419 2897 3528 2954 illis
3585 2900 3812 2970 quidem

2205 3000 2437 3061 gestum,
2458 2989 2609 3045 nobis
2627 2999 2804 3046 autem
2828 2988 2918 3060 qui
2942 2989 3272 3046 credidimus
3291 3000 3497 3046 constat
3527 3007 3658 3050 esse
3678 3008 3814 3051 con-

2206 3096 2413 3139 cessum
2422 3121 2437 3135 .

2278 3174 2436 3229 Num.
2469 3173 2559 3227 22.
2593 3171 2726 3227 Ecce
2751 3182 2808 3227 tu
2847 3172 3065 3244 pulchra
3097 3190 3169 3240 es,
3201 3175 3366 3229 amica
3393 3190 3526 3229 mea.
3551 3173 3814 3236 Christus

2209 3267 2527 3335 Ecclesiam,
2561 3282 2720 3338 quam
2749 3268 2975 3322 amicam
3007 3267 3150 3336 pacis
3189 3281 3302 3323 sua!
3325 3267 3511 3324 osculo
3538 3268 3693 3339 fecit,
3728 3273 3814 3328 bis

2207 3358 2482 3428 pulchram
2519 3357 2850 3426 pronuntiat,
2879 3361 3020 3411 s'cut
3063 3357 3354 3424 Apostolus
3399 3369 3635 3414 sanctam
3693 3379 3814 3418 cer-

2204 3476 2329 3531 pore
2350 3469 2398 3513 et
2421 3459 2605 3530 spiritu
2627 3456 2680 3530 (Ι
2695 3456 2814 3512 Cor.
2839 3456 2935 3527 vn)
2957 3471 3080 3513 esse
3109 3457 3308 3527 docuit,
3335 3459 3600 3530 adjiciens
3618 3503 3633 3526 ,
3666 3466 3814 3518 oculi

2203 3555 2276 3608 tui
2304 3551 2677 3606 columbarum.
2710 3550 2855 3606 Nihil
2884 3559 2966 3605 est
2997 3551 3166 3621 magis
3189 3551 3329 3621 quod
3352 3551 3544 3608 faciem
3565 3567 3736 3611 ornet
3756 3557 3811 3612 in

2201 3660 2430 3717 corpore
2459 3659 2615 3715 quam
2643 3643 2928 3712 dispositio
2954 3643 3230 3698 oculorum
3251 3684 3264 3708 ,
3299 3659 3395 3714 per
3423 3659 3565 3715 quos
3594 3660 3809 3703 conve-

2204 3739 2413 3792 nienter
2437 3745 2653 3791 sanctos
2673 3735 2950 3804 apostolos
2982 3733 3293 3804 accipimus,
3318 3735 3408 3805 qui
3431 3736 3594 3792 etiam
3618 3738 3811 3796 futura

2203 3830 2520 3899 prOSpiccre
2565 3835 2880 3897 potuerunt;
2913 3841 3142 3894 quorum
3181 3826 3454 3897 privilegia
3501 3828 3809 3900 designans

2203 3921 2387 3974 beatus
2421 3917 2618 3972 Paulus
2647 3917 2921 3987 apostolus
2953 3916 3016 3970 ad
3044 3917 3354 3972 Corinthios
3393 3918 3646 3975 scribens
3689 3921 3807 3978 ait:

2207 4012 2312 4066 Vos
2354 4013 2472 4066 estis
2503 4027 2689 4081 corpus
2733 4010 2923 4065 Christi
2951 4009 3006 4082 (Ι
3037 4010 3158 4067 Cor.
3202 4014 3322 4080 xu).
3360 4013 3426 4068 Et
3466 4015 3579 4070 alio
3630 4016 3805 4074 loco:

2203 4107 2466 4172 Quosdam
2488 4107 2695 4175 quidem
2723 4106 2890 4170 posuit
2919 4105 3058 4159 Deus
3084 4105 3136 4158 in
3159 4101 3394 4160 Ecclesia
3418 4108 3649 4176 primum
3675 4128 3807 4179 apo-

2198 4197 2355 4252 stolas
2387 4197 2602 4269 (Epltes.
2636 4197 2741 4268 tv),
2768 4206 2872 4253 etc.
2903 4198 3019 4254 Jam
3063 4213 3182 4254 cum
3225 4198 3385 4265 dicit,
3419 4202 3561 4254 oculi
3607 4205 3693 4257 tui
3723 4222 3807 4259 co-

2199 4291 2506 4356 lumbarum,
2533 4291 2680 4360 ipsos
2708 4291 3006 4360 apostolos,
3043 4292 3236 4362 quibus
3266 4304 3598 4364 praeceptum
3625 4307 3721 4352 est
3751 4307 3805 4353 ut

2197 4394 2378 4442 e-sent
2397 4385 2558 4440 astuti
2584 4385 2715 4438 sicut
2742 4395 3017 4456 serpentes,
3041 4395 3089 4440 et
3111 4387 3366 4456 simplices
3390 4389 3528 4442 sicut
3543 4392 3806 4448 columba:

2202 4477 2414 4548 (Matth.
2444 4481 2525 4548 ι),
2561 4477 2842 4534 evidenter
2875 4479 3106 4536 ostendit
3133 4495 3148 4533 :
3182 4494 3278 4550 per
3314 4481 3469 4552 cujus
3499 4485 3617 4539 avis
3649 4486 3806 4540 simi:-

496 4577 526 4615 a
567 4563 763 4633 capite,
800 4564 852 4620 id
895 4575 981 4622 est
1022 4567 1255 4636 Christo,
1298 4538 1670 4642 procedentes,
1703 4578 1782 4632 sic
1823 4538 2081 4648 spiritimii

2212 4570 2504 4637 lirudinem,
2531 4570 2755 4625 eosdem
2787 4579 2976 4626 sancto
2991 4570 3152 4626 etiam
3172 4570 3377 4642 Spiritu
3404 4573 3652 4644 repletos
3681 4590 3804 4636 esse

499 4655 680 4711 ot'licio
709 4657 1036 4726 ministrant,
1077 4670 1136 4716 ut
1159 4664 1422 4718 cervicem
1465 4677 1702 4722 nostram
1734 4669 1863 4740 jngo
1888 4671 2086 4726 Christi

431 4829 435 4834 ‘
496 4751 832 4808 subdendum
871 4755 1160 4822 edoceant,
1193 4759 1263 4813 ita
1295 4769 1354 4813 ut
1382 4761 1581 4817 talibus
1608 4765 1678 4819 ab
1719 4768 1978 4835 Apostoio
2007 4770 2086 4821 di-

489 4856 687 4898 catur:
720 4843 845 4898 Non
878 4846 985 4899 alta
1017 4849 1268 4920 sapientes
1295 4850 1471 4922 (Rom.
1511 4854 1614 4922 st),
1645 4865 1751 4910 etc.

566 4935 725 4993 Num.
772 4940 857 4995 l9.
904 4938 1038 4994 Dum
1068 4953 1198 4998 esset
1237 4961 1327 4999 rex
1361 4945 1416 4999 in
1445 4949 1684 5000 accubitu
1713 4965 1828 5002 suo.
1857 4948 2131 5004 Narrant"

493 5027 782 5098 Evangelia
812 5031 1006 5100 (Marc.
1035 5048 1156 5101 xxv;
1205 5033 1363 5092 Joan.
1394 5036 1514 5106 xu),
1565 5047 1689 5094 ante
1733 5038 1952 5095 biduum
1989 5043 2087 5096 l’a-

492 5124 670 5190 schzc,
699 5126 1046 5183 recumbente
1078 5129 1337 5196 Domino,
1371 5146 1400 5184 a
1429 5133 1652 5188 tnnliere
1697 5133 1927 5190 habente
1975 5137 2086 5190 ala-

490 5216 732 5271 Itastrum
757 5222 1012 5289 unguenti
1061 5224 1212 5278 nardi
1258 5223 1433 5292 pistici
1462 5226 1578 5291 ejus
1626 5227 1787 5295 capiti
1831 5228 2080 5298 superfu-

486 5326 633 5375 sum,
663 5319 718 5365 ct
745 5312 828 5366 hic
851 5314 1125 5381 pr0phetia
1150 5317 1281 5371 dicit
1308 5332 1321 5370 :
1348 5317 1473 5371 Cum
1500 5329 1629 5373 esset
1657 5335 1746 5373 rex
1770 5321 1822 5374 in
1843 5322 2080 5376 accubitu

485 5419 602 5470 suo,
634 5406 829 5460 uanius
858 5422 966 5460 mea
993 5407 1132 5460 dedit
1160 5410 1368 5464 odorem
1408 5427 1574 5466 suum.
1619 5411 1783 5483 igitur
1822 5425 1926 5468 tam
1960 5414 2076 5469 inec

487 5509 646 5563 quam
672 5497 760 5550 illa
783 5500 1007 5567 tigni-ate
1031 5500 1169 5554 dicta
1189 5502 1269 5556 vel
1296 5501 1427 5557 facta
1453 5516 1766 5569 noscuntur,
1793 5507 1914 5574 quia
1935 5505 2077 5574 Rege

490 5599 674 5644 nostro
711 5591 819 5662 (vel
866 5595 919 5648 in
968 5609 1127 5652 cruce
1169 5598 1255 5651 ubi
1308 5599 1564 5676 inclinato
1599 5604 1776 5669 capite
1821 5601 2095 5666 spiritum-

485 5680 739 5750 reddidit,
771 5686 850 5741 vel
898 5689 951 5743 in
998 5691 1249 5758 sepulcro
1285 5693 1371 5746 ubi
1419 5709 1646 5763 corpore
1691 5695 1941 5754 conditus
1988 5711 2074 5750 rc-

483 5773 706 5837 quicviI)
733 5777 782 5831 in
813 5793 909 5835 suo
933 5783 1174 5838 accubitu
1203 5785 1516 5850 constituto,
1553 5786 1786 5841 Ecclesia
1808 5788 1912 5850 pia:
1941 5803 2070 5843 con-

2199 4662 2564 4725 demonstrat.'

2269 4761 2429 4815 Num.
2472 4761 2563 4816 ‘25.
2607 4760 2742 4815 Ecce
2787 4769 2842 4814 tu
2894 4760 3106 4832 pulcher
3146 4778 3231 4830 es,
3277 4763 3458 4818 dilecte
3505 4769 3596 4821 mi.
3632 4769 3802 4827 Chri-

2197 4864 2359 4918 stum,
2393 4869 2551 4924 quem
2582 4853 2868 4924 pulchrum
2899 4865 2950 4910 et
2975 4855 3232 4912 decorum
3264 4856 3500 4914 Ecclesia
3537 4859 3646 4918 hoc
3675 4863 3799 4921 loco

2197 4955 2616 5015 Commemorat,
2678 4947 2960 5003 Psalmista
3011 4947 3089 5002 sic
3145 4951 3492 5018 pronuntiat,
3554 4952 3799 5011 dicens:

2145 5015 2166 5052 ἰ
2197 5035 2472 5104 Speciosus
2498 5036 2668 5105 forma
2697 5049 2805 5107 prta
2829 5036 2952 5105 ﬁliis
2981 5015 3263 5104 hominum,
3289 5015 3485 5105 diffusa
3514 5051 3586 5094 est
3616 5046 3798 5112 gratia

2189 5130 2242 5182 in
2271 5128 2421 5184 labiis
2449 5131 2552 5183 tuis
2581 5128 2753 5200 (Psal.
2799 5128 2967 5200 xuv).
3013 5128 3116 5185 Sed
3145 5128 3262 5184 inec
3306 5140 3394 5184 tua
3440 5133 3800 5202 pulchritudo

2186 5220 2380 5278 exinde
2409 5229 2511 5290 est,
2539 5221 2661 5291 quia
2692 5219 2753 5276 In
2775 5221 3029 5292 principio
3056 5232 3165 5277 erat
3204 5220 3447 5291 Verbum,
3472 5237 3523 5280 et
3565 5225 3798 5285 Verbum

2185 5323 2295 5368 erat
2325 5315 2468 5386 apud
2519 5313 2714 5379 Deum,
2740 5323 2788 5368 et
2839 5312 2973 5369 Deus
3001 5327 3109 5369 erat
3159 5314 3423 5382 Verbum;
3458 5328 3513 5371 et
3563 5318 3797 5376 Verbum

2186 5427 2308 5467 caro
2336 5413 2529 5483 factum
2551 5422 2643 5477 est,
2672 5410 2981 5465 et'habitavit
3009 5411 3061 5465 in
3095 5412 3241 5465 nobis
3271 5411 3447 5481 (Joan.
3478 5417 3538 5482 ι).
3569 5417 3797 5471 Addens-

2186 5514 2389 5570 autem,
2423 5503 2635 5558 lectulus
2661 5513 2832 5558 noster
2862 5503 3099 5573 ﬂoridus,
3129 5507 3299 5573 ipsum
3325 5520 3526 5576 corpus
3548 5509 3796 5564 domini-

2185 5621 2306 5662 cum
2349 5606 2400 5659 in
2431 5619 2537 5675 quo
2567 5603 2748 5660 Deitas
2798 5602 3088 5673 requievit,
3121 5606 3388 5661 sincerum
3417 5608 3788 5679 oduriterum,

2185 5715 2246 5753 cx
2282 5696 2503 5766 Virgine
2529 5703 2711 5750 natum
2743 5696 3000 5750 ostendit.

2255 5791 2388 5846 Num
2439 5786 2532 5842 24.
2580 5777 2730 5844 Tecta
2761 5789 3027 5844 domorum
3057 5800 3371 5848 nostrarum.
3414 5792 3614 5850 Domus
3667 5801 3787 5855 ista
