4070 6520
248 358 409 422 ’969

1316 358 1383 416 ΙΝ
1422 357 1711 416 (ΖΑΧΤΙΟΑ
1753 353 2193 415 ΕΧΝΤΙΕΟΒΗΜ
2234 354 2658 413 EXPLICATIO.

3482 354 3589 414 970

308 483 360 536 In
388 474 584 547 quibus
618 472 866 530 Christus
905 472 1144 539 habitat,
1185 474 1356 530 sancti
1388 484 1551 530 sunt:
1602 475 1737 531 sicut
1777 490 1900 542 [.ro-
1928 482 1975 537 Α
2003 474 2300 543 cmpissent
2331 470 2476 542 loqui
2502 470 2668 527 variis
2697 469 2911 541 linguis,
2946 480 3122 528 musto
3152 471 3293 543 pleni
3325 486 3355 527 a
3388 479 3594 547 populo

307 568 466 638 pheta
520 566 648 622 dicit
695 583 711 620 :
760 567 1006 638 quoniam
1038 566 1274 620 habitabo
1323 569 1377 619 in
1410 566 1483 620 eis
1512 564 1698 638 (Levit.
1727 579 1850 619 xsvr
1879 580 1895 629 ;

307 662 370 717 II
403 662 527 716 Cor.
559 660 655 733 Vl).
687 661 853 717 Tecta
883 672 1061 716 autem
1091 669 1146 716 et
1171 660 1440 729 laquearia
1465 660 1747 713 domorum
1771 658 1899 713 ista-

306 771 426 812 rum
469 754 690 809 ccdrina
720 761 777 809 et
824 754 1156 825 cypressina,
1196 767 1317 823 quae
1366 749 1797 818 iucorruptibilia
1844 758 1900 805 et

305 848 576 904 odm'ifera
610 848 1019 918 dignoscantur,
1054 847 1409 913 directionem
1438 846 1534 902 Dei
1555 855 1610 901 et
1640 845 1895 914 proximi,

306 957 425 1012 qua:
456 958 551 1011 per
578 940 837 1010 Spiritum
870 950 1113 996 sanctum
1145 940 1376 1007 desuper
1404 953 1659 995 concessa
1690 946 1773 994 cst
1818 937 1897 1008 (id

306 1044 391 1090 est
418 1044 472 1089 ut
503 1034 675 1088 sancti
708 1035 760 1087 in
793 1048 852 1088 se
875 1034 1004 1098 sint)
1033 1032 1392 1087 demonstrat.

374 1125 505 1182 Car.
533 1126 594 1179 ll.
621 1156 683 1167 -
722 1125 878 1181 Num.
903 1124 993 1179 25.
1025 1124 1137 1194 Ego
1166 1126 1263 1195 ﬂos
1288 1125 1476 1194 campi,
1507 1134 1552 1179 et
1576 1123 1742 1178 lilium
1777 1138 1901 1177 con-

306 1222 533 1275 vallium.
570 1219 680 1288 Ego
706 1218 873 1274 decus
902 1217 1108 1287 mundi,
1142 1232 1210 1272 ex
1238 1217 1543 1287 virginitate
1570 1215 1871 1271 humilium.

373 1312 532 1367 Num.
561 1311 654 1367 26.
687 1311 839 1366 Sicut
862 1311 1029 1364 lilium
1055 1311 1184 1364 inter
1204 1310 1401 1380 spinas.
1430 1307 1665 1378 Expulso
1692 1306 1899 1362 homini

306 1406 371 1460 de
396 1404 651 1459 Paradiso
678 1403 875 1459 dicitur
901 1418 917 1456 :
949 1399 1232 1457 Maledicta
1259 1409 1396 1454 terra
1418 1400 1474 1453 in
1502 1400 1739 1469 operibus
1770 1400 1896 1465 tuis,

306 1498 479 1564 spinas
501 1505 545 1550 et
572 1497 787 1549 tribulos
811 1493 1111 1566 geminabit
1144 1493 1234 1547 tibi
1257 1491 1411 1564 (Gen.
1437 1493 1555 1562 Ill);
1583 1507 1704 1562 qua:
1732 1501 1896 1558 terra,

306 1589 488 1657 utique
516 1602 643 1642 caro
675 1587 905 1641 humana
946 1585 1279 1656 intelligitur,
1311 1601 1430 1655 que
1469 1584 1689 1641 aculeos
1715 1583 1901 1640 libidi-

306 1696 430 1735 num
464 1690 517 1735 et
544 1678 1104 1747 concupiscentiarum
1133 1676 1317 1747 spinas
1349 1675 1650 1747 producere
1670 1689 1900 1731 consue-

308 1776 401 1829 vit.
443 1774 784 1843 Quapropter
837 1770 979 1840 quod
1023 1770 1143 1824 ait:
1207 1768 1353 1823 Sicut
1403 1766 1572 1822 lilium
1623 1768 1680 1820 iu
1730 1766 1898 1821 medio

2004 562 2350 633 putabantur.
2384 561 2536 618 Tunc
2559 562 2739 631 itaque
2762 561 3002 617 Ecclesia
3037 563 3092 617 in
3114 563 3302 619 cellam
3328 565 3587 623 vinariam

2003 653 2383 721 introducitur,
2411 651 2629 723 quando
2670 651 2786 707 hate
2829 652 3126 721 apostolica
3160 660 3509 727 congregatio
3541 661 3595 715 in

2004 746 2208 800 unitate
2254 758 2599 814 permanens,
2640 742 2840 813 Spiritu
2863 754 3050 800 sancto
3081 744 3337 816 repletur,
3367 751 3507 805 sicut
3537 764 3593 808 et

2006 837 2295 907 Apostolus
2340 837 2508 893 dicit:
2542 835 2609 890 In
2636 853 2738 891 uno
2763 836 2968 907 Spiritu
3005 853 3179 893 omnes
3220 855 3313 894 nos
3347 841 3597 911 bap.'izuti

2004 953 2203 1002 sumus,
2231 938 2335 992 sive
2360 939 2511 1001 servi,
2546 937 2648 992 sive
2676 938 2841 1004 liberi,
2883 947 2931 993 et
2957 954 3131 994 omnes
3159 940 3213 994 in
3254 955 3360 994 uno
3390 939 3595 1011 Spiritu

2003 1028 2167 1098 potati
2193 1043 2372 1082 sumus
2401 1026 2456 1097 (Ι
2479 1027 2601 1082 Cor.
2625 1027 2749 1100 xu).
2782 1030 2917 1096 Quia
2948 1044 3077 1084 vero
3099 1031 3333 1085 charitas
3366 1032 3596 1100 perSpi-

2005 1120 2440 1176 ritumrsanctum
2473 1122 2681 1192 piorum
2725 1124 2779 1178 in
2829 1122 2992 1178 corde
3039 1123 3374 1191 dili'unditur,
3408 1124 3592 1179 statim

2005 1210 2302 1280 subjunxit,
2333 1210 2604 1267 Ordinavit
2626 1214 2681 1267 in
2724 1230 2803 1267 me
2830 1214 3149 1269 charitatem.
3188 1215 3311 1270 Haec
3338 1217 3480 1271 enim
3512 1224 3598 1271 est

2005 1302 2253 1357 ordinata
2296 1304 2555 1371 charitas,
2589 1313 2647 1361 ut
2673 1306 2861 1376 diligat
2891 1306 3052 1362 homo
3097 1309 3401 1377 proximum
3433 1322 3597 1363 suum

2007 1404 2260 1467 tanquam
2301 1396 2575 1467 seipsum;
2608 1399 2689 1453 sic
2733 1412 2862 1454 vero
2910 1399 3096 1469 diligat
3123 1400 3311 1466 Deum,
3346 1411 3397 1454 ut
3429 1401 3593 1455 etiam

2006 1488 2244 1557 seipsum
2284 1490 2517 1561 abneget
2559 1500 2779 1561 propter
2808 1492 3007 1562 ipsum.
3047 1493 3299 1563 Diligitur
3328 1503 3507 1550 autem
3542 1495 3595 1549 iu

2006 1580 2166 1635 malis
2209 1596 2421 1653 quoque
2450 1597 2558 1637 non
2600 1582 2854 1653 iniquitas
2899 1599 3061 1654 quam
3107 1585 3204 1653 ipsi
3235 1584 3455 1651 faciunt,
3502 1586 3598 1641 sed

2008 1680 2255 1728 creatura
2283 1673 2337 1727 in
2378 1688 2482 1743 qua
2507 1673 2633 1730 boni
2662 1690 2693 1729 a
2726 1675 2835 1730 Deo
2866 1674 3079 1731 formati
3101 1686 3248 1732 sunt.
3281 1677 3389 1733 Sed
3417 1687 3471 1733 et
3500 1677 3589 1732 illa

2007 1762 2252 1818 ordinata
2279 1764 2537 1831 Charitas,
2559 1774 2618 1821 ut
2646 1767 2787 1822 servi
2815 1767 3097 1823 Dominum
3128 1783 3231 1822 non
3259 1769 3400 1823 sicut
3428 1769 3599 1823 male-

307 1839 590 1937 spinarum,
636 1839 712 1920 sic
752 1839 918 1918 amica
947 1880 1061 1918 mea
1085 1864 1217 1917 inter
1258 1863 1397 1930 ﬁlias
1424 1877 1444 1916 :
1471 1860 1608 1915 ﬁlias
1657 1860 1895 1916 haereses
1926 1839 1975 1899 Β
2002 1852 2234 1909 factores
2275 1857 2528 1923 sentiant,
2582 1872 2685 1913 nec
2733 1858 2873 1914 sicut
2902 1859 3241 1914 lascivientes
3272 1859 3598 1915 exsecrabii

305 1959 457 2025 dicit,
510 1973 632 2029 qum
686 1973 782 2028 per
834 1958 1156 2028 baptismum
1189 1956 1339 2027 quasi
1389 1954 1897 2023 renataa,,ﬁliarum

306 2051 524 2106 nomine
571 2057 982 2120 nuncupantur;
1032 2048 1130 2104 sed
1168 2048 1337 2118 spinis
1378 2055 1725 2118 comparauit,
1772 2061 1898 2101 cor-

307 2153 619 2213 rumpentes
649 2152 704 2197 et
743 2141 1122 2213 corruptibiles
1149 2140 1528 2211 perducentur.
1579 2139 1750 2206 Quam
1778 2153 1900 2194 θοι-ο

304 2235 612 2303 ruptionem
649 2235 888 2290 Ecclesia
929 2234 1123 2300 nescit,
1168 2248 1291 2304 qua:
1331 2233 1563 2288 liliorum
1606 2232 1899 2289 sinceritati

305 2336 636 2397 comparata,
667 2327 809 2382 ultro
835 2327 1079 2396 citroque
1102 2325 1313 2382 redolet
1341 2338 1406 2380 ac
1436 2323 1762 2394 resplendet.

376 2418 535 2473 Num.
563 2417 655 2473 27.
690 2417 838 2474 Sicut
871 2420 1045 2474 malus
1108 2417 1242 2471 inter
1281 2416 1426 2487 ligna
1459 2417 1729 2471 siluerunt.
1763 2415 1898 2472 Dicit

308 2509 776 2581 Psaimographus,
828 2509 1074 2581 quoniam
1116 2509 1229 2579 quis
1257 2508 1313 2563 in
1342 2508 1560 2562 nubibus
1606 2509 1899 2579 tequabitur

308 2599 549 2664 Domino,
575 2610 665 2654 aut
693 2600 806 2669 quis
834 2601 1017 2654 similis
1045 2600 1136 2655 erit
1156 2596 1262 2653 Deo
1293 2599 1424 2653 inter
1449 2598 1585 2667 ﬁlios
1603 2596 1696 2652 Dei
1723 2597 1896 2668 (Psal.

308 2690 598 2762 cum")?
642 2692 753 2747 lllic
782 2691 1094 2761 adoptione,
1141 2689 1231 2745 hic
1273 2699 1462 2745 natura
1509 2704 1589 2746 est
1619 2690 1793 2756 ﬁlius;
1846 2699 1902 2745 ct

307 2784 428 2840 Ideo
483 2784 663 2839 nullus
706 2784 757 2839 in
804 2784 1028 2850 sanctis,
1062 2781 1148 2838 vel
1181 2783 1230 2835 in
1281 2781 1531 2836 universo
1571 2794 1767 2851 genere
1803 2780 1900 2834 ho-

306 2877 533 2941 minum,
564 2876 860 2947 quamlibet
902 2875 997 2930 lilii
1035 2873 1302 2930 vocabulo
1337 2881 1642 2937 censeatur,
1684 2870 1900 2927 Christo

307 2969 497 3025 similis
528 2970 829 3040 reperitur;
862 2971 952 3038 qui
982 2968 1188 3024 fructus
1216 2968 1300 3024 sui
1332 2965 1615 3023 dulcedine
1649 2962 1901 3022 refectio-

308 3076 483 3131 ueque
510 3062 714 3117 electos
744 3059 1154 3131 incomparabili
1202 3060 1402 3115 decore
1421 3057 1698 3129 praecedit.

376 3152 534 3206 Num.
580 3150 670 3208 28.
731 3150 840 3206 Sub
871 3152 1051 3205 umbra
1091 3150 1234 3205 illius
1274 3166 1423 3221 quem
1470 3148 1897 3204 desideraverant.

2004 1958 2190 1999 amore
2218 1959 2277 2000 se
2304 1945 2548 2016 diligant,
2581 1950 2676 2005 sed
2719 1950 2882 2005 etiam
2920 1952 3010 2006 ubi
3051 1966 3273 2007 necesse
3304 1952 3466 2008 fuerit
3507 1970 3598 2008 se-

2004 2037 2265 2107 metipsos
2296 2048 2483 2095 mutuo
2519 2044 2745 2111 expulsa
2787 2044 3171 2113 superstitione
3198 2061 3320 2100 cum
3352 2047 3600 2102 libertate

2003 2128 2319 2197 corripiant,
2350 2132 2645 2187 secundum
2676 2132 2807 2189 illud
2839 2151 2852 2187 :
2889 2133 3111 2190 Meliora
3132 2147 3250 2191 sunt
3283 2139 3496 2192 vulnera
3519 2140 3600 2193 di-

2004 2218 2226 2289 ligentis,
2265 2239 2422 2293 quam
2460 2224 2794 2293 fraudulenta
2836 2228 3015 2281 oscula
3056 2229 3367 2285 b'andieutis
3416 2230 3599 2303 (Prov.

2004 2311 2202 2384 xxv");
2234 2321 2288 2369 et
2319 2314 2512 2369 iterum
2538 2334 2553 2371 :
2587 2317 2689 2381 Qui
2712 2328 2933 2387 arguunt
2960 2318 3338 2387 laudabuntur,
3371 2332 3417 2375 et
3446 2338 3601 2391 super

2002 2402 2143 2472 ipsos
2172 2406 2336 2459 veniet
2366 2405 2649 2462 benedictio
2689 2407 2872 2480 (Prov.
2908 2410 3078 2481 xxrv).

2076 2496 2237 2552 Num.
2285 2498 2374 2553 51.
2433 2497 2641 2554 Fulcite
2685 2518 2765 2556 me
2791 2502 3026 2570 floribus,
3072 2508 3260 2575 stipata
3302 2523 3382 2561 me
3425 2508 3599 2560 malis.

2004 2589 2330 2646 Sanctorum
2354 2592 2583 2648 cmtibus
2613 2593 2868 2665 conjungi
2905 2596 2990 2651 vel
3021 2597 3342 2652 circumdari
3389 2598 3599 2654 deside-

2006 2691 2112 2747 rat,
2153 2698 2273 2752 quse
2306 2682 2392 2753 pio
2421 2694 2476 2740 et
2520 2696 2672 2741 casto
2704 2701 2890 2743 amore
2941 2688 3267 2759 languescit;
3308 2691 3431 2760 quia
3489 2690 3599 2744 lan-

2004 2789 2141 2844 guor
2169 2791 2275 2831 non
2318 2786 2402 2833 est
2429 2778 2623 2845 morbi,
2652 2779 2747 2835 sed
2779 2779 3065 2836 ineﬁabilis
3105 2781 3360 2838 desiderii
3401 2797 3600 2839 secun-

2007 2866 2135 2922 dum
2167 2867 2297 2923 illud
2324 2886 2336 2921 :
2376 2867 2576 2942 Deiecit
2605 2871 2660 2926 in
2707 2871 2922 2927 salutati
2955 2882 3044 2927 tuo
3069 2874 3244 2928 anima
3285 2890 3422 2941 mea,
3470 2884 3520 2929 et
3549 2877 3601 2929 in

2005 2959 2213 3014 verbum
2264 2970 2411 3016 tuum
2457 2965 2836 3034 superspcravi,
2869 2965 3163 3038 defecerunt
3203 2968 3343 3022 oculi
3400 2969 3501 3023 mei
3548 2969 3601 3022 in

2007 3050 2271 3123 eloquium
2323 3064 2469 3108 tuum
2524 3055 2748 3111 dicentes
2791 3072 2811 3112 :
2857 3057 3078 3122 Quando
3124 3058 3474 3114 consolaberis
3520 3076 3601 3113 me

2008 3143 2182 3218 (Psal.
2205 3144 2426 3218 cxvtu)?
2445 3147 2653 3204 Felices
2677 3149 2753 3205 illi
2781 3149 2871 3219 qui
2890 3151 2979 3206 tali
3011 3150 3253 3222 profectu
3274 3152 3563 3224 proﬁciunt
3586 3171 3599 3205 :

308 3244 513 3302 Eodem
546 3251 858 3314 protegente
884 3259 1043 3313 quem
1073 3256 1289 3313 seraper
1318 3243 1509 3299 adesse
1536 3241 1779 3314 quaesivi,
1809 3242 1908 3297 huc
1933 3230 1980 3294 Ο
2017 3236 2421 3307 quodammodo
2447 3240 2618 3307 enim,
2650 3240 2743 3312 qui
2788 3242 3012 3298 multum
3059 3243 3354 3308 desiderat,
3386 3244 3603 3315 langue-

308 3341 455 3396 milis
481 3355 543 3394 ac
570 3354 757 3395 secura
790 3339 1077 3408 permensi.

380 3432 540 3487 Num.
571 3428 663 3486 29.
700 3428 766 3483 Ει
792 3433 990 3501 [ructus
1019 3433 1131 3501 ejus
1173 3428 1340 3483 dulcis
1372 3428 1568 3498 gutturi
1609 3444 1745 3483 meo.
1769 3426 1909 3483 Dicit

308 3523 364 3578 in
392 3522 682 3592 Evangelia
728 3521 1023 3577 Dominus:
1056 3519 1170 3594 Ego
1196 3537 1309 3575 sum
1345 3521 1481 3589 vitis,
1510 3536 1599 3575 vos
1638 3521 1761 3575 estis
1794 3521 1909 3590 pal-

311 3616 459 3669 mites
477 3634 493 3679 ;
514 3614 599 3683 qui
632 3624 800 3667 manet
816 3614 868 3667 in
889 3629 987 3679 me,
1021 3622 1069 3666 et
1095 3628 1189 3683 ego
1208 3612 1262 3666 in
1289 3627 1370 3677 eo,
1390 3611 1476 3664 hic
1502 3609 1653 3678 alien
1681 3614 1909 3682 fructum

310 3710 554 3773 multum,
587 3708 711 3776 quia
739 3707 849 3761 sine
881 3722 961 3761 me
988 3704 1119 3759 nihil
1146 3705 1357 3776 potestis
1387 3705 1553 3773 facere
1575 3700 1761 3773 (Joan.
1794 3702 1905 3772 xv).

310 3799 565 3869 Quamvis
595 3798 756 3868 igitur
784 3796 993 3852 fructus
1023 3796 1231 3851 oriatur
1261 3795 1317 3849 in
1347 3794 1592 3865 palmite,
1636 3793 1705 3849 ad
1741 3793 1904 3850 vitem

312 3902 492 3947 tamen
514 3889 856 3960 deputandus
901 3897 1001 3955 est,
1036 3904 1100 3944 ex
1141 3887 1297 3957 cujus
1336 3888 1522 3945 radice
1550 3886 1757 3958 palmes
1784 3902 1906 3943 cum

315 3986 492 4042 fructu
516 3984 818 4055 processit;
846 3997 904 4040 et
925 3984 1049 4039 ideo
1078 3982 1334 4053 quidquid
1361 3983 1493 4054 justi
1522 3983 1577 4040 in
1598 3983 1756 4039 bonis
1780 3997 1910 4053 ope-

314 4078 467 4135 ribus
492 4077 837 4144 lructiﬁcant,
858 4085 1027 4132 totum
1056 4085 1143 4132 est
1170 4074 1510 4132 referendum
1532 4074 1905 4133 adChristum.

316 4173 376 4228 lu
423 4172 577 4242 eujns
623 4170 888 4226 lruct'bns
917 4167 1356 4239 incomparabilis
1387 4168 1617 4224 dulcedo
1655 4168 1908 4225 sentitur.

318 4264 397 4319 llli
424 4264 588 4319 etiam
617 4261 791 4317 sancti
816 4262 905 4331 qui
939 4276 1036 4331 per
1079 4261 1310 4331 gutturis
1358 4259 1595 4331 speciem
1634 4260 1910 4316 ruminare

316 4372 435 4427 quae
463 4363 831 4427 gustaverant,
870 4353 921 4409 id
950 4359 1036 4408 est
1063 4351 1313 4409 meditari
1356 4367 1476 4422 qua:
1522 4350 1721 4408 Christi
1762 4362 1909 4419 sunt,

316 4458 754 4513 consueverant,
802 4446 908 4517 ipsi
960 4445 1125 4500 etiam
1176 4443 1398 4499 nimiam
1454 4444 1793 4501 dulcedinem
1843 4461 1912 4501 ex

319 4542 437 4610 ejus
463 4539 638 4594 fructu
664 4537 991 4608 percipiunt.

2013 3333 2122 3387 scit
2145 3338 2202 3387 et
2228 3331 2411 3389 deﬁcit
2439 3332 2612 3391 donec
2639 3341 2822 3404 optata
2849 3336 2932 3391 vel
2958 3336 3180 3405 quaesita
3212 3337 3467 3406 reperiat.

2083 3423 2248 3481 Num.
2272 3424 2360 3480 52.
2395 3424 2550 3482 Lteva
2572 3431 2687 3500 ejus
2707 3427 2803 3485 sub
2837 3429 3009 3501 capite
3026 3446 3154 3484 meo.
3205 3430 3325 3501 ipse
3350 3431 3603 3488 Salomon

2013 3516 2067 3571 in
2098 3515 2407 3576 Proverbiis
2429 3521 2503 3575 ait
2526 3537 2540 3575 :
2571 3519 2762 3576 Beatus
2783 3520 2934 3577 homo
2958 3524 3047 3592 qui
3067 3524 3258 3579 invenit
3279 3526 3606 3597 sapientiam,

2012 3616 2062 3662 et
2093 3610 2599 3680 aﬁluittprudentia;
2634 3612 2910 3686 longitudo
2954 3615 3157 3671 dierum
3186 3618 3239 3670 in
3270 3619 3455 3673 dextra
3489 3621 3608 3691 ejus

2012 3710 2060 3756 et
2081 3704 2136 3757 in
2154 3704 2362 3758 sinistra
2389 3707 2499 3776 ejus
2523 3706 2718 3761 divitia:
2744 3716 2791 3762 et
2818 3706 3008 3779 gloria.
3023 3710 3101 3765 Ac
3121 3709 3200 3765 sic
3217 3710 3387 3767 electa
3402 3712 3606 3768 Christi

2016 3791 2258 3849 Ecclesia
2312 3795 2588 3851 sinistram
2647 3796 2852 3852 habens
2905 3799 3007 3855 sub
3051 3800 3246 3870 capite,
3293 3805 3607 3871 temporalia

2014 3887 2116 3944 sibi
2146 3887 2387 3958 subjecta
2416 3891 2705 3961 describit;
2729 3903 2785 3950 et
2819 3893 3009 3951 dextra
3035 3896 3152 3966 ejus
3197 3912 3258 3953 se
3284 3898 3605 3968 amplexari,

2015 3979 2142 4037 dum
2173 3990 2376 4038 aeterna
2403 3987 2754 4056 concupiscit,
2780 3988 3016 4045 edocuit.

2087 4075 2249 4131 Num.
2282 4074 2374 4132 55.
2402 4076 2605 4150 Adjuro
2632 4095 2742 4148 vos,
2779 4079 2905 4149 ﬁliae
2922 4079 3234 4149 Jerusalem,
3261 4099 3349 4155 per
3372 4100 3607 4156 capreas.

2016 4166 2180 4223 Filias
2205 4167 2528 4241 Jerusalem,
2563 4180 2783 4229 sanctas
2823 4182 2875 4229 et
2907 4173 3156 4244 paciﬁcas
3178 4174 3455 4232 doetorum
3495 4180 3609 4233 ani-

2016 4274 2134 4316 mas
2160 4260 2320 4329 dicit;
2352 4277 2508 4333 quas,
2542 4278 2637 4333 per
2656 4265 2855 4320 munda
2878 4273 2934 4321 et
2962 4267 3169 4322 velocia
3202 4268 3456 4324 animalia
3488 4286 3608 4341 quae

2015 4354 2290 4411 ruminare
2333 4369 2442 4411 non
2492 4356 2769 4423 desinunt,
2827 4368 2883 4416 et
2928 4360 2981 4415 in
3029 4361 3236 4432 campis
3292 4373 3601 4420 sanctarum

2017 4445 2416 4517 Scripturarum
2448 4447 2684 4516 aluntur,
2717 4451 2982 4521 conjurat.
3015 4469 3076 4509 ne
3102 4455 3346 4511 suscitare
3390 4459 3606 4529 faciant,

2020 4540 2182 4594 donec
2231 4539 2345 4611 ipsa
2392 4541 2718 4614 velit:un
2770 4545 2991 4601 Paulum
3057 4549 3360 4617 apostolum
3417 4551 3610 4607 fecisse

390 4632 551 4688 Num.
579 4630 670 4686 '50.
702 4630 1001 4685 Introduxit
1029 4645 1110 4686 mc
1137 4630 1187 4683 in
1210 4629 1392 4685 cellam
1414 4630 1685 4686 vinariam.
1712 4632 1917 4685 Ascen-
1945 4618 1998 4680 D
2022 4634 2424 4702 cognoscimus,
2455 4650 2577 4692 cum
2610 4636 2903 4706 virginibus
2929 4637 2998 4694 de
3017 4642 3381 4696 conservanda
3413 4644 3612 4697 saneti-

321 4740 481 4782 surus
512 4725 566 4779 in
596 4722 765 4779 ctelos
807 4722 1065 4777 Dominus
1105 4721 1349 4792 praecipit
1392 4721 1653 4789 apostolis
1679 4722 1748 4778 ab
1776 4721 1915 4778 Hie-

322 4816 612 4887 rosolymis
642 4829 713 4871 ne
740 4813 1101 4881 discederent,
1147 4813 1338 4869 dicens
1368 4812 1435 4869 ad
1481 4828 1618 4870 eos:
1656 4812 1909 4882 Gaudete,

321 4910 442 4974 quia
471 4908 568 4963 vici
596 4906 870 4973 mundum,
898 4914 946 4960 et
973 4905 1105 4960 vado
1134 4905 1201 4959 ad
1229 4904 1442 4959 Patrem
1455 4906 1576 4971 {vos
1601 4920 1719 4960 vero
1746 4906 1915 4961 sedete

322 5004 606 5057 incivitate
632 5001 964 5072 quoadusque
1014 4999 1304 5053 induamini
1342 5001 1525 5055 virtute
1567 5015 1629 5054 ea:
1676 5000 1803 5053 alto.
1847 4997 1917 5054 Et

326 5098 465 5151 sicut
490 5097 541 5149 in
568 5096 793 5150 Actibus
818 5093 1187 5163 apostolorum
1225 5094 1485 5162 scriptum
1518 5102 1627 5148 est:
1658 5092 1804 5149 Tunc
1829 5109 1914 5148 re-

325 5191 455 5245 versi
480 5200 597 5244 sunt
638 5188 692 5241 in
721 5185 1011 5241 Jerusalem
1052 5200 1084 5238 a
1131 5193 1299 5238 monte
1324 5186 1412 5250 qui
1453 5196 1663 5239 vocatur
1710 5185 1919 5252 Oliveti,

325 5282 415 5349 qui
461 5288 535 5335 est
573 5281 733 5351 juxta
760 5276 1072 5342 Jerusalem,
1102 5274 1299 5330 sabbati
1329 5276 1518 5333 habens
1546 5278 1663 5332 iter.
1712 5277 1779 5333 Et
1804 5295 1921 5334 cum

324 5377 600 5430 intrassent
649 5375 701 5428 in
751 5372 1097 5439 caenaculum,
1141 5372 1481 5428 ascenderunt
1529 5374 1616 5428 ubi
1646 5375 1922 5429 manebant

334 5467 519 5523 Petrus
567 5478 614 5521 et
660 5468 910 5522 Joannes.
963 5467 1031 5521 Et
1077 5474 1200 5538 post
1227 5480 1420 5536 pauca,
1463 5465 1538 5520 Ili
1567 5477 1715 5521 erant
1745 5484 1919 5522 omnes

326 5562 638 5617 unanimiter
666 5562 964 5633 congregati
1002 5577 1119 5616 cum
1160 5560 1481 5619 mulieribus.
1525 5574 1571 5615 et
1599 5570 1760 5615 matre
1794 5561 1920 5616 Iesu

329 5655 522 5715 Maria,
573 5665 619 5709 et
667 5655 916 5725 fratribus
945 5655 1091 5725 ejus;
1120 5662 1231 5708 erat
1262 5662 1430 5707 autem
1469 5653 1622 5707 turba
1654 5652 1920 5707 hominum

332 5754 438 5821 fere
475 5734 677 5804 centum
704 5749 884 5820 viginti
912 5750 1049 5818 (Act.
1074 5746 1207 5817 MS)
1237 5747 1291 5803 in
1322 5747 1423 5802 hoc
1453 5746 1571 5802 loco
1601 5747 1919 5814 constituti;

333 5856 390 5901 et
411 5842 824 5915 superveniente
849 5840 992 5911 Spiri
1022 5857 1053 5894 u
1079 5850 1265 5897 sancto
1288 5840 1476 5912 repleti
1506 5850 1667 5908 sunt;
1708 5849 1763 5897 et
1792 5855 1916 5898 cum

657 5940 934 6002 PATROL.
968 5937 1223 5999 LXVII.

2023 4722 2226 4791 monia,
2260 4739 2367 4779 non
2398 4736 2745 4797 praeceptum,
2779 4729 2874 4784 sed
2907 4731 3191 4786 consilium
3225 4733 3374 4788 dedit
3408 4732 3462 4802 (ι
3487 4733 3608 4789 Cor.

2026 4811 2158 4884 vn);
2190 4823 2242 4870 et
2288 4814 2342 4870 in
2377 4817 2667 4885 Evangelio
2704 4819 2857 4874 diviti
2884 4820 3121 4876 dicitur:
3158 4822 3219 4877 Si
3250 4824 3320 4877 ris
3359 4829 3613 4894 perfectus

2023 4923 2152 4974 esse,
2177 4909 2306 4962 vade
2324 4918 2372 4962 et
2397 4911 2557 4964 vende
2577 4912 2747 4966 omnia
2779 4928 2892 4982 qua:
2912 4912 3084 4979 habes,
3115 4922 3163 4966 et
3203 4915 3270 4967 da
3306 4915 3613 4983 pauperibus

2026 5000 2242 5071 (Matth.
2262 5002 2397 5075 χιχ).
2425 5004 2491 5060 Et
2520 5006 2625 5060 alio
2649 5006 2769 5061 loco
2795 5007 2883 5060 ubi
2912 5007 3166 5075 spadones
3191 5007 3499 5075 laudantur,
3527 5010 3612 5078 qui

2026 5109 2081 5147 sc
2107 5095 2247 5167 ipsos
2285 5104 2627 5150 castrarerunt
2655 5108 2865 5167 propter
2884 5114 3097 5170 regnum
3126 5098 3399 5164 caelorum;
3427 5110 3482 5155 et
3503 5111 3582 5155 sta
3599 5133 3616 5143 -

2026 5186 2119 5240 tim
2143 5185 2411 5257 adjicitur,
2434 5187 2521 5257 qui
2542 5196 2702 5256 potest
2730 5204 2911 5258 capere
2930 5189 3119 5259 capiat.
3157 5189 3223 5244 Et
3246 5190 3437 5244 iterum
3472 5193 3615 5261 Apo-

2027 5280 2219 5347 stolus,
2249 5296 2369 5336 cum
2399 5281 2465 5336 ad
2498 5280 2880 5337 continentiam
2905 5282 3153 5338 hortatur
3181 5302 3191 5336 :
3226 5281 3342 5337 Hoc
3364 5285 3433 5339 ad
3474 5287 3613 5341 utili-

2025 5382 2181 5427 tatem
2202 5385 2417 5430 vestram
2445 5377 2559 5430 dico
2590 5376 2829 5448 (inquit),
2857 5393 2958 5431 non
2981 5388 3032 5430 ut
3053 5378 3291 5449 laqueum
3324 5380 3460 5434 vobis
3486 5382 3587 5452 inji
3610 5416 3618 5424 -

2028 5465 2180 5531 ciam,
2212 5467 2301 5519 sed
2322 5468 2388 5519 ad
2414 5467 2467 5521 id
2490 5469 2623 5538 quod
2646 5469 2910 5522 honestum
2939 5480 3034 5537 est,
3068 5469 3275 5537 hortor,
3305 5483 3348 5525 et
3372 5473 3512 5543 quod
3534 5472 3617 5543 fa-

2022 5565 2260 5618 cultatem
2291 5566 2510 5632 prtebeat
2554 5569 2663 5622 sine
2699 5569 3063 5639 impedimento
3101 5566 3267 5623 Deum
3315 5569 3616 5625 obsecrandi

2024 5655 2079 5726 (Ι
2102 5655 2223 5711 Cor.
2252 5657 2367 5729 vn).
2405 5659 2467 5713 Et
2491 5675 2676 5715 rursus
2702 5661 2770 5716 ad
2803 5660 3177 5719 Philemonem
3205 5681 3219 5714 ι
3250 5662 3376 5718 Sine
3404 5664 3626 5719 consilio

2023 5758 2190 5804 autem
2217 5761 2303 5803 tuo
2328 5749 2454 5803 nihil
2477 5751 2615 5805 t'olui
2642 5753 2830 5823 facere,
2867 5756 2942 5809 uti
2968 5771 3034 5810 ne
3061 5755 3192 5811 velut
3219 5771 3285 5810 ea:
3320 5756 3622 5810 necessitate

2026 5843 2213 5901 bonum
2253 5851 2395 5901 tuum
2432 5854 2581 5913 esset,
2628 5847 2716 5901 sed
2755 5848 3129 5904 voluntarium.
3164 5849 3315 5907 Tunc
3361 5850 3505 5907 enim
3533 5849 3617 5905 di-

3020 5944 3093 6003 31
