4070 6468
537 252 595 305 il
1735 254 1791 311 S.
1833 253 2022 313 JUSTI
2067 252 2549 313 URGELLENSlS

3709 256 3823 311 972

458 326 637 428 ilccta
689 372 1038 443 qumdusque
1105 372 1237 428 velit
1298 371 1447 427 nulla
1516 372 1677 427 malo
1750 373 2046 427 suscittttur
2074 410 2089 432 ,
2120 374 2159 431 Α
2271 370 2432 426 Num.
2474 370 2565 425 44.
2620 370 2732 425 Vox
2760 373 2975 425 (tuturis
3003 371 3182 425 audita
3209 380 3282 425 est
3315 370 3368 424 in
3398 379 3555 424 terra.
3586 367 3821 433 Anima,

494 463 709 534 quando
751 477 1058 522 sanctarum
1112 475 1236 522 vota
1281 467 1555 523 voluntate
1620 477 1925 536 spontauea
1988 468 2093 523 Do-

497 557 643 612 mino
672 558 990 613 offeruntur.

565 649 727 706 Num.
765 648 858 705 54.
908 647 1023 705 Vae:
1067 651 1239 705 dilecti
1268 651 1386 705 mei.
1421 650 1545 706 llam
1576 665 1678 705 vox
1708 649 1933 712 Christi.
1978 664 2098 719 qua:

491 745 543 799 iu
577 744 678 799 hac
704 745 986 816 prophetia
1014 752 1231 799 tantum
1261 752 1742 808 commemoratur,
1770 758 1875 798 non
1906 742 2098 796 inscite

489 836 558 889 de
602 836 693 889 illa
739 833 1002 905 accipitur
1031 851 1137 904 qua
1165 850 1334 904 genus
1366 843 1703 889 mortuorum
1736 834 2015 887 hominum
2046 832 2098 886 in

493 927 791 999 Evangelia
818 928 1170 994 suscitantur,
1201 927 1343 983 sicut
1371 928 1487 995 ipse
1511 925 1826 995 pronuntiat
1863 926 2050 980 dicens
2080 941 2095 979 :

490 1017 655 1071 Amen
694 1034 842 1071 amen
881 1018 996 1072 dico
1018 1020 1178 1086 uobis,
1206 1020 1328 1089 quia
1358 1021 1518 1074 veniet
1548 1024 1676 1074 hora
1702 1022 1755 1075 in
1788 1036 1899 1089 qua
1927 1035 2100 1073 omnes

490 1111 576 1175 qui
602 1115 652 1165 in
682 1116 1015 1168 monumentis
1044 1123 1160 1167 sunt
1181 1115 1387 1168 audient
1414 1130 1585 1169 vocem
1610 1115 1801 1186 ejus,et
1829 1114 2099 1181 precedent

492 1201 585 1258 aui
625 1202 759 1255 bona
804 1203 1034 1272 fecerunt
1080 1206 1133 1258 in
1173 1206 1600 1259 resurrectionem
1628 1207 1745 1259 vita:
1787 1203 1966 1272 (Joan.
2017 1206 2096 1274 v).

495 1291 566 1347 Et
596 1294 650 1346 in
674 1295 1002 1366 Apocalypsi
1029 1295 1225 1349 dicitur
1249 1313 1261 1349 :
1292 1294 1480 1350 Beatus
1503 1296 1588 1371 qui
1611 1275 1764 1349 habEt
1828 1304 2027 1363 partem
2045 1298 2098 1350 in

494 1384 867 1439 resurrectione
898 1387 1063 1455 printa
1095 1385 1280 1456 (Apoc.
1315 1384 1429 1457 xx).
1459 1385 1552 1441 ille
1600 1386 1655 1440 in
1704 1385 1872 1455 prima
1917 1400 2099 1441 resur-

493 1477 737 1533 rectione
766 1486 972 1546 partem
1001 1479 1223 1543 invenit,
1252 1478 1339 1545 qui
1371 1488 1556 1534 erutus
1585 1478 1655 1534 de
1687 1479 1829 1534 mala
1869 1492 2098 1533 consue—

493 1571 702 1636 tudine,
737 1580 985 1639 tanquam
1016 1588 1043 1625 a
1074 1580 1247 1627 morte
1274 1571 1494 1626 Christo
1517 1570 1822 1626 viviﬁcante
1845 1570 2092 1640 resurgit.

566 1661 728 1717 Num.
774 1662 866 1719 55.
895 1661 1028 1716 Ecce
1050 1668 1141 1717 iste
1164 1664 1293 1718 venit
1319 1664 1509 1717 saliens
1541 1664 1593 1716 in
1628 1664 1905 1717 montibus.
1942 1663 2097 1717 Venit

2202 464 2257 518 in
2294 464 2609 533 Evangelia,
2641 465 2910 532 octoginta
2942 472 3174 532 quatuor
3206 475 3470 514 annorum
3500 460 3824 516 castissima

2200 559 2381 623 vidua,
2406 574 2517 614 nou
2550 559 2811 614 recedens
2843 560 2909 612 de
2940 557 3163 624 templo,
3201 556 3255 609 in
3280 553 3498 624 jejuuiis
3520 565 3577 609 et
3605 556 3826 609 oratio-

2203 648 2356 704 nibus
2393 648 2665 705 Christum
2712 649 2977 717 agnoscit,
3007 655 3065 701 et
3096 647 3331 715 loquitur
3360 648 3429 701 de
3458 663 3524 700 eo
3553 648 3825 700 omnibus

2200 743 2291 812 qui
2320 742 2705 811 exspectabant
2744 739 3167 807 redemptionem
3202 738 3362 793 israel
3387 736 3544 810 (Luc.
3576 736 3666 806 ιι).
3686 738 3828 790 Isra-

2202 849 2324 890 rum
2353 849 2565 904 quoque
2593 834 2775 887 avium
2803 831 3260 887 eumbinatioucm
3294 830 3344 884 in
3371 828 3709 883 sacrificium
3741 828 3824 881 «νῖ-

2202 926 2329 982 l‘erri
2359 925 2649 993 mandavit,
2682 926 2772 994 qui
2806 924 2880 979 nil
2907 924 3130 979 omnino
3163 923 3215 977 in
3248 922 3518 977 oblatione
3555 923 3647 975 Dei
3680 936 3822 990 pra:-

2200 1020 2426 1083 clarum,
2454 1018 2555 1072 nisi
2582 1032 2703 1072 cum
2733 1016 2919 1072 ﬁdeles
2943 1030 3173 1085 corpore
3194 1026 3248 1069 et
3272 1014 3463 1084 spiritu
3484 1014 3730 1069 sanctitit
3750 1016 3822 1065 ati

2205 1110 2432 1164 Domitio
2459 1108 2777 1164 oﬂ'erttntur.

2272 1200 2433 1257 Num.
2455 1200 2547 1256 45.
2574 1198 2732 1254 Ficus
2755 1199 2966 1264 protulit
2988 1215 3193 1270 grossos
3213 1216 3352 1253 suos.
3378 1198 3625 1253 Tandem
3645 1196 3821 1252 etiam

2201 1294 2479 1365 Synagoga
2500 1294 2782 1349 credentes
2813 1294 2864 1347 in
2883 1294 3101 1348 Christo
3127 1292 3691 1362 produxitlsraelitas,
3714 1294 3825 1346 sie-

2202 1400 2258 1441 ut
2297 1398 2355 1444 et
2396 1388 2684 1455 Apostolus
2734 1385 2807 1439 ait
2850 1401 2863 1438 :
2899 1384 3044 1437 Nolo
3090 1400 3178 1438 vos
3227 1385 3465 1455 ignorare
3504 1385 3820 1453 mysterium

2201 1479 2317 1542 hoc,
2348 1480 2467 1548 quia
2494 1478 2695 1531 ctecitas
2721 1494 2783 1531 er
2810 1486 2954 1546 parte
2983 1476 3193 1545 contigit
3221 1478 3272 1529 in
3300 1474 3490 1537 Israel,
3511 1477 3685 1529 donec
3708 1477 3820 1545 ple-

2201 1573 2381 1626 nitudo
2410 1572 2640 1643 gentium
2667 1571 2903 1634 intraret,
2930 1579 2979 1622 et
3020 1569 3095 1623 sic
3121 1570 3289 1623 omnis
3314 1567 3339 1621 1
3350 1570 3484 1622 smel
3512 1570 3696 1622 salvus
3726 1570 3821 1636 ﬁe-

2201 1680 2275 1721 ret
2305 1666 2487 1739 (llom.
2518 1666 2618 1736 ιιι).

493 1752 742 1808 Christus
771 1756 961 1809 saliens
990 1756 1041 1808 in
1067 1756 1343 1821 montibus,
1369 1770 1490 1809 cum
1524 1754 1811 1825 perfectior
1840 1754 2091 1824 perfectis
2125 1750 2168 1808 Β
2267 1758 2428 1813 Νιιω.
2470 1755 2560 1810 46.
2611 1756 2786 1813 Vinea:
2805 1759 3046 1826 ﬂorentes
3133 1755 3381 1809 dederunt
3403 1754 3641 1808 odorem.
3675 1754 3821 1807 Con-

494 1846 770 1916 apparuit;
813 1848 1107 1903 transiliens
1140 1849 1327 1915 colles,
1360 1863 1481 1903 cum
1526 1864 1740 1904 omnem
1783 1858 2089 1904 sanctorum

494 1939 827 1994 altitudinem
860 1956 972 1995 sure
1002 1934 1317 2010 maiestatis
1345 1941 1666 1996 excellentia
1689 1940 1982 2010 superavit.

564 2032 726 2088 Num.
759 2033 851 2090 56.
879 2033 1079 2091 Similis
1108 2044 1181 2089 est
1210 2033 1428 2090 dilectus
1460 2051 1599 2089 meus
1637 2051 1857 2104 capt'ete.
1893 2033 2095 2091 Similis

495 2136 579 2183 cst
602 2142 834 2197 capram,
866 2129 992 2198 quia
1034 2129 1087 2182 in
1114 2129 1452 2183 similitudine
1489 2130 1657 2183 carnis
1697 2130 1887 2194 peccati
1918 2127 2092 2197 (Rom.

496 2218 637 2289 vm),
667 2219 819 2275 nobis
838 2220 1119 2289 apparuit;
1152 2220 1342 2275 similis
1368 2220 1531 2274 etiam
1567 2236 1825 2274 cervorum
1854 2218 2093 2283 ltinnulo,

496 2311 620 2381 quia
666 2312 736 2368 de
782 2313 987 2368 sanctis
1028 2313 1117 2383 qui
1167 2322 1475 2384 serpentem
1504 2314 1771 2380 vicerunt,
1799 2314 2093 2369 secundum

495 2421 715 2462 carnem
749 2406 903 2462 duxit
927 2406 1213 2478 originem.

564 2498 723 2555 Num.
761 2496 855 2554 37.
895 2498 979 2554 En
1009 2501 1116 2571 ipse
1164 2508 1265 2555 stat
1318 2510 1429 2568 post
1482 2500 1745 2569 parietem.
1806 2500 1925 2554 Stat
1979 2508 2099 2568 post

494 2593 752 2662 parietem
793 2602 1039 2647 nostrum
1074 2608 1197 2647 cum
1250 2592 1489 2647 induitur
1543 2593 1806 2646 velamine
1852 2591 2098 2660 corporis

491 2685 688 2740 nostri.

564 2776 730 2834 Num.
770 2776 862 2833 38.
906 2778 1203 2849 Respiciens
1244 2793 1335 2846 per
1377 2780 1646 2846 fenestras.
1680 2775 1813 2831 Cum
1845 2774 2095 2844 quiddam

494 2871 574 2926 sui
602 2870 862 2938 occuluit,
893 2870 1149 2942 quiddam
1180 2880 1359 2926 autem
1391 2868 1792 2934 mauil‘estavit;
1819 2866 1970 2936 quasi
2004 2881 2098 2933 rer

495 2964 760 3020 fenestras
787 2970 845 3019 et
863 2964 1131 3019 cancellos
1162 2964 1459 3033 prospexit.
1494 2961 1608 3017 Non
1637 2962 1779 3016 enim
1811 2975 1871 3015 se
1891 2974 1956 3015 ex
1985 2967 2097 3013 tota

494 3056 762 3125 praecipue
802 3054 1094 3111 secundum
1141 3054 1310 3111 Deum
1341 3055 1597 3121 ostendit,
1628 3055 1716 3124 qui
1746 3053 1961 3108 Patrem
2012 3053 2095 3107 vi-

2196 1851 2536 1921 gregationes
2579 1850 2920 1911 clericorum,
2955 1847 3342 1900 monachorum
3370 1860 3590 1915 quoque
3619 1858 3675 1899 et
3709 1847 3820 1899 vit-

2196 1947 2378 2015 ginum
2402 1944 2455 1998 in
2488 1943 2730 1999 Ecclesia
2758 1943 3062 2011 proﬁciunt,
3087 1951 3139 1995 et
3170 1955 3265 2010 per
3296 1941 3491 1995 bonam
3524 1939 3737 1992 fatuam
3765 1952 3816 1994 at

2197 2036 2660 2093 cottversationem
2695 2034 3069 2090 innatuerunt.

2264 2130 2425 2186 Nunt.
2468 2128 2559 2182 47.
2599 2129 2784 2201 Surge,
2820 2130 2988 2182 amica
3018 2144 3154 2192 mea,
3186 2137 3232 2181 et
3260 2127 3494 2196 speciosa
3526 2143 3670 2180 mea.
3711 2126 3821 2180 Piis

2199 2224 2650 2295 appellationibus
2690 2236 2908 2290 semper
2940 2221 3187 2275 hortatur
3219 2219 3457 2274 Ecclesia
3492 2229 3551 2273 ut
3606 2220 3820 2273 relictis

2201 2317 2589 2387 temporalibus
2617 2316 2683 2369 ad
2716 2325 2917 2370 aeterna
2947 2316 3204 2381 suspiret.

2271 2412 2433 2465 Num.
2471 2409 2562 2463 48.
2602 2407 2852 2462 Columba
2882 2423 2993 2461 mea
3023 2407 3076 2460 in
3107 2406 3448 2477 foraminibus
3483 2416 3669 2475 petrte.
3700 2404 3817 2460 Non

2201 2505 2349 2561 aliud
2384 2503 2620 2558 Ecclesia
2671 2501 2920 2558 Columba
2963 2508 3207 2566 vocatur,
3242 2501 3343 2553 nisi
3389 2502 3513 2563 quia
3555 2510 3644 2554 est
3697 2500 3820 2553 sine

2199 2598 2326 2652 dolo
2351 2607 2404 2651 et
2432 2595 2631 2666 Spiritu
2660 2604 2847 2649 sancto
2876 2594 3153 2662 repletur;
3194 2593 3394 2648 habitat
3439 2592 3493 2646 in
3523 2594 3817 2646 foramini-

2201 2692 2301 2746 hus
2337 2703 2522 2760 petris,
2553 2689 2675 2759 quia
2709 2701 2923 2757 semper
2969 2686 3369 2756 receptaculum
3418 2688 3583 2740 habet
3617 2688 3670 2741 iu
3710 2688 3817 2749 ιιις,

2202 2796 2268 2839 ex
2316 2784 2508 2850 quibus
2549 2791 2731 2835 sanata
2783 2790 2885 2842 est,
2918 2778 3229 2836 vulneribus
3273 2778 3495 2833 Christi.
3529 2778 3706 2848 [iet-ip
3734 2790 3819 2833 tur

2200 2884 2364 2932 etiam
2394 2889 2446 2927 tn
2473 2887 2755 2928 cavernam
2781 2872 3050 2937 materiai,
3068 2887 3190 2925 cum
3215 2881 3400 2925 sancta
3422 2885 3485 2925 ex
3514 2870 3821 2939 Scripturis

2200 2968 2573 3025 consolatione
2603 2967 2836 3029 lavetur,
2869 2967 2951 3019 vel
2985 2980 3105 3019 cum
3143 2963 3563 3034 prmcedcntium
3599 2978 3819 3018 sanc'o.

2201 3078 2320 3118 rum
2350 3061 2561 3116 meritis
2588 3072 2752 3129 atque
2779 3058 3115 3113 orationibus
3144 3073 3208 3113 ex
3252 3068 3366 3112 tata
3396 3056 3723 3126 lrotegitur.
3765 3058 3820 3113 Ic

495 3147 627 3204 dere
656 3148 888 3217 cupienti
918 3147 1162 3217 Philippo
1191 3146 1326 3202 dixit
1357 3164 1374 3206 :
1406 3146 1570 3201 Tanto
1594 3156 1816 3215 tempore
1843 3143 2095 3199 vobiscum
2124 3135 2169 3198 C
2201 3156 2287 3211 his
2327 3155 2677 3210 foraminibus
2727 3163 2916 3221 perm,
2961 3151 3197 3206 Thomas
3226 3151 3502 3221 θροειεηυε
3546 3160 3816 3221 tanquam

495 3255 633 3301 sum,
688 3248 733 3293 et
775 3255 875 3292 non
914 3240 1219 3310 cognovistis
1242 3254 1357 3305 me;
1386 3248 1440 3295 et
1479 3237 1583 3293 alio
1611 3238 1730 3293 loco
1755 3253 1769 3291 :
1796 3237 1896 3303 Qui
1927 3236 2095 3308 diligit

496 3350 579 3388 me
611 3334 855 3387 mandata
878 3350 986 3387 mea
1014 3332 1239 3388 custodit
1269 3343 1317 3388 ct
1347 3349 1445 3404 ego
1469 3332 1686 3403 diligam
1716 3346 1830 3385 eum
1853 3340 1899 3386 et
1928 3332 2096 3383 mani‘

498 3426 694 3499 festabo
718 3428 764 3482 ei
798 3429 1045 3496 meipsum
1075 3426 1257 3497 (Joan.
1286 3429 1418 3497 xlv).
1437 3425 1533 3482 Vel
1567 3436 1690 3481 tunc
1722 3440 1816 3496 per
1839 3429 2099 3479 fenestras

496 3529 552 3577 et
593 3519 861 3575 cancellos
905 3519 1199 3589 prospexit,
1234 3518 1448 3589 quando
1500 3517 1713 3588 plebem
1738 3516 1792 3572 in
1826 3515 2098 3585 parabolis

496 3611 737 3667 edocuit.
770 3609 955 3667 Potest
988 3613 1147 3667 etiam
1171 3610 1394 3681 intelligi
1428 3609 1568 3680 quod
1585 3618 1710 3665 tunc
1729 3622 1823 3676 per
1840 3606 2100 3661 lt-nestras

496 3704 1020 3774 prospexit,quauda
1034 3705 1085 3756 in
1104 3704 1380 3773 passione,
1402 3702 1584 3758 lancea
1611 3698 1881 3769 perforato
1910 3698 2095 3757 latere.

496 3796 756 3866 sanguine
799 3804 854 3851 et
898 3811 1034 3865 aqua
1064 3804 1337 3860 manante,
1367 3792 1750 3861 redemptionis
1802 3798 1856 3846 et
1900 3788 2097 3844 lavacri

499 3899 852 3942 sacramenta
884 3886 1155 3956 produxit.

561 3979 725 4036 Num.
764 3979 854 4037 59.
898 3978 1126 4033 Dilectus
1155 3993 1298 4031 meus
1325 3976 1550 4047 loquitur
1596 3975 1742 4029 mihi.
1778 3973 2016 4030 Dilectus
2044 3974 2095 4027 in

499 4076 601 4131 hoc
639 4075 775 4129 libro
814 4086 958 4142 saepe
987 4069 1313 4126 describitur
1347 4087 1360 4123 :
1392 4069 1512 4140 quis
1551 4068 1695 4124 enim
1728 4079 1836 4123 tam
1868 4068 2097 4124 dilectus

499 4168 757 4224 Ecclesia:
808 4181 966 4234 quam
1013 4163 1104 4219 ille
1134 4169 1365 4232 propter
1394 4176 1553 4233 quem
1595 4170 1859 4232 martyres
1887 4159 2097 4214 animas

496 4258 825 4329 posuerunt?
859 4257 1052 4328 Surge,
1065 4270 1297 4325 propera
1318 4262 1367 4309 et
1391 4254 1501 4308 veni
1527 4269 1545 4307 :
1565 4268 1742 4324 surge,
1760 4254 1951 4317 crede;
1976 4267 2093 4320 pro-

496 4369 644 4424 pera,
672 4361 890 4422 peracto
936 4362 1097 4405 Cursu
1153 4348 1225 4419 pii
1278 4348 1478 4403 laboris
1522 4348 1802 4417 prtemium
1860 4345 2092 4412 suscipe.

498 4444 680 4499 Amica
704 4460 837 4510 mea,
871 4441 1211 4498 reconciliata
1261 4440 1388 4493 mihi
1425 4454 1516 4507 per
1551 4450 1817 4503 mortem;
1866 4437 2093 4507 formosa

500 4553 634 4601 mea,
665 4534 863 4590 munda
893 4534 1027 4589 facta
1056 4548 1151 4601 per
1181 4534 1471 4586 lavacrum.

571 4628 731 4683 Num.
760 4625 850 4682 40.
882 4624 1005 4679 Jam
1031 4625 1166 4680 enim
1195 4624 1354 4678 hiems
1384 4624 1600 4678 transiit.
1627 4622 1761 4691 Qu'a
1791 4622 2098 4692 temporalis

500 4722 779 4780 tribulatio
810 4724 970 4776 linem
1002 4721 1228 4789 accepit.

571 4817 735 4873 Num.
778 4815 868 4870 Η.
912 4812 1083 4868 Imber
1113 4814 1239 4867 abiit
1269 4822 1317 4866 et
1346 4814 1571 4867 recessit.
1601 4811 1800 4865 Crebra
1832 4820 1886 4865 et
1918 4810 2098 4863 multi-

499 4914 625 4981 plex
654 4913 901 4976 teutatio,
936 4909 1020 4964 vel
1064 4922 1390 4979 paganorum
1440 4904 1740 4975 perserutia
1768 4906 1986 4973 quievit.

568 5004 734 5059 Num.
775 5001 867 5056 42.
904 5000 1095 5055 Flores
1124 5014 1474 5071 apparuerunt
1519 4999 1572 5050 in
1599 5006 1759 5050 terra.
1792 4998 1975 5051 Sancti
2017 5013 2101 5052 rc-

501 5096 881 5151 duudaverunt
926 5098 976 5147 in
1029 5095 1255 5160 mundo,
1309 5107 1495 5149 mense
1545 5094 1835 5155 Novarum,
1886 5091 2100 5161 quando

500 5192 706 5246 Pascha
734 5188 1058 5256 celebratur,
1087 5189 1298 5251 exorti;
1347 5186 1543 5255 quibus
1586 5184 1875 5252 Aposiolus
1929 5185 2098 5239 dicit:

501 5284 564 5340 Si
590 5282 985 5338 consurrexistis
1008 5296 1123 5335 cum
1149 5278 1369 5343 Clu-isto,
1400 5296 1513 5347 qua:
1539 5295 1739 5334 sursum
1772 5290 1888 5335 sunt
1912 5281 2100 5350 sapite,

501 5392 604 5429 non
633 5389 749 5446 gnte
776 5389 930 5445 super
958 5384 1145 5427 terram
1177 5369 1317 5443 (Cal.
1349 5371 1454 5441 ιιι).

572 5468 732 5523 Nutu.
773 5463 864 5521 45.
907 5464 1128 5536 Tempus
1149 5466 1431 5537 putationis
1454 5466 1679 5520 advenit.
1715 5467 1775 5522 lli
1803 5466 1892 5537 qui
1922 5467 1973 5522 iu
2000 5468 2098 5522 do-

502 5575 591 5615 mo
620 5559 829 5613 Domini
874 5568 997 5613 sunt
1044 5558 1285 5629 plantati,
1320 5558 1559 5613 adhibita
1607 5558 1903 5629 disciplinae
1945 5559 2099 5627 falce,

502 5654 572 5707 ab
593 5654 736 5707 omni
760 5654 1139 5722 supchtitione
1160 5653 1389 5724 purgati,
1417 5655 1654 5710 venturis
1680 5654 1940 5710 lructibus
1966 5671 2104 5725 prte-

504 5760 783 5821 parantur.

2121 4518 2173 4578 D

2200 3247 2474 3311 columba,
2498 3245 2888 3313 protectionem
2912 3243 3276 3312 invenit,cum
3303 3249 3423 3313 βοιει
3452 3245 3816 3299 resurrectio.

2201 3358 2323 3399 nem
2353 3340 2699 3396 contrectatis
2719 3335 2917 3393 Christi
2949 3336 3226 3390 vulnerum
3253 3337 3405 3401 locis,
3426 3349 3638 3391 remota
3660 3340 3819 3391 omni

2200 3435 2491 3497 dubietate,
2525 3433 2661 3486 Deus
2688 3447 2829 3484 meus
2858 3438 2905 3483 et
2934 3426 3189 3483 Dominus
3212 3442 3350 3482 meus
3382 3426 3562 3498 (Joan.
3596 3430 3717 3499 sx),
3752 3433 3818 3482 ti-

2202 3528 2396 3584 deliter
2417 3525 2762 3583 exclamtvit.

2273 3621 2430 3675 Num.
2472 3618 2560 3675 49.
2594 3617 2817 3673 Ostende
2846 3617 2969 3671 mihi
2994 3617 3180 3687 faciem
3208 3625 3364 3679 tuam,
3394 3612 3543 3668 Sion.
3579 3614 3715 3668 Sion
3748 3618 3818 3668 τη-

2207 3720 2540 3784 terpretatur
2562 3710 2882 3780 Specuiatio,
2907 3724 3026 3779 qua:
3062 3709 3255 3763 merito
3281 3706 3333 3762 itt
3366 3706 3471 3762 illis
3500 3707 3819 3777 intelligitur

2201 3808 2291 3879 qui
2316 3822 2438 3863 cum
2459 3804 2716 3875 Apostolo
2742 3804 2928 3858 dicunt
2954 3819 2969 3857 :
2996 3801 3109 3856 Nos
3125 3812 3293 3855 autem
3316 3800 3540 3872 gloriam
3573 3799 3670 3855 Dei
3693 3818 3819 3869 spe-

2201 3900 2449 3965 culantes,
2466 3900 2519 3952 in
2538 3898 2764 3952 eamdem
2784 3896 3056 3966 imaginem
3070 3896 3503 3963 transformamur
3517 3911 3548 3947 a
3564 3895 3817 3948 claritate

2202 3993 2253 4045 in
2269 3991 2450 4045 clarita
2472 4007 2550 4045 em
2564 3999 2807 4061 tanquam
2828 4005 2859 4043 a
2882 3989 3086 4042 Domini
3106 3988 3308 4058 spiritu.
3335 3987 3402 4040 Et
3423 3987 3620 4041 iterum
3646 4005 3658 4039 :
3692 3988 3820 4043 Non

2200 4085 2656 4155 contemplantibus
2708 4081 2855 4136 nobis
2929 4096 3045 4152 qua:
3101 4079 3377 4143 videntur,
3413 4080 3501 4132 sed
3548 4095 3665 4147 quis
3715 4096 3819 4133 mut

2202 4180 2444 4232 videntur
2472 4174 2563 4248 (11
2595 4174 2718 4230 Cor.
2782 4176 2862 4247 v).
2894 4174 3027 4242 Qua:
3057 4172 3199 4227 enim
3225 4171 3473 4225 videntur
3496 4172 3820 4241 temporalia

2202 4281 2349 4335 sunt,
2365 4285 2483 4340 qua:
2502 4276 2681 4323 autem
2707 4282 2812 4323 non
2835 4267 3083 4321 videntur
3102 4275 3302 4319 aeterna
3320 4278 3464 4318 sunt.
3482 4262 3612 4317 Haec
3636 4265 3820 4332 itaque

2204 4364 2462 4417 invitatur
2488 4373 2547 4417 ut
2600 4374 2816 4431 semper
2841 4369 2965 4414 ante
3014 4359 3179 4414 Deum
3210 4359 3458 4423 assistat,
3495 4358 3639 4412 sicut
3671 4358 3819 4410 Elius

2202 4459 2292 4527 qui
2315 4455 2529 4510 dicebat
2557 4471 2571 4507 :
2610 4454 2740 4508 Vivit
2761 4452 3094 4515 Dominus,in
3116 4454 3266 4519 cuius
3293 4457 3563 4518 conspectu
3588 4460 3703 4502 asto
3728 4452 3820 4502 ho.

2203 4549 2285 4602 die
2319 4546 2423 4618 (IV
2455 4548 2585 4618 Reg.
2620 4546 2729 4614 ut);
2760 4560 2861 4599 nec
2888 4546 2957 4599 sit
2985 4546 3052 4598 de
3099 4545 3206 4599 illis
3245 4557 3378 4612 quos
3422 4543 3682 4612 propheta
3718 4544 3818 4597 de-

2205 4648 2357 4695 notat
2406 4638 2590 4693 dicens
2626 4654 2639 4690 :
2680 4636 2949 4690 Venerunt
2979 4635 3047 4688 ad
3074 4651 3151 4688 me
3182 4644 3381 4703 tergum
3411 4643 3459 4686 et
3497 4649 3601 4686 non
3626 4634 3816 4702 [acina

2208 4731 2454 4803 (Jerem.
2502 4744 2537 4783 tt
2564 4729 2615 4802 );
2650 4738 2725 4795 et,
2772 4745 2869 4783 voa:
2906 4739 3027 4794 tua,
3072 4727 3265 4796 inquit,
3331 4726 3385 4779 in
3430 4725 3646 4779 auribus
3689 4730 3816 4782 mei;

2207 4825 2329 4897 (111
2376 4825 2501 4893 Reg.
2548 4824 2716 4893 ivit);
2746 4830 2820 4887 et,
2867 4821 3217 4875 clamauerunt
3262 4821 3409 4890 iusti,
3456 4829 3504 4873 et
3557 4819 3817 4875 Dominus

2206 4918 2462 4972 exaudivit
2490 4932 2574 4971 eos
2605 4926 2649 4968 et
2677 4930 2740 4968 eo:
2765 4913 3003 4967 omnibus
3030 4911 3447 4966 tribulationibus
3474 4911 3817 4969 eornmlibe-

2206 5012 2338 5066 raoit
2363 5028 2445 5065 eos
2475 5007 2649 5081 (Psal.
2676 5010 2893 5078 xxxttt).

2279 5105 2442 5159 Num.
2471 5105 2561 5159 ὅθ.
2608 5100 2725 5156 Vua:
2751 5102 2887 5155 enim
2926 5109 3014 5152 tua
3044 5099 3242 5153 dulcis.
3276 5097 3561 5151 Orationes
3601 5106 3809 5151 sancto-

2208 5212 2323 5251 rum
2347 5209 2560 5263 semper
2588 5194 2809 5248 Dumiuu
2837 5202 3093 5260 accepta),
3124 5191 3399 5262 gratiaque
3428 5187 3543 5258 ejus
3568 5202 3817 5257 praesen-

2210 5302 2313 5355 tes,
2344 5292 2466 5361 quia
2495 5290 2561 5343 de
2593 5286 2789 5342 Christi
2825 5286 3026 5339 lumine
3055 5292 3400 5353 acceperunt,
3435 5292 3491 5335 ut
3526 5281 3576 5333 in
3614 5281 3810 5334 decoro

2208 5384 2424 5455 iustitia:
2452 5386 2849 5450 permanerent.

2282 5474 2442 5528 Num.
2474 5472 2567 5527 5|.
2618 5469 2799 5537 Capite
2838 5468 2979 5522 nobis
3019 5467 3196 5539 culpes
3236 5465 3499 5535 part-uias.
3529 5464 3670 5519 Dicit
3714 5481 3809 5534 per

2209 5566 2515 5637 parabolatn
2562 5565 2615 5617 in
2669 5562 2958 5631 Evangelia
2989 5560 3247 5614 Dominus
3288 5559 3498 5628 (Matth.
3534 5563 3652 5624 xm)
3684 5574 3809 5613 cum

2208 5658 2466 5713 crevisset
2495 5656 2681 5719 herba,
2712 5662 2768 5708 et
2811 5654 3039 5707 fructum
3074 5651 3313 5716 fecisset,
3368 5660 3494 5705 tunc
3536 5668 3807 5721 apparue-

2212 5762 2336 5808 runt
2364 5751 2565 5805 zizania
2596 5766 2607 5803 :
2640 5749 2689 5803 id
2723 5757 2823 5817 est,
2861 5747 3174 5818 proﬁciente
3216 5746 3453 5802 Ecclesia
3500 5761 3809 5800 numerosas
