4070 6458
338 310 441 365 975

1334 306 1398 362 ΙΝ
1438 305 1729 362 CANTICA
1770 299 2215 361 CANTICORUM
2256 303 2688 361 EXPl.lC.\TlO.

3524 301 3630 359 974

334 424 495 476 etiam
536 421 784 487 haereses
823 430 1193 492 surrexerunt,
1224 423 1311 479 vel
1347 424 1401 478 in
1442 424 1531 479 illa
1583 423 1686 477 ﬁde
1728 435 1933 492 perma-
1962 422 2010 480 Α
2039 420 2133 474 sed
2184 423 2272 489 qui
2323 422 2526 477 sanctis
2577 420 2849 476 laboribus
2885 418 3302 491 invigilaverint,
3354 416 3453 486 ipsi
3503 431 3627 471 eum

334 525 498 569 nente
527 530 687 585 quam
718 531 880 586 prave
914 517 1179 571 sentirent
1201 516 1531 586 investigata).
1561 526 1704 571 sunt.
1747 517 1836 571 Sic
1876 525 1931 572 et

336 605 425 660 ille
467 605 719 675 Samson,
751 610 841 678 qui
894 609 1279 678 interpretatur
1313 608 1413 674 sol,
1453 610 1624 679 captis
1675 612 1931 665 trecentis

336 698 606 767 vulpibus,
636 716 823 755 eorum
865 701 1054 755 caudis
1094 701 1269 770 ignem
1311 705 1581 772 apposuit,
1625 714 1679 758 et
1724 706 1931 760 fructus

336 790 674 847 inimicorum
706 793 949 849 accendit
977 792 1176 865 (Judic.
1207 794 1319 865 xv).
1345 794 1571 865 Semper
1595 795 1737 851 enim
1762 796 1934 852 haere-

338 882 428 937 tici
460 883 512 937 in
542 884 869 954 primordiis,
903 887 1050 941 velut
1080 884 1198 941 ﬁcta
1232 888 1491 956 religione
1528 888 1832 958 conSpicui,
1877 889 1930 944 in

338 977 595 1031 extremis
624 978 734 1033 suis
761 979 935 1048 ignem
965 978 1202 1045 trahunt,
1245 979 1506 1048 gehennae
1546 980 1794 1035 incendio
1835 980 1933 1037 de-

342 1069 533 1137 putati.
567 1069 631 1123 Et
659 1070 780 1124 ideo
807 1071 986 1137 Capite
1007 1071 1153 1125 nobis
1182 1071 1359 1134 uulpes
1385 1088 1403 1129 :
1434 1072 1739 1128 convincite
1765 1073 1933 1128 luere-

344 1160 500 1224 ticos,
553 1174 848 1228 eorumque
881 1162 1146 1215 versutias
1191 1172 1498 1216 sanctarum
1533 1162 1932 1231 Seripturarum

344 1252 646 1308 concludite
696 1252 1036 1308 testimoniis.
1081 1252 1225 1320 Quos
1271 1253 1457 1321 vulpes
1501 1253 1751 1323 parvulas
1780 1254 1931 1324 dicit,

343 1342 468 1411 quia
526 1343 657 1397 nihil
706 1342 883 1412 magni
927 1342 1220 1397 secundum
1275 1351 1477 1398 rectam
1528 1342 1686 1398 ﬁdem
1740 1345 1937 1399 intelli-

344 1435 518 1505 gendo
540 1436 849 1502 continent;
873 1451 1035 1491 omne
1064 1436 1207 1491 enim
1231 1437 1372 1505 quod
1401 1436 1636 1507 sapiunt,
1657 1437 1930 1503 exhibent;

346 1527 440 1595 qui
471 1527 647 1596 pusilli
676 1538 799 1581 sunt
828 1527 1192 1582 demoliuntur
1214 1529 1421 1592 vineas,
1466 1526 1783 1581 subvertunt
1820 1528 1935 1596 ple—

347 1617 467 1682 bes,
500 1618 678 1686 pravis
723 1631 816 1672 eas
860 1616 1236 1672 traditionibus
1277 1626 1705 1686 corrumpeutes.
1775 1616 1937 1671 Vinea

347 1720 522 1766 nostra
567 1713 769 1782 ﬂoruit.
812 1711 1050 1767 Ecclesia
1098 1711 1362 1766 catholica
1398 1710 1764 1766 indeclinabili
1804 1726 1934 1781 aug-

348 1816 531 1859 mento
560 1803 787 1872 proﬁcit.

419 1914 576 1970 Num.
608 1914 701 1970 52.
725 1914 957 1969 Dilectus
986 1931 1126 1969 meus
1153 1915 1301 1983 mihi,
1332 1925 1377 1970 et
1398 1931 1488 1984 ego
1512 1914 1610 1969 illi.
1636 1914 1773 1969 Dicit
1798 1915 1942 1985 Apo-

347 2008 559 2063 stolus:
592 2007 761 2062 Erunt
800 2008 905 2062 duo
947 2010 1001 2062 in
1042 2024 1194 2062 carne
1245 2025 1369 2061 una.
1420 2007 1816 2064 Sacr-amentum
1848 2008 1944 2061 hoc

348 2118 590 2172 magnum
633 2112 726 2167 est,
763 2117 858 2173 ego
883 2110 1051 2156 autem
1101 2103 1217 2155 dico
1255 2104 1310 2155 in
1350 2099 1557 2156 Christo
1613 2109 1659 2155 et
1708 2098 1944 2153 Ecclesia

351 2194 570 2268 (Ephes.
595 2194 673 2268 v).
705 2196 780 2250 De
811 2197 928 2265 ipso
955 2195 1100 2251 enim
1128 2195 1316 2251 eadem
1352 2195 1589 2250 Ecclesia
1629 2193 1757 2250 dicit
1786 2211 1799 2247 :
1832 2194 1941 2247 Do-

350 2291 520 2344 minus
550 2307 669 2360 pars
696 2289 1008 2345 hwreditatis
1044 2292 1174 2344 ’τηειρ
1203 2288 1427 2360 (Psalm.
1475 2290 1586 2358 xv).
1640 2289 1708 2343 Et
1752 2290 1945 2343 iterum

351 2396 383 2435 a
412 2382 568 2438 Patre
590 2382 732 2438 Filio
758 2382 952 2438 dicitur
980 2400 992 2435 ε
1026 2380 1249 2437 Postula
1271 2398 1301 2434 a
1326 2397 1428 2445 me,
1459 2390 1507 2435 et
1537 2381 1669 2434 dabo
1711 2380 1797 2435 tibi
1822 2397 1947 2452 gen-

353 2486 424 2531 tes
453 2476 801 2531 [nereditatem
830 2460 989 2543 tuam,
1036 2486 1081 2531 et
1126 2478 1495 2545 possessionem
1523 2487 1665 2531 tuam
1703 2478 1948 2531 terminos

352 2581 502 2627 terrae
532 2571 757 2646 (Psalm.
784 2572 867 2643 ιι).
897 2572 1071 2627 Habet
1099 2574 1257 2642 igitur
1282 2570 1527 2628 Christus
1564 2572 1861 2627 Ecclesium
1893 2573 1947 2627 in

353 2682 455 2722 suo
498 2681 725 2736 cerpore
768 2678 821 2722 et
872 2665 1131 2721 Ecclesia
1157 2663 1426 2721 Christum
1474 2666 1529 2721 in
1571 2666 1746 2735 capite
1783 2683 1796 2720 :
1830 2680 1950 2737 qua:

354 2762 621 2817 connexio
673 2762 794 2831 quia
837 2761 1112 2817 dissociari
1159 2776 1264 2817 non
1306 2769 1505 2832 potest,
1537 2763 1731 2817 merito
1773 2762 1949 2818 dixit:

356 2851 584 2908 Dilectus
618 2869 756 2908 meus
777 2853 926 2906 mihi.
1952 2843 1957 2847 ’

424 2966 586 3023 Num.
620 2970 710 3025 53.
770 2969 871 3036 Qui
901 2968 1128 3039 pascitur
1153 2969 1289 3023 inter
1340 2968 1471 3024 lilia.
1523 2968 1768 3025 Pascitur
1812 2968 1954 3025 inter

360 3059 466 3115 lilia
491 3061 736 3117 Christus
763 3062 975 3132 quando
1005 3076 1201 3131 corpus
1228 3060 1363 3132 ejus,
1399 3062 1541 3132 quod
1572 3070 1656 3117 est
1688 3061 1950 3131 Ecclesia,

361 3161 668 3209 sanctorum
697 3162 751 3209 et
770 3154 1043 3225 virginum
1073 3155 1302 3210 coetibus
1327 3155 1637 3211 decoratur.

430 3270 593 3325 Num.
624 3268 715 3323 54.
756 3269 932 3324 Donec
960 3271 1181 3339 exspiret
1218 3269 1352 3338 dies,
1387 3279 1436 3324 et
1481 3270 1797 3325 inclinentur
1842 3286 1958 3323 unt—

357 3368 482 3420 brte.
519 3363 698 3417 Donec
726 3361 1035 3434 evangeliea
1068 3362 1285 3417 traditio
1326 3363 1379 3416 in
1418 3362 1650 3418 clariore
1675 3362 1793 3418 luce
1832 3377 1957 3431 pro-

362 3451 523 3519 liciat,
553 3462 610 3509 et
636 3453 819 3525 ﬁgura:
849 3453 1055 3509 Veteris
1084 3453 1449 3519 Testamenti,
1487 3468 1608 3524 quae
1650 3454 1795 3509 velut
1835 3469 1955 3507 um-

362 3549 494 3615 brae,
537 3549 591 3603 in
638 3549 745 3603 ritu
793 3549 1202 3613 sacriﬁciorum,
1244 3547 1435 3619 typieis
1492 3548 1957 3605 observationibus

365 3646 779 3709 praecesserunt,
810 3639 1173 3709 depellantur.

433 3757 593 3812 Num.
624 3757 715 3813 55.
744 3757 1032 3825 Ilevertere,
1060 3758 1243 3814 similis
1270 3767 1398 3827 esto,
1430 3758 1612 3815 dilecte
1641 3759 1787 3814 mihi.
1821 3759 1954 3814 Dum

364 3846 620 3903 dilectum
678 3850 914 3904 insinuat
958 3850 1192 3919 regredi,
1250 3850 1589 3916 similemque
1639 3866 1849 3920 caprea:
1903 3859 1959 3905 ct

365 3937 589 3993 hiunulo
618 3938 772 4005 dicit,
804 3940 1001 3993 Christi
1030 3940 1080 3992 in
1106 3941 1273 3995 ctelos
1306 3944 1702 4007 ascensionem,
1745 3942 1960 3998 mundis

364 4042 422 4087 et
462 4032 735 4088 velocibus
782 4033 1102 4088 animalibus
1139 4035 1554 4104 comparandam
1598 4035 1955 4092 demonstrat.

368 4125 494 4180 llazc
522 4129 665 4181 enim
695 4125 856 4181 celeri
888 4126 1050 4191 saltu,
1077 4129 1340 4181 montium
1380 4128 1570 4183 altiora
1602 4128 1913 4184 transiliunt
1939 4147 1953 4195 ;

365 4234 752 4289 supergressus
783 4228 867 4275 est
897 4231 1075 4274 autem
1121 4220 1369 4275 Christus
1398 4219 1575 4275 omnia
1609 4238 1726 4288 quae
1770 4222 1958 4276 viden-

368 4315 453 4362 tur
478 4308 711 4373 excelsa,
743 4308 863 4378 quia
909 4307 977 4363 de
1019 4308 1138 4377 ipso
1183 4309 1471 4378 Apostolus
1513 4310 1681 4366 dicit:
1734 4310 1956 4381 Propter

366 4401 504 4471 quod
526 4402 667 4456 Deus
689 4402 928 4456 exultavit
955 4402 1124 4470 illum,
1156 4412 1201 4455 et
1232 4403 1374 4457 dedit
1399 4403 1481 4457 illi
1510 4419 1692 4457 nomen
1720 4406 1858 4471 quod
1883 4416 1957 4460 est

368 4511 520 4565 super
541 4510 688 4548 omne
707 4511 912 4560 nomen,
935 4503 992 4547 ut
1011 4496 1063 4547 in
1086 4495 1287 4547 nomine
1306 4495 1430 4549 Jesu
1450 4512 1598 4550 omne
1625 4514 1756 4566 genu
1784 4499 1961 4566 ﬂecta-

369 4595 473 4651 tur,
529 4586 823 4652 ctelestium,
866 4586 1182 4640 terrestrium
1220 4597 1267 4640 et
1314 4588 1660 4656 infernarum,
1711 4597 1759 4642 et
1802 4591 1965 4643 omnis

370 4678 546 4750 lingua
577 4680 886 4743 conﬁteatur
908 4680 1028 4748 quia
1055 4679 1305 4733 Dominus
1323 4677 1476 4733 Jesus
1498 4679 1551 4733 in
1580 4681 1749 4751 gloria
1768 4691 1844 4735 est
1871 4680 1966 4736 Dei

372 4772 546 4828 Patris
577 4771 779 4843 (Philip
827 4770 908 4842 ιι).
946 4771 1133 4826 Bethel
1162 4781 1339 4827 autem
1370 4773 1756 4842 interpretatur
1771 4773 1966 4829 domus

376 4866 471 4920 Dei
505 4882 520 4917 :
548 4879 678 4933 ergo
704 4879 866 4933 super
897 4873 1109 4919 montes
1142 4864 1349 4932 Bethel,
1376 4866 1500 4935 quia
1540 4866 1791 4922 omnibus
1838 4880 1967 4921 san-

372 4960 475 5011 ctis
504 4956 592 5025 qui
626 4965 677 5010 iu
708 4955 849 5011 cmlo
876 4963 934 5010 et
961 4955 1014 5009 in
1044 4965 1186 5011 terra
1214 4969 1369 5025 sunt,
1400 4958 1672 5015 Christum
1706 4959 1964 5029 praedicat

376 5048 730 5118 potentiorem
750 5084 765 5098 .

443 5161 557 5215 Car
611 5160 956 5218 lll.-—Num.
988 5161 1076 5217 56.
1110 5162 1177 5217 ln
1210 5165 1398 5219 lectulo
1430 5181 1519 5233 per
1545 5177 1713 5220 noctes
1736 5168 1965 5236 quwsivi.

376 5254 433 5310 In
460 5257 539 5311 his
585 5257 675 5326 qui
699 5256 754 5310 in
786 5258 890 5313 ﬁde
919 5258 1233 5326 dormitant,
1266 5270 1321 5313 et
1361 5261 1677 5330 ignorantia:
1727 5262 1967 5318 tenebris

375 5348 536 5402 deleti
566 5357 711 5415 sunt,
751 5351 1001 5420 quaesivit
1044 5350 1342 5417 Christum,
1373 5367 1533 5421 quem
1566 5354 1739 5423 diligit
1782 5355 1970 5411 Eccle-

376 5438 490 5504 sia;
519 5439 612 5494 sed
653 5440 777 5496 vide
808 5441 933 5510 quid
965 5443 1247 5512 sequitur:
1281 5445 1506 5510 Quwsivi
1551 5445 1723 5505 illum.
1767 5457 1815 5501 et
1865 5466 1966 5502 non

376 5530 563 5585 inveni.
594 5531 731 5587 Dicit
760 5534 1013 5588 Dominus
1040 5535 1103 5588 ad
1132 5536 1300 5589 Adam
1329 5554 1342 5591 :
1377 5536 1439 5589 In
1467 5538 1657 5592 sudore
1689 5540 1861 5593 vultus
1890 5543 1968 5595 tui

376 5626 609 5678 comedes
640 5642 823 5695 panem
852 5637 995 5679 tuum
1022 5626 1176 5699 (Gen.
1214 5628 1320 5697 tu).
1353 5628 1469 5683 Non
1518 5632 1660 5685 enim
1711 5632 1798 5701 qui
1837 5634 1969 5686 vitio

379 5720 610 5788 quodam
659 5719 742 5772 vel
785 5733 979 5788 sopore
1037 5721 1240 5776 inertia:
1291 5722 1651 5793 resolvuntur,
1707 5725 1771 5779 ad
1829 5727 1968 5780 illius

378 5811 535 5881 panis
565 5812 651 5883 qui
684 5811 751 5869 de
778 5813 915 5870 coelo
942 5812 1241 5882 descendit,
1275 5828 1445 5882 esum,
1482 5816 1591 5872 cito
1625 5817 1965 5889 perveniunt,

1982 3188 2028 3252 C

2012 534 2013 537 η
2037 517 2335 584 reperiunt.

2105 614 2261 670 Num.
2290 617 2379 671 57.
2411 617 2639 692 Surgam
2660 624 2706 671 ct
2729 615 2949 671 circuibo
2975 616 3253 670 civitatem.
3281 609 3631 668 Coitsideravi

2036 721 2254 764 omnem
2284 711 2507 781 gloriam
2538 696 2820 782 praesentis
2850 709 3057 777 szeculi,
3089 707 3298 778 inSpexi
3334 720 3632 777 congrega-

2034 798 2214 857 tioncs
2244 801 2540 858 inﬁdelium
2572 811 2626 857 et
2654 801 2896 858 diversas
2924 810 3102 856 sectas
3146 797 3587 870 philesophonuu
3624 812 3636 859 ;

2036 892 2133 949 sed
2159 910 2257 949 nec
2278 895 2387 950 illic
2416 896 2591 966 reperi
2623 911 2781 966 quem
2816 894 2996 965 diligit
3026 892 3205 948 anima
3238 906 3380 946 mea.

2107 997 2266 1068 Num.
2322 996 2412 1051 58.
2472 994 2787 1051 Invenerunt
2835 1013 2915 1052 me
2968 996 3166 1067 uigiles;
3218 993 3637 1062 Disputaveruut

2040 1094 2225 1141 contra
2273 1102 2360 1142 me
2408 1088 2588 1141 saeculi
2646 1087 2919 1157 sapientes
2961 1085 3335 1154 idolorumque
3378 1083 3635 1143 cultores,

2040 1178 2205 1231 multa
2239 1179 2473 1233 inaniter
2502 1188 2923 1246 perscrutantes,
2957 1178 3239 1247 pluresque
3285 1174 3449 1228 libros
3474 1169 3639 1225 initis

2038 1269 2311 1325 laboribus
2356 1271 2727 1339 conﬁcientes,
2771 1269 2966 1340 quibus
3009 1266 3120 1322 dixi
3157 1284 3170 1320 :
3214 1266 3324 1320 Cur
3366 1265 3636 1318 incassum

2038 1364 2310 1433 superﬂuo
2340 1364 2534 1418 conatu
2562 1362 2871 1418 vexamini?
2909 1360 3020 1415 Cur
3063 1359 3257 1414 frustra
3289 1358 3638 1413 vehementer

2041 1458 2249 1528 ingenia
2276 1470 2454 1513 vestra
2486 1458 2756 1513 atteritis?
2783 1474 2906 1512 num
2931 1472 3087 1535 quem
3116 1455 3290 1523 diligit
3319 1454 3498 1507 anima
3520 1466 3638 1506 mea

2042 1552 2294 1607 vidistis?
2324 1551 2766 1622 Quandoquidem
2800 1550 2936 1605 falso
2965 1550 3179 1605 nomine
3215 1548 3493 1617 sapientiae
3516 1546 3638 1615 glo-

2042 1646 2277 1712 riamini,
2333 1646 2544 1700 stultam
2602 1646 2723 1715 fecit
2766 1643 2907 1699 Deus
2958 1644 3266 1715 sapientiam
3322 1640 3374 1713 (Ι
3405 1639 3524 1695 Cor.
3599 1639 3641 1707 ι)

2044 1745 2302 1803 vestram,
2346 1738 2467 1806 quia
2521 1736 2790 1791 Christum
2842 1736 2950 1790 illic
2991 1735 3237 1790 invenire
3283 1733 3502 1788 minime
3549 1746 3641 1784 va-

1973 1803 2018 1863 B
2049 1825 2242 1881 luistis.

2119 1929 2281 1986 Num.
2311 1929 2401 1987 59.
2431 1930 2719 1985 Paululum
2754 1947 2867 1983 cum
2913 1941 3318 1999 pertransissem.
3350 1927 3485 1981 Cum
3529 1940 3642 1994 per-

2049 2022 2365 2077 transissem
2402 2021 2708 2093 hujusmodi
2757 2022 3003 2078 homines
3032 2022 3119 2091 qui
3162 2021 3216 2074 in
3263 2019 3461 2073 saecqu
3506 2031 3643 2071 vana

2047 2112 2270 2167 scientia
2303 2113 2433 2167 clari
2476 2121 2748 2182 putantur,
2778 2122 2982 2170 etcum
3024 2127 3212 2167 eorum
3255 2110 3647 2181 superstitiosis

2047 2202 2521 2259 adinventionibus
2574 2205 2930 2271 restitissem,
2986 2217 3281 2271 eorumque
3330 2202 3647 2271 Sapientiam

2048 2295 2264 2349 stultam
2291 2295 2640 2364 judicassem,
2670 2295 2839 2349 inveni
2887 2311 3034 2366 quem
3075 2293 3245 2363 diligit
3281 2292 3457 2345 anima
3501 2307 3638 2344 mea.

2050 2384 2177 2440 Inde
2197 2395 2278 2439 est
2306 2385 2448 2455 quod
2480 2386 2768 2455 Apostolus
2789 2385 2857 2441 de
2881 2386 3074 2441 talibus
3104 2385 3235 2440 dicit
3268 2400 3281 2437 :
3317 2384 3648 2451 Sapientiam

2053 2477 2309 2549 loquimur
2336 2478 2470 2533 inter
2498 2478 2772 2550 perfectos,
2815 2478 3122 2549 sapientiam
3152 2484 3319 2531 autem
3353 2492 3455 2528 non
3490 2475 3649 2547 hujus

2051 2573 2249 2639 sceculi,
2274 2572 2366 2626 sed
2386 2573 2641 2640 loquimur
2668 2570 2763 2624 Dei
2799 2570 3103 2637 sapientiam
3140 2568 3193 2621 in
3222 2569 3488 2637 mysterio,
3533 2581 3651 2638 qua!

2052 2661 2354 2716 abscondita
2392 2672 2487 2729 est,
2512 2677 2667 2732 quam
2707 2660 3088 2732 prwdestinavit
3130 2659 3267 2712 Deus
3307 2667 3425 2711 ante
3461 2657 3652 2712 alecula

2054 2756 2110 2813 in
2139 2757 2357 2829 gloriam
2389 2765 2616 2812 nostram
2646 2755 2701 2829 (I
2726 2757 2846 2813 Cor.
2871 2758 2952 2830 In):
2977 2764 3031 2813 et
3069 2756 3192 2825 quia
3233 2756 3347 2825 ipsa
3388 2753 3652 2823 sapientia

2055 2866 2173 2922 quas
2196 2848 2447 2907 Christus
2472 2860 2576 2920 est,
2602 2851 2744 2921 apud
2764 2850 2897 2906 tales
2924 2863 3032 2905 non
3054 2849 3342 2918 reperitur,
3366 2850 3609 2916 sequitur
3636 2863 3652 2898 :

2056 2959 2211 3014 quam
2240 2958 2386 2997 nemo
2414 2943 2707 3013 principum
2737 2942 2895 3014 hujus
2930 2939 3107 2995 steculi
3144 2938 3412 3010 cognovit;
3441 2937 3487 2991 si
3515 2936 3653 2990 enim

2058 3039 2437 3111 cognovissent,
2460 3053 2720 3107 nunquam
2744 3034 3018 3090 Dominum
3040 3034 3221 3105 glorise
3238 3031 3610 3101 cruciﬁxissent
3634 3045 3656 3083 :

2059 3132 2190 3188 sicut
2222 3134 2476 3200 scriptum
2514 3140 2611 3198 est,
2634 3130 2771 3202 quod
2801 3128 2981 3184 oculus
3036 3143 3139 3181 non
3182 3126 3327 3194 vidit,
3374 3141 3464 3179 nec
3508 3124 3655 3177 auiis

2060 3226 2279 3293 audiuit,
2312 3242 2404 3281 nec
2441 3226 2496 3279 in
2516 3241 2603 3280 cor
2632 3225 2853 3280 hominis
2895 3221 3152 3287 ascendit,
3191 3234 3307 3289 qu'e
3345 3218 3656 3287 prtepararit

2062 3320 2200 3375 Deus
2239 3320 2321 3374 his
2364 3320 2452 3391 qui
2492 3317 2718 3389 diligunt
2758 3316 2911 3370 illum
2958 3310 3177 3387 (lbid.).
3218 3309 3327 3367 Sed
3356 3310 3480 3379 quia
3516 3308 3657 3377 apud

2062 3416 2368 3487 spirituales
2406 3416 2615 3471 invenit
2665 3414 2812 3469 illum
2843 3427 3001 3483 quem
3043 3409 3217 3481 diligit
3264 3421 3486 3478 sponsa,
3531 3403 3658 3459 audi

2062 3510 2191 3581 quid
2216 3520 2472 3582 sequatur
2497 3526 2511 3563 :
2546 3508 2713 3563 Nobis
2735 3515 2905 3561 autem
2928 3504 3169 3559 revelat-it
3197 3502 3338 3556 Deus
3368 3516 3459 3569 per
3488 3497 3661 3568 Spiri-

2063 3613 2174 3657 tum
2194 3618 2380 3667 suum;
2403 3601 2633 3671 Spiritus
2655 3609 2825 3653 autem
2858 3597 3031 3653 omnia
3058 3602 3336 3658 scrutatur,
3358 3592 3512 3646 etiam
3542 3605 3661 3659 pro-

2064 3696 2232 3766 funda
2261 3695 2354 3748 Dei
2378 3690 2592 3766 (Ibid.).

2132 3787 2289 3843 Num.
2337 3788 2427 3841 60.
2470 3785 2632 3841 Tenui
2665 3802 2801 3851 eum,
2855 3799 2943 3837 nec
2982 3783 3257 3837 dimittant.
3312 3777 3384 3832 ιω
3430 3790 3663 3844 namque.

2061 3880 2350 3938 adlnerebo
2394 3878 2633 3939 Christo.
2664 3879 2717 3933 in
2747 3877 2865 3948 ejus
2916 3877 3021 3932 ﬁde
3066 3870 3449 3945 perseverabo,
3499 3869 3664 3922 doma

2062 3974 2230 4044 ipsum
2261 3971 2313 4026 in
2346 3971 2644 4044 Synagogte
2672 3968 2883 4039 populis
2913 3975 3164 4036 trnquam
3184 3963 3239 4018 in
3279 3960 3442 4017 domo
3464 3959 3659 4015 matris

2062 4065 2375 4134 praedicans,
2396 4062 2718 4117 introducam
2741 4061 2793 4114 in
2823 4059 3112 4114 cubiculum
3134 4054 3394 4126 genitricis
3418 4066 3544 4106 mea:
3564 4066 3591 4105 ε’
3606 4060 3664 4102 ut

2061 4157 2254 4222 Judaei,
2288 4156 2379 4224 qui
2405 4171 2530 4211 eum
2564 4154 2825 4209 hactenus
2852 4152 3118 4222 negabant
3149 4164 3276 4213 ore,
3320 4146 3484 4201 corde
3528 4159 3619 4198 rec
3650 4176 3663 4185 -

2064 4250 2248 4315 piant;
2283 4246 2711 4315 illuminatisque
2741 4243 2936 4299 utentis
2965 4240 3137 4296 oculis
3163 4254 3376 4304 eorum,
3424 4237 3479 4290 in
3526 4236 3667 4289 cubi-

2063 4338 2259 4405 culum,
2290 4339 2342 4392 in
2373 4345 2587 4393 secreto
2613 4344 2917 4391 sanctarum
2942 4333 3339 4401 Seripturarum
3364 4326 3667 4384 consisten-

2065 4440 2195 4495 tem,
2218 4431 2306 4501 qui
2331 4430 2486 4486 nobis
2512 4429 2638 4484 olim
2661 4428 2929 4485 revelatus
2953 4436 3033 4482 est
3057 4422 3347 4495 aliquando
3371 4421 3662 4491 reperiant.

1995 4564 2046 4626 Β
2072 4524 2169 4579 Vel
2203 4533 2331 4578 tunc
2362 4522 2611 4578 Christus
2644 4524 2694 4576 in
2727 4522 2890 4576 domo
2921 4519 3108 4574 matris
3140 4516 3432 4582 inducitur,
3458 4529 3577 4570 Clllll
3601 4513 3667 4565 ad

2071 4616 2370 4672 Jerusalem
2416 4615 2693 4671 caelestem
2744 4612 3080 4670 Chrisdanus
3125 4609 3387 4679 populus,
3434 4607 3523 4675 qui
3588 4616 3670 4658 Cal

2072 4723 2271 4779 corpus
2292 4706 2485 4778 ipsius,
2515 4708 2774 4761 sociatur.
2802 4704 2901 4761 Ubi
2925 4711 3009 4759 est
3037 4702 3170 4770 quod
3192 4699 3371 4755 oculus
3392 4712 3495 4751 non
3520 4696 3668 4757 uidit.

2072 4817 2162 4855 nec
2193 4800 2335 4854 auris
2365 4800 2584 4864 audivit,
2612 4815 2702 4852 nec
2729 4800 2782 4851 in
2804 4812 2890 4849 cor
2920 4795 3163 4859 hominis,
3190 4802 3296 4846 etc.
3366 4801 3377 4813 '

2142 4893 2304 4948 Num.
2338 4893 2427 4948 6i.
2459 4894 2658 4965 Adjuro
2686 4906 2771 4944 vos
2814 4890 2953 4957 filias
3001 4884 3313 4939 Jerusalem.
3364 4882 3513 4938 Hanc
3542 4896 3669 4937 sen-

2073 4986 2293 5042 tentiam
2319 4985 2430 5055 jam
2462 4984 2515 5039 in
2556 4981 2929 5052 superioribus
2975 4977 3279 5044 constituit,
3324 4985 3380 5030 et
3412 4977 3462 5029 in
3495 4990 3666 5043 quan-

2085 5085 2189 5133 tum
2224 5076 2365 5132 Deus
2392 5074 2616 5139 audivit,
2649 5072 2905 5139 adhibitis
2947 5069 3274 5126 teStimoniis
3317 5080 3418 5121 nos
3467 5075 3672 5135 pertra-

2078 5177 2253 5224 ctasse
2280 5168 2648 5222 meminimus.
2678 5164 2784 5220 Sed
2815 5162 3014 5219 idcirco
3062 5161 3254 5216 iterum
3307 5161 3359 5214 in
3410 5158 3511 5213 hoc
3538 5157 3673 5212 libro

2077 5261 2312 5316 arbitror
2343 5260 2652 5328 repetitum,
2682 5272 2755 5314 ne
2783 5256 3069 5327 quisquam
3118 5254 3399 5308 doctorum
3442 5250 3526 5306 vel
3556 5266 3674 5304 uiu-

2079 5357 2296 5412 neribus
2327 5355 2596 5421 sollicitet,
2623 5354 2710 5409 vel
2737 5353 2896 5408 minis
2924 5352 3195 5408 deterreat
3222 5344 3547 5411 credituros,
3577 5344 3673 5398 scd

2078 5456 2287 5503 tantum
2316 5462 2435 5516 quae
2463 5458 2648 5500 sancta
2676 5453 2803 5499 sunt
2833 5443 3108 5513 praedicet,
3160 5449 3216 5496 et
3257 5437 3558 5493 voluntarie
3605 5435 3674 5489 ad

2081 5541 2241 5595 ﬁdem
2294 5540 2377 5595 vel
2424 5538 2739 5607 religionem
2775 5534 3078 5590 credituros
3122 5534 3235 5587 sive
3274 5527 3674 5585 convertendos

2078 5633 2324 5688 adducat.

2151 5724 2311 5779 Num.
2344 5722 2433 5778 62.
2473 5724 2599 5789 Qua:
2625 5730 2699 5776 est
2729 5722 2826 5776 ista
2847 5736 2962 5789 qua:
2992 5719 3221 5773 ascendit
3270 5734 3362 5791 per
3394 5718 3671 5770 desertum.

2082 5816 2182 5875 Per
2223 5815 2498 5873 desertum
2556 5814 2799 5871 ascendit
2853 5813 3122 5878 Ecclesia,
3172 5809 3388 5881 quando
3450 5806 3674 5877 populus
