4070 6492
410 303 511 357 975

1626 295 1685 352 S.
1724 295 1913 352 JUSTI
1951 292 2426 353 URGELLENSIS

3613 293 3730 348 976

363 406 370 415 ’
408 424 668 494 gentium,
727 419 835 476 title
880 432 1150 490 occupans
1203 415 1539 475 credentium
1592 414 2012 478 multitudinem,
2047 417 2092 473 Α
2123 413 2334 467 sincero
2360 408 2595 480 praediti,
2625 408 2771 464 velut
2788 423 2983 464 aurum
3020 407 3070 464 in
3094 419 3276 464 sancta
3305 410 3732 482 congregatiune

412 512 644 585 prolicit.
681 512 754 566 De
776 514 888 582 ipsa
913 511 1055 565 enim
1088 510 1140 564 in
1172 510 1400 565 Psalmis
1429 509 1640 564 canitur
1666 526 1682 565 :
1713 506 1899 564 Posuit
1922 507 2012 563 de-

414 614 599 657 sertum
628 604 681 658 in
702 611 883 675 stagna
909 617 1180 671 aquarum,
1208 610 1256 655 et
1279 609 1467 654 terram
1488 600 1598 655 sine
1618 616 1751 670 aqua
1771 601 1825 653 in
1848 599 2013 653 exitus

405 711 662 762 aquarum
688 691 1019 762 (Psalm.cvt
1049 701 1097 747 et
1126 691 1302 762 cxrn).
1340 691 1583 764 Virgulta
1612 690 1743 762 fumi
1788 704 1851 745 ea:
1895 703 2015 744 aro-

418 783 664 851 matibus,
693 784 967 838 orationes
995 781 1124 837 dicit
1148 797 1268 852 qua:
1297 796 1366 837 ex
1390 781 1571 838 cordis
1597 780 2014 851 eompunctione

421 875 489 928 ad
521 873 806 928 Dominum
838 875 1135 929 ascendunt
1166 888 1195 929 a
1227 874 1446 929 sanctis.
1481 872 1635 928 Solet
1666 872 1809 929 enim
1830 871 2016 926 tamus

420 966 684 1037 lacrymas
712 965 979 1021 excitare.
1012 964 1228 1037 Myrrha
1275 974 1327 1020 et
1350 964 1493 1027 thus,
1525 973 1580 1021 et
1620 963 1861 1019 universi
1896 962 2017 1029 pul-

420 1058 561 1111 vt-ris
588 1057 875 1127 pigmenta,
908 1057 1338 1112 mortiﬁcationis
1386 1055 1641 1128 insignia,
1669 1055 1753 1110 vel
1798 1054 2018 1109 diversa

421 1151 710 1219 gratiarum
737 1166 856 1220 qua:
890 1151 941 1205 in
964 1150 1152 1206 electis
1182 1149 1488 1206 redundant
1512 1149 1676 1216 dona,
1724 1148 2015 1203 insinuant.

490 1238 756 1298 Nunt.65.
785 1239 865 1294 En
890 1241 1131 1296 lectulum
1159 1240 1480 1298 Salomonis.
1509 1240 1762 1296 Lectulus
1781 1239 2023 1296 Salomo-

431 1331 537 1396 nis,
570 1331 784 1399 requies
826 1329 1024 1387 Christi
1051 1342 1166 1399 est;
1218 1348 1337 1403 qua:
1366 1334 1579 1403 requies
1610 1332 1863 1388 Ecclesize
1892 1346 2025 1387 con-

424 1424 705 1481 venienter
726 1424 1006 1495 accipitur,
1036 1439 1194 1494 quam
1226 1425 1326 1480 sub
1352 1440 1580 1481 numero
1610 1424 1661 1479 in
1694 1424 1921 1480 Psalmis
1950 1423 2025 1478 le-

425 1517 600 1588 gimus
637 1518 860 1573 electam
916 1535 929 1571 :
988 1517 1264 1584 Quoniam,
1319 1518 1527 1588 inquit,
1572 1519 1722 1591 elegit
1776 1517 2024 1573 Dominus

425 1610 579 1679 Sion,
613 1611 762 1682 elegit
782 1628 893 1664 eam
920 1613 973 1664 in
1001 1611 1365 1665 habitationem
1389 1612 1504 1666 sibi.
1536 1610 1666 1667 Ha'c
1686 1612 1885 1681 requies
1914 1627 2025 1664 mea

426 1705 479 1757 in
508 1704 754 1758 saxulum
784 1704 982 1770 swculi,
1009 1704 1091 1757 hic
1139 1704 1404 1773 habitabo,
1456 1707 1700 1775 quoniam
1753 1702 1884 1773 elegi
1910 1719 2024 1756 eam

2118 503 2406 573 rclulgent.

2188 592 2347 648 Nam.
2386 588 2477 649 67.
2509 590 2791 647 Ascensum
2837 605 3173 659 purpureum.
3206 590 3476 645 Ascensus
3511 606 3730 660 purpu-

2117 700 2267 751 reus,
2315 693 2613 755 martyrum
2650 682 2904 739 eximiam
2954 680 3341 751 perfectionem
3372 682 3426 736 in
3457 683 3737 739 ell'usione

2119 776 2395 845 sanguinis
2424 775 2608 831 docet.

2192 866 2352 921 Num.
2383 863 2474 919 68.
2508 862 2686 917 Media
2714 861 2961 921 charitate
2998 863 3269 918 construit.
3312 863 3379 919 Ut
3409 865 3507 919 ista
3540 867 3735 920 omnia

2124 961 2379 1018 Ecclesia:
2407 967 2726 1016 ornamenta
2752 957 3112 1019 construeret,
3132 956 3277 1011 nulla
3308 955 3411 1010 alia
3447 971 3610 1010 causa
3641 972 3737 1015 est

2123 1059 2224 1113 nisi
2287 1058 2411 1128 quia
2468 1057 2650 1111 dilexit
2702 1072 2796 1110 nos
2851 1064 2899 1111 et
2958 1053 3179 1109 tradidit
3237 1054 3571 1120 semetipsum
3631 1067 3734 1117 pr.)

2123 1148 2269 1204 nobis
2302 1149 2610 1204 oblationem
2653 1158 2702 1205 et
2731 1148 2955 1203 hostium
2994 1147 3101 1202 Deo
3126 1147 3181 1200 in
3211 1146 3418 1199 odorem
3447 1144 3739 1199 suaeitatis

2128 1240 2348 1313 ('Ephes.
2375 1245 2453 1309 v).

2198 1333 2358 1389 Num.
2387 1331 2480 1388 69.
2515 1332 2837 1405 Egredimini
2874 1342 2921 1387 et
2950 1333 3136 1397 videte,
3156 1332 3284 1402 filia:
3315 1331 3465 1387 Sion.
3496 1330 3738 1397 Semper

2129 1440 2239 1494 pra:
2265 1424 2675 1493 oculis‘habete,
2700 1434 2897 1480 sanctae
2928 1424 3143 1489 animm,
3180 1440 3349 1495 regem
3373 1422 3738 1480 Salomonent.

2130 1514 2414 1585 paciﬁcum
2439 1527 2708 1584 nostrum,
2741 1517 2830 1585 qui
2873 1516 3121 1571 Christus
3144 1526 3245 1580 est,
3274 1514 3741 1586 quemadmodum

2131 1608 2439 1678 passionem
2469 1609 2723 1663 sustinuit
2755 1608 2976 1679 (Mam,
3004 1624 3102 1673 xv;
3134 1606 3293 1661 Joan.
3320 1607 3456 1676 xu),
3478 1618 3531 1659 ut
3559 1619 3742 1675 genus

2135 1704 2431 1760 humanum
2480 1704 2550 1759 ab
2600 1703 2817 1758 interitu
2865 1703 3159 1769 liberaret;
3208 1700 3459 1770 inspicite
3506 1715 3631 1754 eum
3688 1701 3743 1752 in

431 1791 872 1867 (Psal.cxxxt).lu
890 1796 1241 1865 sexagenario
1262 1804 1439 1849 autem
1462 1809 1709 1861 numero,
1732 1794 1854 1865 quia
1880 1809 2036 1850 sexa-
2069 1802 2111 1860 Β
2141 1797 2431 1850 diademate
2451 1812 2549 1864 quo
2573 1796 2834 1849 coronavit
2859 1810 2974 1849 eum
3004 1802 3168 1846 mater
3190 1808 3283 1846 sua
3305 1807 3323 1845 :
3344 1792 3397 1846 in
3426 1791 3514 1846 illa
3546 1792 3743 1860 spinea

428 1888 678 1958 genarius
726 1895 867 1941 totus
897 1886 1012 1940 suis
1045 1886 1283 1953 partibus
1324 1894 1567 1953 constat,
1613 1894 1667 1939 et
1714 1899 1812 1954 per
1862 1884 2028 1939 dena-

428 1982 571 2035 rium
603 1979 865 2046 ascendit,
892 1979 1083 2032 merito
1137 1993 1203 2031 ex
1251 1976 1558 2032 fortissimis
1608 1976 1773 2031 Israel
1823 1976 2028 2030 descri-

434 2077 659 2143 buntur,
690 2077 778 2146 qui
808 2084 1076 2144 prasente
1104 2072 1331 2127 Domino
1360 2072 1413 2127 in
1447 2072 1702 2127 Ecclesia:
1729 2070 2028 2126 custodiam

433 2169 781 2238 deputantur.
816 2165 896 2221 Ad
930 2165 1097 2234 ipsum
1132 2164 1292 2217 etiam
1320 2161 1516 2217 dicitur
1546 2177 1639 2231 per
1668 2162 1978 2231 prophetam
2015 2177 2028 2214 :

433 2262 604 2329 Super
624 2274 797 2312 muros
819 2265 958 2320 tuos,
991 2255 1302 2319 Jerusalem,
1353 2254 1584 2307 custodes
1614 2253 1892 2318 constitui;
1922 2262 2032 2305 tota

418 2353 518 2404 die
563 2361 609 2404 et
653 2359 799 2404 nocte
841 2360 1087 2417 perpstuo
1128 2361 1231 2400 non
1280 2346 1538 2403 tacebunt.
1576 2346 1763 2398 Omnes
1811 2354 2033 2398 tenentes

426 2444 650 2516 gladios,
668 2442 733 2496 ad
755 2441 884 2496 bella
901 2439 1203 2494 doctissimi.
1222 2437 1286 2492 Et
1300 2438 1703 2509 uniuscujusque
1732 2437 1865 2490 ensis
1881 2450 2034 2501 super

431 2539 599 2609 femur
627 2552 775 2591 suum
806 2532 961 2607 (Isai.
993 2532 1143 2604 an).
1185 2532 1320 2602 Ipsis
1349 2531 1493 2587 enim
1528 2531 1814 2600 Apostolus
1858 2529 1988 2585 dicit
2018 2544 2032 2584 :

420 2630 583 2687 ‘State
622 2645 745 2699 ergo
774 2627 1020 2681 succincti
1065 2626 1263 2680 lumbos
1293 2636 1484 2680 vestros
1513 2625 1565 2679 in
1595 2625 1828 2690 veritate,
1866 2633 1911 2677 et
1955 2626 2038 2679 in-

432 2724 574 2778 duite
600 2723 813 2777 loricam
834 2721 1074 2793 jttstitiw,
1107 2729 1155 2773 et
1185 2718 1401 2773 calceati
1425 2720 1577 2785 pedes
1605 2718 1658 2771 in
1684 2717 2034 2789 praeparatio-

422 2834 545 2872 nem
577 2815 842 2885 Evangelii
869 2814 1033 2885 pacis,
1059 2816 1112 2866 in
1137 2812 1371 2866 omnibus
1412 2824 1665 2866 sumentes
1693 2823 1893 2865 scutum
1913 2811 2036 2879 ﬁdei

431 2912 486 2964 in
514 2925 614 2981 quo
641 2908 843 2976 possitis
871 2907 1042 2960 omnia
1073 2907 1173 2959 tela
1200 2904 1498 2974 nequissimi
1518 2907 1667 2976 ignea
1684 2905 2037 2979 exstinguere;

430 3011 481 3057 et
505 3003 702 3070 galeam
730 2999 909 3054 salutis
933 2999 1193 3061 assumite,
1219 3005 1266 3050 et
1299 2997 1530 3067 gladium
1555 2998 1768 3068 spiritus
1796 2997 1937 3068 quod
1964 3010 2037 3052 est

431 3093 637 3148 verbum
665 3091 759 3146 Dei
793 3089 1013 3161 (Epltes.
1043 3088 1142 3160 vt).
1176 3087 1255 3143 llli
1295 3088 1477 3158 itaque
1520 3096 1641 3143 sunt
1672 3088 1737 3143 ad
1769 3089 1905 3144 l‘ella
1935 3086 2035 3143 do-

2134 1901 2332 1943 Corona
2361 1901 2522 1956 quam
2548 1886 2709 1956 capiti
2745 1887 2861 1957 ejus
2886 1886 3168 1958 Synagoga
3195 1885 3537 1955 superposuit
3569 1886 3622 1938 in
3647 1884 3746 1939 die

2132 1980 2565 2049 desponsationis
2590 1979 2727 2051 ejus.
2745 1980 2896 2035 Tunc
2924 1982 3067 2036 enim
3098 1980 3400 2037 universam
3433 1979 3740 2037 Ecclcs'am

2134 2055 2233 2128 sibi
2267 2072 2577 2143 despondit,
2625 2074 2841 2143 quando
2895 2073 2947 2128 in
3002 2072 3297 2143 patibulum
3335 2072 3511 2127 crucis
3546 2086 3747 2129 ascen-

2134 2167 2291 2227 dens.
2333 2182 2400 2221 ex
2451 2165 2637 2221 eadem
2686 2180 2847 2220 cruce
2890 2168 3101 2237 signum
3163 2164 3214 2220 in
3245 2164 3509 2222 frontibus
3550 2178 3749 2218 omnes

2134 2257 2187 2312 iu
2232 2272 2296 2312 se
2336 2258 2619 2313 credentes
2662 2256 2905 2323 edocuit,
2961 2257 3099 2313 sicut
3144 2255 3263 2327 ipse
3298 2257 3424 2311 ait:
3465 2254 3583 2326 Ego
3628 2273 3747 2309 cum

2133 2349 2384 2403 exaltatus
2436 2350 2581 2420 fuero
2625 2365 2661 2404 a
2700 2358 2860 2415 terra,
2901 2348 3099 2401 traham
3153 2349 3327 2401 omnia
3366 2348 3441 2401 ad
3489 2348 3747 2416 nteipsum

2135 2440 2317 2515 (Jaan.
2346 2444 2466 2513 xu).
2502 2442 2602 2511 Qui
2637 2441 2754 2496 dies
2779 2442 3044 2512 passionis
3073 2440 3169 2496 fuit
3198 2442 3354 2496 etiam
3388 2442 3501 2496 dies
3532 2441 3749 2496 uetitis

2137 2535 2315 2591 cordis
2346 2534 2464 2605 eius
2485 2528 2496 2588 ἐ
2521 2533 2662 2589 sicut
2693 2533 2836 2589 enim
2866 2533 3114 2589 Christus
3143 2549 3262 2604 qum
3293 2536 3429 2587 bona
3461 2548 3558 2602 per
3590 2548 3747 2586 sitam

2139 2631 2563 2701 possessionem,
2610 2628 2663 2684 in
2706 2626 3020 2700 progenies,
3053 2636 3108 2684 et
3134 2626 3295 2681 null—ta
3337 2636 3581 2696 tempora
3619 2626 3746 2680 lide-

2138 2720 2278 2777 libus
2305 2719 2656 2776 condonavit.

2208 2816 2340 2872 CAP.
2366 2815 2454 2871 IV.
2481 2845 2551 2858 —
2572 2814 2725 2870 Num.
2756 2814 3039 2883 70.'ﬂuam
3067 2812 3286 2883 pulchra
3314 2829 3385 2879 es,
3408 2812 3575 2867 antica
3606 2829 3747 2869 mea.

2140 2909 2411 2981 Repetitio
2440 2908 2708 2964 sermonis
2731 2909 3074 2964 commendat
3106 2908 3554 2978 pulchritudinem
3582 2923 3747 2979 quam

2143 3002 2354 3070 laudat;
2399 3003 2486 3058 vel
2540 3017 2602 3056 ca
2641 3009 2951 3055 sant-torum
3003 3016 3197 3071 genera
3248 3016 3364 3066 qua!
3410 3000 3511 3054 sub
3564 3000 3749 3066 Specie

2140 3096 2552 3152 similitudinum
2580 3095 2909 3164 intromittit,
2929 3092 3321 3149 consideranda
3340 3101 3751 3163 pra'monstrat.

418 3184 681 3250 'cﬁssimi.
707 3182 797 3252 oui
818 3189 1005 3237 contra
1032 3180 1212 3235 carnis
1237 3193 1348 3235 sum
1375 3180 1841 3249 CODCUI'iSCCDliaS
1869 3195 2034 3237 nove-
2065 3178 2112 3243 C
2215 3191 2374 3245 Num.
2408 3191 2499 3246 7t.
2535 3189 2688 3243 Oculi
2716 3189 3070 3243 columbarum
3097 3190 3282 3259 ιιέγειμιε
3304 3205 3385 3242 eo.
3416 3188 3750 3257 Simplicitas

430 3283 563 3328 runt
586 3288 919 3345 repugnare;
949 3280 1004 3328 ct
1032 3272 1123 3326 ille
1151 3286 1338 3327 ensem
1373 3287 1535 3343 super
1561 3273 1734 3328 temur
1757 3288 1910 3329 suum
1936 3275 2040 3328 uti-

434 3367 560 3421 liter
591 3366 810 3434 bajulat,
842 3365 931 3435 qui
956 3364 1200 3420 carnales
1230 3365 1405 3421 ﬂuxus
1438 3375 1600 3435 atque
1640 3366 1892 3423 libidines
1930 3368 2040 3437 Spi-

436 3457 580 3512 ritali
607 3458 727 3513 cibo
764 3456 1075 3512 muniﬁcat.
1102 3457 1418 3528 Quicunque
1448 3456 1614 3530 igitur
1652 3457 1956 3529 huiusmodi
1984 3460 2037 3517 in

437 3552 679 3607 Ecclesia
709 3554 1070 3622 reperiuntur,
1106 3552 1161 3607 hi
1190 3551 1357 3607 fortes
1407 3567 1473 3608 ex
1523 3554 2035 3621 lortlssimislsrael,

434 3644 851 3714 contemplando
880 3645 1067 3710 Deum,
1100 3659 1222 3700 esse
1251 3654 1568 3701 noscuntur.

512 3736 669 3790 Num.
718 3734 807 3792 64.
851 3733 1145 3790 Ferculum
1192 3737 1313 3807 fecit
1359 3738 1456 3792 sibi
1502 3754 1594 3792 rea:
1629 3738 1910 3798 Salomon.
1938 3738 2036 3796 Ubi

436 3831 677 3886 ciborum
692 3830 966 3885 exhibitio
986 3830 1263 3896 scribitur,
1291 3829 1424 3886 ﬁdes
1446 3830 1558 3886 illic
1579 3831 1913 3887 credentium
1943 3848 2040 3901 per

438 3938 599 3993 quam
620 3921 870 3977 Christus
889 3923 1201 3977 advertitur.
1229 3923 1363 3977 Nam
1386 3938 1508 3978 cum
1534 3924 1791 3981 Dominus
1822 3926 2035 3982 mulieri

435 4017 789 4072 Samaritanre
816 4016 884 4070 ad
916 4024 1131 4085 puteum
1166 4016 1497 4086 loqueretur,
1530 4025 1585 4073 et
1612 4018 1697 4071 illa
1720 4019 2036 4089 regrediens

436 4111 776 4181 majestatem
821 4109 940 4175 eius
979 4109 1194 4163 cmteris
1226 4110 1278 4163 in
1311 4109 1527 4165 civitate
1570 4112 2037 4168 commanentibus

440 4206 763 4270 nuntiasset,
812 4202 1058 4271 discipuli
1107 4202 1223 4273 ejus
1269 4204 1713 4274 supervenientes
1778 4206 2037 4277 rogabant

435 4314 558 4351 cum
591 4298 864 4351 dicentes:
894 4294 1076 4363 Rabbi,
1110 4297 1387 4355 manduca.
1431 4294 1533 4352 Ille
1562 4308 1735 4352 autem
1763 4299 1894 4352 dixit
1923 4300 2035 4353 eis:

439 4388 551 4461 Ego
573 4388 739 4441 cibum
760 4387 921 4444 habeo
944 4386 1257 4440 manducare
1276 4403 1426 4459 quem
1448 4403 1535 4442 vos
1553 4390 1779 4443 nescitis.
1797 4391 1858 4444 Et
1880 4389 2037 4460 paulo

438 4490 559 4547 post
585 4497 599 4533 :
624 4495 687 4531 ea:
711 4480 913 4531 civitate
940 4478 1031 4531 illa
1054 4479 1201 4532 multi
1228 4480 1556 4535 crediderunt
1581 4481 1635 4534 in
1657 4498 1770 4535 eum
1799 4481 2029 4536 Sanum"

2147 3283 2505 3351 spiritualium
2532 3283 2819 3351 plurimum
2848 3283 3180 3349 veneranda,
3214 3281 3334 3351 quia
3360 3295 3419 3335 se
3443 3296 3540 3335 nec
3572 3281 3751 3335 extul-

2146 3374 2257 3430 lere
2287 3384 2580 3440 noverunt,
2617 3384 2672 3428 et
2701 3375 2915 3428 conseia
2959 3373 3192 3443 puritate
3221 3373 3391 3442 magis
3425 3373 3534 3428 Deo
3582 3387 3750 3441 quam

2152 3468 2462 3523 hominibus
2493 3467 2707 3537 placere
2734 3466 3090 3522 contendunt.

2217 3561 2376 3615 Num.
2402 3560 2493 3613 72.
2526 3559 2714 3629 Capilli
2746 3561 2819 3614 tui
2857 3561 2986 3613 sicut
3028 3575 3205 3631 greges
3249 3575 3542 3629 caprarum.
3575 3559 3753 3614 Docct

2146 3652 2442 3724 Apostolus
2484 3653 2695 3707 mulieri
2734 3653 2959 3723 capillos
3014 3668 3113 3722 pro
3152 3664 3476 3707 ornamento
3505 3653 3662 3707 datos
3692 3651 3752 3717 (I

2144 3745 2265 3802 Cor.
2308 3749 2421 3815 xi);
2466 3752 2521 3803 et
2556 3742 2756 3801 idcirco
2813 3744 3052 3799 Ecclesia
3089 3743 3207 3799 illos
3238 3744 3463 3813 populos
3502 3744 3554 3798 in
3587 3758 3751 3797 orna-

2149 3846 2333 3893 mento
2374 3851 2533 3907 quam
2571 3836 2805 3891 maxime
2842 3836 3032 3906 habet,
3075 3836 3165 3905 qui
3208 3851 3272 3891 ex
3326 3835 3751 3891 circumcisione

2146 3930 2418 4002 primitius
2443 3928 2812 3994 crediderunt,
2841 3928 2936 3998 qui
2965 3930 3197 3981 venditis
3242 3936 3294 3983 et
3339 3928 3394 3982 iu
3430 3941 3586 3982 usum
3621 3942 3752 3996 pau-

2144 4037 2327 4091 perum
2354 4020 2657 4091 prorogatis
2682 4019 3027 4075 facultatibus
3047 4020 3162 4076 suis
3190 4019 3443 4074 habebant
3464 4035 3555 4073 cor
3578 4036 3752 4072 utinm

2142 4125 2187 4169 et
2230 4115 2459 4168 animam
2493 4129 2651 4168 unam
2674 4111 2814 4185 (Act.
2851 4114 2950 4183 tv).
2996 4111 3067 4166 Hi
3096 4113 3431 4167 ascenderunt
3469 4113 3536 4166 de
3575 4124 3753 4167 monte

2136 4206 2345 4263 Calaad
2368 4222 2385 4260 :
2408 4204 2607 4261 Galaad
2636 4207 3037 4274 interpretatur,
3072 4220 3297 4260 acervus
3336 4206 3654 4270 testimonii,
3681 4221 3752 4259 ac

2141 4302 2187 4357 si
2215 4315 2495 4369 ascensus,
2546 4299 2597 4355 id
2630 4310 2712 4355 est
2742 4298 3012 4368 profectus
3038 4315 3224 4353 eorum
3257 4300 3516 4368 processit
3556 4299 3628 4354 de
3669 4311 3752 4354 te-

2136 4394 2408 4451 stimoniis
2429 4403 2735 4451 sanctarum
2756 4394 3171 4463 Scripturarum,
3192 4409 3315 4447 eum
3339 4393 3447 4447 illic
3468 4392 3750 4448 Christum

2142 4487 2528 4545 intellexerunt
2554 4487 2607 4543 in
2637 4504 2796 4559 quem
2836 4498 3023 4558 postea
3051 4488 3420 4543 crediderunt.

440 4587 678 4625 lanarum
704 4569 886 4640 (Joan.
913 4569 1011 4640 tv).
1039 4569 1243 4625 Horum
1270 4569 1644 4639 lidem,cibum
1671 4573 1771 4629 sibi
1802 4573 2029 4629 futurum

2216 4582 2379 4639 Num.
2410 4583 2500 4638 75.
2534 4582 2721 4638 Dentes
2752 4583 2827 4636 tati
2854 4584 2983 4636 sicut
3012 4598 3186 4653 greges
3218 4582 3568 4636 detonsarunt.
3602 4580 3751 4636 Delio

440 4663 701 4726 ostendit,
734 4660 950 4731 quando
978 4661 1255 4731 discipulis
1285 4662 1389 4718 hoc
1417 4678 1476 4719 se
1499 4674 1863 4721 comesturum
1894 4666 2036 4737 quod

438 4757 513 4811 illi
564 4754 854 4817 nescirent,
888 4753 1043 4823 paulo
1083 4762 1207 4809 ante
1240 4755 1510 4823 prmdixit.
1538 4756 1645 4811 Sed
1680 4757 1730 4811 in
1761 4757 1866 4813 hoc
1893 4760 2033 4827 loco,

440 4855 499 4898 nt
532 4848 811 4915 sequentia
853 4845 1070 4909 docent,
1124 4860 1323 4900 nomen
1362 4846 1575 4909 ferenti,
1631 4848 1802 4917 magis
1845 4849 2039 4904 inStru-

436 4953 676 4997 mentum
711 4943 892 5011 inquo
918 4940 1116 5009 aliquid
1148 4940 1441 5005 deferatur,
1473 4940 1582 5008 vel,
1616 4940 1758 4995 sicut
1786 4942 1886 4996 alia
1918 4943 2036 4997 edi-

438 5038 514 5089 tio
546 5036 726 5105 habet,
762 5036 1110 5105 gestatoiium
1134 5074 1149 5099 ,
1173 5049 1334 5104 quam
1367 5034 1541 5105 ipsum
1576 5033 1753 5088 cibum
1779 5035 2033 5090 ostendit.

438 5129 517 5183 lle
559 5127 713 5197 lignis
751 5124 937 5179 Libani
962 5126 1071 5180 :de
1100 5124 1381 5193 istaecipuis
1424 5127 1476 5179 in
1526 5125 1765 5180 Ecclesia
1810 5128 2030 5183 sanctis.

509 5219 668 5274 Num.
700 5216 790 5273 65.
828 5217 1110 5272 Columnas
1144 5219 1252 5286 ejus
1280 5217 1402 5286 fecit
1431 5227 1715 5287 argenteas.
1755 5220 2034 5275 Sustenta-

437 5313 560 5367 eula
596 5311 852 5367 Ecclesia!
876 5326 969 5380 pra
991 5309 1195 5380 paravit
1227 5325 1289 5364 ex
1312 5310 1488 5365 doctis
1510 5310 1591 5365 vel
1614 5313 1869 5380 apostolis
1896 5316 2030 5380 suis,

438 5407 577 5459 sicut
608 5404 804 5459 Paulus
835 5418 925 5456 vas
957 5401 1239 5456 electionis
1282 5401 1349 5454 ad
1382 5398 1596 5457 Galatas
1624 5404 1837 5474 scripsit
1867 5424 1877 5458 :
1904 5405 2031 5461 Cum

440 5495 811 5565 (agnovissent,
843 5492 1035 5561 inquit,
1072 5493 1290 5562 gratiam
1323 5491 1416 5546 Dei
1457 5493 1708 5559 Iacobus,
1740 5494 1961 5566 Cephas,
1986 5510 2032 5552 et

440 5584 685 5649 .laannes,
714 5586 801 5653 qui
826 5586 1125 5639 uidebantur
1151 5586 1406 5639 columna
1425 5600 1555 5653 esse,
1580 5586 1788 5641 dextras
1821 5589 1946 5641 mihi
1985 5601 2031 5644 et

442 5676 695 5731 Barnath
726 5676 968 5731 dederunt
997 5679 1250 5731 societatis
1276 5676 1420 5750 (Gal.
1448 5676 1529 5747 It).

512 5770 669 5824 Nutu.
696 5770 801 5826 66:
832 5774 1231 5830 Reclinatorium
1254 5793 1488 5830 aureum.
1515 5777 1570 5831 In
1600 5778 1705 5833 illis
1735 5779 1873 5836 bene
1903 5796 2034 5851 eptto

442 5862 647 5920 laturus
675 5864 918 5924 Christus
944 5856 1343 5926 recliuatorium
1387 5868 1610 5941 invenit,
1639 5873 1727 5943 qui
1760 5872 2033 5931 intellectu

2147 4684 2252 4741 tes,
2301 4674 2684 4743 prasdicatores
2734 4675 2884 4741 dicit,
2938 4675 3031 4745 qui
3075 4690 3139 4730 ea
3195 4690 3314 4743 quae
3366 4686 3746 4741 susceperunt,

2146 4772 2436 4829 salubriter
2483 4770 2981 4836 comminuendum,
3024 4771 3076 4823 in
3118 4784 3312 4839 corpus
3350 4768 3545 4824 Christi
3594 4770 3751 4838 traji-

2145 4865 2314 4921 ciunt.
2370 4863 2431 4920 lli
2486 4862 2834 4919 detonsarum
2874 4861 3130 4931 gregibus
3173 4868 3579 4929 comparantur,
3620 4858 3744 4929 quia

2146 4954 2393 5023 deposito
2420 4961 2601 5010 vetere
2631 4952 2878 5019 homine,
2909 4952 2963 5007 in
2994 4951 3232 5006 novitate
3259 4950 3491 5020 Spiritus
3520 4964 3745 5019 proces-

2148 5055 2355 5102 serunt.
2386 5045 2736 5100 Ascenderunt
2766 5058 2980 5115 quoque
3007 5044 3071 5120 de
3112 5043 3339 5110 lavacro,
3371 5057 3494 5097 cum
3523 5052 3743 5112 accepta

2142 5154 2239 5207 per
2264 5138 2584 5207 baptismata
2607 5137 2927 5194 remissione
2948 5142 3290 5207 peccatorum
3321 5134 3660 5205 proiecerunt
3683 5133 3742 5188 in

2142 5230 2380 5287 Christo.

2212 5326 2374 5381 Num.
2404 5324 2493 5380 7ft.
2528 5326 2715 5381 Omnes
2746 5325 2975 5397 gemellis
3006 5324 3211 5397 fetibus.
3245 5324 3447 5379 Omnes
3469 5321 3658 5392 repleti
3685 5320 3739 5376 in

2140 5419 2407 5473 charitstc
2450 5417 2651 5471 Christi
2682 5427 2735 5472 et
2767 5419 3030 5487 proximi,
3060 5428 3115 5473 et
3158 5418 3279 5487 quia
3324 5416 3387 5471 ad
3434 5416 3739 5471 misericor-

2139 5509 2279 5563 diam
2312 5512 2568 5579 prompti,
2594 5509 2800 5564 idcirco
2820 5511 3011 5565 sterilis
3033 5528 3181 5565 nemo
3207 5514 3339 5565 inter
3364 5527 3448 5565 eos
3472 5511 3608 5581 (.los.
3635 5512 3734 5578 γι).

2212 5599 2370 5654 Num.
2402 5599 2493 5657 75.
2530 5602 2678 5655 Sicut
2709 5603 2831 5657 uitta
2869 5604 3105 5657 coccinea
3144 5602 3280 5656 labia
3326 5613 3435 5656 tua.
3474 5601 3618 5657 Raab
3648 5603 3735 5655 illa

2141 5693 2399 5747 meretrix
2447 5706 2567 5759 qum
2614 5693 2809 5747 salvari
2859 5694 3052 5749 meruit
3104 5704 3158 5750 et
3209 5694 3497 5749 Israelitico
3539 5694 3739 5763 popqu

2143 5784 2425 5851 associari,
2456 5784 2766 5840 coccineum
2799 5787 3090 5842 funiculum
3116 5789 3166 5843 in
3191 5789 3400 5858 signum
3432 5787 3616 5841 salutis
3645 5803 3740 5855 per

2142 5877 2435 5935 fenestram
2465 5890 2578 5931 suae
2620 5876 2813 5936 domus
2853 5881 3125 5952 appendit.
3157 5881 3491 5951 Quapropter
3523 5880 3735 5935 illorum
