4070 6454
331 312 428 366 977

1296 313 1363 371 IN
1399 311 1696 370 CANTlCA
1738 305 2183 369 CANTICORUM
2222 310 2649 370 EXPLlCATlO.

3532 319 3641 376 978

328 426 475 482 labia
505 424 725 493 decora,
776 425 901 495 quia
949 424 1263 496 passionem
1311 426 1474 496 igitur
1520 425 1837 497 pradicant,
1881 431 1939 480 et
1963 424 2015 482 A
2044 421 2354 479 referuntur
2381 425 2448 480 ad
2481 424 2784 492 Christum,
2818 428 2909 497 qui
2941 443 3076 501 quos
3107 430 3408 497 illuminat,
3439 446 3636 490 conse-

328 533 424 584 pt'r
442 517 562 586 ejus
579 518 897 585 sanguinem
918 518 1098 572 datam
1123 516 1554 589 redemptionem
1577 519 1931 584 annuntiant;

330 606 572 678 nihilque
599 607 811 664 dulcius
837 608 981 680 quod
1010 608 1301 681 loquantur
1322 625 1383 666 se
1405 609 1675 666 invenisse
1698 624 1936 681 congau-

330 698 484 766 dent,
537 701 676 756 sicut
705 710 760 757 et
790 701 1081 769 Apostolus
1107 704 1220 758 ait:
1246 700 1398 757 Nihil
1426 718 1504 756 me
1550 702 1775 757 arbitror
1804 702 1937 757 inter

333 809 420 847 vos
465 795 618 861 seire,
661 794 763 850 nisi
809 793 1067 851 Christum
1109 792 1313 864 Iesum,
1358 805 1407 850 et
1450 796 1587 850 hunc
1629 797 1936 867 cruciﬁxum

334 883 387 954 (ι
412 884 530 940 Cor.
558 886 641 956 ιι).

411 978 566 1032 Num.
616 974 704 1031 '16.
750 976 899 1034 Sicut
930 983 1159 1051 fragmen
1202 982 1327 1035 mali
1368 981 1544 1052 punici
1570 996 1730 1054 gente.
1778 974 1856 1036 llli
1883 981 1935 1037 in

339 1068 475 1124 facie
502 1066 755 1125 Ecclesia;
783 1069 1031 1125 decorem
1052 1071 1311 1138 elliciunt,
1332 1073 1446 1141 qui,
1472 1074 1761 1128 comitante
1784 1086 1938 1127 verc-

339 1159 566 1227 cundia,
600 1160 905 1215 castitatem
935 1160 1266 1229 observant;
1299 1163 1413 1219 sive
1443 1163 1617 1218 sancti
1649 1169 1935 1235 martyres,

340 1250 456 1320 qui,
484 1250 758 1305 imitantes
780 1249 980 1306 Christi
1013 1252 1340 1321 passionem,
1368 1267 1527 1309 roseo
1552 1253 1830 1324 sanguinis
1856 1257 1938 1309 sui

341 1344 538 1400 decore
564 1344 758 1413 perfusi
792 1355 939 1413 sunt,
965 1346 1157 1418 absque
1194 1363 1253 1402 eo
1277 1347 1417 1419 quod
1444 1347 1749 1402 intrinsecus
1794 1348 1936 1413 latet,

344 1447 541 1505 pratter
568 1440 830 1495 castitatis
861 1449 917 1495 et
949 1441 1193 1509 martyrii
1225 1440 1499 1497 meritum.
1534 1439 1698 1495 Multa
1732 1451 1857 1496 sunt
1886 1450 1939 1496 et

341 1532 448 1588 alia
501 1544 809 1589 sanctorum
837 1535 977 1590 bona
1004 1552 1123 1609 qua:
1152 1537 1243 1594 ille
1272 1538 1425 1594 novit
1453 1538 1545 1610 qui
1573 1553 1637 1596 ea
1667 1538 1723 1594 in
1751 1552 1938 1596 eorum

344 1624 512 1679 corde
538 1626 823 1681 concessit.

416 1713 577 1771 Num.
627 1718 718 1773 77.
762 1716 912 1773 Sicut
943 1719 1101 1772 turris
1141 1717 1312 1773 David
1342 1721 1533 1775 collum
1560 1730 1720 1775 tuum.
1752 1721 1939 1778 Turris

2037 521 2175 579 crat,
2200 510 2451 585 ipsosque
2467 526 2712 586 coronat,
2732 532 2869 587 quos
2889 519 3201 578 illuminans
3215 525 3640 583 consecraverit.

2111 600 2271 661 Num.
2296 604 2385 661 85.
2431 604 2507 663 De
2534 608 2785 663 cubilibus
2826 609 3051 666 leonum.
3098 611 3366 669 Evocatur
3394 615 3637 671 Ecclesia

2040 696 2110 753 de
2142 683 2410 752 cubilibus
2431 697 2646 754 leonum
2676 709 2733 756 et
2772 701 3045 757 montibus
3076 700 3385 773 pardorum,
3416 706 3632 776 quatnlo

2038 792 2229 871 relicta
2276 791 2511 847 elatione
2557 792 2792 863 superba
2839 792 2925 849 vel
2971 795 3307 851 diversarum
3350 798 3624 853 traditioni

2042 895 2307 942 sectarum
2335 887 2568 954 simplex
2596 895 2652 943 et
2681 886 2899 945 humilis
2926 889 3074 944 venit
3102 890 3167 944 ad
3195 890 3491 946 Christum.

2113 977 2271 1033 Num.
2303 976 2393 1032 86.
2424 976 2721 1032 Vulnerasti
2758 995 2847 1032 cor
2887 995 3077 1049 meum,
3102 997 3246 1034 soror
3272 981 3649 1037 mea..Vulnusv

2041 1067 2184 1124 iStud
2218 1066 2399 1123 cordis
2445 1066 2659 1123 dilectio
2707 1077 2810 1124 cst.
2851 1068 3086 1141 lugentis
3136 1071 3336 1126 amoris
3369 1073 3551 1142 itaque
3581 1074 3635 1127 in

2044 1163 2140 1217 illo
2184 1162 2362 1229 oculo,
2417 1158 2659 1217 Ecclesia
2710 1161 2923 1217 Christo
2971 1163 3325 1233 complacuit;
3380 1166 3645 1234 quoniam

2044 1269 2151 1309 non
2196 1253 2532 1323 temporalia,
2583 1251 2676 1308 sed
2725 1264 2926 1310 acterna
2958 1258 3253 1326 prospexit.
3293 1259 3488 1329 Sicque
3522 1258 3647 1330 jam

2044 1349 2099 1403 in
2144 1365 2249 1403 uno
2292 1351 2430 1403 crine
2468 1348 2769 1419 colli;quia
2813 1364 2918 1405 non
2963 1351 3143 1405 ornari
3190 1351 3508 1419 visibilihus,
3538 1355 3653 1409 sctb

2043 1443 2239 1498 tuturis
2269 1441 2505 1509 studuit;
2534 1451 2626 1497 aut
2666 1441 2807 1499 forte
2836 1457 2979 1497 unus
3012 1442 3197 1497 oculus
3224 1454 3278 1499 et
3299 1445 3462 1501 crinis
3485 1444 3651 1509 colli.

2044 1540 2128 1589 est
2172 1533 2440 1590 credentis
2497 1532 2752 1589 Ecclesia:
2796 1532 3027 1605 populus
3075 1550 3232 1604 quem
3283 1534 3525 1591 Christus
3557 1537 3645 1591 sio

2045 1622 2255 1692 dilexit,
2286 1632 2349 1680 ut
2377 1624 2609 1680 animam
2641 1640 2791 1679 suam
2816 1635 3038 1695 poneret
3067 1640 3163 1694 pro
3189 1641 3270 1679 eo.

2113 1715 2274 1770 Num.
2308 1714 2399 1770 87.
2429 1715 2596 1782 Quam
2622 1715 2847 1784 pulchras
2885 1723 3005 1769 sunt
3049 1731 3284 1769 mamma:
3312 1724 3430 1769 tute.
3464 1714 3649 1782 Quam

344 1806 541 1863 dicitur
565 1807 825 1877 perfectio
872 1812 958 1865 vel
986 1810 1229 1866 doctrina
1254 1820 1587 1881 sanctorum,
1627 1828 1746 1881 qua:
1775 1828 1884 1868 non
1910 1827 1941 1867 a
1973 1805 2017 1865 Β
2044 1807 2346 1863 admirandi
2391 1818 2518 1863 sunt
2566 1807 2642 1861 illi
2686 1807 2936 1862 doctores
2977 1806 3069 1875 qui
3122 1817 3408 1863 nascentes
3440 1808 3652 1863 iniide

344 1914 428 1964 se,
471 1899 564 1954 sed
605 1914 635 1953 a
680 1900 897 1956 Christo
932 1901 1190 1971 ludiﬁcata
1232 1910 1309 1958 est
1352 1919 1468 1957 cum
1514 1902 1938 1975 propugnaculis,

342 2007 471 2046 cum
501 2001 808 2049 sanctarum
838 1993 1237 2064 Scripturarum
1268 1995 1614 2066 testimoniis,
1636 1995 1830 2067 quibus
1860 1996 1941 2051 in-

348 2087 536 2143 lidcles
567 2088 652 2143 vel
680 2086 918 2144 haeretici
948 2088 1310 2145 debellantur.

420 2181 580 2235 Num.
614 2179 703 2235 78.
738 2181 886 2236 Mille
913 2182 1081 2253 clypei
1109 2183 1351 2255 pendent.
1384 2182 1568 2240 Potest
1609 2184 1726 2239 hate
1755 2183 1940 2252 turris,

348 2272 628 2345 Scriptura
659 2275 916 2331 canonica
949 2275 1162 2331 Veteris
1199 2285 1253 2332 et
1280 2276 1413 2331 Novi
1455 2276 1783 2333 Testamenti
1808 2291 1942 2333 con-

348 2366 637 2421 venienter
667 2366 929 2438 intelligi,
960 2383 1079 2437 qua:
1111 2382 1210 2437 per
1238 2369 1498 2440 Spiritum
1529 2382 1775 2425 sanctum
1799 2371 1946 2426 velut

344 2458 514 2511 turris
543 2458 780 2526 excelsa,
826 2468 1134 2515 constructa
1180 2469 1286 2515 est.
1336 2460 1485 2516 Mille
1514 2462 1680 2533 σιριρεί
1722 2464 1946 2535 pendent

344 2564 413 2603 ex
440 2564 522 2601 ea.
554 2548 653 2604 llic
698 2565 958 2605 numerus
1001 2565 1099 2621 per
1141 2551 1529 2622 plenitudinem
1580 2555 1945 2612 universitatis

350 2640 627 2709 accipitur,
675 2642 813 2696 sicut
840 2641 894 2697 in
928 2641 1176 2699 Psalmo:
1211 2644 1356 2700 Verbi
1401 2645 1541 2716 quod
1586 2648 1848 2703 mandavit
1890 2648 1947 2703 in

352 2731 491 2785 mille
529 2733 941 2801 generationibus
989 2733 1213 2805 (Psalm.
1264 2737 1401 2807 ctv),
1432 2747 1688 2809 tanquam
1716 2738 1946 2809 diceret,

354 2823 408 2878 in
440 2838 627 2879 omnes
670 2826 1065 2894 generationes.
1100 2826 1282 2897 Itaque
1326 2829 1381 2884 in
1423 2829 1523 2885 hac
1556 2839 1739 2887 sancta
1763 2831 1945 2902 Scrip-

354 2925 495 2981 tura,
546 2917 711 2972 omnis
757 2927 1021 2972 armatura
1057 2918 1273 2989 fortium
1313 2922 1606 2991 reperitur;
1638 2937 1705 2978 ex
1732 2937 1835 2992 qua
1864 2922 1948 2979 vel

352 3019 546 3065 contra
591 3009 892 3077 diabolum,
922 3010 1005 3065 vel
1033 3020 1218 3066 contra
1248 3013 1530 3069 ministros
1571 3012 1689 3085 ejus
1736 3013 1950 3070 fortiter

354 3109 707 3172 repugnatur.
755 3101 893 3157 Nam
938 3110 995 3158 et
1037 3101 1152 3172 ipse
1182 3102 1462 3172 Dominus,
1494 3118 1616 3162 cum
1648 3105 1700 3161 in
1731 3106 1949 3162 deserto

357 3208 386 3247 a
415 3194 630 3250 diabolo
660 3203 957 3252 tentaretur
985 3195 1200 3267 (Matth.
1225 3196 1325 3270 tv),
1367 3212 1437 3254 ex
1474 3198 1575 3255 hac
1617 3199 1761 3255 turri.
1795 3214 1948 3256 arma

358 3288 626 3356 produxit,
661 3303 784 3344 cum
813 3303 936 3343 eum
965 3288 1187 3358 prolatis
1210 3303 1278 3346 ex
1306 3303 1458 3347 sacra
1490 3282 1767 3361 Scriptura
1794 3291 1948 3350 ιωιί-

362 3380 558 3434 moniis
586 3395 964 3451 usquequaque
988 3380 1205 3437 devicit.

430 3471 587 3527 Num.
613 3472 702 3527 79.
731 3472 850 3527 Duo
873 3474 1029 3529 ubera
1054 3474 1186 3529 sicut
1215 3474 1319 3529 duo
1349 3475 1555 3531 hinnuli
1581 3492 1801 3547 caprae.
1832 3477 1949 3533 Duo

360 3563 522 3617 ubera
559 3563 815 3617 Ecclesia;
863 3563 971 3619 duo
1000 3574 1126 3618 sunt
1165 3564 1514 3621 Testamenta
1544 3572 1787 3635 ceaptata
1815 3565 1951 3621 duo-

362 3653 463 3709 bus
495 3654 736 3709 b;nnulis
762 3670 974 3724 capreae
1000 3654 1254 3726 gemellis,
1286 3656 1338 3711 id
1378 3664 1463 3711 est
1485 3656 1697 3712 duobus
1739 3652 1951 3728 populis

362 3745 452 3814 qui
472 3761 535 3800 ex
565 3754 619 3800 te
650 3746 980 3813 nutriuntur,
1012 3745 1440 3803 circumcisionis
1466 3747 1716 3804 videlicet
1736 3756 1788 3804 et
1814 3764 1953 3819 prte-

362 3837 521 3907 putii,
553 3852 618 3891 ex
669 3837 875 3907 peccati
907 3829 1125 3894 tiaduce
1154 3838 1324 3905 natis;
1365 3852 1485 3910 quae
1516 3848 1694 3894 tamen
1726 3855 1951 3909 pascun-

362 3940 444 3982 tur
471 3929 525 3982 in
553 3928 697 3994 liliis,
726 3928 852 3983 dum
875 3939 1186 3985 sanctorum
1226 3926 1517 4000 proﬁciunt
1542 3928 1746 4003 pariter
1771 3946 1952 3987 exem-

364 4021 468 4089 plis
498 4029 555 4075 et
577 4020 860 4079 doctrinis.

432 4117 591 4172 Num.
621 4116 714 4175 80.
747 4117 922 4173 Donec
959 4121 1148 4192 aspiret
1177 4121 1306 4188 dies,
1345 4131 1393 4177 et
1430 4121 1721 4175 inclinetur.
1754 4118 1954 4187 Donec,

363 4208 501 4263 sicut
530 4209 821 4279 Apostolus
853 4212 948 4279 ait,
978 4212 1307 4276 abson‘teatur
1336 4212 1473 4283 quod
1501 4214 1717 4267 mortale
1760 4220 1834 4266 est
1863 4210 1948 4266 tll

362 4299 487 4356 Cor.
509 4304 587 4373 v).

432 4396 698 4452 Num.8l.
714 4396 911 4452 Vadam
937 4399 1007 4452 ad
1028 4410 1251 4455 montem
1272 4400 1516 4472 myrrha.
1540 4401 1851 4474 Conjungar
1872 4403 1954 4459 bis

364 4488 455 4558 qui
502 4504 561 4543 se
591 4499 813 4560 propter
837 4491 1005 4545 Deum
1034 4490 1410 4547 mortillcando
1439 4502 1755 4563 creverunt,
1788 4504 1955 4563 seque

368 4579 449 4635 illi
472 4579 750 4636 olferendo
778 4581 1000 4636 odorem
1032 4581 1220 4651 gratiae
1242 4581 1530 4652 propinare
1548 4598 1659 4639 non
1676 4583 1951 4640 desinunt.
1982 4564 2039 4627 Β

436 4672 593 4727 Num.
628 4671 717 4727 82.
751 4672 881 4727 Tota
903 4673 1120 4744 pulchra
1167 4691 1239 4741 es,
1276 4675 1446 4729 amica
1480 4692 1613 4732 mea.
1649 4675 1799 4732 Sicut
1826 4676 1959 4734 dicit

365 4766 678 4834 Apostolus,
708 4774 765 4820 ut
804 4766 1059 4821 exhiberet
1079 4766 1177 4822 sibi
1203 4766 1491 4825 Ecclesium
1529 4771 1638 4825 sine
1681 4772 1882 4825 macula
1910 4780 1957 4826 et

364 4872 493 4927 ruga
518 4854 736 4927 (Epltes.
788 4860 865 4925 ν).
898 4858 1009 4913 Nec
1052 4857 1155 4913 hoc
1179 4866 1334 4915 vacat
1360 4860 1502 4929 quod
1544 4859 1638 4927 ait,
1687 4860 1815 4915 Tota
1840 4860 1959 4930 pul-

366 4946 489 4999 citra
518 4962 594 5012 es,
623 4946 675 5001 in
706 4947 957 5002 omnibus
1003 4948 1211 5003 scilicet
1238 4950 1452 5020 pusillis
1481 4958 1533 5005 et
1574 4951 1806 5021 magnis.
1850 4950 1956 5006 Sed

367 5036 465 5102 sic,
498 5050 602 5090 non
629 5036 801 5091 solum
830 5035 884 5090 in
910 5037 1256 5105 martyribus,
1281 5039 1701 5107 conlessoribus,
1724 5040 1952 5096 eruditis

369 5130 683 5199 virginibus,
711 5130 806 5186 sed
836 5131 994 5185 etiam
1041 5132 1094 5184 in
1137 5131 1555 5200 continentibus,
1585 5133 1955 5207 eleemosyna-

369 5218 463 5273 riis
507 5234 571 5275 ac
624 5220 1025 5289 paenitentibus.

441 5307 599 5364 Num.
630 5307 719 5365 85.
757 5308 886 5365 Veni
926 5312 989 5365 de
1035 5308 1252 5387 Libano,
1281 5328 1470 5383 sponsa
1512 5329 1646 5380 mea,
1681 5315 1814 5371 veni.
1859 5314 1953 5372 Li-

371 5400 543 5456 banus
578 5400 780 5457 candor
822 5400 1244 5470 interpretatur:
1273 5401 1376 5458 nisi
1413 5402 1555 5457 enim
1596 5404 1716 5475 quis
1756 5406 1955 5461 cando-

371 5508 483 5547 rem
528 5507 684 5550 sacro
724 5494 1045 5565 baptismate
1074 5510 1180 5566 quo
1211 5506 1551 5566 peccatorum
1592 5498 1835 5556 remissio
1860 5502 1958 5557 da-

372 5594 475 5649 tur,
508 5585 829 5654 perceperit,
863 5585 929 5641 ad
950 5586 1218 5642 Christum
1246 5589 1429 5644 venire
1450 5606 1555 5644 non
1589 5600 1783 5659 potest.

441 5676 598 5732 Num.
629 5676 719 5733 8i.
746 5677 1080 5733 Coronaberis
1106 5680 1170 5734 de
1197 5682 1363 5748 capite
1392 5682 1954 5741 Amana.Scuirinler-

374 5776 614 5838 prctatur
652 5771 900 5839 lucerna;
944 5771 1180 5828 llermon
1224 5775 1596 5831 consecratio:
1623 5791 1743 5847 qua:
1768 5778 1949 5833 omnia

2044 1899 2293 1956 homines
2334 1900 2599 1965 nutriunt,
2657 1904 2713 1954 et
2747 1897 3100 1969 garrientium
3133 1900 3431 1954 carnalium
3460 1900 3641 1956 mole-

2041 1990 2175 2047 stias
2223 1992 2543 2062 populorum
2572 2001 2827 2063 tanquam
2872 1992 2975 2062 pia:
3032 1992 3269 2047 nutrices
3319 1996 3646 2063 perferunt,

2043 2083 2216 2140 donec
2254 2096 2389 2155 quos
2427 2084 2691 2155 spirituali
2735 2084 2876 2141 lacte
2918 2086 3301 2155 educaverint,
3349 2088 3644 2159 adpetit?

2041 2175 2276 2231 ctionem
2308 2176 2622 2246 perducant.

2113 2266 2274 2323 Num.
2305 2264 2397 2323 88.
2438 2265 2753 2324 Pulchriora
2781 2272 2939 2325 ubera
2985 2281 3075 2325 tua
3118 2272 3254 2328 vino.
3293 2272 3411 2329 Jam
3451 2289 3642 2345 supra,

2044 2361 2215 2418 ubera
2247 2362 2351 2417 ista
2382 2362 2678 2432 apostolos,
2711 2364 2796 2419 vel
2820 2365 3149 2434 apostolicos
3177 2368 3321 2423 viros
3350 2384 3471 2424 esse
3500 2385 3641 2439 pra:-

2046 2457 2306 2522 diximus,
2354 2470 2580 2525 quorum
2610 2455 2858 2511 doctrina
2895 2458 3080 2512 vinum
3114 2459 3374 2513 exuberat
3401 2478 3412 2512 :
3437 2462 3639 2514 veteris

2048 2551 2256 2607 scilicet
2294 2547 2430 2618 legis
2459 2548 2803 2603 traditionem
2832 2556 2991 2619 atque
3020 2558 3370 2620 praeceptum.
3415 2551 3491 2606 Et
3511 2553 3641 2607 odor

2050 2650 2424 2713 unguentorum
2448 2650 2653 2695 tuorum
2682 2657 2836 2711 super
2857 2642 3028 2695 omnia
3048 2653 3299 2697 aromata.
3325 2643 3642 2700 Distributio

2049 2735 2344 2808 gratiarum
2377 2748 2496 2803 quae
2543 2747 2641 2803 per
2669 2731 2929 2802 Spiritum
2970 2743 3214 2788 sanctum
3243 2750 3499 2791 concessa
3533 2747 3640 2802 est,

2050 2841 2210 2897 quam
2240 2824 2529 2896 Apostolus
2558 2824 2796 2880 declarat
2835 2840 2957 2880 cum
2988 2825 3116 2880 dicit
3140 2844 3152 2878 :
3176 2826 3270 2879 alii
3296 2828 3449 2881 datur
3476 2846 3643 2884 sermo

2050 2919 2337 2989 sapientiw,
2382 2916 2474 2972 alii
2512 2917 2733 2972 scientite
2772 2914 2828 2990 (ι
2872 2917 3017 2983 Cor.,
3056 2916 3150 2989 stt)
3175 2929 3312 2985 etc.,
3342 2919 3397 2973 in
3436 2929 3643 2975 tantum

2052 3012 2390 3083 prmeminet,
2423 3020 2481 3066 ut
2504 3019 2725 3066 cunctas
2752 3011 2935 3066 mundi
2965 3013 3229 3069 vanitates
3261 3027 3569 3086 exsuperet.

2124 3104 2285 3160 Num.
2308 3104 2398 3160 89.
2424 3100 2599 3158 Favus
2628 3103 2886 3158 distillans
2911 3101 3047 3156 labia
3078 3115 3184 3169 tua,
3218 3120 3426 3172 sponsa.
3469 3104 3646 3162 Fauna

1977 3176 2024 3240 (ἶ
2055 3198 2316 3252 distillans
2340 3196 2474 3251 labia
2500 3204 2612 3265 tua,
2636 3194 2909 3266 expositio
2921 3192 3319 3264 Scripturarum
3344 3210 3643 3261 sacrarum,

2055 3288 2157 3345 mel
2187 3297 2235 3344 et
2271 3290 2352 3344 lac
2380 3289 2434 3343 in
2463 3287 2707 3343 doctrina
2738 3294 2849 3353 tua,
2881 3284 2981 3340 sub
3019 3286 3197 3358 lingua
3240 3298 3350 3355 tua,
3396 3303 3464 3344 eo
3503 3291 3647 3359 quod

2055 3381 2191 3437 lacte
2220 3379 2474 3450 parvulos
2504 3380 2695 3445 nutris,
2734 3387 2790 3435 et
2818 3377 3062 3471 in‘melle
3088 3378 3425 3437 diversorum
3456 3382 3647 3439 vulne-

2054 3489 2172 3528 rum
2204 3472 2319 3528 sive
2349 3480 2692 3543 peccatorum
2723 3472 3034 3542 putredines
3056 3470 3220 3529 tollis.

2124 3563 2283 3619 Num.
2311 3562 2399 3618 90.
2436 3562 2503 3617 Et
2531 3563 2658 3618 odor
2687 3564 3099 3618 vestimentorum
3130 3574 3355 3621 tuorum.
3390 3566 3523 3623 Dicit
3555 3582 3647 3637 per

2058 3655 2374 3726 prophetam
2406 3654 2472 3708 ad
2502 3652 2799 3709 Jerusalem
2844 3653 2912 3710 de
2942 3656 3182 3709 sanctis:
3214 3655 3341 3711 Vivo
3371 3674 3484 3727 ego,
3526 3661 3647 3712 dicit

2058 3744 2326 3812 Dominus,
2355 3745 2474 3813 quia
2494 3743 2728 3797 omnibus
2752 3742 2830 3797 Itis
2859 3743 2991 3797 velut
3021 3755 3317 3798 ornamento
3340 3747 3564 3800 vestieris
3597 3756 3646 3801 et

2055 3837 2397 3893 circumdabis
2423 3836 2509 3892 tibi
2535 3852 2620 3891 eos
2645 3834 2791 3905 quasi
2817 3852 3028 3904 sponsa.
3059 3834 3293 3891 Proinde
3323 3838 3645 3893 vestimenta

2059 3932 2336 3999 Ecclesiae,
2379 3943 2569 3985 omnes
2606 3927 2860 3985 videlicet
2902 3929 3073 3985 sancti
3110 3928 3354 4000 praeclari
3384 3931 3438 3986 in
3466 3930 3646 3987 verbis

2059 4036 2114 4083 et
2139 4026 2415 4097 operibus,
2442 4021 2678 4080 reddunt
2704 4024 3020 4081 suavitatem
3042 4023 3250 4085 odoris.

2130 4119 2290 4174 Num.
2317 4117 2409 4174 91.
2440 4114 2638 4173 Hortus
2666 4116 2938 4171 conclusus
2963 4133 3111 4171 soror
3132 4133 3247 4170 mea
3271 4133 3481 4187 sponsa.
3512 4116 3646 4173 Huic

2058 4227 2293 4283 sponsae,
2326 4225 2445 4282 qua:
2476 4210 2621 4266 velut
2646 4208 2835 4265 hortus
2863 4210 3223 4277 concluditur,
3256 4210 3305 4265 id
3339 4220 3423 4265 est
3450 4210 3645 4266 Christi

2058 4305 2253 4376 gratia,
2292 4314 2401 4361 tam
2440 4302 2795 4359 indissolubili
2823 4302 3047 4357 materia
3075 4302 3462 4370 circumdatur,
3491 4313 3551 4358 ut
3580 4302 3647 4359 de

2060 4413 2121 4452 ca
2158 4395 2324 4452 Isaias
2349 4393 2608 4465 propheta
2634 4393 2830 4449 dixerit
2859 4411 2873 4447 :
2902 4393 3025 4448 Non
3057 4395 3267 4467 adjiciet
3300 4402 3354 4448 ut
3384 4406 3645 4465 pertrans-

2061 4498 2140 4544 eat
2166 4504 2256 4560 per
2291 4494 2340 4541 te
2367 4487 2530 4542 omnis
2566 4486 2948 4541 incircumcisus
2975 4495 3023 4540 et
3047 4486 3336 4540 immundus
3364 4484 3498 4556 (Isa.
3531 4487 3650 4559 ut).

2065 4579 2248 4636 Potest
2274 4580 2436 4636 etiam
2465 4580 2654 4636 hortus
2679 4580 2963 4635 conclusus
2992 4590 3047 4635 et
3091 4579 3208 4633 l'ons
3239 4580 3500 4650 signatus,
3534 4595 3646 4650 Ipsa

2064 4684 2235 4728 mater
2281 4674 2493 4729 Domini
2542 4673 2601 4730 S.
2634 4673 2797 4729 Maria
2849 4673 3094 4743 intelligi,
3133 4687 3252 4743 qua:
3284 4674 3431 4743 virgo
3468 4673 3645 4727 conci«

2063 4766 2216 4835 piens
2246 4769 2502 4838 virgoque
2549 4781 2836 4838 generans,
2887 4767 3125 4821 conclusi
3178 4766 3316 4820 horti
3362 4774 3419 4821 et
3453 4756 3683 4835 signati

2061 4859 2226 4913 l‘nntis
2257 4859 2630 4914 intemeratum
2660 4862 2712 4914 in
2741 4874 2800 4914 se
2828 4858 2993 4912 decus
3018 4856 3281 4912 exhibuit.

2134 4950 2291 5006 Num.
2324 4952 2415 5008 92.
2448 4951 2760 5007 Emissiones
2791 4962 2892 5005 tua:
2920 4950 3191 5019 paradisus
3221 4949 3493 5003 malorum.
3521 4948 3649 5005 Pro~

2064 5043 2232 5100 lectus
2273 5044 2386 5111 tui,
2428 5043 2768 5115 congregatio
2817 5053 3124 5097 sanctorum
3175 5050 3495 5112 martyrutn,
3530 5059 3646 5097 cum

2062 5150 2332 5207 pomorum
2371 5136 2656 5205 fructibus;
2694 5149 2813 5191 cum
2868 5136 3071 5206 reliqua
3120 5135 3356 5191 ﬁdelium
3406 5136 3646 5191 multitu-

2061 5228 2183 5283 dine
2211 5240 2330 5299 qua:
2353 5227 2573 5295 iustitiae
2602 5227 2887 5286 dulcedine
2914 5227 3215 5285 deCoratur.

2132 5319 2290 5374 Num.
2326 5319 2415 5376 95.
2445 5320 2604 5390 Cypri
2630 5337 2747 5375 cum
2786 5323 2979 5389 nardo,
3021 5322 3215 5376 nardus
3254 5330 3301 5378 et
3333 5340 3529 5378 crocus.
3567 5322 3646 5379 lno

2063 5413 2338 5481 corruptio
2378 5419 2429 5468 et
2480 5412 2740 5467 fortitudo
2769 5414 2979 5470 virtutis
3024 5424 3315 5487 martyrum
3337 5456 3353 5482 ,
3383 5416 3644 5481 doctrina,

2063 5505 2201 5559 bona
2249 5504 2413 5569 fama,
2450 5505 2791 5575 reperiuntur
2831 5504 2885 5561 in
2918 5508 3185 5562 universis
3211 5507 3419 5579 populis
3448 5507 3647 5579 baptis-

2064 5607 2206 5653 mate
2234 5599 2288 5653 in
2316 5596 2533 5654 Christo
2564 5597 2785 5652 renatis.

2133 5688 2295 5744 Num.
2337 5690 2427 5745 94.
2474 5687 2689 5760 Myrr/ta
2728 5700 2782 5745 et
2842 5690 2957 5742 aloe
2993 5706 3110 5743 cum
3158 5692 3412 5745 omnibus.
3464 5689 3647 5745 Mortis

2062 5777 2261 5837 Curiati
2304 5780 2531 5852 insignia
2558 5795 2677 5838 cum
2706 5780 2988 5852 praecipuis
3019 5780 3076 5839 S.
3110 5782 3338 5852 Spiritus
3376 5784 3537 5840 lonfs.
