4070 6454
396 329 498 384 £79

1651 331 1709 389 s.
1751 327 1937 388 JUSTl
1967 327 2446 389 URGEILENSIS
2521 296 2524 297 ί

3593 323 3708 387 980

465 445 624 500 Num.
667 443 757 504 95.
807 447 948 505 Fons
998 451 1282 515 hortorum,
1331 458 1512 521 puteus
1547 466 1816 520 aquarum.
1849 445 1992 502 Fam
2018 446 2071 502 Δ
2097 446 2166 522 de
2184 445 2425 519 gentium
2447 452 2786 511 vocularum;
2819 449 2945 500 tunc
2966 442 3108 499 enim
3124 439 3319 498 ostium
3343 439 3416 496 illi
3437 440 3705 510 aperitur,

397 545 589 605 patens
617 539 850 596 eruditio
875 541 1228 611 populorum;
1264 552 1464 612 puteus,
1499 541 1835 612 profunditas
1859 541 1993 596 doc-

398 628 696 698 trinarum;
727 647 840 702 qua:
867 635 1037 704 ﬂuunt
1061 634 1256 706 impetu
1295 637 1357 689 de
1383 633 1599 703 Libano,
1628 649 1750 690 cum
1780 630 1997 690 fervore

399 720 636 789 Spiritus
665 725 983 782 emittuntur
1009 743 1038 782 a
1071 727 1314 785 Christo.
1755 714 1772 734 ’

469 811 628 867 Num.
674 811 766 871 96.
813 815 1001 890 Surge,
1046 821 1256 891 Aquilo,
1305 830 1354 876 et
1402 821 1536 887 veni,
1586 821 1791 876 Auster.
1850 817 1996 877 Unus

402 903 659 972 Spiritus,
694 907 745 963 id
775 919 894 976 est,
926 912 1051 982 quia
1095 913 1295 984 Aquilo
1341 921 1502 984 atque
1540 913 1736 969 Auster
1761 919 1887 968 sunt
1916 913 1998 967 di-

404 1009 553 1050 versa
583 1000 867 1070 vocabula,
898 1005 1056 1061 unius
1082 1005 1316 1076 Spiritus
1355 1008 1528 1062 sancti
1556 1007 1792 1063 insinuat
1818 1006 1955 1062 dona
1976 1047 1996 1077 ,

339 1098 342 1100 ‘
400 1087 596 1158 Aquilo
637 1091 764 1148 dum
797 1099 1154 1153 aestuantibus
1189 1099 1469 1171 refrigeria
1519 1101 1742 1170 praebet,
1796 1101 1997 1156 Auster

402 1179 532 1234 dum
562 1182 729 1239 duros
758 1187 825 1241 ad
855 1188 1186 1246 credendum
1219 1191 1304 1248 vel
1354 1191 1797 1248 benefaciendum
1828 1191 1998 1248 resol-

404 1272 504 1328 vit.
534 1277 857 1348 Aquilonem
889 1291 1066 1338 autem
1114 1285 1168 1339 in
1211 1285 1408 1342 bonam
1454 1295 1662 1358 partem
1688 1287 1813 1358 poni
1844 1287 1997 1344 Psal-

406 1368 567 1424 mista
597 1369 776 1438 docet,
811 1370 963 1430 Mons
993 1376 1124 1434 Sion
1151 1378 1313 1434 latera
1340 1379 1612 1452 Aquilonis
1641 1381 1816 1435 civitas
1842 1379 1999 1454 Regis

406 1464 583 1533 magni
605 1462 775 1537 (Psal.
807 1470 1000 1542 xcvu).
1050 1470 1120 1527 Et
1150 1489 1366 1530 rursum
1408 1474 1660 1532 Ezechiel
1705 1475 1996 1545 propheta:

407 1549 507 1607 Est
541 1572 695 1628 super
733 1576 812 1615 me
843 1578 1025 1619 manus
1053 1561 1285 1633 Domini,
1315 1575 1363 1622 et
1392 1567 1516 1637 vidi,
1547 1577 1592 1623 et
1621 1585 1734 1624 ecce
1774 1568 2000 1640 Spiritus

409 1643 614 1719 fulgens
649 1653 875 1707 veniebat
917 1656 981 1710 ab
1011 1657 1261 1726 Aquilone
1289 1659 1505 1732 (Ezech.
1537 1663 1600 1730 t).
1652 1661 1718 1717 Et
1748 1663 2002 1733 quoniam

408 1737 462 1791 in
496 1739 704 1798 duobus
734 1760 873 1802 unus
904 1747 1236 1820 advertitur,
1285 1768 1394 1809 non
1443 1754 1552 1821 ait,
1601 1754 1866 1822 Perﬂate,
1907 1755 2002 1812 sed

2099 539 2316 610 quando
2343 555 2408 596 ea
2435 554 2554 610 quae
2580 536 2843 612 praecepit
2879 534 3263 605 adimplentur,
3292 535 3375 588 vel
3402 533 3616 604 quando
3647 534 3708 587 in

2101 632 2184 688 his
2209 632 2300 702 qui
2327 629 2671 688 crediderunt
2715 628 2766 685 ei
2797 643 2895 698 per
2936 625 3095 682 ﬁdem
3127 627 3379 681 introitus
3402 635 3706 682 reseratur.

2099 727 2264 783 Soror
2299 724 2496 780 Christi
2518 734 2600 780 est
2643 722 2881 778 Ecclesia
2927 720 2995 777 de
3045 720 3305 791 sanguine
3326 719 3443 788 ejus
3469 736 3484 785 ;
3512 718 3711 780 αηιῐεα,

2097 818 2220 889 quia
2250 832 2347 888 per
2372 827 2604 873 mortem
2634 814 2752 886 ejus
2774 812 3123 870 reconciliata
3151 829 3166 878 ;
3193 811 3449 877 columba,
3483 811 3550 867 de
3580 809 3715 881 Spi-

2097 914 2204 967 ritu
2233 917 2442 976 sancto,
2469 907 2814 964 immaculata
2843 905 3096 976 baptismi
3121 913 3478 960 sacramento.

2169 1004 2326 1060 Num.
2371 1001 2494 1060 105.
2539 1001 2676 1070 Quia
2711 1009 2869 1072 caput
2911 1014 3078 1052 meum
3120 999 3329 1068 plenum
3369 1004 3462 1051 est.
3503 995 3565 1050 lli
3614 995 3713 1064 qui

2099 1093 2379 1167 principali
2411 1094 2618 1150 honore
2657 1093 2709 1148 in
2764 1090 3009 1147 Ecclesia
3045 1089 3399 1160 praeminere
3425 1088 3710 1153 videntur,

2099 1189 2253 1260 quasi
2290 1195 2454 1259 caput
2475 1187 2528 1242 in
2551 1184 2750 1242 Christi
2797 1198 3024 1254 corpore
3037 1181 3422 1246 advertuntur;
3446 1189 3498 1235 et
3529 1177 3624 1249 qui
3653 1179 3714 1232 in

2099 1280 2212 1348 ipsa
2242 1277 2475 1336 ﬁdelium
2497 1274 2908 1348 congregatione
2928 1281 3263 1329 sacramenta
3293 1270 3517 1327 visibilia
3534 1270 3720 1324 admi-

2100 1373 2348 1439 nistrant,
2371 1371 2532 1428 veluti
2550 1368 2781 1424 cincinni
2800 1367 3196 1424 describuntur.
3214 1365 3320 1420 Sed
3336 1365 3454 1435 quia
3473 1365 3720 1434 plerum-

2102 1479 2206 1535 que
2230 1465 2486 1519 mortales
2522 1461 2772 1518 homines
2797 1459 2942 1516 vitiis
2971 1459 3054 1516 vel
3079 1459 3422 1516 tenebrarum
3452 1456 3720 1524 cperibus

2104 1554 2415 1609 inliciuntur
2439 1570 2452 1606 :
2483 1552 2534 1607 hi
2576 1566 2705 1624 ergo
2733 1549 2880 1605 velut
2902 1549 3069 1620 guttis
3096 1548 3334 1603 noctium
3358 1546 3712 1618 praegravati,

2105 1645 2322 1702 Christo
2349 1643 2503 1715 quasi
2533 1642 2698 1712 capiti
2737 1640 3013 1696 adhaerere
3053 1638 3324 1694 videntur.
3351 1637 3460 1694 Sed
3490 1638 3558 1691 de
3587 1638 3720 1707 qui-

2108 1737 2331 1794 busdam
2371 1734 2659 1804 Apostolus
2679 1733 2792 1788 ait:
2825 1729 2939 1800 Ipsi
2967 1730 3230 1786 Christum
3254 1745 3354 1783 non
3385 1729 3581 1782 sincere
3601 1745 3714 1782 an-

407 1827 587 1900 Perﬂa
609 1834 812 1892 hortum
839 1857 1030 1911 meum,
1064 1853 1111 1900 et
1138 1847 1307 1917 ﬂuant
1335 1857 1568 1904 aromata
1595 1848 1735 1905 illius
1757 1866 1778 1905 :
1801 1850 2002 1920 inSpira
2031 1839 2080 1900 B
2108 1831 2341 1888 nuntiant
2373 1827 2597 1901 (Philip.
2625 1825 2689 1898 ι).
2727 1826 3019 1895 Propterea
3048 1839 3151 1879 vox
3176 1837 3409 1894 sponsae,
3443 1822 3590 1877 velut
3615 1837 3723 1892 pro

411 1925 722 1984 credentem
753 1933 1028 2002 populum,
1063 1945 1118 1992 et
1160 1938 1464 1998 redundent
1504 1941 1647 1999 bona
1676 1957 1842 2012 opera
1865 1942 2003 2014 ejus.

481 2017 612 2072 CAP.
642 2020 707 2080 V.
730 2049 799 2064 —
824 2025 984 2082 Num.
1000 2029 1091 2085 97.
1121 2029 1304 2088 Veniat
1329 2033 1545 2089 dilectus
1566 2023 1707 2091 meus
1728 2037 1778 2090 in
1801 2035 2010 2092 hortum

411 2125 583 2214 suum.
631 2113 970 2214 ingrediatur
1012 2122 1064 2177 in
1124 2123 1420 2181 Ecclesiam
1449 2141 1600 2182 suam
1628 2136 1682 2183 et
1711 2127 2012 2184 delectetur

411 2206 468 2256 Ῑη
498 2206 753 2272 operibus
773 2221 1081 2268 sanctorum
1113 2228 1366 2284 suorum;
1393 2217 1500 2284 vel,
1534 2228 1782 2288 pascatur
1811 2233 1840 2272 a
1879 2219 2012 2275 lide-

413 2292 557 2351 libns
600 2299 652 2354 in
695 2303 1044 2373 pauperibus,
1080 2307 1443 2365 retributurus
1479 2323 1575 2381 pro
1627 2310 2012 2380 temporalibus

413 2399 640 2458 regnum
663 2400 946 2450 aeternum.

483 2477 642 2536 Num.
674 2481 766 2539 98.
807 2484 940 2541 Veni
969 2488 1023 2543 in
1057 2487 1266 2546 hortum
1304 2509 1496 2560 meum,
1537 2511 1688 2550 soror
1734 2511 1867 2550 mea.
1910 2494 2012 2552 Fe-

416 2569 558 2627 stina
585 2573 651 2628 ad
691 2591 914 2647 regnum
947 2595 1151 2649 meum,
1183 2584 1336 2655 plebs
1379 2587 1599 2643 nomine
1653 2601 1777 2643 meo
1803 2588 2010 2643 ditata:

416 2679 566 2720 soror
604 2684 739 2736 mea,
793 2670 862 2727 de
910 2675 1171 2746 sanguine
1207 2691 1358 2744 meo;
1391 2695 1580 2747 sponsa
1623 2694 1758 2747 mea,
1807 2681 1859 2733 in
1909 2677 2016 2736 lide

419 2773 561 2825 mea,
607 2762 751 2818 sicut
777 2772 829 2818 et
861 2765 1028 2823 Oscas
1067 2770 1331 2840 propheta
1382 2771 1555 2828 dicit:
1587 2771 1922 2844 Desponsabo
1969 2783 2017 2828 te

417 2853 542 2908 mihi
563 2856 614 2910 in
635 2857 738 2925 ﬁde
762 2857 912 2928 (Ose.
937 2861 1019 2935 rt).

488 2945 648 3002 Num.
681 2947 770 3006 99.
805 2951 1002 3009 Μεεςιιὶ
1030 2959 1293 3028 myrrham
1343 2976 1509 3016 meam
1540 2977 1655 3015 cum
1701 2959 2018 3017 aromatibus

418 3037 560 3091 meis.
593 3038 821 3112 Suscipe
866 3047 954 3114 qui
988 3059 1206 3118 propter
1236 3067 1322 3107 me
1353 3053 1494 3122 passi
1529 3053 1608 3110 vel
1641 3053 1839 3122 mortui
1869 3061 2016 3123 sunt,

419 3141 539 3183 eum
570 3133 775 3189 meritis
805 3150 1014 3205 eorum,
1051 3153 1314 3216 martyres
1345 3161 1514 3203 meos.

2110 1925 2303 1981 talibus
2329 1922 2726 1990 ingemiscentis
2763 1920 3128 1992 subsequitur.

2180 2015 2342 2072 Num.
2387 2013 2511 2070 106.
2553 2012 2792 2084 Spoliavi
2819 2029 2900 2068 me
2929 2012 3102 2066 tunica
3129 2027 3261 2065 mea.
3288 2009 3521 2066 Veniens
3550 2008 3620 2064 ad
3651 2007 3723 2062 li-

2111 2107 2259 2175 dem,
2283 2115 2522 2163 veterem
2546 2103 2820 2161 hominem
2844 2103 3140 2160 secundum
3167 2102 3449 2172 pristinam
3476 2115 3722 2156 conver-

2111 2197 2371 2252 sationem
2395 2193 2642 2265 deposui,
2664 2204 2712 2250 et
2733 2193 2883 2250 indui
2903 2207 3109 2257 novum,
3128 2193 3213 2261 qui
3239 2191 3520 2246 secundum
3549 2190 3723 2244 Deum

2113 2295 2310 2342 creatus
2334 2297 2408 2342 est
2429 2284 2650 2357 (Ephes.
2678 2283 2781 2355 tv).
2809 2283 2865 2340 Si
2888 2280 3013 2354 quid
3045 2283 3205 2338 etiam
3235 2281 3469 2351 contagii
3497 2281 3629 2336 dum
3659 2282 3724 2335 in

2115 2380 2342 2438 terrenis
2370 2379 2607 2451 gradior,
2637 2377 2864 2450 pedibus
2904 2376 3039 2433 meis
3083 2376 3332 2442 accessit,
3370 2374 3594 2430 Christo
3625 2376 3720 2430 la-

2114 2485 2273 2532 vante
2298 2475 2537 2532 ablutttm
2566 2482 2650 2530 est
2675 2491 2690 2541 ;
2721 2481 2776 2528 et
2795 2480 2922 2528 tunc
2948 2471 3226 2526 ministros
3253 2477 3722 2526 sacramentorum

2115 2585 2214 2640 per
2240 2583 2375 2640 quos
2403 2567 2584 2624 ornari
2611 2566 2804 2635 debeo,
2830 2563 3138 2621 carnalibus
3168 2563 3392 2619 inlectos
3422 2561 3572 2617 vitiis
3606 2575 3719 2615 non

2117 2663 2234 2718 sine
2265 2675 2501 2718 maerore
2529 2659 2824 2729 conspicio.
2856 2657 2924 2712 Et
2955 2655 3156 2711 idcirco
3183 2654 3305 2722 quia
3335 2653 3490 2708 malis
3521 2651 3726 2722 quibus

2117 2755 2573 2822 renuntiaveram,
2631 2753 2689 2808 in
2737 2747 3090 2822 quorumdam
3139 2745 3586 2818 prrevaricatione
3631 2759 3725 2799 me

2119 2847 2316 2906 luscari
2345 2847 2633 2919 persentio,
2673 2843 2908 2916 Spoliavi
2945 2857 3024 2896 me
3063 2840 3236 2894 tunica
3276 2853 3409 2902 mea,
3457 2835 3724 2905 quomoda

2120 2947 2310 3001 induar
2338 2941 2471 2999 illa?
2498 2941 2622 2997 Lavi
2646 2940 2798 3009 pedes
2826 2953 2982 3002 meos,
3009 2933 3262 3005 quomodo
3280 2929 3556 2999 inquinabo
3588 2943 3676 2983 eos
3699 2929 3728 2984 2

2101 3035 2359 3108 ιυευιπί
2388 3032 2553 3089 corde
2580 3028 2884 3100 pronuntio,
2913 3035 3167 3096 tanquam
3195 3019 3430 3091 apertius
3457 3019 3725 3088 loquens:

2123 3127 2369 3199 Nunquid
2400 3124 2660 3181 condecet
2677 3130 2735 3176 ut
2757 3119 2996 3176 vestibus
3013 3123 3355 3188 peccatorum
3377 3112 3568 3182 quibus
3590 3126 3725 3168 cre-

491 3223 652 3280 Num.
690 3228 812 3284 100.
844 3203 1064 3288 Comedi
1095 3203 1266 3307 favum
1294 3255 1406 3292 cum
1447 3239 1600 3295 melle
1628 3256 1761 3296 meo.
1793 3239 1897 3297 Eos
1924 3239 2016 3310 qui

2127 3221 2258 3277 dens
2309 3233 2397 3274 me
2425 3215 2577 3286 exui,
2612 3215 2804 3270 iterum
2841 3209 3081 3266 induar?
3107 3208 3214 3263 Aut
3243 3204 3493 3260 sordibus
3521 3203 3725 3273 quibus

422 3326 606 3374 tenera
655 3322 739 3377 vel
791 3325 1198 3385 vehementiore
1242 3330 1486 3388 doctrina
1528 3332 1741 3389 Veteris
1787 3341 1844 3390 et
1883 3332 2016 3390 Novi

422 3407 758 3468 Testamenti
789 3415 982 3471 eruditi
1012 3428 1156 3486 sunt,
1188 3423 1403 3492 suscipe
1431 3424 1484 3478 in
1517 3439 1749 3495 corpore
1774 3441 1917 3481 meo.

494 3503 654 3560 Num.
682 3505 806 3562 101.
853 3507 1136 3581 Comet/ite,
1180 3516 1354 3582 amici,
1388 3525 1432 3570 et
1461 3517 1630 3573 bibite.
1676 3519 1813 3574 Dicit
1843 3520 2021 3575 Domi-

424 3611 529 3652 nus
575 3597 629 3653 in
661 3600 950 3672 Evangelio
994 3605 1061 3659 ad
1109 3608 1565 3676 apostoloszlam
1621 3627 1724 3664 non
1775 3611 1891 3665 dico
1935 3627 2022 3666 vos

424 3706 619 3758 servos,
650 3695 742 3748 sed
770 3698 959 3752 amicos
989 3697 1168 3769 (Joan.
1209 3700 1322 3767 xv).
1373 3701 1531 3758 Petro
1556 3711 1735 3758 autem
1778 3702 2024 3772 apostolo

423 3781 481 3836 in
503 3782 596 3839 illo
624 3799 751 3841 vase
777 3786 844 3841 de
878 3789 1032 3844 ctelis
1059 3791 1258 3846 emisso
1290 3793 1342 3846 in
1367 3807 1473 3863 quo
1500 3794 1549 3851 ei
1581 3794 1796 3849 diversa
1823 3809 2023 3864 genera

423 3879 738 3936 animalium
790 3891 918 3937 sunt
964 3891 1212 3949 ostensa,
1246 3885 1449 3940 dictum
1479 3896 1561 3940 est
1589 3902 1602 3938 :
1632 3885 1815 3952 Petre,
1857 3894 2026 3938 macta

425 3982 475 4026 et
500 3975 754 4028 manduca
782 3975 924 4040 (Act.
953 3975 1008 4046 κ)
1036 3991 1049 4028 :
1076 3975 1127 4029 id
1161 3986 1274 4044 est,
1299 3977 1596 4045 mortifica;
1627 3979 1768 4049 quod
1795 3989 1940 4045 sunt,
1973 3989 2024 4035 et

428 4066 570 4134 quod
598 4066 716 4136 ipse
747 4081 828 4130 es,
859 4066 1035 4122 efﬁce.
1066 4066 1208 4138 Ergo
1230 4070 1517 4138 comedite,
1543 4071 1726 4138 amici,
1757 4080 1813 4127 et
1840 4071 2025 4128 bibite.

431 4157 515 4215 Sit
543 4161 697 4216 vobis
722 4161 907 4216 laetitia
947 4161 1016 4218 de
1045 4162 1452 4218 conversatione
1483 4165 1802 4234 pepulerum
1837 4143 2030 4222 in've-

432 4265 603 4312 stram
637 4257 1028 4312 transeuntium
1057 4258 1341 4312 unitatem.

503 4348 663 4403 Num.
685 4347 802 4404 l02.
834 4346 946 4418 Ego
975 4348 1196 4410 dormio,
1215 4356 1262 4403 et
1280 4366 1368 4404 cor
1390 4365 1554 4404 meum
1578 4351 1774 4424 vigilat.
1805 4351 2032 4422 Propter

431 4442 708 4499 Christum
741 4443 875 4496 mori
922 4453 1137 4510 paratus
1165 4459 1306 4509 sum,
1338 4441 1430 4498 sed
1474 4453 1595 4514 p0st
1637 4453 1865 4500 mortem
1908 4458 2030 4498 cum

433 4536 555 4606 ipso
582 4545 928 4605 regnaturum
960 4551 1047 4589 tne
1070 4549 1190 4590 esse
1222 4535 1403 4590 credo.
1437 4536 1549 4607 Ego
1579 4538 1740 4592 etiam
1766 4553 1795 4590 a
1828 4547 2035 4606 tempo-

2119 3313 2303 3370 abluta
2333 3324 2474 3378 sum,
2511 3321 2700 3364 rursus
2733 3305 2872 3359 male
2906 3299 3141 3356 vivendo
3180 3296 3445 3367 inquinari
3487 3311 3574 3350 tne
3618 3310 3726 3364 pa-

2122 3408 2259 3466 tiar?
2287 3407 2372 3463 vel
2419 3404 2464 3461 si
2497 3409 2708 3475 oportet
2739 3408 2798 3454 ut
2824 3414 2854 3453 a
2884 3395 3127 3468 profectu
3157 3392 3223 3446 ad
3253 3390 3538 3456 defectum,
3574 3390 3656 3444 vel
3690 3405 3724 3444 a

2123 3503 2300 3557 nitore
2326 3497 2552 3570 justitiaa
2577 3493 2645 3550 ad
2679 3500 3018 3565 peccatorum
3053 3484 3384 3558 nigredinetn
3426 3482 3565 3536 male
3590 3495 3729 3536 con-

2125 3593 2392 3652 versando
2415 3587 2726 3661 regrediar?

2197 3687 2355 3743 Num.
2398 3684 2519 3740 107.
2563 3681 2797 3738 Dilectus
2827 3694 2967 3734 meus
3018 3674 3155 3730 misit
3185 3687 3393 3727 manum
3429 3683 3599 3723 suam.
3628 3666 3702 3720 Mi

2129 3781 2198 3837 sit
2230 3794 2446 3835 manum
2477 3791 2628 3833 suam
2651 3790 2740 3845 per
2761 3773 3016 3843 foramen,
3045 3767 3258 3840 quando
3279 3779 3365 3820 me
3388 3777 3482 3834 per
3501 3759 3731 3833 passio-

2130 3893 2256 3932 num
2314 3872 2598 3945 angustias
2653 3867 2886 3924 transire
2930 3862 3208 3936 perdocuit
3233 3877 3256 3936 ;⁴
3278 3868 3326 3913 et
3374 3864 3543 3911 venter
3582 3868 3732 3907 meus

2129 3968 2458 4025 conturbatus
2479 3973 2553 4020 est
2579 3962 2648 4017 ad
2671 3971 2862 4016 tactum
2887 3962 3019 4031 ejus,
3034 3949 3250 4026 quando
3269 3949 3583 4005 imminente
3603 3961 3734 4014 pcr-

2130 4059 2408 4117 secutione
2451 4053 2775 4111 inﬁrmiores
2808 4051 2912 4105 mei
2955 4043 3253 4103 conturbati
3285 4041 3737 4095 contremuerunt

2130 4149 2424 4207 acerbitate
2445 4157 2723 4217 poenarum
2743 4155 2862 4211 qua:
2880 4138 3010 4194 mihi
3038 4137 3203 4191 illata:
3224 4141 3346 4186 sunt
3368 4143 3435 4184 ex
3464 4124 3739 4197 permissu

2133 4243 2270 4314 ejus.
2299 4241 2495 4295 Tactus
2526 4245 2704 4291 autem
2746 4235 2868 4300 iste,
2900 4226 3232 4284 advenientis
3270 4222 3438 4292 plaga:
3474 4217 3740 4284 intelligi-

2135 4312 2222 4390 tur
2247 4333 2537 4396 cruciatus,
2568 4324 2864 4384 secundum
2897 4320 3026 4376 illud
3056 4321 3107 4374 in
3135 4316 3257 4380 Job,
3291 4314 3505 4368 dicente
3533 4312 3740 4365 Satana

2134 4426 2200 4481 ad
2233 4423 2556 4480 Dominum:
2593 4416 2794 4486 Alioqui
2821 4426 2971 4485 tange
2998 4426 3134 4477 ossa,
3167 4418 3214 4463 et
3243 4421 3448 4461 carnem
3471 4405 3603 4470 eius,
3636 4403 3743 4456 nisi

2135 4521 2186 4574 in
2219 4519 2402 4589 facient
2425 4512 2730 4570 benedixerit
2751 4509 2842 4564 tibi
2873 4505 2993 4579 (Job
3016 4502 3079 4574 t).

434 4629 641 4685 ralibus
669 4627 1137 4696 delectationibus,
1166 4631 1460 4700 consopitis
1485 4631 1883 4702 quodammodo
1907 4646 2019 4686 sent

2212 4610 2372 4664 Num.
2415 4606 2540 4663 108.
2575 4601 2795 4660 Surrexi
2815 4606 2868 4654 ut
2889 4597 3142 4666 aperirem
3172 4591 3362 4646 dilecto
3391 4604 3526 4644 meo.
3561 4589 3746 4658 Evigi-

435 4725 611 4792 silius,
651 4711 1010 4795 conquiesco;
1061 4723 1155 4779 sed
1213 4723 1388 4780 futura
1434 4725 1686 4782 desidero
1733 4734 2042 4796 aeternaque

438 4817 722 4888 conquiro.

512 4910 672 4968 Num.
704 4911 955 4970 lG5.Voa:
980 4913 1153 4970 dilecti
1175 4913 1447 4985 pulsantis.
1476 4912 1612 4967 Dicit
1635 4912 1690 4966 in
1718 4910 2040 4982 Apocalypsi
2093 4937 2098 4941 -

439 5004 555 5076 ipse
584 5003 874 5060 Dominus:
905 5003 1016 5076 Ego
1060 5011 1137 5058 sto
1176 5005 1244 5058 ad
1294 5004 1483 5057 ostium
1523 5010 1572 5056 et
1619 5001 1805 5072 pulso;
1846 5002 1890 5056 si
1928 5002 2042 5072 quis

437 5096 696 5167 aperuerit
727 5095 875 5164 mihi,
913 5095 1134 5150 introibo
1170 5110 1286 5149 cum
1321 5095 1411 5148 illo
1440 5102 1487 5149 et
1518 5092 1724 5146 caenabo
1754 5108 1867 5146 cum
1899 5095 2032 5164 ipso,

439 5199 490 5246 et
515 5189 627 5258 ipse
655 5204 849 5243 mecum
890 5188 1081 5259 (Apoc.
1129 5187 1235 5255 tu).
1277 5186 1463 5240 Pulsat
1511 5183 1775 5241 Dominus
1823 5185 2040 5255 quando

441 5299 562 5354 qum
588 5280 729 5336 bona
753 5288 903 5349 sunt,
935 5281 1018 5334 vel
1048 5294 1144 5349 per
1174 5277 1473 5333 doctrinam
1501 5275 1681 5342 docet,
1715 5278 1796 5330 vel
1829 5275 2040 5331 occulta

442 5374 801 5446 inspiratione
851 5380 1162 5427 sanctorum
1214 5369 1376 5426 corda
1425 5370 1491 5424 ad
1541 5369 1678 5425 bene
1732 5368 2040 5423 l'acieudum

445 5468 682 5537 instigat.
713 5467 804 5523 Vel
829 5466 944 5522 haec
964 5475 1046 5522 est
1073 5481 1175 5520 vox
1207 5465 1469 5536 pulsantis
1495 5463 1547 5518 in
1580 5463 1908 5531 Evangelio:
1943 5460 2043 5514 Ve—

447 5560 550 5614 nite
578 5561 644 5612 ad
674 5576 751 5613 me
775 5575 952 5614 omnes
994 5557 1081 5629 qui
1120 5557 1366 5612 laboratis
1391 5565 1438 5611 et
1467 5557 1666 5610 onerati
1698 5555 1842 5622 estis,
1880 5562 1926 5606 ct
1955 5567 2047 5623 ego

447 5652 677 5720 reﬁciam
705 5667 792 5706 vos
821 5650 1042 5724 (Matth.
1072 5649 1173 5723 st).

525 5747 682 5803 Nunt.
707 5746 830 5802 104.
854 5750 1009 5817 Aperi
1033 5747 1177 5815 mihi,
1194 5763 1340 5801 soror
1359 5762 1486 5802 mea.
1502 5743 1666 5798 amica
1691 5758 1820 5796 mea.
1837 5737 2047 5808 Aperiri

450 5839 555 5897 sibi
577 5851 707 5912 peltl
735 5842 1000 5910 Christus,
1027 5844 1109 5900 vel
1133 5840 1435 5900 obedienlia
1458 5837 1771 5905 inlidclium,
1795 5835 1876 5891 vel
1907 5833 1960 5888 in
1986 5834 2019 5887 li
2035 5863 2048 5873 -

2147 4703 2264 4757 lans
2317 4698 2482 4755 corde
2524 4695 2799 4750 Christum
2838 4687 3090 4745 confessa
3129 4699 3282 4750 sum,
3331 4695 3431 4736 nec
3481 4681 3747 4737 deterrita

2147 4791 2424 4864 suppliciis
2454 4787 2830 4859 corporalibus
2859 4783 2913 4838 in
2947 4778 3290 4852 passionibus
3316 4786 3367 4830 et
3395 4774 3448 4828 in
3490 4772 3746 4843 operibus

2149 4889 2308 4952 meis,
2330 4883 2702 4941 conlessorum
2729 4873 3093 4938 mortiﬁcatio,
3113 4879 3168 4926 et
3190 4872 3243 4924 in
3266 4867 3450 4924 elt‘ctis
3464 4865 3747 4934 apparuit:

2149 4979 2216 5034 In
2247 4983 2519 5050 conspectu
2544 4970 2754 5026 Domini
2778 4984 2915 5022 mors
2945 4965 3168 5035 pretiosa
3188 4969 3482 5016 sanctorum
3515 4955 3746 5027 (Psalm.

2153 5075 2298 5138 cxv).

2219 5137 2378 5218 Num.
2414 5159 2538 5216 109.
2569 5155 2844 5212 Pessulunt
2872 5151 2988 5205 os‘ii
3017 5147 3118 5202 mei
3139 5143 3342 5214 aperui.
3372 5139 3529 5194 Omni
3561 5137 3750 5192 dubie-

2152 5267 2259 5314 tate
2279 5263 2509 5317 remota,
2533 5250 2751 5305 Christo
2771 5242 3005 5309 credidi,
3023 5251 3258 5308 eumque
3278 5233 3536 5291 ineffabili
3561 5243 3750 5284 amore

2153 5351 2352 5418 dilexi,
2398 5357 2454 5406 et
2493 5349 2635 5404 clara
2666 5359 2796 5400 voce
2826 5343 2879 5395 in
2910 5335 3216 5394 nationibus
3246 5327 3556 5402 pra'dicavi,
3587 5335 3750 5394 atque

2154 5461 2209 5505 ut
2241 5446 2370 5503 mihi
2402 5443 2619 5498 adesset
2645 5439 2698 5492 in
2735 5427 3165 5489 tribulationibus
3198 5419 3463 5479 invocavi.

2224 5540 2385 5596 Num.
2420 5513 2543 5591 110.
2572 5536 2635 5587 At
2664 5530 2750 5584 ille
2796 5525 3154 5581 deciinaverat.
3180 5518 3236 5573 ln
3267 5515 3372 5572 hoc
3400 5509 3554 5583 quasi
3585 5507 3753 5562 decli-

2157 5635 2304 5689 navit
2331 5641 2489 5702 atque
2521 5623 2802 5688 transivit,
2831 5634 2953 5674 cum
2982 5631 3067 5671 me
3109 5610 3556 5682 persequentibus
3588 5602 3753 5658 tradi-

2157 5731 2234 5785 dit
2260 5736 2313 5782 cl.
2335 5696 2560 5795 iniquis,
2589 5729 2642 5776 et
2672 5728 2729 5773 ut
2761 5718 2812 5770 in
2838 5725 3018 5768 meum
3050 5721 3131 5764 cot
3147 5721 3243 5777 pus
3263 5701 3606 5762 deszevircnt,
3636 5696 3754 5765 ipse

2159 5821 2421 5898 permisit.
