4070 6494
292 337 391 393 981

1239 342 1307 401 ΙΝ
1337 343 1635 402 CANTICA
1666 345 2112 404 CANTlCORUM
2156 345 2587 404 EXPLICATIO.

3457 360 3562 414 ἷδὲ

364 452 526 508 Num.
549 454 669 510 111.
690 454 887 512 Anima
906 472 1018 512 mea
1038 456 1324 529 liquefacta
1348 468 1444 515 cst.
1470 461 1871 519 Promissiones
1896 462 1949 522 Δ
1979 460 2124 517 tallis
2162 462 2295 517 nihil
2344 462 2522 519 simile
2562 476 2697 519 auro
2716 505 2732 533 ,
2762 465 2832 521 ita
2894 481 2997 523 nec
3023 468 3079 525 in
3112 471 3373 528 creaturis
3413 475 3567 543 quid-

286 548 409 617 ejus
427 548 662 604 audiens
686 552 916 606 aestuavi
938 551 1241 620 desiderio,
1265 555 1491 624 quando
1521 554 1712 611 beatos
1747 571 1871 612 esse

285 641 380 708 qui
406 643 813 708 persecutionem
843 646 1127 710 patiuntur
1164 626 1377 715 propter
1401 646 1698 715 justitiam,
1738 666 1871 719 quo-

288 734 433 785 niam
461 733 696 802 ipsorum
717 743 792 788 est
821 751 1039 805 regnum
1065 740 1314 793 caelorum
1337 740 1553 809 (Matth.
1576 742 1655 811 v),
1673 741 1869 797 eodem

287 825 649 892 promittente
685 828 941 896 cognovi.

361 914 521 969 Num.
544 916 668 971 112.
692 915 923 982 Qua’sivi
942 932 993 974 et
1016 938 1121 976 non
1145 924 1320 979 inveni
1343 925 1516 981 illum.
1545 925 1636 981 Sic
1659 924 1713 980 in
1738 939 1871 981 con-

284 1008 596 1064 culcatione
624 1012 1039 1081 malignantium
1077 1015 1344 1073 derelicta
1373 1034 1496 1073 sum
1524 1019 1686 1089 quasi
1712 1019 1871 1074 auxi-

278 1097 437 1153 liator
462 1113 571 1153 non
596 1109 774 1165 esset;
808 1107 862 1157 et
886 1099 977 1171 qui
1020 1099 1088 1157 ab
1114 1099 1348 1156 inimicis
1370 1100 1718 1169 defenderet,
1743 1103 1871 1158 sub-

278 1192 463 1245 venire
506 1207 611 1247 non
645 1201 848 1262 posset,
892 1193 1031 1249 sicut
1071 1204 1126 1249 et
1175 1193 1364 1249 beatus
1404 1193 1506 1250 Job
1535 1196 1587 1249 in
1618 1196 1871 1265 paSsione

278 1282 486 1351 positus
515 1283 688 1338 dixit:
714 1283 890 1338 Clamo
932 1285 1002 1339 ad
1029 1294 1076 1339 te
1100 1294 1148 1339 et
1182 1301 1282 1338 non
1313 1287 1524 1340 exaudis
1563 1302 1672 1353 me,
1698 1296 1871 1341 etnon

278 1375 493 1443 respicis
520 1391 632 1442 me;
655 1377 951 1430 immutatus
968 1392 1019 1431 es
1040 1376 1169 1430 mihi
1190 1377 1245 1431 in
1270 1377 1546 1445 crudelem,
1565 1387 1611 1431 et
1633 1379 1682 1433 in
1698 1378 1873 1449 furore

278 1453 462 1522 manus
490 1477 594 1523 tua:
616 1470 903 1525 aduersaris
932 1469 1083 1524 mihi.

352 1558 515 1613 Num.
540 1558 662 1615 113.
690 1558 1004 1615 Invenerunt
1032 1577 1113 1616 me
1141 1562 1403 1616 custodes.
1431 1560 1872 1631 Comprehende-

279 1660 410 1703 runt
463 1665 549 1705 me
593 1650 776 1706 saeculi
823 1659 1137 1721 potestates,
1171 1652 1261 1723 qui
1305 1652 1455 1723 quasi
1486 1653 1872 1723 rempublicam

279 1755 472 1809 regere
497 1753 811 1797 noscuntur.

1972 568 2135 621 quam
2156 556 2563 626 comparabitur
2583 557 2843 615 Creatori.
2867 561 2963 617 Est
2979 573 3157 621 autem
3179 575 3340 637 caput
3364 566 3568 624 Christi

1975 644 2138 714 Deus,
2164 651 2458 707 secundum
2484 653 2627 723 quod
2659 655 2818 722 paulo
2843 665 2971 712 ante
2994 671 3060 712 ex
3093 657 3393 730 Evangelia
3419 675 3570 718 com-

1972 741 2410 811 memoravimus,
2450 743 2519 800 ln
2548 746 2803 815 principio
2830 759 2943 803 erat
2984 747 3220 817 Verbum,
3244 761 3353 809 etc.

2042 829 2200 884 Num.
2218 830 2341 886 120.
2357 832 2526 888 Cosme
2540 836 2652 906 ejus
2667 835 2799 889 sicut
2817 833 2968 892 elatte
2984 838 3296 907 palmarum.
3325 843 3392 901 Hi
3411 849 3533 918 equi
3546 878 3567 891 ο

1971 921 2095 977 dem
2147 925 2319 979 sancti
2350 925 2510 994 capiti
2549 940 2668 995 suo,
2702 927 2755 982 id
2784 937 2866 984 est
2893 929 3129 1000 Christo,
3161 934 3441 993 adhzcrere
3470 954 3568 993 uo-

1971 1022 2194 1070 scuntur
2213 1016 2324 1086 qui,
2345 1015 2397 1071 in
2419 1016 2773 1075 similitudine
2794 1025 2963 1092 corvi,
2980 1040 3040 1080 se
3068 1037 3380 1095 peccatores
3399 1046 3567 1104 agno-

1970 1116 2127 1163 scunt
2144 1114 2165 1163 :'
2182 1109 2249 1165 de
2271 1109 2461 1181 quibus
2483 1121 2566 1168 est
2581 1113 2668 1169 ille
2689 1116 2776 1185 qui
2803 1116 2962 1174 dicit:
2983 1118 3045 1175 Si
3060 1123 3265 1191 justum
3290 1144 3370 1181 me
3394 1128 3570 1183 volue-

1972 1201 2069 1251 rim
2091 1198 2260 1269 facere
2285 1217 2459 1255 coram
2484 1212 2553 1274 te,
2582 1222 2637 1259 os
2653 1210 3187 1299 meumcondemnabit
3210 1234 3290 1273 me
3319 1218 3441 1293 (,lob
3463 1219 3564 1293 lx).

1972 1290 2039 1346 Et
2054 1306 2265 1348 rursum
2282 1293 2421 1350 alius
2440 1311 2454 1349 :
2477 1295 2737 1363 Quoniam
2759 1299 3079 1370 iniquitatem
3094 1290 3191 1376 ego
3207 1290 3428 1382 agnosco
3444 1290 3567 1384 (Ps.

1975 1381 2029 1451 ι.)
2071 1383 2138 1439 Ει
2165 1398 2402 1442 consona
2430 1402 2560 1444 voce
2587 1388 2825 1448 Joannes
2849 1407 2969 1448 cum
2999 1395 3185 1454 electis
3213 1381 3569 1470 pronuntiat:

1977 1474 2039 1529 Si
2063 1476 2345 1534 dixerimus
2361 1480 2479 1552 quia
2506 1491 2771 1554 peccatum
2791 1487 3164 1559 non/iubemus,
3195 1509 3289 1549 nos
3311 1494 3450 1564 ipsos
3487 1515 3568 1553 se-

1974 1564 2229 1636 ducimus,
2259 1578 2307 1625 et
2352 1574 2534 1629 reritas
2570 1574 2623 1630 in
2663 1576 2807 1633 nobis
2844 1594 2945 1635 non
2974 1590 3067 1647 est,
3106 1585 3152 1641 si
3194 1602 3311 1642 vero
3349 1592 3581 1663 confessi

1976 1659 2223 1724 fuerimus
2250 1676 2457 1733 peccata
2494 1676 2692 1738 nostra,
2716 1670 2885 1741 ﬁdelis
2908 1682 2956 1728 et
2987 1678 3162 1748 justus
3191 1691 3264 1736 est
3308 1684 3399 1754 qui
3427 1659 3573 1742 nobis

1977 1764 2189 1821 peccata
2213 1757 2438 1813 dimittat
2464 1769 2511 1814 et
2554 1765 2764 1818 mandet
2800 1781 2895 1823 nos
2921 1766 2986 1821 ab
3029 1770 3167 1824 omni
3193 1773 3457 1839 iniquitate
3488 1779 3507 1848 (
3546 1778 3571 1832 ι

349 1842 507 1898 Num.
530 1845 651 1900 111.
683 1843 1072 1913 Pcrcusseruut,
1096 1847 1430 1902 vulnerarunt
1466 1864 1546 1903 me
1577 1849 1764 1920 plagis.
1807 1848 1877 1905 Et
1908 1857 1953 1916 Β
1977 1843 2139 1902 Joan.
2163 1847 2227 1918 ι).
2266 1848 2528 1907 Similiter
2571 1861 2628 1909 et
2666 1854 2864 1915 Paulus
2896 1875 2909 1912 :
2964 1857 3198 1917 Christus
3248 1863 3402 1922 Iesus
3438 1842 3589 1926 venit-

277 1935 558 2004 suppliciis
586 1935 640 1990 in
668 1950 897 2008 corpore
920 1953 1041 1994 meo
1061 1938 1374 1995 debacchati
1392 1948 1548 2007 sunt;
1576 1950 1631 1996 et
1645 1956 1877 1997 oneran-

279 2036 363 2081 tes
381 2027 633 2095 vinculis,
657 2027 711 2083 in
734 2029 1042 2087 carceribus
1070 2032 1474 2089 concluserunt.
1494 2033 1878 2106 Prolongantes

281 2118 567 2187 exquisitis
595 2121 925 2178 cruciatibus
953 2122 1119 2177 vitam
1146 2140 1247 2180 nec
1270 2133 1503 2182 mortem
1527 2127 1778 2183 celeriter
1797 2128 1878 2184 in-

282 2211 544 2276 ferentes,
567 2227 636 2268 ne
661 2211 891 2269 faciliter
908 2214 976 2270 ab
1005 2214 1165 2272 illatis
1186 2202 1365 2287 poenis
1384 2218 1507 2273 exui
1529 2233 1764 2290 possem.

352 2308 514 2366 Num.
553 2310 675 2367 115.
703 2310 951 2368 Tulerunt
984 2314 1197 2384 pallium
1223 2319 1637 2376 meum.Etenim
1665 2322 1878 2392 quando

280 2400 538 2456 ecclesias
584 2401 650 2457 ad
694 2403 870 2460 solum
918 2420 1086 2477 usque
1130 2407 1375 2464 demoliti
1419 2419 1563 2479 sunt,
1592 2422 1645 2467 et
1691 2412 1876 2469 altaria

280 2492 441 2548 simul
463 2510 584 2549 cum
609 2495 913 2565 Evangeliis
940 2506 994 2553 et
1016 2500 1229 2555 ca-teris
1250 2501 1400 2557 libris
1415 2504 1711 2569 canonicis,
1742 2505 1879 2577 igni-

290 2584 390 2639 bus
429 2588 1089 2657 cremaverunt;quando
1136 2592 1447 2649 sacerdotes
1497 2597 1879 2653 concluserunt

281 2673 349 2730 ad
381 2676 597 2731 metalla
626 2678 1034 2746 condemnatos,
1060 2683 1275 2752 quando
1310 2700 1412 2741 nec
1432 2687 1771 2745 sacriﬁcandi
1797 2690 1877 2745 lo-

282 2781 381 2821 cus
400 2810 415 2834 ,
440 2783 539 2825 nec
566 2769 870 2838 baptizandi
899 2773 1139 2842 libertas,
1168 2792 1270 2832 nec
1317 2781 1752 2839 communicandi
1794 2791 1876 2840 est

282 2860 536 2917 attributa
562 2863 814 2932 licentia;
843 2881 965 2922 cum
999 2870 1113 2925 haec
1142 2872 1321 2927 omnia
1349 2884 1723 2943 persecutores
1753 2891 1879 2948 age-

283 2963 426 3023 rent,
461 2962 589 3011 tunc
609 2958 1006 3027 quodammodo
1028 2976 1239 3030 sponsae
1260 2962 1481 3033 Christi,
1508 2965 1562 3021 id
1583 2975 1666 3024 est
1692 2967 1880 3025 Eccle-

283 3046 402 3113 εἰῶ,
435 3048 584 3116 quasi
610 3049 880 3119 quoddam
911 3052 1125 3122 pallium
1156 3056 1513 3115 abstulerunt.

356 3145 513 3202 Num.
541 3146 668 3204 116.
696 3148 898 3222 Adjuro
939 3169 1024 3208 vos
1050 3194 1067 3221 ,
1119 3155 1244 3225 filice
1286 3156 1600 3219 Jerusalem.
1650 3161 1878 3221 Sanctus

1982 1943 2035 1995 in
2067 1942 2204 1997 hunc
2230 1944 2481 1999 mundum
2507 1958 2796 2018 peccatores
2821 1952 2989 2007 salvos
3012 1955 3202 2025 facere,
3229 1975 3444 2027 quorum
3465 1966 3573 2032 pri-

1980 2049 2095 2089 mus
2121 2049 2213 2106 ego
2251 2052 2365 2090 sum
2394 2035 2447 2109 (Ι
2477 2037 2610 2093 Tim.
2654 2040 2720 2112 ι).
2775 2041 2844 2099 Ει
2886 2046 3011 2116 quia
3054 2050 3239 2115 onmis,
3274 2056 3573 2112 secundum

1981 2127 2453 2218 Evangelium,rqui
2463 2149 2516 2186 se
2528 2132 2767 2189 humiliat
2780 2144 2829 2192 et
2849 2138 3190 2213 cxaltabitur(
3198 2141 3386 2201 Matth.
3404 2163 3537 2204 xxttt
3558 2170 3572 2218 ;
3591 2202 3602 2218 ,

1957 2220 2086 2276 Luc.
2102 2217 2374 2292 x1v,xvm)
2394 2237 2408 2276 :
2425 2221 2481 2279 hi
2504 2225 2594 2295 qui
2612 2241 2671 2283 se
2700 2228 3043 2288 confessione
3074 2238 3275 2304 peccati
3295 2217 3597 2311 dejiciunt,,

1978 2314 2273 2370 secundum
2294 2316 2437 2386 quod
2460 2318 2514 2373 in
2543 2317 2646 2376 hoc
2671 2321 2809 2377 libro
2825 2325 3092 2394 scribitur,
3122 2329 3419 2398 pahnarum
3448 2351 3573 2395 pro-

1980 2405 2187 2461 ceritati
2206 2422 2313 2462 non
2339 2410 2612 2465 immerito
2640 2427 3042 2483 comparantur.

2051 2498 2214 2555 Num.
2238 2500 2365 2557 121.
2392 2500 2543 2557 Oculi
2570 2506 2683 2576 ejus
2709 2508 2838 2561 sicut
2861 2510 3127 2565 columba;
3159 2513 3360 2583 Spiritu
3386 2529 3576 2574 sancto

1981 2595 2195 2671 repleti,
2217 2594 2377 2652 electi
2405 2595 2524 2668 ejus
2558 2601 2760 2671 absque
2789 2602 2897 2658 ullo
2919 2604 3041 2661 felle
3064 2609 3435 2668 amaritudinis
3454 2630 3575 2682 per~

1981 2697 2222 2757 manent,
2251 2697 2306 2745 et
2347 2689 2747 2761 Scripturarum
2782 2695 2969 2751 rivulis
3006 2699 3260 2768 populum
3304 2702 3571 2760 itnbttunt.

2051 2780 2211 2837 Num.
2247 2781 2373 2839 122.
2407 2782 2537 2850 Quae
2563 2783 2694 2838 lacte
2714 2796 2828 2840 sunt
2856 2788 2994 2844 latte.
3027 2789 3236 2845 Exinde
3264 2795 3578 2851 mundiores

1982 2871 2181 2941 effecti,
2215 2874 2338 2945 quia
2368 2874 2643 2930 Christum
2682 2878 2737 2933 in
2766 2893 2929 2935 carne
2961 2892 3166 2949 natum,
3206 2886 3312 2941 ﬁde
3344 2903 3451 2942 non
3478 2890 3577 2943 du-

1982 2967 2069 3023 bia
2096 2969 2327 3024 credunt
2355 2985 2370 3037 ;
2402 2976 2456 3024 et
2497 2982 2839 3027 sacramento
2867 2974 3063 3029 visibili
3106 2992 3165 3032 se
3198 2989 3436 3046 renatos,
3475 2981 3578 3038 ab-

1983 3058 2124 3114 lutos
2144 3067 2199 3114 et
2222 3060 2452 3116 nutritos
2477 3072 2793 3134 agnoscunt,
2812 3065 3050 3119 resident
3068 3065 3217 3138 juxta
3241 3069 3440 3126 ﬁuenta
3466 3071 3580 3142 ple-

1982 3150 2226 3219 nissima,
2243 3151 2296 3207 id
2308 3152 2540 3209 estinter
2557 3155 2730 3210 sancti
2750 3156 2977 3227 Spiritus
2993 3154 3397 3219 a'fﬁuentissima
3412 3165 3576 3222 dona.

282 3247 525 3310 quosque
546 3242 790 3312 conjnrat
808 3244 857 3301 si
884 3261 979 3316 per
1006 3247 1135 3305 istas
1163 3250 1555 3320 "mutationes,
1578 3255 1645 3310 ad
1675 3256 1873 3327 ipsum,
1906 3245 1953 3309 C
2056 3243 2215 3299 Num.
2249 3244 2372 3301 125.
2401 3245 2555 3301 Genu:
2581 3246 2723 3301 illius
2748 3252 2879 3305 sicut
2907 3252 3094 3306 areola:
3120 3266 3429 3313 aromatum.
3457 3258 3579 3317 Sic-

282 3341 591 3404 contempta
620 3337 729 3392 vita
750 3338 966 3405 mundi,
998 3343 1317 3409 perveniant
1348 3361 1362 3397 :
1394 3354 1451 3400 ut
1471 3344 1746 3402 insinuent
1770 3348 1877 3404 Ec-

282 3427 506 3483 clesiam
534 3431 588 3485 in
617 3430 700 3486 his
729 3434 1193 3500 persecutionibus
1219 3438 1587 3505 constitutam,
1617 3441 1878 3498 ineti‘abili

282 3521 423 3576 circa
466 3519 636 3576 Deum
674 3522 964 3580 dilectione
990 3523 1313 3597 ferventem,
1350 3544 1449 3585 nec
1491 3532 1653 3588 tantis
1687 3541 1743 3589 et
1770 3542 1877 3592 tam

283 3612 568 3669 horrendis
589 3617 853 3686 angustiis
884 3618 993 3673 ullo
1021 3619 1183 3674 modo
1208 3619 1611 3692 frigescentem.

353 3714 514 3771 Num.
539 3717 663 3772 117.
695 3719 873 3785 Qualis
928 3730 1002 3776 est
1033 3722 1247 3779 dilectus
1288 3727 1450 3781 tuus?
1488 3725 1604 3783 Vox
1652 3728 1881 3787 interro-

283 3804 520 3874 gantium
549 3807 874 3876 electorum,
917 3821 972 3866 et
1022 3811 1180 3868 ﬁdem
1227 3813 1485 3871 Ecclesia:
1518 3831 1586 3871 ex
1644 3818 1762 3889 ejus
1790 3836 1880 3877 re-

283 3902 573 3971 sponsione
602 3903 1005 3974 inquirentium.
1063 3909 1244 3974 Qualis
1267 3919 1342 3966 est
1392 3911 1609 3966 dilectus
1656 3923 1775 3968 tuus
1819 3932 1882 3971 ea:

286 3991 514 4047 dilecto?
549 3994 603 4048 id
628 4004 742 4057 est,
772 3996 945 4064 qualis
983 4006 1067 4052 est
1098 3999 1238 4054 Deus
1265 4015 1332 4056 ex
1364 4001 1496 4067 Deo,
1527 4004 1621 4057 vel
1644 4004 1809 4060 Filius
1849 4021 1879 4061 a

284 4084 488 4141 Patre?
532 4087 587 4141 in
628 4087 979 4143 similitudine
1021 4091 1264 4145 omnium
1311 4094 1672 4163 arqualitatem
1703 4096 1882 4152 decla-

284 4191 411 4232 rans
466 4192 840 4248 personarum.
893 4180 995 4248 Qui
1044 4184 1184 4237 enim
1232 4199 1340 4239 non
1387 4185 1774 4242 discernuntur
1828 4189 1879 4244 in

288 4272 444 4325 unius
474 4286 596 4327 esse
625 4283 855 4341 naturte,
875 4285 931 4330 et
959 4276 1014 4330 in
1036 4276 1223 4332 eadem
1241 4291 1564 4348 permanere
1589 4280 1882 4337 creduntur

283 4354 451 4436 gloria
482 4365 801 4436 maiestatis.

352 4465 511 4521 Num.
545 4467 668 4521 118.
709 4466 942 4523 Dilectus
968 4470 1219 4525 candidus
1262 4479 1314 4526 et
1343 4472 1677 4529 rubicundus.
1734 4474 1877 4529 Can-

284 4556 445 4613 didus
468 4558 589 4628 quia
620 4560 673 4612 in
685 4560 942 4629 principio
962 4569 1073 4616 erat
1108 4560 1354 4629 Verbum,
1373 4573 1421 4618 et
1454 4564 1594 4620 Deus
1618 4575 1728 4620 erat
1760 4566 1883 4621 Ver-

1986 3344 2043 3391 ut
2078 3337 2222 3393 enim
2244 3337 2297 3392 in
2328 3338 2500 3395 oculis
2535 3339 2929 3411 columbarum,
2970 3341 3091 3414 jure
3137 3348 3409 3417 apostolos
3438 3353 3579 3407 acci-

1986 3427 2165 3496 pimus
2212 3427 2416 3497 Spiritu
2443 3438 2633 3486 saucto
2663 3433 2919 3501 repletos,
2952 3434 3024 3489 ita
3076 3445 3129 3491 et
3158 3434 3212 3492 in
3253 3441 3405 3510 genis
3459 3460 3579 3513 qua:

1986 3519 2175 3598 vicinae
2210 3530 2332 3574 sunt
2370 3521 2565 3587 oculis,
2593 3538 2685 3578 eas
2718 3524 2986 3581 Ecclesias
3017 3544 3135 3596 qure
3167 3546 3265 3600 per
3306 3536 3579 3605 apostolos

1984 3613 2328 3668 crediderunt
2372 3628 2493 3685 quae
2523 3616 2673 3672 velut
2708 3618 2905 3686 areola:
2946 3632 3271 3689 aromatum,
3317 3627 3577 3681 suavissi-

1986 3720 2130 3758 mum
2173 3704 2394 3760 odorem
2435 3722 2499 3761 ex
2553 3717 2749 3763 sancta.
2784 3712 3192 3768 conversatione
3233 3718 3575 3785 producunt:

1983 3798 2192 3853 consita:
2231 3815 2264 3853 a
2293 3800 2644 3872 pigmentariis
2670 3819 2690 3859 :
2722 3803 2826 3873 piis
2857 3805 3066 3861 scilicet
3104 3810 3575 3881 prtedicatoribus,

1984 3892 2051 3947 ad
2073 3908 2207 3962 quos
2236 3894 2527 3964 Apostolus
2552 3896 2657 3953 ait:
2686 3895 2765 3951 Tu
2796 3909 2968 3953 autem
3010 3916 3123 3953 cum
3178 3901 3396 3958 oleaster
3425 3924 3576 3971 esses,

1984 3984 2205 4038 insertus
2233 4000 2284 4038 es
2336 3985 2391 4039 in
2420 3986 2560 4053 illis,
2616 3997 2662 4041 et
2705 3988 2873 4043 socius
2922 3991 3115 4045 radicis
3161 4002 3207 4047 et
3255 3996 3579 4068 pinguediuis

1986 4076 2133 4131 olivte
2161 4080 2328 4148 factus
2353 4093 2405 4131 es
2437 4077 2615 4150 (Rom.
2640 4078 2740 4148 ιι).

2056 4176 2217 4234 Num.
2245 4178 2367 4233 124.
2422 4177 2586 4233 Labia
2622 4179 2765 4235 illius
2803 4179 3108 4237 distillantia
3138 4185 3421 4255 myrrham.
3475 4189 3579 4244 Do-

1986 4278 2163 4325 ctores
2195 4270 2314 4339 ejus
2341 4271 2544 4340 Spiritu
2574 4273 2660 4328 vel
2689 4273 2848 4327 etiam
2878 4289 3045 4330 carne
3078 4276 3343 4347 Virginis;
3378 4280 3429 4333 in
3461 4282 3580 4334 hoc-

1983 4376 2090 4431 que
2113 4363 2414 4431 passionem
2439 4363 2557 4433 ejus
2583 4364 2940 4434 praedicantes
2961 4408 2977 4433 ,
3012 4378 3069 4422 ut
3108 4384 3207 4439 pro
3239 4370 3332 4424 illo
3359 4373 3448 4441 qui
3482 4388 3578 4443 pro

1985 4456 2140 4510 nobis
2162 4466 2405 4513 mortuus
2433 4465 2515 4511 est
2539 4473 2646 4511 non
2672 4468 2923 4513 recusent
2954 4472 3205 4517 monent.

2058 4557 2217 4612 Num.
2249 4558 2374 4613 125.
2407 4557 2597 4614 Hanus
2623 4560 2763 4614 illius
2786 4563 3052 4617 tornatites
3082 4581 3273 4623 aurem.
3315 4565 3373 4622 In
3404 4570 3581 4623 mani-

284 4650 402 4703 bum
427 4648 606 4720 (Joan.
640 4648 703 4721 ι).
727 4650 1096 4720 Rubicundus,
1128 4654 1253 4724 quia
1280 4670 1346 4711 ex
1396 4654 1611 4726 Virgine
1639 4659 1874 4726 genitus,
1906 4633 1959 4692 D
1986 4651 2086 4707 bus
2109 4651 2305 4706 Christi
2333 4654 2658 4722 deputantur
2685 4653 2775 4723 qui
2805 4669 2865 4709 ea
2888 4670 3009 4724 qum
3038 4656 3175 4712 bona
3204 4668 3331 4713 sunt
3366 4662 3580 4729 operari

290 4739 512 4795 Verbum
532 4756 653 4795 caro
679 4742 877 4812 factum
899 4752 973 4798 est
998 4785 1015 4813 ,
1045 4753 1094 4800 et
1114 4744 1361 4801 habitauit
1385 4746 1440 4802 iss
1473 4748 1638 4803 nobis.
1681 4746 1878 4807 Candi-

282 4830 383 4887 dus
424 4832 475 4885 in
507 4830 835 4903 virginitate,
863 4835 1196 4892 rubicundus
1240 4838 1295 4892 in
1330 4837 1582 4909 passione
1613 4856 1628 4893 :
1662 4841 1802 4896 sicut
1823 4852 1877 4896 et

283 4923 545 4993 propheta
573 4924 641 4979 de
669 4925 862 4981 eodem
901 4926 1030 4981 dicit
1062 4944 1077 4982 :
1117 4929 1246 4996 Quis
1268 4939 1341 4983 est
1372 4931 1468 4986 iste
1502 4935 1591 5002 qui
1628 4933 1763 4987 venit
1814 4934 1879 4989 de

285 5016 474 5084 Edam,
506 5018 676 5073 tinctis
712 5019 931 5075 vestibus
957 5021 1023 5076 de
1071 5020 1237 5077 Bosra
1292 5022 1428 5094 (Isa.
1462 5026 1650 5097 um)?
1678 5027 1877 5095 Edoni,

284 5110 503 5179 sanguis
535 5111 949 5181 interpretatur;
980 5121 1032 5167 et
1088 5113 1288 5170 idcirco
1315 5116 1383 5172 ab
1432 5117 1694 5174 etl'usione
1746 5135 1874 5174 san-

282 5202 456 5266 guinis
482 5203 835 5259 rubicundus.
864 5202 972 5259 Iste
1001 5209 1259 5274 formosus
1288 5208 1342 5262 in
1366 5209 1501 5263 stola
1524 5226 1620 5264 sua
1639 5212 1887 5281 gradiens.

282 5297 336 5348 in
391 5297 727 5351 multitudine
756 5299 1078 5369 fortitudinis
1105 5315 1235 5354 suae.
1284 5298 1492 5355 Electus
1520 5318 1585 5356 ea:
1626 5302 1876 5357 millibus.

283 5386 401 5455 Ipse
429 5388 603 5443 estde
624 5404 730 5457 quo
747 5389 798 5444 in
825 5389 1050 5445 Psalmis
1077 5408 1091 5444 :
1132 5390 1259 5457 Quis
1287 5392 1471 5447 similis
1493 5394 1586 5449 erit
1611 5393 1717 5451 Deo
1747 5399 1885 5451 inter.

285 5483 428 5551 ﬁlios
460 5480 556 5533 Dei
590 5479 764 5543 (Psal.
794 5476 1097 5547 Lxxxvnt)?
1129 5486 1183 5532 et
1208 5478 1429 5541 iterum,
1456 5476 1872 5551 Speciosusfor-

284 5588 371 5623 ma
390 5586 500 5637 pra:
519 5568 645 5636 filiis
664 5568 960 5629 hominum,
980 5566 1179 5636 diffusa
1196 5576 1273 5621 est
1293 5570 1466 5637 gratia
1489 5569 1540 5621 iu
1562 5568 1867 5627 labiistuis.
1894 5558 1903 5569 ’

360 5686 523 5739 Num.
543 5683 668 5738 119.
684 5682 856 5751 Caput
882 5683 994 5751 ejus
1021 5700 1213 5737 aurum
1239 5687 1514 5755 optimum.
1536 5684 1794 5757 Legimus
1815 5687 1867 5741 itt

285 5779 550 5844 Apostolo
563 5778 657 5831 :Ca
665 5787 755 5847 put
774 5777 1143 5845 viriChristus;
1155 5789 1311 5847 caput
1326 5787 1502 5832 autem
1516 5779 1753 5834 mulieris
1770 5781 1866 5844 uir,

287 5879 441 5941 caput
461 5886 575 5928 vero
595 5867 794 5926 Christi
810 5869 951 5926 Deus
971 5870 1012 5941 (1
1027 5870 1147 5927 Cor.
1168 5874 1264 5942 at).
1286 5871 1353 5927 Et
1371 5872 1499 5929 ideo
1514 5873 1657 5930 sicut
1687 5872 1741 5929 in
1757 5889 1868 5930 me-

1982 4758 2089 4797 non
2120 4742 2390 4799 tlesinunt.
2419 4743 2626 4799 Idcirco
2664 4746 2933 4801 tornatiles
2958 4764 3150 4815 aurora,
3175 4750 3296 4819 quia
3320 4751 3385 4804 ad
3412 4768 3574 4807 omne
3625 4780 3639 4797 ~

1980 4848 2114 4900 opus
2140 4833 2340 4888 bonum
2359 4849 2572 4904 semper
2593 4847 2794 4905 parata:
2819 4838 3026 4907 ;,pleme
3045 4840 3361 4909 hyacinthis,
3385 4857 3581 4897 secun-

1980 4926 2109 4980 dum
2143 4926 2273 4982 illud
2298 4927 2543 4998 Apostoli
2573 4928 2813 4983 :Divites
2845 4930 2897 4982 in
2923 4931 3159 4999 operibus
3208 4930 3372 4996 bonis,
3427 4934 3582 5002 facile

1980 5020 2279 5087 tribuentes,
2308 5029 2355 5074 et
2401 5021 2803 5076 thesaurizantes
2829 5020 2926 5075 sibi
2970 5022 3364 5090 fundamentum
3395 5025 3583 5081 bonum

1989 5114 2041 5166 in
2069 5117 2263 5182 futuro,
2297 5123 2351 5167 ut
2380 5112 2767 5184 apprehendant
2802 5129 2973 5167 veram
3003 5116 3155 5169 vitam
3180 5114 3234 5189 (I
3269 5116 3404 5174 Tim.
3428 5119 3532 5189 v1).

2060 5213 2217 5269 Num.
2253 5213 2378 5271 126.
2414 5213 2602 5269 Venter
2629 5217 2741 5286 ejus
2780 5217 3047 5271 eburneus.
3078 5218 3137 5271 ln
3184 5227 3371 5273 ventre
3416 5220 3583 5290 ipsius

1988 5306 2439 5379 depmantur,qui
2462 5310 2746 5364 credentes
2770 5308 2823 5362 in
2853 5308 2955 5363 ﬁde
2984 5312 3327 5378 parturiunt;
3355 5314 3584 5368 etchur-

1990 5417 2121 5458 nens
2147 5401 2309 5457 etiam
2354 5403 2468 5472 ipse
2496 5410 2718 5468 venter,
2751 5401 2872 5457 fons
2903 5402 3151 5471 baptismi
3182 5420 3245 5459 ex
3282 5421 3388 5474 quo
3429 5422 3586 5461 rem-

1988 5496 2190 5549 scimur
2223 5510 2329 5550 non
2358 5496 2800 5551 inoonvenienter
2821 5495 3115 5565 accipitur;
3146 5503 3203 5552 et
3232 5497 3356 5565 quia
3377 5498 3578 5563 eboris.

1988 5587 2226 5643 defuncti
2275 5587 2565 5643 animantis
2611 5590 2854 5657 speciosa
2896 5599 2950 5645 et
2989 5589 3421 5659 incorruptibilia
3460 5606 3581 5646 ossa

1988 5691 2305 5749 noscuntur,
2356 5692 2641 5751 prottterea
2676 5685 2830 5740 nobis
2856 5686 2923 5740 ab
2954 5686 3210 5754 Apostolo
3232 5684 3427 5741 dicitur
3459 5704 3473 5741 :
3507 5684 3585 5739 An

1986 5774 2234 5846 ignoratis
2281 5776 2403 5843 quia
2445 5776 2729 5845 quicunque
2781 5776 3024 5839 baptismi
3057 5794 3232 5831 sumus
3279 5779 3330 5831 in
3379 5778 3581 5831 Christo

1984 5864 2014 5920 J
2024 5882 2134 5936 esu,
2168 5868 2217 5922 in
2242 5876 2400 5923 morte
2426 5866 2586 5937 ipsius
2616 5867 2857 5938 buptizuti
2889 5873 3107 5927 sumus?
3134 5871 3424 5937 Couscpulti
3451 5874 3581 5927 enim
