4070 6468
463 311 564 364 ‘:83

1692 302 1752 360 S.
1791 300 1977 359 JUSTI
2020 298 2502 358 URGELLENSlS

3648 290 3771 356 98b

462 440 632 480 sumus
657 440 771 477 cum
796 424 887 478 illo
910 425 963 479 in
994 424 1297 492 baptismum
1328 436 1417 486 per
1442 425 1660 472 mortem
1679 458 1695 483 ,
1712 424 1769 469 ut
1788 413 2045 485 quomodo
2075 414 2128 475 A
2152 413 2223 470 Ut
2249 415 2505 486 regnetin
2534 415 2787 486 gentibus
2804 457 2819 481 ,
2853 415 2933 471 vel
2959 417 3010 471 in
3034 416 3291 472 Ecclesiis
3315 411 3618 472 delectetur
3650 431 3670 471 :
3700 422 3769 471 ut

461 518 684 573 surrexit
708 516 942 572 Christus
965 531 1057 587 per
1095 514 1312 588 gloriam
1344 512 1541 580 Patris,
1572 511 1648 566 ita
1677 519 1725 563 et
1755 524 1849 564 nos
1872 508 1925 562 in
1954 522 2050 561 no-

461 613 617 667 uitate
640 614 753 666 vitae
781 608 1101 663 ambulemus
1132 608 1308 679 (Rom.
1324 606 1425 672 γι).
1445 602 1734 659 Distinctus
1758 599 2055 673 sapphiris;

460 706 756 761 adornatus
782 718 849 759 ex
879 717 938 758 se
968 700 1264 773 progenitis
1308 707 1361 754 et
1387 697 1441 753 in
1494 694 1840 754 confessione
1866 692 2055 749 claris-

459 796 615 852 simis
639 795 856 850 sanctis.

530 913 691 969 Num.
718 912 838 968 127.
868 913 1036 968 Crura
1076 912 1219 967 illius
1239 911 1491 966 columna:
1519 923 1838 965 marmoreae.
1881 905 2054 962 Crura

459 1022 580 1074 quae
610 1015 779 1063 totum
810 1018 1005 1075 corpus
1029 1004 1294 1074 bajulant,
1327 1003 1426 1074 ipsi
1457 1012 1584 1059 sunt
1630 1003 1804 1058 sancti
1832 1000 1924 1072 qui
1963 999 2057 1055 do-

463 1114 609 1153 mum
662 1096 952 1164 Ecclesiae,
997 1106 1052 1154 et
1075 1097 1223 1152 velut
1268 1110 1588 1152 marmoreae
1640 1095 1905 1150 columnas
1930 1088 2057 1147 fun-'

460 1195 601 1246 data:
627 1203 791 1259 super
818 1187 977 1243 bases
1009 1201 1202 1244 aureas
1228 1186 1627 1243 describuntur.
1662 1184 1729 1241 Hi
1760 1183 1900 1241 enim
1923 1183 2056 1257 justi

460 1282 805 1353 quicaateros
844 1281 1112 1337 cbaritate
1158 1288 1498 1351 supportant,
1546 1285 1602 1335 et
1654 1278 2055 1350 Scripturarum

460 1375 923 1432 consolationibus
955 1364 1202 1439 fitlciunt,
1244 1375 1388 1430 sicut
1416 1376 1491 1429 ait
1513 1372 1852 1443 Apostolus:
1893 1370 2055 1428 Debe-

462 1486 575 1524 mus
602 1486 695 1524 nos
719 1469 973 1538 ﬁrmiores
998 1466 1403 1523 imbecillitatem
1438 1467 1766 1538 inﬁrmorum
1784 1465 2056 1533 sustinere,

462 1569 641 1615 etnon
667 1560 813 1615 nobis
849 1560 1071 1632 placere.
1096 1558 1167 1613 Et
1206 1557 1366 1630 paulo
1412 1565 1557 1629 post,
1601 1566 1857 1627 tanquam
1903 1556 2060 1612 bases

461 1666 655 1707 aureas
680 1650 990 1721 Scripturas
1022 1659 1238 1708 sanctas
1277 1649 1513 1707 insinuat
1540 1649 1728 1706 dicens
1756 1669 1770 1704 :
1806 1650 2061 1717 Quatenu-

462 1761 559 1813 que
576 1745 767 1816 scripta
793 1752 932 1814 sunt,
965 1743 1037 1798 ad
1061 1755 1293 1800 nostram
1337 1744 1623 1800 doctrinam
1674 1743 1867 1812 scripta
1918 1749 2057 1810 sunt,

462 1844 519 1889 ut
539 1852 629 1905 per
645 1838 946 1907 patientiam
966 1844 1013 1890 et
1052 1835 1455 1892 consolationem
1486 1835 1874 1907 Scripturarum
1919 1850 2061 1905 spem

465 1927 740 1983 habeamus
765 1927 947 2001 (Rom.
971 1925 1086 1999 xv).

537 2038 697 2095 Num.
732 2040 856 2096 128.
890 2039 1102 2112 Species
1128 2042 1238 2109 ejus
1268 2049 1323 2095 ut
1352 2038 1559 2108 Libani,
1590 2040 1780 2095 electus
1810 2048 1867 2095 ut
1896 2038 2059 2095 cedri.

464 2136 667 2187 Omnes
688 2131 857 2187 sancti
884 2132 976 2202 qui
997 2132 1373 2188 suavissimum
1396 2132 1620 2187 odorem
1652 2146 1722 2188 ex
1752 2131 1891 2188 bona
1924 2146 2027 2188 con

464 2224 769 2279 versatione
798 2222 1099 2291 dederunt,
1150 2223 1287 2280 etin
1341 2223 1702 2294 corruptionis
1750 2223 2063 2294 integritate

466 2316 783 2386 perdurant,
810 2313 920 2371 Deo
945 2324 1187 2385 auctore,
1221 2323 1489 2371 tantorum
1519 2316 1782 2371 bonorum
1828 2314 2059 2387 gratiam

471 2415 851 2477 perceperunt.

538 2500 695 2555 Num.
715 2498 836 2556 129.
854 2498 1194 2555 Gutturillius
1212 2498 1596 2554 suavissimum.
1613 2498 1676 2554 lli
1692 2498 1780 2571 qui
1804 2498 2061 2571 mysteria

467 2591 584 2659 ejus
613 2599 909 2661 exponunt,
935 2600 989 2646 et
1012 2591 1067 2645 in
1096 2590 1215 2662 lege
1242 2590 1409 2660 ipsius
1436 2590 1673 2660 quotidie
1702 2591 2058 2659 meditantur,

467 2682 683 2735 ins-sera
710 2680 953 2737 doctrina
983 2695 1233 2751 saporem
1260 2680 1636 2737 suavissimum
1659 2681 2057 2737 administrant.

464 2777 533 2829 Et
558 2786 692 2831 totus
718 2777 1092 2832 desiderabilis.
1116 2775 1219 2833 Ubi
1244 2777 1373 2832 illud
1404 2775 1791 2848 adimplebitur
1816 2776 1961 2848 quod
1994 2776 2056 2832 Β.

466 2872 623 2926 toan:
655 2870 708 2926 in
742 2870 981 2942 Epistula
1010 2886 1105 2927 sua
1129 2869 1288 2926 dicit:
1312 2870 1609 2926 Cbarissimi
1628 2913 1642 2939 ,
1669 2887 1805 2925 nunc
1833 2869 1936 2940 ﬁlii
1967 2869 2062 2925 Dei

464 2982 662 3033 sumus,
694 2976 742 3021 et
776 2966 1007 3020 nondum
1027 2965 1267 3036 apparuit
1288 2965 1427 3036 quod
1448 2966 1654 3020 erimus.
1691 2964 1899 3021 Scimus
1941 2964 2062 3035 quia

463 3074 578 3113 cum
605 3059 923 3130 apparuerit,
943 3056 1134 3113 similes
1162 3058 1209 3113 ei
1236 3057 1427 3114 erimus
1449 3067 1493 3112 et
1523 3058 1799 3114 videbimus
1829 3074 1943 3112 eum
1962 3060 2063 3113 sic-

464 3155 539 3204 uti
565 3161 636 3206 est
660 3150 712 3223 (1
743 3151 901 3206 Joan.
935 3153 1040 3222 ιιι).

2159 523 2222 565 ex
2252 511 2332 565 eis
2363 509 2601 580 virgines
2618 510 2700 566 vel
2727 518 2947 567 sanctos
2975 525 3220 581 quosque
3247 519 3506 566 assumat.

2230 622 2390 679 Num.
2433 622 2557 680 154.
2588 621 2699 696 Ego
2728 624 2919 678 dilecto
2948 640 3060 679 mea
3079 666 3094 692 ,
3123 636 3169 679 et
3200 624 3414 680 dilectus
3436 642 3578 681 meus
3604 626 3767 681 mihi.

2160 716 2275 788 Ego
2303 716 2500 773 Christi
2553 732 2779 787 regnum
2822 728 2877 774 et
2914 716 3008 773 ille
3051 732 3145 773 rex
3178 733 3358 786 meus;
3411 734 3511 790 ego
3557 735 3770 790 corpus

2160 809 2327 880 ipsius
2350 819 2406 866 et
2431 811 2546 879 ipse
2565 819 2725 882 caput
2752 825 2951 867 meum.
2979 810 3225 865 Pascitur
3244 813 3377 867 inter
3392 811 3527 880 lilia,
3546 827 3676 868 cum
3711 813 3772 867 in

2157 899 2325 958 corde
2348 902 2615 973 virginum
2646 902 2957 973 requiescit,
2986 899 3069 958 vel
3096 917 3217 958 cum
3244 904 3353 959 illic
3380 918 3475 973 per
3501 904 3772 975 gratiam,

2158 1007 2318 1066 quam
2347 993 2465 1066 ipse
2492 991 2700 1059 tribuit,
2724 992 2965 1064 quotidie
2992 1002 3216 1065 augetur
3243 1002 3299 1049 et
3329 993 3561 1064 proﬁcit.

2230 1106 2392 1164 Num.
2425 1106 2550 1164 155.
2580 1105 2813 1162 Pulchra
2832 1123 2887 1161 es
2906 1106 3072 1164 amica
3101 1123 3231 1174 mea,
3251 1109 3488 1181 pulchra,
3510 1118 3617 1165 etc.
3636 1108 3775 1167 Pul-

2159 1199 2291 1255 chra
2318 1213 2414 1270 per
2436 1198 2732 1270 justitiam;
2757 1200 2940 1256 suavis
2965 1209 3021 1255 et
3046 1200 3241 1268 amica,
3267 1202 3391 1272 quia
3422 1217 3641 1272 semper
3675 1220 3774 1274 pa-

2160 1294 2549 1364 ciﬁca,decora
2571 1296 2709 1351 sicut
2729 1293 3051 1352 Jerusalem.
3083 1296 3215 1352 Dicit
3241 1296 3496 1353 Dominus
3511 1301 3566 1355 in
3588 1301 3776 1357 Evan-

2159 1387 2303 1458 gelio
2330 1402 2346 1443 :
2378 1384 2447 1442 In
2464 1387 2831 1442 resurrectione
2847 1403 2949 1442 non
2979 1386 3168 1442 nubent
3196 1404 3353 1459 neque
3372 1390 3652 1455 nubentur,
3677 1396 3775 1447 sed

2161 1489 2309 1537 erunt
2345 1481 2479 1537 sicut
2509 1480 2681 1552 angeli
2712 1481 2767 1535 in
2797 1479 2924 1535 coelo
2968 1477 3341 1557 (Muttinixxu;
3361 1472 3632 1555 Luc.‘xx).
3656 1484 3775 1539 Me-

2162 1574 2271 1630 rito
2298 1582 2480 1629 autem
2511 1571 2756 1631 Ecclesia
2776 1613 2794 1641 ,
2824 1573 2964 1629 sicut
2991 1571 3291 1628 Jerusalem
3328 1574 3525 1629 decora
3557 1575 3776 1632 descri-

2165 1665 2326 1732 bitur,
2352 1664 2437 1719 cui
2463 1664 2517 1719 in
2542 1673 2805 1722 aeternum
2827 1661 3120 1720 similitudo
3144 1662 3457 1734 angelorum
3475 1680 3505 1721 a
3534 1666 3774 1723 Domino

2164 1756 2523 1813 condonatur.

2235 1847 2396 1904 Num.
2432 1846 2557 1905 156.
2588 1845 2856 1903 Terribilis
2895 1849 3029 1904 sicut
3061 1860 3350 1905 castrorum
3378 1850 3538 1905 acies.
3568 1851 3775 1920 Quanti

2164 1940 2377 2013 tyranni
2407 1950 2461 1997 et
2486 1951 2862 2011 persecutores
2882 1957 2988 1998 una
3018 1958 3140 1998 cum
3162 1953 3379 2000 auctore
3400 1960 3500 2001 suo
3518 1944 3770 2014 diabolo,

2163 2034 2342 2087 conati
2376 2042 2505 2089 sunt
2534 2032 2795 2090 Ecclesia:
2833 2033 3088 2089 virtutem
3125 2032 3437 2104 dirumpere
3468 2047 3521 2091 et
3555 2053 3774 2106 praeva-

2162 2126 2275 2183 lere
2314 2125 2463 2181 nullo
2499 2125 2661 2183 modo
2698 2137 3012 2197 potuerunt.
3044 2128 3213 2183 [labet
3240 2129 3385 2185 enim
3416 2129 3478 2186 5.
3511 2130 3770 2187 Ecclesia

2163 2226 2459 2276 castrorum
2490 2220 2661 2276 aciem
2687 2219 3012 2291 ordinatam,
3033 2221 3248 2291 quando
3272 2223 3589 2278 imminente
3616 2222 3774 2279 Chri-

2166 2321 2274 2379 sto,
2310 2327 2412 2367 nec
2456 2323 2721 2385 martyres
2749 2315 3088 2383 persecutio,
3131 2329 3231 2369 nec
3266 2315 3499 2385 virgines
3533 2317 3775 2373 carnalis

2162 2405 2448 2461 delectatio
2480 2448 2492 2469 ,
2529 2421 2628 2461 nec
2659 2405 3036 2463 misericordes
3067 2406 3353 2476 cupiditas,
3390 2424 3491 2464 nec
3533 2410 3775 2467 humiles

2167 2497 2487 2569 temporalis
2514 2498 2702 2568 gloria:
2733 2498 2969 2554 devincit
2989 2498 3230 2555 ambitio.

2236 2589 2395 2646 Num.
2440 2590 2563 2646 157.
2610 2589 2765 2646 Verte
2801 2591 2977 2646 oculos
3014 2600 3130 2647 tuos
3167 2610 3200 2647 a
3228 2609 3328 2658 me,
3349 2594 3490 2665 quia.
3534 2594 3656 2650 Non
3688 2611 3772 2652 tne

2164 2696 2381 2752 semper
2412 2682 2463 2737 in
2478 2696 2705 2753 corpore
2730 2682 3170 2751 conSpiciendum
3195 2685 3456 2755 requiras,
3475 2702 3639 2756 quem
3662 2688 3770 2757 δρία

2165 2771 2273 2826 ritu
2305 2785 2400 2840 per
2433 2770 2596 2826 ﬁdem
2627 2770 2820 2826 melius
2848 2770 3049 2827 cernis.
3083 2770 3290 2828 ideirco
3320 2774 3519 2830 etenim
3575 2775 3629 2831 in
3660 2791 3771 2834 cce-

2167 2861 2247 2918 Ios
2277 2862 2493 2918 ascendi
2512 2902 2528 2926 ,
2551 2870 2612 2918 ut
2640 2877 2746 2918 non
2774 2877 2987 2932 semper
3013 2864 3199 2920 localis
3228 2865 3322 2921 tibi
3351 2882 3643 2937 appaream
3677 2872 3772 2941 qui

2166 2955 2243 3009 sic
2269 2956 2448 3009 omnia
2474 2953 2792 3027 (divinitatis
2823 2971 2956 3011 mete
2989 2957 3293 3025 prazsentia}
3328 2960 3530 3029 replco,
3565 2969 3622 3016 ut
3651 2963 3771 3019 ubi-

2166 3062 2272 3118 que
2308 3046 2516 3116 adsim,
2567 3059 2866 3120 cunctaque
2900 3049 3239 3119 contineam,
3306 3063 3359 3107 et
3394 3068 3424 3108 a
3462 3054 3613 3110 nullo
3646 3056 3774 3113 loco

2169 3140 2470 3195 continear.

1072 3254 1144 3299 ρει
1166 3244 1380 3299 dilectus
1408 3260 1571 3298 meus.
1607 3244 1683 3296 Ad
1717 3244 1814 3297 ha;
1860 3242 2059 3314 gratia-
2086 3202 2133 3266 Ο
2236 3231 2535 3289 Num.l38.
2562 3231 2978 3304 Capillituisicut
2994 3253 3170 3309 greges
3191 3253 3481 3307 caprarum,
3502 3241 3680 3294 dentes
3698 3243 3783 3294 tui

464 3352 585 3391 rum
626 3336 948 3402 varietates,
991 3347 1047 3392 et
1070 3336 1138 3391 ad
1183 3337 1284 3392 ista
1315 3336 1693 3407 mysteriorum
1745 3344 2062 3391 ornamenta

466 3425 638 3495 iustos
678 3427 957 3483 intendere
988 3428 1296 3499 persuadet,
1333 3443 1456 3485 cum
1490 3426 1674 3498 sponsi
1704 3426 1959 3483 decorem
2008 3427 2062 3483 in

465 3518 581 3587 ejus
613 3520 873 3575 membris
901 3520 1379 3591 contemplandum
1402 3519 1658 3574 insinuat.

539 3611 699 3666 Num.
727 3612 849 3668 151.
875 3611 986 3680 Quo
1007 3612 1135 3667 abiit
1161 3613 1381 3668 dilectus
1403 3622 1522 3667 tuus
1540 3612 1565 3664 ?
1593 3611 1870 3681 Tanquam
1914 3624 2065 3666 scru-

465 3714 643 3761 tantes
678 3717 841 3775 atque
885 3705 1131 3763 dicentes
1160 3723 1174 3765 :
1206 3706 1340 3775 Quia
1372 3713 1572 3761 tantam
1601 3704 2062 3776 pulchritudinem

464 3798 582 3867 ejus
611 3798 931 3868 exposuisti,
965 3808 1023 3852 ut
1048 3798 1115 3853 ad
1144 3797 1492 3868 quaarendum
1524 3812 1669 3862 eum,
1703 3808 1947 3853 nostrum
1968 3813 2063 3853 cor

464 3890 664 3946 ardens
690 3888 1018 3954 efﬁceretur,
1061 3905 1202 3945 nunc
1226 3890 1453 3945 ostende
1478 3904 1585 3960 quo
1616 3889 1833 3956 abierit,
1862 3891 1944 3946 vel
1971 3890 2063 3947 ubi

467 3984 849 4039 declinaverit.
887 3984 1031 4040 Bene
1064 3994 1242 4039 autem
1271 3982 1575 4053 appellatur
1606 3983 1850 4039 Ecclesia
1878 3984 2056 4054 virgo,

465 4076 812 4141 pulcherrima
834 4077 1130 4142 mulierum,
1153 4075 1277 4144 quia
1301 4076 1367 4131 de
1393 4089 1456 4131 ea
1479 4074 1679 4131 Paulus
1704 4075 1784 4132 sic
1815 4074 2064 4134 ﬁdelibus

465 4166 727 4235 loquitur:
751 4166 1014 4236 Despondi
1041 4184 1127 4222 vos
1150 4167 1241 4221 uni
1267 4168 1397 4236 uiro,
1414 4177 1469 4222 ut
1490 4168 1738 4239 virginem
1758 4178 1951 4223 castam
1978 4186 2065 4224 ex.

465 4259 685 4313 biberem
712 4259 915 4313 Christo
930 4258 1013 4327 (II
1024 4259 1150 4315 Cor-
1168 4261 1265 4331 xl).
1284 4259 1349 4314 Et
1367 4274 1605 4332 congrue
1619 4260 1686 4316 de
1707 4262 1825 4330 ipso
1839 4261 2027 4317 dicunt
2048 4279 2061 4315 :

467 4354 581 4420 Quo
604 4356 748 4420 abiit,
775 4373 874 4426 quo
894 4356 1165 4411 declinavit
1186 4357 1401 4413 dilectus
1421 4366 1557 4413 tuus.
1589 4358 1893 4416 Declinavit
1919 4363 2063 4417 enim

467 4445 751 4514 quodamm
793 4447 859 4499 du
883 4463 996 4501 cum
1019 4448 1073 4502 in
1120 4450 1289 4519 forma
1322 4448 1416 4504 Dei
1443 4458 1589 4516 esset,
1624 4461 1793 4506 etnon
1824 4455 2064 4522 rapinam

2163 3327 2295 3379 sicut
2314 3340 2443 3394 great
2463 3326 2632 3381 ovium
2662 3343 2777 3396 qua:
2797 3343 2969 3382 omnes
2999 3330 3224 3398 gemellis
3252 3331 3455 3401 fetibus,
3475 3340 3522 3384 et
3552 3333 3772 3401 sterilis,

2164 3428 2270 3474 etc.
2299 3418 2447 3475 Sicut
2464 3429 2639 3474 cortex
2658 3420 2781 3474 mali
2817 3422 3009 3490 punici.
3039 3422 3147 3476 llos
3173 3435 3400 3493 quatuor
3437 3440 3646 3489 versus,
3689 3427 3772 3484 bis

2166 3514 2219 3567 in
2253 3511 2356 3569 hoc
2377 3514 2497 3569 loco
2526 3523 2741 3569 constat
2764 3528 2884 3569 esse
2897 3513 3218 3583 descriptos,
3238 3531 3372 3585 quos
3394 3517 3503 3570 Deo
3527 3516 3774 3573 donante

2160 3604 2274 3673 jam
2320 3604 2375 3659 in
2403 3605 2669 3675 superiori
2700 3604 2821 3661 loco
2858 3606 3204 3663 tractavimus
3240 3625 3252 3660 :
3280 3608 3551 3677 inquibus
3584 3620 3772 3666 tamen

2166 3696 2476 3754 Judteorum
2534 3708 2589 3755 et
2621 3699 2901 3770 gentilium
2936 3700 3163 3770 populos
3200 3702 3600 3758 convertendos
3643 3721 3773 3761 cum

2167 3793 2397 3864 gemina:
2426 3793 2737 3851 dilectionis
2764 3792 2940 3850 fructu
2968 3794 3243 3863 praedixit,
3264 3805 3319 3851 et
3338 3807 3636 3868 martyrum
3656 3798 3771 3870 glo-

2168 3885 2301 3941 riam
2332 3900 2454 3941 cum
2483 3899 2669 3940 eorum
2698 3886 2903 3940 meritis
2930 3884 3249 3942 declaravit.

2237 3976 2399 4032 Num.
2433 3976 2555 4033 159.
2590 3976 2874 4048 Sexaginta
2891 3986 3010 4032 sunt
3033 3979 3244 4051 reginae,
3282 3991 3327 4034 et
3357 3983 3619 4049 octoginta
3644 3998 3771 4036 con-

2169 4071 2389 4126 cubium.
2434 4069 2491 4125 lu
2521 4071 2872 4141 sexagenario
2914 4084 3157 4137 numero,
3191 4073 3278 4142 qui
3307 4073 3639 4129 ascendente
3685 4089 3771 4131 se-

2169 4165 2323 4219 nario
2366 4178 2463 4234 per
2498 4161 2781 4218 denarium
2826 4162 3151 4233 aditnpletur
3176 4204 3192 4231 ,
3222 4180 3438 4220 omnem
3497 4168 3773 4227 bonorum

2170 4254 2558 4326 perfectionem
2587 4269 2710 4325 qua:
2740 4269 2805 4309 ex
2838 4255 2971 4325 legis
3022 4258 3304 4327 praeceptis
3332 4271 3771 4331 consummatur,

2167 4348 2533 4418 agnoscimus.
2556 4347 3025 4416 Quemadmodum
3045 4358 3225 4404 autem
3266 4350 3382 4419 ipse
3405 4353 3658 4409 senarius
3690 4366 3773 4410 to-

2170 4442 2238 4496 tis
2266 4441 2381 4496 suis
2409 4441 2650 4511 partibus
2669 4450 2902 4507 constet,
2921 4442 3153 4498 breviter
3175 4442 3435 4500 adverte:
3459 4460 3582 4502 nam
3614 4460 3770 4504 sexta

468 4537 743 4591 arbitratus
766 4548 839 4592 est
865 4555 969 4594 esse
993 4558 1044 4595 se
1067 4543 1314 4613 a'qualem
1343 4541 1581 4610 Deo,sed
1603 4547 1923 4617 semetipsum
1950 4549 2058 4601 exi-
2091 4584 2140 4645 υ
2170 4548 2294 4604 Ρπε
2318 4534 2436 4603 31"3
2467 4538 2663 4645 ‘u‘m‘mo
2723 4532 2878 4588 ιθηίθ
2908 4534 3036 4601 ἀυον
3079 4535 3254 4590 media
3304 4549 3481 4592 autem
3511 4539 3615 4593 "ia
3640 4556 3771 4598 esse

468 4631 664 4683 nanirit
686 4633 906 4701 [at-mam
933 4635 1062 4688 servi
1089 4636 1370 4705 accipiens,
1395 4638 1449 4689 in
1478 4637 1872 4692 similitudinem
1896 4641 2060 4694 homi-

468 4740 589 4776 num
619 4727 785 4795 factus
808 4736 853 4778 et
898 4726 1075 4781 habitu
1116 4728 1348 4782 inventus
1389 4738 1445 4782 ut
1472 4731 1655 4795 homo;
1699 4730 2064 4788 Itumiliavitse

468 4833 627 4885 usque
654 4818 724 4870 ad
750 4829 961 4873 mortem
983 4862 997 4887 ,
1056 4830 1271 4874 mortem
1303 4830 1478 4876 autem
1507 4824 1675 4877 crucis
1702 4823 1720 4891 (
1740 4823 1937 4895 Philip.
1971 4824 2063 4897 tt).

468 4912 733 4980 tgiturqui
765 4916 1035 4968 excelsum
1053 4914 1327 4984 qumslerit
1356 4916 1409 4969 in
1442 4915 1614 4970 forma
1646 4916 1763 4983 Dei,
1799 4934 1901 4973 non
1934 4935 2057 4975 cum

460 5005 699 5073 reperiet
728 5004 830 5059 nisi
865 5004 1052 5059 credat
1089 5006 1141 5059 in
1165 5002 1393 5060 formam
1441 5008 1582 5062 servi
1614 5025 1628 5061 :
1682 5009 1733 5062 in
1764 5023 1869 5079 qua
1897 5024 1955 5066 se
1982 5010 2062 5065 id-

466 5098 606 5152 t-irco
628 5096 947 5161 humiliavit,
972 5105 1030 5150 ut
1058 5111 1156 5150 nos
1180 5095 1424 5166 iacentes
1455 5098 1707 5168 erigeret.

532 5188 993 5244 CAP.Vl.--Num.
1012 5188 1135 5244 152.
1159 5188 1382 5245 Dilectus
1408 5207 1549 5245 meus
1569 5191 1826 5245 descendit
1844 5191 1914 5245 ad
1941 5191 2062 5246 hor-

464 5294 595 5337 tum.
632 5280 920 5336 Descendit
948 5281 1016 5337 ad
1048 5282 1262 5337 hortum
1287 5297 1465 5349 suum,
1494 5283 1711 5352 quando
1744 5285 1973 5339 visitavit
2003 5286 2056 5341 in

463 5372 695 5427 adventu
719 5387 817 5427 suo
845 5373 1005 5428 ISrael
1030 5373 1281 5443 populum
1296 5388 1473 5439 suum,
1506 5376 1645 5429 sicut
1669 5374 1783 5443 ipse
1798 5375 1873 5429 ait
1898 5394 1910 5429 :
1934 5375 2057 5431 Non

462 5480 575 5517 sum
604 5467 789 5520 missus
833 5468 932 5521 nisi
963 5467 1031 5520 ad
1057 5482 1170 5521 oves
1221 5482 1336 5539 qua:
1363 5469 1621 5538 perierant
1673 5469 1853 5523 domus
1886 5468 2055 5525 Israel

470 5556 673 5624 (Matth.
692 5559 1073 5628 sv).Areolam
1122 5573 1299 5616 autem
1349 5564 1626 5630 aromatis,
1660 5564 1827 5632 ipsam
1862 5563 1920 5619 S.
1944 5564 2055 5618 Ma-

459 5650 599 5703 riam
622 5650 892 5720 Virginem
911 5654 1313 5725 intelligendam
1336 5657 1657 5724 accipimus:
1680 5670 1746 5711 ex
1776 5670 1836 5710 ea
1858 5657 2054 5726 quippe

467 5744 621 5799 nobis
644 5744 1011 5815 ordojnstitim
1040 5761 1189 5801 ortus
1206 5760 1291 5805 est
1321 5749 1577 5803 Dominus
1605 5750 1761 5805 Jcsus
1787 5749 2051 5804 Christus.

536 5837 687 5893 Nunt.
730 5838 849 5893 155.
893 5838 958 5893 Lit
1012 5852 1249 5909 pascatur
1282 5844 1332 5895 in
1361 5839 1542 5911 hortis,
1590 5852 1635 5896 et
1682 5841 1793 5896 tilia
1821 5841 2051 5913 colligat.

2168 4628 2443 4696 probatur.
2467 4625 2645 4681 Unum
2672 4632 2872 4691 autem,
2907 4633 2963 4680 et
2987 4626 3116 4694 duo,
3145 4636 3201 4682 et
3232 4628 3351 4694 tria,
3383 4644 3479 4684 sex
3502 4645 3629 4687 esse
3644 4635 3770 4701 quis

2166 4719 2415 4775 nesciat?
2442 4718 2583 4789 quod
2613 4718 2666 4773 iu
2698 4717 2805 4773 alio
2833 4732 3078 4783 numero,
3110 4719 3414 4776 distributis
3436 4724 3684 4793 partibus
3715 4737 3769 4783 et

2168 4812 2223 4867 in
2262 4826 2431 4866 unum
2468 4811 2729 4878 reductis,
2771 4812 2844 4868 ita
2874 4812 3155 4883 adimpleri
3198 4812 3413 4870 difﬁcile
3469 4817 3765 4875 invenitur.

2169 4904 2353 4974 Itaque
2402 4906 2594 4976 regina:
2641 4902 2894 4975 perfecta:
2937 4914 3244 4961 sanctorum
3275 4907 3469 4963 animas
3504 4926 3626 4981 qua:
3653 4928 3766 4968 non

2170 5005 2295 5051 sunt
2323 5005 2669 5066 peccatorum
2697 5000 2932 5064 ancillae,
2957 4998 3212 5055 dicuntur
3239 5016 3254 5055 :
3286 5000 3368 5055 sic
3397 5002 3540 5057 enim
3570 5006 3764 5061 scribi-

2170 5099 2274 5143 tur.
2307 5089 2406 5145 Ubi
2434 5091 2646 5159 spiritus
2670 5091 2904 5157 Domini,
2943 5092 3013 5145 ibi
3041 5092 3245 5145 libertas
3266 5093 3314 5166 (1
3324 5092 3489 5148 ICor.
3509 5094 3763 5167 πηλαίων

2166 5185 2377 5241 cubinae
2402 5194 2607 5255 autem,
2656 5200 2798 5255 quae,
2828 5187 2966 5240 sicut
3000 5186 3160 5257 Agar,
3207 5185 3261 5239 in
3298 5187 3592 5241 servitutem
3617 5207 3753 5259 gene

2165 5287 2284 5332 rant
2308 5277 2449 5345 (Col.
2485 5278 2583 5349 tv),
2626 5278 2678 5333 in
2708 5276 2816 5332 illis
2847 5278 2935 5345 qui
2964 5287 3213 5347 suscepto
3240 5278 3448 5334 semine
3479 5281 3630 5335 verbi
3667 5283 3763 5340 Dei

2164 5384 2270 5423 non
2287 5368 2583 5438 spiritualia
2597 5368 2693 5424 sed
2708 5368 2941 5423 carnalia
2955 5382 3010 5422 sa
3019 5368 3161 5438 piunt
3172 5409 3189 5437 ,
3204 5369 3395 5424 merito
3407 5369 3762 5440 deputantur.

2163 5466 2683 5521 Adolescentularum
2729 5473 2909 5518 autem
2956 5479 3183 5535 quarum
3216 5482 3317 5519 non
3360 5474 3433 5518 est
3489 5482 3757 5530 numerus,

2163 5573 2351 5614 eorum
2379 5556 2762 5614 cstmultitudo
2785 5556 2876 5627 qui
2901 5572 3021 5628 qua:
3048 5572 3266 5627 semper
3293 5567 3478 5612 sancta
3510 5568 3636 5612 sunt
3658 5574 3762 5612 au-

2162 5652 2279 5707 dire
2309 5652 2478 5721 parati
2526 5659 2671 5717 sunt,
2703 5666 2801 5705 nec
2832 5658 3009 5705 tamen
3057 5665 3175 5718 qum
3206 5648 3432 5705 audiunt
3456 5692 3471 5715 ,
3501 5651 3761 5717 operibus

2162 5746 2465 5814 adimplere
2494 5743 2831 5799 contendunt
2857 5788 2871 5812 ,
2913 5743 2983 5799 de
3014 5744 3207 5814 quibus
3257 5744 3547 5814 Apostolus
3578 5745 3713 5799 dicit
3741 5761 3758 5799 :

2166 5839 2380 5912 Semper
2424 5839 2691 5908 discentes,
2740 5848 2789 5893 et
2820 5854 3079 5909 nunquam
3127 5838 3195 5893 ad
3222 5838 3483 5894 scientiam
3529 5840 3759 5893 veritatis
