4070 6456
221 330 324 388 985

1186 326 1256 384 1N
1293 325 1587 383 CANTICA
1630 324 2075 386 CANTICOBUM
2113 325 2547 384 EXPLICATIO.

3408 325 3511 383 986

223 443 568 513 pervadentes
592 439 647 513 (ι
680 441 817 497 Tim.
847 439 952 514 ιιι).
982 440 1050 498 Et
1065 441 1197 497 licet
1216 440 1320 496 ista
1342 440 1452 495 sint
1479 451 1679 507 genera
1713 437 1812 492 ho-
1837 438 1891 499 Α
1917 438 2021 505 bis,
2049 438 2170 507 quia
2188 438 2359 493 nescio
2380 424 2483 494 vos
2512 428 2730 511 (Mittit.
2763 436 2857 508 vn)
2884 456 2897 493 :
2950 451 3055 492 non
3080 435 3221 509 quod
3252 451 3348 494 eos
3372 453 3508 508 qus-

222 534 426 587 minum
466 534 557 603 qui
587 531 804 589 Christo
857 544 1112 604 tanquam
1170 546 1269 601 per
1312 528 1613 586 doctrinam
1645 526 1816 599 ipsius

221 625 515 691 sociamur,
547 635 782 681 attamen
803 626 924 697 quia
948 628 1001 680 in
1023 624 1212 681 electis
1241 638 1348 679 non
1380 622 1686 689 diversitas,
1716 619 1814 679 sed

222 719 400 773 unitas
426 717 858 785 commendatur,
889 718 1011 774 audi
1042 717 1170 786 quid
1200 715 1464 787 sequitur.

290 810 449 867 Num.
478 811 599 866 140.
630 808 747 866 Una
776 820 847 865 est
873 812 1105 866 columba
1134 828 1245 866 mea
1266 814 1514 883 perfecta.
1543 807 1815 871 Columba,

224 906 346 972 quia
370 905 602 973 simplex
622 914 729 973 est,
759 916 814 960 et
838 904 1190 975 spiritualiter
1210 904 1350 974 sapit
1376 920 1390 970 ;
1422 904 1670 974 perfecta,
1693 901 1816 972 quia

218 1000 481 1054 mundum
513 1000 845 1069 relinquens,
891 1014 979 1055 me
1002 998 1172 1068 magis
1201 1013 1361 1068 quam
1391 995 1704 1068 temporalia
1726 1000 1821 1048 aut

223 1100 282 1147 se
307 1094 506 1162 diligit,
534 1094 830 1149 secundum
858 1093 987 1148 illud
1013 1113 1027 1149 :
1055 1093 1117 1148 Si
1143 1094 1218 1147 vis
1235 1093 1485 1163 perfectus
1518 1106 1626 1145 esse
1648 1130 1662 1153 ,
1695 1088 1821 1142 vade

213 1194 268 1236 et
300 1184 459 1239 vende
494 1186 666 1238 omnia
694 1201 809 1253 qua:
836 1183 992 1238 habes
1019 1194 1065 1238 et
1088 1184 1155 1236 da
1182 1183 1492 1255 pauperibus
1516 1224 1533 1248 ,
1557 1191 1603 1236 et
1631 1180 1743 1235 veni
1771 1188 1820 1234 et

218 1294 429 1347 sequere
451 1295 529 1331 nte
557 1277 772 1349 (Matth.
805 1277 941 1347 xu).

294 1370 454 1425 Nutu.
489 1370 611 1424 Ml.
645 1370 761 1426 Una
802 1381 875 1426 est
914 1371 1094 1425 matris
1131 1386 1240 1425 sure
1266 1369 1447 1424 electa.
1498 1368 1680 1423 Matris
1710 1381 1821 1422 sua:

219 1463 459 1519 cmlcstis
484 1462 805 1529 Jerusalem,
836 1462 903 1519 de
933 1479 1038 1534 qua
1067 1463 1356 1531 Apostolus
1379 1462 1513 1516 dicit
1540 1478 1553 1513 :
1588 1461 1822 1526 Quteau-

220 1565 325 1608 tem
346 1572 555 1609 sursum
583 1567 657 1610 est
677 1553 989 1623 Jerusalem,
1018 1564 1181 1610 mater
1206 1563 1383 1609 nostra
1433 1564 1506 1609 est
1544 1552 1685 1623 (Gal.
1720 1552 1818 1623 tv).

225 1645 344 1702 Una
372 1654 457 1702 est
488 1661 617 1715 ergo
652 1647 749 1712 illi,
796 1647 919 1719 quia
969 1648 1023 1701 in
1081 1647 1261 1701 futura
1292 1645 1647 1709 beatitudine,
1706 1643 1820 1713 ipsa

220 1739 600 1795 tantummodo
631 1740 1032 1795 eousociabitur
1056 1740 1155 1795 illi.

1920 531 2003 589 les
2031 539 2215 587 essent
2249 531 2506 596 nesciret,
2535 529 2634 586 sed
2663 530 2788 600 quia
2803 530 2933 585 nihil
2961 529 3084 584 boni
3113 545 3176 584 ex
3206 530 3335 600 ipsis
3365 538 3512 586 esset

1919 624 2192 693 cognovit.
2220 622 2408 677 Anima
2432 638 2546 675 mea
2568 623 2888 677 conturbavit
2900 640 2980 676 me
3004 633 3213 694 propter
3233 624 3515 695 quadrigas

1920 712 2229 767 Aminadab.
2260 712 2560 768 Aminadab
2591 713 2752 767 istum
2802 728 3014 783 quoque
3056 716 3109 771 iu
3161 716 3375 771 Christo
3410 732 3506 787 ge-

1922 807 2205 878 nealogice
2244 809 2565 877 reperimus.
2599 808 2755 865 Unde
2808 818 2862 864 et
2892 809 2989 864 itas
3017 809 3303 881 quadrigas
3329 810 3382 865 in
3416 810 3514 865 bo-

1922 917 2047 957 nam
2072 911 2278 972 partem
2316 903 2669 973 accipiendas
2706 918 2830 959 esse
2856 906 3232 975 cognoscimus
3262 924 3275 960 :
3311 905 3366 960 in
3395 904 3512 976 qui-

1922 995 2022 1051 bus
2061 994 2423 1066 evangelistas
2479 1011 2585 1050 nou
2642 995 2936 1067 incongrue
2982 996 3296 1066 accipimus.
3347 996 3516 1052 Porro

1922 1097 2103 1144 autem
2132 1086 2275 1158 quod
2295 1090 2391 1152 ait,
2417 1086 2602 1142 Anima
2629 1105 2741 1143 mea
2777 1089 3094 1150 conturbavit
3125 1106 3226 1158 me,
3253 1088 3368 1143 [nec
3394 1102 3515 1143 cun-

1922 1183 2154 1237 turbatio
2184 1197 2289 1236 non
2316 1192 2399 1236 est
2431 1182 2797 1252 tranquillitati
2821 1184 3111 1249 contraria,
3140 1184 3233 1238 sed
3263 1183 3520 1238 sollicitu-

1921 1274 2031 1327 dini
2061 1288 2363 1343 congruens
2390 1273 2662 1343 reperitur
2687 1314 2703 1339 ,
2751 1275 3047 1329 secundum
3080 1273 3211 1329 illud
3264 1274 3406 1343 quod
3449 1273 3519 1329 ad

1924 1364 2184 1421 Martham
2218 1365 2272 1420 in
2323 1366 2615 1438 Evangelia
2644 1367 2839 1423 dicitur
2873 1385 2886 1421 :
2934 1368 3070 1429 Quid
3110 1368 3334 1422 sollicita
3356 1385 3431 1433 es,
3470 1377 3520 1423 et

1922 1459 2144 1513 turbaris
2199 1458 2353 1521 (Luc.
2412 1458 2467 1532 χ)
2518 1476 2644 1533 erga
2696 1460 2965 1531 plurima?
3027 1462 3093 1516 Et
3136 1463 3190 1516 in
3240 1463 3515 1519 Psalmis:

1924 1552 2251 1609 Commoviin
2278 1564 2491 1619 terram,
2523 1563 2570 1609 et
2595 1555 2913 1608 conturbasti
2939 1572 3071 1622 eam,
3103 1572 3230 1609 sana
3253 1557 3519 1610 contritio-

1926 1662 2011 1700 nes
2036 1649 2169 1715 eius,
2198 1649 2318 1716 quia
2343 1656 2480 1700 mota
2508 1655 2580 1701 est
2606 1645 2778 1718 (Psal.
2831 1645 2965 1715 us).
2997 1646 3150 1703 Unde
3173 1662 3299 1701 vero
3328 1662 3519 1701 omnes

1927 1739 2343 1809 Evangeliorunt
2372 1739 2714 1795 narrationes
2740 1752 2960 1795 narrant
2988 1742 3088 1795 nisi
3133 1756 3229 1813 per
3260 1742 3519 1811 Spiritum

298 1833 455 1888 Num.
486 1832 606 1887 142.
635 1832 883 1887 Viderunt
904 1834 1051 1887 illam
1074 1833 1219 1902 ﬁlim,
1255 1842 1301 1887 et
1322 1830 1665 1885 beatissimam
1685 1846 1819 1901 praz-
1850 1825 1895 1886 Β
1923 1840 2191 1898 sanctum,
2221 1832 2520 1886 secundum
2552 1831 2680 1887 illud
2714 1832 3013 1887 Ezechielis
3045 1833 3318 1902 propheta:
3345 1834 3520 1900 τριλο-

218 1924 549 1979 dicaverunt.
574 1924 705 1990 Quze
729 1924 873 1979 enim
898 1933 1103 1977 sancta:
1141 1932 1268 1977 sunt
1298 1920 1494 1977 anima?
1513 1963 1529 1987 ,
1563 1936 1683 1991 quae
1716 1920 1819 1975 Ec-

216 2016 442 2071 clesiam
470 2031 576 2069 non
606 2016 759 2069 miris
791 2014 1042 2069 laudibus
1078 2014 1331 2079 eiferunt,
1365 2029 1487 2069 cum
1525 2013 1687 2069 etiam
1721 2027 1821 2069 nec

218 2108 563 2174 concubinae,
593 2107 645 2161 id
674 2117 755 2163 est
781 2108 1048 2174 carnales,
1083 2110 1133 2161 in
1148 2107 1264 2178 ejus
1296 2108 1567 2176 praeconio
1594 2104 1817 2175 sileant,

216 2201 443 2270 quando
490 2216 608 2255 eam
640 2202 889 2255 invictam
920 2202 972 2255 in
1006 2199 1333 2271 martyribus
1376 2208 1431 2255 et
1458 2199 1734 2254 victricem
1766 2197 1821 2254 in

216 2292 525 2361 virginibus
550 2291 933 2347 admirantur?

300 2386 458 2440 Num.
490 2385 611 2440 H5.
664 2385 790 2451 Quae
826 2395 903 2439 est
947 2386 1048 2440 ista
1095 2401 1212 2456 qua:
1268 2384 1593 2456 progreditur
1652 2383 1820 2454 quasi.

217 2477 516 2546 Consurgit
545 2477 695 2545 quasi
720 2491 1067 2539 aurora,cum
1093 2473 1291 2547 spretis
1318 2475 1664 2530 tenebrarum
1697 2489 1827 2544 ope-

216 2570 378 2624 ribus
408 2579 556 2624 caste
582 2578 638 2623 et
664 2568 845 2622 sobrie
876 2567 1006 2621 vivit
1049 2568 1102 2622 in
1144 2566 1486 2637 conjugatis;
1522 2564 1736 2635 pulchra
1770 2575 1825 2620 ut

221 2664 377 2725 (una,
394 2678 515 2717 cum
545 2659 1014 2716 incontinentibus
1039 2657 1267 2713 candido
1289 2658 1461 2712 nitore
1489 2655 1824 2725 restilendet;

214 2755 389 2808 electa
430 2762 484 2806 ut
511 2753 608 2815 sol,
642 2768 763 2807 cum
796 2752 847 2806 iu
895 2749 1192 2821 virginibus
1240 2748 1583 2819 perfectionis
1630 2748 1829 2804 decore

216 2844 477 2923 refulget,
511 2845 649 2898 sicut
675 2843 764 2899 illa
796 2843 933 2898 bona
965 2852 1108 2898 terra
1140 2841 1194 2896 in
1222 2841 1533 2912 Evangelio,
1558 2855 1681 2911 quae
1703 2856 1826 2895 sus-

216 2948 386 3006 cepto
414 2937 466 2991 in
498 2952 558 2992 se
588 2936 794 2993 semine
825 2936 974 2991 verbi
1005 2936 1121 3003 Dei,
1156 2936 1485 2991 tricesimum
1525 2945 1578 2992 et
1606 2951 1830 3007 sexage-

216 3043 425 3079 smutn
454 3036 615 3097 atque
645 3024 996 3080 centesimum
1026 3024 1256 3080 fructum
1294 3025 1547 3095 produxit
1577 3042 1591 3093 ;
1627 3026 1829 3080 terribi-

220 3119 295 3172 lis
320 3128 373 3173 ut
410 3120 545 3173 acies
577 3120 835 3173 ordinata.
876 3120 1087 3174 Annon
1122 3120 1373 3175 terribilis
1422 3136 1541 3190 quas
1584 3120 1826 3190 gentium

1926 1938 2128 1990 cunque
2167 1920 2396 1989 Spiritus
2425 1922 2554 1993 ibat,
2584 1924 2776 1978 illucet
2822 1933 2949 1977 rota:
2987 1924 3180 1996 pariter
3228 1906 3520 1995 ferebantur

1924 2012 2138 2088 (Ezech.
2167 2028 2226 2068 ιιι
2254 2021 2299 2068 et
2329 2013 2409 2081 ι).

1995 2104 2156 2160 Num.
2182 2104 2305 2160 M7.
2334 2103 2624 2173 Revertere,
2672 2115 2940 2173 revertere,
2971 2104 3279 2162 Sunamitis.
3305 2106 3394 2163 Bis
3421 2107 3521 2164 Stt-

1924 2196 2180 2250 namitem
2210 2196 2367 2250 istam
2397 2195 2449 2249 in
2484 2196 2623 2251 libro
2656 2197 2859 2267 Regum
2893 2198 3146 2252 laudabili
3206 2200 3258 2253 in
3290 2200 3407 2254 loco
3436 2216 3521 2256 re—

1927 2289 2164 2355 perimus
2208 2289 2550 2342 constitutam
2578 2304 2590 2339 :
2623 2288 2674 2341 id
2706 2296 2811 2353 est,
2864 2298 2971 2343 tam
3002 2288 3144 2343 illam
3173 2306 3293 2360 qua:
3350 2290 3516 2345 David

1927 2376 2043 2446 regi
2093 2376 2145 2431 in
2190 2385 2472 2433 senectute
2513 2376 2856 2444 ministravit,
2904 2388 2958 2434 et
2997 2380 3048 2433 in
3076 2378 3193 2450 ejus
3239 2382 3519 2450 complexu

1927 2471 2080 2542 virgo
2117 2471 2333 2542 quidem
2378 2470 2735 2540 pulcherrima
2774 2474 3068 2542 permansit
3092 2471 3228 2544 (III
3253 2474 3377 2546 Reg.
3411 2492 3427 2529 ι
3475 2474 3519 2546 ),

1927 2580 2087 2635 quant
2105 2565 2264 2620 etiam
2294 2562 2440 2618 illam
2462 2562 2617 2633 cujus
2636 2563 2858 2618 Elisasus
2878 2564 3049 2620 lilium
3074 2582 3139 2621 ex
3169 2568 3520 2635 promissione

1929 2665 2115 2711 natum
2142 2668 2196 2712 et
2222 2667 2340 2726 post
2366 2655 2467 2711 hoc
2508 2668 2777 2711 mortuum
2799 2658 3079 2714 suscitavit
3136 2658 3192 2731 (ι
3211 2660 3248 2716 γ
3291 2661 3532 2734 Regnv).

1928 2750 2268 2820 Quapropter
2280 2752 2333 2804 in
2350 2753 2451 2805 hoc
2463 2751 2682 2806 nomine
2696 2760 2934 2806 sanctam
2954 2752 3246 2809 Ecclesiam
3264 2758 3374 2808 anei
3384 2756 3519 2824 pien-

1929 2844 2053 2899 dam
2082 2858 2204 2899 esse
2241 2842 2362 2914 quis
2393 2843 2644 2900 dubitet?
2677 2842 3010 2918 Frequenter
3040 2862 3167 2901 vero
3202 2846 3253 2902 ei
3277 2857 3520 2902 revertere

1930 2934 2148 3004 dicitur,
2176 2951 2296 3007 quas
2326 2936 2601 3005 quondam
2633 2937 2685 2990 in
2716 2937 2808 2992 illo
2834 2937 3518 3009 iuuiorefilioiurvgioncm

1932 3028 2275 3098 longinquam
2290 3028 2476 3089 abiens
2490 3027 2640 3102 (Luc.
2658 3028 2750 3099 xv)
2772 3046 2955 3086 aversa
2970 3030 3166 3099 fuerat;
3184 3043 3306 3089 tunc
3327 3035 3524 3092 etcuiut

1932 3135 2145 3175 reversa
2171 3128 2272 3187 est,
2306 3121 2519 3189 quando
2538 3121 2604 3175 ad
2631 3122 2795 3176 Deum
2818 3137 2884 3177 ex
2914 3125 3077 3179 corde
3123 3141 3380 3182 conversa
3422 3137 3523 3183 est.

227 3212 371 3265 ritus
417 3210 789 3280 idolorumque
819 3211 990 3265 cultus
1034 3212 1332 3279 subvertit,
1363 3220 1417 3267 et
1446 3212 1560 3281 ipsa
1621 3213 1673 3266 in
1730 3212 1835 3268 fide
1861 3201 1906 3263 C
1940 3218 2049 3269 Aut
2078 3213 2279 3269 idcirco
2311 3223 2418 3268 tam
2442 3213 2634 3269 crebro
2665 3215 2713 3270 ei
2740 3226 2989 3271 revertere
3015 3218 3230 3286 dicitur,
3267 3229 3324 3273 ut
3364 3221 3524 3277 ctiam

228 3302 436 3357 tlltristi
495 3302 786 3372 perdurane
811 3345 825 3369 ,
859 3316 889 3355 a
912 3302 1160 3372 gentibus
1204 3302 1447 3372 superari
1476 3318 1581 3356 non
1613 3303 1830 3372 potuit?

230 3394 335 3449 Est
361 3402 415 3449 et
444 3394 496 3449 in
520 3410 584 3449 eo
608 3393 862 3449 terribilis
889 3395 1113 3450 multum
1138 3436 1152 3462 ,
1178 3396 1371 3460 cumgei
1403 3395 1456 3451 in
1490 3395 1649 3452 Petro
1676 3396 1832 3451 datur

230 3486 326 3542 illa
354 3495 591 3558 potestas
633 3487 720 3542 ubi
754 3486 947 3542 dicitur
980 3503 997 3543 :
1045 3486 1376 3560 Qucecunque
1408 3487 1644 3561 ligaveris
1681 3506 1835 3559 super

230 3593 448 3645 terram,
473 3590 620 3635 erunt
651 3580 808 3651 ligata
834 3590 881 3634 et
912 3582 963 3635 in
993 3582 1118 3636 caelo
1148 3591 1237 3647 ;et
1267 3598 1581 3653 quacunque
1624 3583 1835 3637 solveris

233 3691 392 3746 super
422 3684 635 3742 terram,
675 3684 823 3728 erunt
850 3675 1021 3729 soluta
1051 3685 1096 3730 et
1138 3675 1192 3729 in
1219 3676 1345 3731 caelo
1379 3674 1608 3747 (Matth.
1653 3692 1741 3730 xvt
1790 3686 1836 3731 et
1884 3708 1891 3715 ν

233 3764 413 3834 χνιιι).

312 3867 471 3922 Num.
508 3866 632 3923 144.
662 3866 918 3922 Descendi
948 3866 1015 3920 ad
1039 3867 1243 3922 hortum
1268 3884 1479 3935 nucum,
1511 3878 1565 3922 ut
1589 3868 1835 3923 viderem.

238 3965 446 4019 llurtus
478 3979 696 4028 nucum,
719 3978 984 4018 canonem
1015 3961 1224 4016 Veteris
1251 3968 1308 4016 et
1346 3960 1478 4015 Novi
1506 3960 1839 4017 Testamenti

236 4058 489 4128 designat
518 4075 531 4111 :
560 4058 770 4121 s;~ecies
793 4057 935 4110 enim
963 4070 1157 4110 nucum
1186 4052 1331 4108 aliud
1365 4051 1602 4108 ostendit
1630 4053 1684 4107 in
1715 4068 1841 4108 cor-

239 4158 370 4215 tce,
425 4162 480 4206 et
527 4150 671 4204 alLud
716 4149 914 4203 retinet
964 4149 1016 4202 itt
1050 4146 1302 4202 medulla.
1327 4145 1480 4212 Quod
1515 4145 1563 4201 si
1616 4146 1737 4215 quis
1786 4145 1839 4200 in

240 4244 533 4313 Scripturis
584 4241 785 4296 sanctis
834 4256 941 4293 non
972 4237 1337 4305 discreverit,
1364 4248 1419 4292 et
1446 4236 1842 4306 quodammodo

154 4398 159 4401 ,
239 4341 393 4397 velut
421 4340 472 4393 in
504 4337 658 4392 nucis
683 4336 976 4391 corticibus
1014 4334 1225 4388 interna
1251 4346 1357 4386 non
1374 4331 1665 4401 quaesierit,
1697 4341 1750 4386 et
1773 4329 1843 4385 ad

240 4439 452 4501 partum
478 4428 769 4498 Spiritualis
792 4426 1160 4495 intelligentia:
1192 4425 1475 4495 pervenire
1496 4438 1604 4478 non
1638 4434 1840 4493 potest.

240 4524 395 4593 Quod
423 4533 602 4578 autem
625 4520 719 4587 ait,
754 4521 821 4576 Ut
850 4522 1075 4575 viderem
1095 4536 1247 4589 poma
1274 4518 1524 4573 convallis
1548 4534 1567 4573 :
1593 4527 1651 4573 ut
1684 4517 1838 4573 vide-

1934 3307 1979 3361 si
2006 3321 2268 3361 conversa
2301 3306 2622 3379 deliquerit,
2678 3309 2730 3363 in
2763 3311 3193 3377 desperationem
3226 3330 3332 3367 non
3376 3313 3525 3369 deei-

1935 3400 2048 3466 dat,
2083 3402 2176 3456 sed
2212 3417 2241 3455 a
2274 3403 2531 3470 peccandi
2564 3405 2977 3473 consuetudine,
3032 3409 3147 3477 spei
3194 3407 3450 3481 indulgen
3479 3414 3526 3469 iu

1937 3493 2240 3564 resipiscat.
2274 3495 2405 3561 Quae
2439 3511 2541 3549 vox
2572 3496 2638 3550 ad
2668 3506 2886 3552 sanctos
2917 3498 3098 3568 utique
3124 3504 3525 3573 comprobatur,

1937 3588 2029 3659 qui
2056 3600 2334 3641 conversas
2357 3587 2810 3656 pulchritudinem
2836 3590 3144 3646 desiderant
3174 3594 3390 3650 intueri.

2012 3678 2141 3733 CAP.
2176 3676 2287 3732 VII.
2306 3708 2376 3719 —
2411 3678 2568 3736 Num.
2592 3679 2716 3736 148.
2758 3681 2896 3751 Quid
2914 3683 3142 3739 videbitis
3165 3686 3218 3739 in
3241 3686 3527 3756 Sunamite,

1940 3771 2058 3825 nisi.
2090 3769 2228 3837 Quid
2262 3772 2314 3824 in
2346 3770 2591 3827 Ecclesia
2628 3772 2945 3828 intuendum
2977 3785 3081 3841 est,
3116 3778 3219 3831 nisi
3247 3779 3527 3849 diSpositiu

1940 3878 2127 3919 eorum
2142 3863 2229 3933 qui
2253 3878 2466 3933 semper
2480 3862 2534 3918 in
2562 3865 2838 3933 procinctu
2860 3876 3108 3937 tanquam
3129 3868 3181 3923 in
3201 3872 3389 3926 castris
3408 3888 3527 3926 eon-

1941 3958 2133 4024 stituti,
2166 3968 2351 4012 contra
2366 3957 2634 4013 diabolum
2649 3958 2903 4015 dimicare
2927 3977 3033 4016 non
3063 3972 3301 4030 cessant,
3332 3964 3535 4020 idcirco

1944 4050 2148 4120 utique,
2179 4066 2246 4105 ne
2278 4049 2463 4105 fideles
2496 4050 2655 4106 fidem
2710 4053 2965 4108 amittant
2993 4071 3008 4110 :
3039 4070 3108 4110 ne
3147 4056 3382 4126 religiosi
3405 4074 3537 4127 apo-

1940 4152 2095 4197 stata:
2117 4139 2642 4209 efficianturelevati,
2676 4159 2743 4198 ne
2774 4145 3153 4201 misericordes
3192 4148 3413 4203 avaritia
3432 4151 3527 4205 ob-

1944 4236 2227 4302 durentur,
2256 4251 2322 4291 ue
2339 4238 2659 4305 pmuitentes
2685 4247 3022 4295 revertantur
3045 4241 3113 4297 ad
3144 4245 3427 4309 vomitum,
3454 4260 3523 4300 ne

1947 4328 2179 4398 virgines
2224 4329 2546 4399 integritatis
2583 4330 2779 4385 decore
2820 4340 3070 4399 careant,
3102 4348 3170 4389 tte
3195 4336 3538 4393 continentes

1947 4420 2281 4477 castimoniae
2310 4421 2543 4476 nitorem
2595 4423 2893 4477 amittant?
2924 4424 2987 4478 lli
3030 4433 3159 4481 sunt
3204 4425 3258 4481 in
3291 4426 3538 4484 Ecclesia

1949 4511 2099 4569 chori
2137 4526 2438 4570 castrorum
2468 4514 2671 4585 iugiter
2699 4516 2755 4570 in
2784 4518 3084 4576 certamine
3132 4522 3434 4587 constituti,
3484 4532 3542 4579 et

240 4592 358 4670 rem
405 4614 636 4668 fructum
669 4612 980 4667 humillimae
1003 4613 1058 4668 in
1103 4610 1341 4667 Ecclesia
1371 4609 1561 4680 plebis,
1586 4610 1728 4664 sicut
1776 4609 1831 4664 in
1864 4592 1914 4652 ι)
1942 4606 2051 4661 Deo
2077 4607 2354 4661 muniente
2374 4621 2589 4676 semper
2617 4606 2830 4663 invicti.

245 4706 472 4761 Psalmis
497 4704 744 4761 canitur:
775 4704 1031 4769 Quoniam
1088 4712 1144 4757 tu
1173 4702 1421 4774 populum
1452 4700 1696 4755 humilem
1727 4702 1835 4753 sal-

242 4818 363 4857 vum
415 4802 611 4872 facies,
638 4808 687 4856 et
734 4802 910 4854 oculos
952 4799 1285 4870 superborum
1327 4791 1832 4865 humiliabis(Psal.

242 4910 354 4951 xvtt
378 4895 419 4966 ).

315 4998 475 5054 Num.
502 4998 624 5055 145.
660 4997 729 5051 Ut
757 4998 1059 5064 inspicerem
1096 4996 1143 5050 si
1184 4996 1479 5066 ﬂoruissent
1533 4995 1712 5048 vinea.
1768 4992 1840 5049 Ut

243 5090 529 5161 probarem
557 5089 600 5143 si
622 5088 676 5143 itt
709 5097 914 5143 tantum
939 5087 1253 5156 profecisset
1292 5085 1531 5141 Ecclesia
1563 5097 1619 5140 ut
1640 5088 1839 5156 germi-

248 5192 440 5241 uareut
461 5184 513 5237 in
535 5198 596 5238 ea
616 5183 704 5252 qui
728 5182 793 5237 ad
818 5181 1059 5252 martyrii
1081 5179 1463 5250 perfectionem
1483 5180 1838 5248 attingerent;

246 5286 303 5329 et
324 5274 699 5339 rubicundam,
735 5282 953 5342 propter
976 5272 1179 5328 Christi
1215 5272 1298 5327 sui
1323 5270 1599 5341 sanguinis
1626 5269 1839 5327 eﬂusio—

250 5380 373 5421 nem
407 5364 615 5434 pulchri
643 5371 848 5419 essent.

320 5467 481 5523 Num.
503 5465 868 5531 146.Nescivi,
903 5470 1075 5520 anima
1101 5481 1211 5519 mea
1232 5465 1548 5519 conturbavit
1577 5481 1676 5521 me.
1704 5462 1841 5530 Quid

252 5560 476 5614 nescivit
498 5559 766 5623 Christus,
800 5558 898 5611 nisi
932 5555 1247 5626 peccatum?
1281 5555 1514 5610 Nescivit
1539 5557 1698 5610 etiam
1723 5555 1843 5609 illos

253 5653 342 5720 qui
371 5654 423 5705 in
456 5652 748 5721 Evangelio
800 5651 987 5706 dicunt
1018 5667 1033 5705 :
1070 5649 1306 5713 Domine,
1336 5664 1503 5702 nonne
1534 5651 1589 5701 in
1620 5658 1708 5702 tuo
1744 5664 1841 5701 no-

255 5745 389 5797 mine
418 5744 849 5813 prophetarimus,
896 5754 943 5799 et
962 5744 1016 5797 in
1044 5743 1249 5797 nomine
1280 5753 1366 5795 tuo
1412 5743 1623 5796 virtutes
1655 5740 1844 5795 multas

256 5838 472 5916 [scimus
502 5836 612 5893 ἵει
636 5847 755 5894 tunc
769 5839 992 5912 (inquit)
1022 5838 1190 5895 dicam
1217 5837 1320 5895 illis
1352 5854 1367 5893 ;
1399 5838 1571 5894 Amen
1602 5838 1724 5895 dico
1752 5851 1843 5894 v0-

2013 4693 2176 4749 Num.
2206 4694 2328 4749 M9.
2363 4694 2537 4759 Quam
2573 4693 2779 4757 pulchri
2809 4699 2931 4745 sunt
2962 4706 3166 4760 gressus
3201 4691 3282 4743 tui
3306 4690 3327 4742 .’
3356 4691 3533 4757 Quam

1945 4790 2253 4848 admirandi
2288 4789 2569 4858 profectus
2593 4787 2648 4842 in
2676 4785 2765 4840 bis
2797 4785 2893 4857 qui
2930 4784 3159 4839 verbum
3182 4781 3277 4838 Dei
3314 4799 3532 4839 annun-

1947 4883 2083 4938 tiant
2116 4883 2169 4937 iu
2198 4881 2446 4936 Ecclesia
2470 4879 2712 4936 Christil
2746 4877 2892 4933 sicut
2933 4874 3231 4945 Apostolus
3262 4877 3532 4945 scriptum

1944 4977 2001 5032 in
2057 4976 2323 5046 propheta
2375 4980 2773 5030 commemorat
2815 4989 2828 5025 :
2874 4969 3052 5036 Quam
3105 4970 3327 5038 speciosi
3378 4970 3537 5039 pedes

1943 5068 2419 5141 euangelizandum
2441 5068 2577 5121 bona
2597 5066 2616 5118 !
2636 5064 2810 5137 (Rom.
2830 5062 2907 5130 ι.)
2928 5065 2993 5117 Et
3012 5064 3214 5118 iterum
3241 5062 3357 5129 ipse.
3377 5079 3392 5116 :
3409 5059 3539 5116 Cal-

1942 5165 2071 5220 ciati
2089 5163 2244 5235 pedes
2266 5164 2319 5218 in
2338 5163 2733 5233 prwparatione
2749 5158 3030 5230 Evangelii
3045 5157 3190 5227 pacis
3212 5156 3537 5227 (Ephes.v1).

2013 5275 2175 5331 Num.
2195 5275 2319 5332 150.
2343 5272 2599 5329 Junctura
2623 5277 2871 5347 femorum
2890 5285 3116 5330 tuorum.
3134 5278 3447 5331 iuncturam
3465 5292 3529 5330 ;e-

1947 5381 2155 5422 m0rum
2184 5375 2418 5433 tuorum,
2445 5382 2512 5422 ex
2536 5368 2948 5423 circumcisione
2962 5377 3016 5424 et
3043 5369 3304 5438 praeputio
3318 5370 3529 5423 venien-

1948 5462 2080 5517 tium
2109 5463 2422 5517 societatem
2455 5461 2788 5517 advertimus
2832 5464 3150 5533 populorum
3179 5481 3192 5531 ;
3223 5471 3277 5518 et
3306 5477 3400 5531 per
3449 5462 3501 5516 id
3520 5505 3534 5521 .

1946 5566 2055 5611 tam
2083 5556 2157 5611 illi
2185 5564 2274 5626 qui
2301 5572 2364 5610 ex
2414 5556 2621 5610 femore
2654 5556 2925 5611 Abraham
2979 5558 3272 5611 secundum
3320 5570 3533 5611 carnem

1949 5651 2226 5719 propagati
2253 5659 2398 5710 sunt,
2434 5664 2590 5717 quant
2630 5649 2702 5701 illi
2733 5650 2823 5717 qtti
2872 5650 2924 5703 iu
2956 5651 3166 5705 semine
3198 5652 3340 5719 ejus,
3377 5650 3427 5704 id
3454 5661 3542 5707 est

1948 5744 2001 5797 itt
2033 5742 2269 5808 Christo,
2306 5749 2618 5794 meruerunt
2650 5756 2663 5804 ;
2696 5754 2817 5794 cunt
2848 5739 2901 5794 itt
2926 5742 3188 5795 unitatem
3222 5743 3345 5796 fidei
3375 5758 3541 5810 cepti-

1949 5835 2147 5906 lutttur,
2192 5846 2443 5906 tanquam
2475 5834 2692 5892 monilia
2738 5849 2858 5902 qua:
2914 5832 3167 5891 fabricata
3222 5844 3345 5891 sunt
3381 5852 3539 5890 manu
