4070 6458
510 324 612 378 987

1755 327 1811 385 S.
1853 326 2038 384 JUSTI
2082 322 2557 383 URGELLENSIS

3706 318 3821 376 988

510 441 756 506 artiﬁcis,
793 441 1189 496 describuntur.
1238 440 1371 508 Quis
1415 440 1560 495 enim
1604 438 1796 494 artifex
1847 451 2096 508 tanquam
2127 438 2173 496 Α
2205 435 2368 492 lectio
2395 443 2486 490 tua
2508 435 2757 506 pervenit
2781 433 2848 492 ad
2873 435 3177 505 prtemium,
3211 445 3267 490 et
3292 433 3545 491 doctores
3573 433 3652 490 tui
3682 431 3819 489 dul-

510 532 750 595 ruonilia,
787 533 884 586 bos
905 533 958 587 in
989 531 1096 586 lide
1118 532 1345 601 populos
1375 531 1621 598 sociavit,
1649 531 1753 586 nisi
1776 531 1870 587 ille
1901 533 1968 586 de
1994 547 2102 602 quo

516 623 806 690 Apostolus
825 625 900 677 ait
931 641 945 677 :
980 621 1102 692 Ipse
1120 631 1194 677 est
1224 639 1330 696 patr
1351 632 1553 690 nostra,
1587 625 1676 695 qui
1724 623 1844 696 fecit
1889 633 2102 696 utraque

520 727 677 764 unum
701 711 921 783 (Epltes.
955 713 1055 783 tl)?

585 824 742 879 Num.
775 826 899 880 151.
939 825 1224 884 Umbilicus
1252 838 1370 884 tuus
1420 839 1585 883 crater
1611 829 1889 884 tornatilis.
1924 829 1988 884 Ili
2012 827 2100 900 qui

516 930 619 968 non
647 926 916 988 extremo,
947 920 1041 975 sed
1075 921 1129 975 in
1187 921 1365 976 medio
1394 922 1647 978 Ecclesiae
1676 938 1904 991 corpore
1949 937 2098 977 com-

512 1018 809 1078 mutantur,
840 1012 1128 1066 umbilicus
1163 1013 1439 1069 dicuntur.
1460 1014 1651 1070 Crater
1679 1013 1945 1068 tornatilis
1974 1029 2100 1068 vasa

509 1111 632 1154 sunt
663 1101 812 1156 utilia
844 1103 894 1156 itt
927 1118 994 1159 eo
1024 1105 1319 1170 tornatilia,
1363 1105 1485 1176 quia
1533 1105 1600 1161 ad
1631 1105 1990 1161 obediendum
2016 1105 2101 1160 vel

510 1192 577 1246 ad
605 1209 766 1248 omne
788 1209 925 1264 opus
963 1195 1162 1251 bonum
1196 1206 1385 1265 parata
1548 1197 1678 1269 (Tit.
1696 1196 1800 1269 tu),
1829 1215 2100 1269 nunquam

512 1281 753 1353 indigent
783 1286 991 1353 poculis
1017 1287 1140 1358 quia
1168 1288 1402 1358 Spiritus
1430 1287 1604 1344 sancti
1650 1289 1826 1361 gratia
1885 1305 2104 1361 semper

510 1374 716 1442 repleta
739 1387 884 1432 sunt.

582 1487 740 1543 Num.
765 1487 886 1544 l52.
921 1489 1108 1546 Venter
1124 1499 1238 1546 tuus
1265 1491 1395 1544 sicut
1417 1507 1623 1545 acervus
1643 1491 1816 1545 tritici.
1840 1490 1940 1560 Qui
1964 1506 2104 1545 sem-

515 1597 609 1647 t-cr
637 1593 825 1637 sancta
875 1584 1282 1652 Scripturarum
1321 1587 1578 1642 alimenta
1610 1587 1934 1659 percipiunt,
1958 1598 2017 1642 et
2041 1603 2104 1642 ea

512 1688 630 1741 quae
654 1684 778 1727 sunt
802 1676 1055 1730 salutaria
1086 1676 1222 1731 infra
1255 1693 1315 1733 se
1339 1688 1661 1749 congerunt,
1719 1679 1773 1733 itt
1804 1680 2012 1734 ven'ris
2034 1681 2107 1734 si-

513 1765 810 1822 militudine
860 1767 1214 1839 deputantur,
1263 1777 1320 1825 et
1351 1771 1404 1826 hi
1459 1771 1607 1825 velut
1661 1785 1889 1826 acervus
1944 1772 2102 1824 tritici

512 1867 806 1926 congestus
846 1859 1046 1912 merito
1098 1860 1544 1927 pronuntiantur,
1573 1861 1696 1930 quia
1742 1876 1808 1914 ex
1861 1860 2105 1915 doctrina

513 1961 644 2002 sana
671 1965 738 2002 ex
769 1965 870 2016 qua
916 1950 1156 2018 quotidie
1184 1951 1483 2024 replentur,
1518 1952 1715 2005 multos
1754 1950 1952 2005 affatim
1983 1953 2107 2006 reli-

513 2039 701 2103 ciunt;
731 2056 850 2112 qua:
881 2041 1126 2096 doctrina
1154 2043 1206 2096 in
1236 2053 1440 2097 tantum
1483 2043 1694 2112 proficit
1719 2085 1734 2111 ,
1768 2053 1826 2100 ut
1851 2046 2010 2100 etiam
2041 2046 2107 2100 ad

519 2130 851 2202 virginitatis
878 2134 1276 2189 observantiam
1303 2135 1402 2205 piis
1433 2136 1874 2206 persuasiOuibus
1912 2140 2059 2193 multa
2084 2155 2110 2195 s
2139 2203 2142 2206 ,

518 2224 772 2279 adducat.

586 2316 744 2371 Num.
772 2317 892 2372 153.
930 2315 1045 2372 Duo
1067 2319 1225 2374 ubera
1245 2318 1377 2374 sicut
1405 2323 1509 2375 duo
1539 2323 1764 2377 hinnuli.
1796 2323 1914 2378 Duo
1940 2330 2111 2379 testa-

513 2423 694 2467 menta
721 2413 929 2468 duobus
952 2414 1188 2469 hinnulis
1216 2431 1446 2486 capreae,
1479 2415 1532 2471 id
1561 2424 1644 2472 est
1672 2432 1736 2472 ex
1763 2419 1970 2488 peccati
2001 2427 2111 2474 tra-

514 2507 648 2562 duce
679 2507 1017 2563 venientibus
1047 2510 1261 2580 populis
1291 2519 1559 2580 coaptata.
1595 2510 1676 2565 Ex
1706 2511 1789 2567 his
1815 2513 1958 2566 enim
1981 2528 2114 2583 0pc-

513 2598 660 2653 ribus
693 2600 1025 2668 nutriuntur,
1077 2603 1165 2671 qui
1195 2601 1442 2674 originali
1473 2613 1695 2672 peccato
1751 2604 1997 2676 obnoxii,
2055 2606 2112 2662 in

515 2689 736 2746 Christo
769 2701 1021 2762 tanquam
1052 2693 1262 2750 hinnuli
1291 2706 1675 2750 renascuntur.

586 2789 744 2842 Num.
781 2783 902 2840 154.
935 2784 1138 2841 Collum
1162 2797 1306 2842 tuum
1335 2789 1470 2843 sicut
1496 2791 1652 2844 turris
1679 2789 1924 2847 eburnea.
1957 2791 2116 2847 Noti-

519 2879 589 2934 tia
615 2879 1039 2952 Scripturarum,
1071 2899 1188 2951 quae
1227 2882 1492 2952 frequenti
1518 2883 1570 2937 in
1605 2884 1956 2939 meditatione
1983 2901 2114 2941 con-

517 2969 766 3039 quiritur,
798 2972 942 3027 velut
973 2973 1131 3028 turris
1176 2975 1435 3040 eburnea,
1464 2978 1514 3030 in
1555 2974 1684 3030 colli
1716 2977 2114 3047 pulchritudi..e

513 3065 849 3137 designatur.
897 3065 1102 3122 Idcirco
1138 3078 1318 3124 autem
1372 3070 1534 3125 turris
1579 3070 1836 3136 eburnea,
1868 3073 1990 3140 quia
2023 3075 2111 3142 qui

2207 544 2297 586 ces
2324 529 2500 586 effecti
2527 538 2654 586 sunt
2676 545 2771 601 per
2791 529 3052 600 Spiritum
3076 539 3343 585 sanetum.

2281 639 2438 695 Num.
2477 639 2600 697 159.
2652 641 2798 706 Dixi,
2825 643 3102 696 ascendam
3147 642 3200 696 in
3225 643 3468 710 palmam.
3496 642 3577 697 Illi
3603 641 3659 697 in
3693 643 3824 712 pal-

2208 749 2350 789 mam
2383 735 2685 790 ascendunt
2725 735 2814 806 qui
2854 735 2909 790 in
2952 735 3152 792 Christi
3193 751 3355 791 cruce
3396 735 3714 807 proﬁciunt,
3753 737 3824 791 de

2205 826 2400 896 quibus
2431 826 2724 899 Apostolus
2751 826 2882 883 dicit
2917 845 2933 884 :
2970 829 3060 897 qui
3087 829 3140 882 in
3170 827 3374 883 Christo
3413 836 3550 896 sunt,
3596 844 3822 881 carnem

2205 935 2352 972 suam
2367 921 2864 982 crucifixeruntcutn
2876 919 3010 973 vitiis
3031 927 3078 973 et
3103 918 3547 987 concupiscentiis.
3579 917 3690 987 Ipsi
3723 932 3822 973 au-

2205 1017 2313 1063 tem
2361 1007 2569 1065 fructus
2613 1009 2769 1079 hujus
2818 1010 3009 1078 palmae
3067 1010 3288 1076 (sancta:
3330 1007 3527 1076 crucis)
3580 1008 3820 1076 przmia

2205 1113 2638 1172 consequuntur,
2668 1101 2759 1172 qui
2791 1099 2956 1167 illud,
2987 1101 3033 1154 si
3062 1108 3232 1153 tamen
3276 1099 3616 1170 compatimur
3673 1108 3738 1152 ut
3770 1107 3824 1152 et

2207 1193 2558 1265 gloriﬁcemur
2578 1193 2597 1264 (
2607 1193 2758 1247 Rom.
2789 1189 2925 1262 vui),
2951 1205 3074 1246 cum
3093 1189 3285 1246 eodem
3307 1189 3566 1259 Apostolo
3593 1188 3819 1244 dicunt.

2279 1303 2441 1360 Num.
2474 1303 2595 1359 166.
2620 1301 2690 1356 Ει
2712 1313 2857 1357 erunt
2879 1301 3036 1356 ubera
3078 1311 3166 1355 tua
3181 1303 3310 1356 sicut
3332 1301 3461 1355 botri
3482 1303 3664 1356 vincte.
3706 1299 3823 1356 Nec

2208 1405 2408 1458 etenim
2436 1404 2528 1458 alii
2570 1404 2933 1473 reperiuntur,
2970 1406 3063 1474 qui
3120 1417 3402 1460 nascentes
3447 1405 3502 1458 in
3534 1404 3645 1459 fide
3673 1418 3820 1457 enu-

2210 1499 2394 1565 triant,
2424 1499 2524 1552 nisi
2555 1497 2806 1555 doctores
2838 1499 3114 1554 Ecclesiae.

2283 1590 2439 1645 Num.
2469 1589 2596 1645 161.
2630 1590 2697 1644 Et
2752 1591 2938 1645 odores
2964 1591 3039 1644 tui
3069 1591 3202 1644 sicut
3231 1589 3504 1642 malorum.
3530 1587 3603 1641 Et
3627 1587 3823 1640 suavi-

2211 1691 2295 1738 tas
2317 1682 2642 1738 eruditionis
2673 1690 2778 1737 tuae
2817 1699 2910 1752 per
2937 1697 3030 1738 eos
3062 1681 3464 1752 propagabitur,
3505 1680 3603 1749 qui
3631 1679 3824 1734 sobrie

2211 1785 2266 1829 et
2296 1775 2437 1844 iuste
2466 1773 2703 1829 vivendo
2731 1773 2955 1830 odorem
2985 1773 3140 1829 bonae
3169 1771 3604 1828 conversationis
3635 1773 3825 1840 pr0pi-

2213 1879 2342 1920 nare
2365 1881 2469 1918 non
2492 1864 2762 1919 desinunt.

2283 1958 2441 2013 Num.
2481 1957 2603 2013 162.
2638 1955 2828 2012 Guttur
2850 1966 2995 2012 tuum
3018 1959 3152 2012 sicut
3176 1957 3350 2010 vinum
3379 1956 3660 2025 optimum.
3688 1954 3823 2008 Pos-

2211 2061 2336 2106 sunt
2363 2035 2610 2106 etiam‘in
2638 2060 2854 2123 gutture
2881 2051 2959 2106 illi
2991 2051 3161 2105 sancti
3193 2048 3418 2118 intelligi
3445 2063 3543 2118 per
3567 2063 3711 2116 quos
3737 2050 3824 2102 lcx

2211 2151 2266 2198 et
2296 2141 2576 2214 prophetae
2599 2153 2654 2198 et
2684 2142 2994 2212 evangelica
3025 2141 3270 2196 doctrina
3298 2141 3653 2211 pronuntiata
3685 2149 3774 2194 est
3806 2158 3819 2192 :

2211 2250 2333 2305 qua:
2359 2235 2547 2305 utique
2576 2243 2764 2292 saneta
2800 2233 3081 2303 Scriptura
3111 2231 3310 2289 eximio
3338 2247 3534 2301 sapore
3563 2231 3819 2302 praedita,

2213 2332 2273 2379 ut
2299 2326 2484 2380 vinum
2510 2326 2777 2397 optimum
2812 2324 3022 2381 redolet
3041 2339 3104 2380 ac
3127 2323 3455 2394 resplendet,
3484 2333 3538 2378 et
3565 2338 3663 2393 per
3697 2323 3823 2391 Spi-

2211 2417 2374 2473 ritum
2404 2430 2648 2474 sanctum
2682 2427 2933 2489 potantes
2961 2417 3213 2472 inebriat.

2285 2510 2444 2566 Num.
2479 2513 2602 2568 165.
2630 2509 2858 2583 Dignum
2880 2511 3065 2565 dilecto
3089 2526 3200 2564 meo
3220 2509 3527 2582 potandum.
3557 2509 3639 2564 De
3660 2524 3820 2563 sacra

2214 2601 2490 2673 Scriptura
2519 2600 2721 2656 Christi
2763 2609 2968 2670 potant,
3000 2617 3121 2655 cum
3148 2616 3214 2655 ex
3268 2615 3331 2654 ea
3361 2599 3690 2668 Cltristiani,
3726 2600 3820 2666 qui

2215 2707 2340 2750 sunt
2383 2696 2623 2751 membra
2681 2695 2870 2764 ipsius,
2915 2694 3069 2750 miris
3097 2692 3272 2748 modis
3300 2701 3354 2748 et
3399 2693 3820 2762 incomparabili

2214 2788 2498 2844 dulcedine
2525 2789 2810 2842 satiantur.

2286 2880 2448 2934 Num.
2475 2879 2598 2937 164.
2625 2879 2900 2950 Labiisquc
2932 2889 2979 2934 et
3017 2878 3254 2934 dentibus
3275 2878 3415 2934 illius
3439 2881 3510 2933 ad
3539 2881 3822 2932 ruminan—

2215 2972 2360 3025 dum.
2397 2971 2560 3025 Labia
2610 2982 2663 3026 et
2711 2971 2907 3026 dentes
2949 2971 3149 3025 Christi
3204 2970 3456 3027 doctores
3501 2970 3820 3026 Ecclesiae:

2217 3062 2266 3114 lii
2296 3061 2438 3131 quod
2468 3070 2711 3116 sanetum
2738 3071 2822 3118 est
2851 3062 3124 3117 rmninare
3157 3077 3266 3117 non
3289 3061 3568 3131 desinunt,
3604 3079 3733 3117 cutn
3761 3079 3824 3118 ea

517 3157 681 3213 terbo
706 3157 800 3214 Dei
831 3158 1113 3226 assismnt,
1146 3160 1462 3231 quotidiano
1493 3161 1732 3232 profectu
1758 3178 1854 3232 per
1881 3163 2108 3220 nitorem

2229 3170 2335 3223 tua:
2366 3153 2433 3208 ad
2477 3164 2716 3209 nostram
2767 3154 3070 3210 doctrinam
3121 3155 3320 3224 scripta
3369 3165 3520 3225 sunt,
3576 3155 3826 3225 quotidie

518 3249 735 3320 iustiti-.1:
760 3251 813 3304 in
847 3252 1141 3306 excelsiora
1169 3254 1473 3322 proficiunt.

590 3343 748 3398 Num.
780 3343 900 3399 l55.
932 3344 1081 3399 Oculi
1101 3347 1176 3400 tui
1199 3349 1327 3402 sicut
1352 3349 1562 3418 piscina:
1595 3350 1645 3403 in
1678 3347 1901 3404 Esebon.
1936 3350 2110 3420 Spiri-

523 3437 693 3492 tnules
720 3437 970 3493 doctores
1000 3439 1075 3493 tui
1102 3440 1378 3494 constituti
1405 3442 1454 3495 in
1486 3451 1658 3511 porta,
1687 3445 1738 3496 in
1768 3443 1980 3498 Christo
2003 3444 2114 3497 sic-

521 3536 579 3581 ut
629 3542 780 3597 aqua:
837 3527 1048 3599 irriguae
1097 3531 1161 3584 ad
1215 3531 1540 3588 erudiendos
1597 3535 1845 3602 populos.
1910 3535 2114 3590 ldrirto

521 3637 748 3690 namque
789 3620 1031 3690 piscinae,
1078 3623 1202 3692 quia
1261 3624 1494 3693 Spiritus
1542 3627 1713 3680 sancti
1747 3625 1935 3694 repleti
1986 3635 2117 3681 sunt

517 3711 762 3768 Scientia.
797 3711 852 3767 In
882 3713 988 3770 alio
1031 3715 1168 3771 libro
1190 3716 1352 3771 etiam
1377 3718 1490 3788 ipse
1523 3717 1776 3774 Salomon
1810 3719 1941 3774 dicit
1966 3737 1978 3774 :
2005 3719 2118 3775 Ex-

520 3805 690 3858 struxi
722 3806 943 3873 piscinas
982 3823 1256 3877 aquarum,
1287 3818 1341 3862 ut
1371 3809 1638 3880 irrigarem
1665 3809 1822 3864 silvas
1851 3810 2116 3882 lignorum

520 3896 915 3964 gertninantium
937 3896 1136 3966 (Eccle.
1162 3898 1250 3969 tt).

591 3987 750 4042 Num.
769 3987 892 4043 l56.
917 3989 1094 4044 Nasus
1117 4000 1231 4044 tuus
1253 3991 1382 4046 sicut
1406 3994 1561 4052 turris
1587 3993 1794 4052 Libani.
1825 3995 1996 4052 Nasus
2020 3997 2116 4051 Ec-

516 4081 701 4136 clesia:
733 4082 804 4136 illi
834 4091 960 4137 sunt
1001 4083 1091 4154 qui
1124 4084 1345 4140 odorem
1382 4085 1607 4156 justitia:
1647 4088 1736 4157 qui
1765 4091 1922 4145 estin
1954 4090 2113 4145 Chri-

517 4183 624 4241 sto,
657 4174 1045 4246 percipientes,
1099 4174 1168 4230 ad
1206 4177 1387 4233 cordis
1435 4178 1648 4234 interna
1705 4181 1994 4251 trajiciunt.
2051 4183 2115 4238 lli

516 4266 606 4334 qui
635 4266 690 4321 in
721 4281 910 4336 magna
959 4267 1159 4323 virtute
1205 4268 1532 4337 consistunt,
1566 4271 1702 4325 sicut
1726 4273 1893 4328 turris
1924 4273 2113 4329 Libani

516 4357 894 4427 disponuntur.
948 4359 1208 4416 Libanum
1249 4369 1428 4418 autem
1472 4364 1764 4419 candorem
1827 4380 1948 4422 esse
1999 4365 2112 4436 jam

518 4451 766 4519 superius
791 4452 1024 4509 diximus
1051 4473 1062 4507 :
1093 4455 1285 4512 borum
1335 4459 1679 4529 proceritatis
1719 4457 1922 4513 candor
1951 4460 2116 4530 respi—

515 4543 582 4592 cit
605 4552 784 4595 contra
827 4541 1156 4612 Damascum,
1205 4549 1328 4617 quia
1355 4550 1618 4620 sapientia
1649 4565 1861 4617 eorum,
1892 4565 2013 4620 qua:
2043 4566 2107 4606 ex

519 4633 632 4690 Deo
664 4645 766 4703 est,
793 4637 1060 4694 illuminat
1087 4642 1369 4698 mundum.

584 4727 742 4782 Num.
778 4729 894 4787 157.
931 4730 1098 4805 Caput
1148 4744 1291 4788 tuum
1321 4743 1376 4788 ut
1421 4735 1712 4804 Carmelus,
1762 4746 1810 4790 et
1841 4753 2019 4792 comat.
2052 4735 2108 4791 In

514 4819 762 4876 Carmelo
796 4834 997 4889 monte,
1021 4824 1194 4880 sancti
1222 4826 1369 4880 Elias
1401 4837 1456 4882 et
1492 4826 1718 4881 Eliszeus
1750 4841 1894 4896 saepe
1926 4843 2130 4916 recepi

513 4913 749 4968 taculum
793 4913 1028 4970 habuere
1073 4915 1185 4988 (IV
1243 4917 1374 4989 Reg.
1525 4917 1585 4986 ιι)
1623 4935 1634 4970 :
1670 4929 2000 4988 quaprOpter
2059 4919 2110 4973 in

513 5008 689 5075 capite
717 5007 968 5063 Ecclesia:
1001 5009 1228 5062 Domino
1259 5019 1445 5064 nostro
1474 5009 1602 5064 Jcsu
1633 5009 1866 5076 Christo,
1897 5026 2003 5079 quo
2025 5025 2114 5063 su-

515 5097 729 5153 blimius
751 5107 808 5154 ut
857 5109 940 5155 est
969 5100 1246 5169 (tanquam
1281 5098 1332 5154 in
1373 5109 1558 5157 monte
1604 5100 1876 5172 Carmelo)
1908 5113 1958 5155 et
1981 5099 2114 5170 justi

515 5191 900 5256 habitaculum,
929 5201 981 5248 et
1005 5193 1292 5249 multitudo
1313 5196 1630 5265 populorum
1656 5205 1908 5264 tanquam
1935 5195 2114 5250 diver-

513 5284 643 5340 sitas
702 5287 1014 5341 animalium
1087 5287 1368 5357 sapientia:
1417 5287 1719 5358 percipiunt
1774 5288 2108 5341 alimentum.

513 5381 683 5438 Coma?
695 5385 1062 5453 capitisistius,
1079 5389 1210 5439 sicut
1225 5402 1456 5454 purpura
1478 5385 1800 5457 regisjnncta
1823 5385 2113 5444 canalibus:

513 5475 896 5531 eminentiores
925 5478 1122 5548 quippe
1160 5478 1362 5542 sancti,
1391 5479 1530 5532 beati
1559 5476 1814 5531 videlicet
1840 5487 2103 5546 martyres

514 5570 731 5635 Christi,
764 5572 1090 5627 consimilati
1141 5587 1234 5640 per
1277 5586 1566 5642 purpuram
1620 5571 1892 5639 regalibus
1947 5585 2108 5622 orna-

517 5665 727 5728 tuentis,
752 5675 806 5719 et
828 5667 1153 5722 salutaribus
1199 5682 1414 5735 semper
1453 5666 1685 5735 ("cpulari
1737 5665 2108 5733 intelliguntur

512 5753 792 5812 doctrinis.

583 5845 737 5902 Num.
779 5848 896 5906 158.
934 5851 1148 5907 Statura
1183 5861 1268 5907 tua
1298 5851 1580 5906 assimilta
1609 5863 1679 5907 est
1734 5850 1938 5921 patitur.
1975 5851 2075 5905 Per

2218 3247 2561 3302 meditantur.

2286 3341 2444 3396 Num.
2478 3341 2600 3397 165.
2629 3340 2736 3411 Ego
2765 3341 2954 3394 dilecto
2982 3356 3114 3405 meo,
3136 3349 3182 3394 et
3211 3343 3274 3394 ad
3299 3355 3377 3394 me
3393 3342 3659 3396 conversio
3681 3346 3826 3415 ejus.

2219 3433 2355 3487 lluie
2406 3433 2608 3487 dilecto
2637 3478 2651 3501 ,
2700 3447 2764 3486 ex
2812 3447 2942 3486 voce
2993 3431 3254 3486 Ecclesiae
3301 3431 3501 3486 dicitur
3540 3448 3556 3486 :
3597 3433 3828 3489 aduersis

2217 3529 2395 3581 anima
2418 3544 2529 3581 mea
2548 3537 2660 3597 post
2688 3537 2756 3592 te,
2773 3543 2851 3580 me
2871 3527 3093 3594 suscepit
3111 3525 3317 3578 dextera
3332 3523 3510 3596 (Psal.
3543 3523 3706 3596 Lm).
3742 3525 3828 3579 Vi-

2216 3621 2440 3677 deamus
2469 3631 2524 3675 et
2551 3620 2680 3675 alibi
2704 3618 2975 3690 quomodo
3020 3618 3134 3690 ipsa
3165 3617 3364 3672 dilecto
3394 3632 3492 3672 suo
3522 3616 3819 3688 loquatur:

2221 3715 2333 3767 Nos
2354 3723 2525 3768 autem
2581 3710 2803 3784 populus
2849 3721 2989 3776 tuus,
3034 3723 3082 3764 et
3133 3727 3248 3764 oues
3285 3710 3454 3781 gregis
3503 3709 3582 3763 tui
3642 3709 3826 3782 (I’sal.

2223 3803 2390 3872 scut).
2495 3807 2578 3868 Et,
2610 3804 2881 3876 quomodo
2911 3809 2976 3857 ad
3010 3821 3088 3858 me
3111 3804 3368 3857 conversio
3390 3806 3522 3875 ejus,
3550 3803 3688 3858 dicit
3715 3819 3824 3874 pro

2220 3900 2380 3968 pheta
2410 3914 2422 3950 :
2447 3895 2665 3966 Eritque
2685 3904 2962 3965 antequam
3003 3896 3243 3961 clament,
3267 3911 3360 3966 ego
3390 3895 3696 3959 exaudiant,
3731 3899 3828 3949 ad-

2219 3991 2316 4042 huc
2346 3989 2451 4043 illis
2496 3989 2817 4058 loquentibus
2860 4003 2953 4057 ego
2981 3988 3260 4042 exaudiam
3288 3985 3444 4057 (lsai.
3488 4001 3590 4041 ιη’
3614 3987 3657 4056 ),
3694 3987 3829 4042 dicit

2220 4078 2495 4134 Dominus.
2529 4078 2635 4135 Sed
2669 4079 2812 4131 nulla
2844 4087 2926 4132 est
2975 4077 3043 4131 ad
3087 4077 3386 4132 Ecclesiam
3448 4086 3558 4130 tam
3594 4078 3830 4133 evidens

2217 4173 2414 4227 Chiisti
2441 4174 2742 4236 conversio,
2774 4173 2872 4227 nisi
2915 4188 3038 4228 cum
3078 4171 3300 4227 Verbum
3321 4186 3444 4226 caro
3490 4174 3700 4241 factum
3727 4184 3828 4238 est,

2217 4274 2264 4322 et
2287 4267 2524 4319 habitavit
2546 4265 2597 4317 ἱιι
2621 4264 2762 4318 nobis
2783 4262 2966 4336 (Joan.
2998 4263 3062 4334 ι).

2291 4358 2450 4413 Num.
2486 4355 2607 4411 166.
2639 4355 2791 4421 Veni,
2828 4354 3012 4410 dilecte
3033 4357 3123 4423 mi,
3157 4355 3499 4426 egrediantur.
3527 4355 3830 4425 Egreditur

2218 4449 2465 4506 Christus
2494 4465 2613 4504 eum
2660 4447 2900 4504 Ecclesia
2925 4448 2981 4503 in
3023 4463 3175 4518 agro,
3219 4449 3432 4520 quando
3465 4463 3589 4504 cum
3614 4452 3828 4503 sanctis

2219 4543 2491 4614 prazdictis
2525 4542 2704 4596 visitat
2744 4541 3001 4596 mundum
3027 4586 3042 4612 ,
3076 4541 3214 4597 sicut
3252 4542 3304 4596 in
3359 4541 3652 4610 Evangelia
3683 4542 3826 4595 scri-

2216 4647 2361 4707 ptum
2382 4648 2465 4692 est
2502 4653 2514 4689 :
2554 4636 2658 4704 Qui
2682 4635 2901 4689 seminat
2931 4635 3117 4688 bonum
3147 4651 3336 4699 semen,
3369 4644 3440 4687 est
3478 4635 3620 4702 ﬁlia.
3648 4633 3825 4686 homi-

2212 4731 2292 4784 nis
2319 4729 2534 4799 (Matth.
2561 4745 2650 4784 sttt
2670 4744 2684 4794 ;
2708 4727 3030 4798 Maraxw);
3058 4743 3182 4798 ager
3203 4736 3286 4782 est
3310 4727 3561 4781 mundus.
3591 4725 3826 4781 Commo-

2214 4839 2385 4877 remur
2411 4825 2465 4875 in
2486 4822 2654 4888 villis;
2683 4823 2738 4875 in
2773 4821 2983 4891 papnlis
3018 4820 3363 4875 credentibus
3393 4818 3826 4888 circumquaque

2217 4913 2449 4981 diffusis,
2485 4914 2537 4969 in
2569 4913 2762 4982 quibus
2809 4911 3055 4967 Christus
3101 4927 3196 4980 per
3246 4912 3403 4965 fidem
3437 4909 3675 4974 habitat;
3715 4928 3822 4966 non

2219 5010 2338 5063 sine
2367 5006 2631 5071 Ecclesia,
2676 5019 2796 5060 cum
2849 5005 3068 5060 eosdem
3123 5005 3268 5073 ipsos
3300 5004 3354 5058 in
3397 5004 3509 5059 suis
3560 5004 3824 5059 membris

2219 5107 2495 5169 reputans,
2527 5112 2679 5151 suam
2709 5094 2876 5151 efﬁcit
2907 5094 3224 5150 Ecclesiam.

2292 5191 2449 5245 Num.
2501 5186 2622 5242 167.
2659 5189 2818 5242 Mane
2859 5203 3134 5257 surgamus
3175 5188 3244 5239 ad
3282 5186 3476 5240 uineas.
3503 5185 3572 5239 Ut
3622 5189 3823 5241 animm

2217 5297 2338 5351 quae
2361 5298 2458 5352 per
2487 5281 2646 5337 iidem
2669 5281 2774 5336 coli
2790 5280 2898 5349 jam
2921 5289 3254 5343 meruerunt,
3285 5279 3339 5332 in
3364 5278 3640 5333 matutinis
3657 5278 3824 5334 Chri—

2216 5386 2358 5429 stum
2401 5374 2763 5430 resurrexisse
2802 5381 3152 5444 cognoscant,
3196 5386 3265 5426 ne
3311 5372 3456 5426 ultra
3483 5369 3553 5425 de
3585 5372 3667 5425 sui
3698 5386 3824 5426 oor-

2220 5468 2362 5537 poris
2389 5467 2786 5522 resurrectione
2811 5463 3079 5519 diffidant.

2289 5561 2449 5616 Num.
2481 5561 2606 5616 168.
2645 5559 2923 5614 Videamus
2953 5561 2997 5612 si
3043 5560 3220 5630 ﬂoruit
3243 5559 3408 5612 uinea.
3441 5559 3738 5627 Appareat,
3772 5559 3821 5616 Si

2218 5658 2425 5721 lideles,
2455 5672 2574 5726 qua:
2593 5654 2764 5711 corde
2791 5644 3253 5709 credideruntore
3276 5653 3644 5716 pronuntient,
3675 5653 3823 5708 sicut

2220 5752 2507 5822 Apostolus
2534 5751 2608 5803 ait
2641 5747 2840 5804 :Corde
2868 5749 3100 5802 creditur
3120 5748 3188 5800 ad
3217 5747 3488 5813 iustitiam,
3521 5761 3611 5800 ore
3639 5757 3822 5799 autem

2219 5848 2472 5920 confessio
2504 5846 2564 5917 ﬁt
2591 5844 2659 5898 ad
2705 5843 2921 5898 salutent
2975 5843 3152 5915 (llam.
3188 5843 3281 5910 x)‘,
3327 5840 3410 5896 vel
3440 5839 3481 5894 si
3511 5841 3666 5909 [iores
3697 5843 3817 5911 {ru-
