4070 6454
157 343 264 398 989

1120 339 1186 395 ΙΝ
1222 336 1521 396 CANTICA
1559 337 2007 397 CANTICORUM
2040 338 2483 395 .EXPLICATIO.

3335 336 3442 393 990

155 469 270 511 ctus
298 454 609 524 parturiunt,
633 454 678 508 si
706 452 760 508 in
784 453 864 511 eis
890 467 986 524 per
1018 460 1205 510 sancta
1232 452 1501 510 desideria
1532 452 1748 522 pietatis
1778 456 1825 514 A
1854 459 1910 505 et
1938 449 2035 505 ﬁlii
2067 451 2348 507 hominum
2379 452 2473 521 qui
2502 451 2555 505 in
2595 451 2781 507 umbra
2817 452 3031 509 alarum
3082 462 3291 508 tuarum
3316 467 3446 520 spe-

154 561 321 617 opera
353 544 691 614 prodiecunt.
1358 599 1375 609 ο

225 638 393 695 Nunt.
418 637 543 693 169.
576 637 639 693 Si
675 638 959 707 ﬂoruerunt
987 654 1127 692 mata
1155 641 1363 711 punica.
1389 637 1445 696 Si
1474 638 1547 694 illi
1577 638 1667 709 qui
1695 654 1749 693 tn

154 732 372 785 Christo
396 729 745 785 crediderunt
786 728 839 784 in
872 739 1014 784 tanta
1037 730 1330 786 dilectione
1375 730 1665 800 proﬁciunt
1694 740 1751 787 ut

151 823 318 876 etiam
350 819 522 876 occidi
564 834 660 889 pro
703 818 821 888 ipso
870 821 1119 876 omnibus
1166 822 1341 877 modis
1386 821 1746 876 delectentur.

159 913 253 968 Vis
279 912 462 967 videre
490 912 687 965 malum
720 912 994 981 punicum,
1024 912 1150 967 audi
1199 914 1251 968 in
1280 914 1505 968 Actibus
1534 922 1753 984 aposto-

158 1006 332 1060 lorum
367 1003 590 1059 Paulum
642 1004 943 1072 apostolum
981 1021 993 1056 :
1032 1004 1162 1074 Ego,
1214 1006 1407 1075 inquit,
1436 1022 1541 1059 non
1584 1007 1752 1059 solum

158 1096 384 1160 iudicari
402 1096 455 1149 in
482 1094 797 1164 Jerusalem,
828 1098 917 1151 scd
942 1102 987 1151 et
1013 1098 1144 1150 mori
1171 1112 1265 1166 pro
1308 1094 1511 1151 Christo
1539 1106 1752 1167 paratus

153 1205 273 1242 sum
298 1189 433 1260 (Act.
460 1189 595 1259 XXI).

235 1281 394 1334 Num.
430 1282 553 1336 170.
580 1279 664 1334 Ibi
693 1281 823 1335 dabo
852 1281 942 1334 tibi
984 1281 1141 1335 ubera
1189 1289 1297 1335 tua.
1327 1279 1382 1334 In
1434 1279 1536 1333 hac
1565 1289 1752 1335 sancta

155 1372 503 1427 confessione
533 1374 883 1427 sociabuntur
914 1373 1006 1428 tibi
1031 1373 1281 1428 doctores
1303 1373 1429 1439 mei,
1456 1372 1752 1441 comparati

160 1476 222 1519 ut
251 1466 523 1535 patiantur
553 1482 650 1537 pro
684 1477 755 1533 te,
789 1468 877 1538 qui
918 1483 1132 1537 quoque
1170 1468 1288 1522 sine
1319 1466 1425 1523 ﬁne
1454 1465 1753 1537 regnabant

155 1556 303 1629 apud
336 1567 408 1613 te.

231 1649 390 1703 Num.
415 1649 535 1703 171.
554 1648 919 1720 Mandragoraz
941 1650 1187 1705 dederunt
1210 1651 1440 1704 odorem.
1458 1649 1520 1703 lli
1536 1648 1623 1719 qui
1642 1648 1748 1704 alta

156 1742 343 1797 radice
371 1742 474 1797 ﬁde
525 1740 733 1797 fundati
767 1752 911 1809 sunt,
966 1751 1022 1799 et
1069 1743 1298 1812 quadam
1329 1742 1632 1812 disciplinae
1661 1741 1747 1795 vel

1852 550 1993 607 rant,
2009 542 2392 596 inebriabuntur
2416 558 2448 594 a
2470 542 2778 612 pinguedine
2800 542 2984 597 domus
3007 553 3124 607 tute,
3147 553 3192 597 et
3213 551 3443 597 torrente

1851 630 2153 687 deliciarum
2173 645 2375 687 tuarum
2405 634 2602 706 potabis
2627 651 2712 689 eos
2739 635 2914 707 (Psal.
2942 635 3131 705 xxxv).

1922 722 2085 779 Num.
2115 724 2236 779 177.
2271 723 2425 778 Laeva
2468 730 2582 797 ejus
2607 726 2697 779 sub
2722 727 2889 794 capite
2914 744 3043 793 meo,
3068 737 3114 780 et
3146 726 3354 780 dextera
3376 726 3443 779 il-

1854 815 1953 869 lius
1973 814 2349 884 amplexabitur
2376 832 2471 871 me.
2492 816 2692 887 Adjuro
2716 833 2824 884 eos,
2842 817 2963 884 filia:
2981 816 3293 870 Jerusalem.
3323 815 3447 869 ll.rc

1854 922 1973 975 qua:
1987 905 2041 961 in
2063 909 2165 961 hoc
2190 907 2305 963 loco
2327 909 2528 976 scripta
2551 917 2693 975 sunt,
2717 909 2768 963 in
2788 907 3154 976 superioribus
3171 907 3280 976 jam
3305 920 3447 974 pra:—

1853 1000 2021 1069 dicta,
2061 1011 2116 1057 et
2136 998 2357 1068 Christo
2415 1001 2755 1056 illutninante
2798 1002 3138 1072 reperiuntur
3179 999 3438 1068 exposita.

1854 1094 1959 1148 Sed
1990 1080 2460 1151 idcirco'arbitror
2491 1095 2681 1150 iterato
2712 1095 2766 1149 in
2810 1095 2911 1151 hoc
2940 1095 3080 1149 libro
3108 1095 3438 1161 conscripta,

1855 1194 1915 1239 ut
1944 1184 2315 1240 vehementius
2339 1184 2492 1239 cordi
2539 1185 2841 1252 insideant;
2867 1196 2920 1239 et
2946 1185 3028 1240 bis
3057 1184 3324 1238 insinuata
3362 1183 3445 1236 vi—

1857 1279 2062 1335 vaciori
2086 1278 2343 1334 memoria
2369 1288 2719 1333 renoventur.
2770 1278 2894 1333 llaec
2924 1277 3116 1347 jubent
3140 1275 3444 1345 spernenda

1856 1371 2203 1438 temporalia;
2236 1379 2290 1425 et
2336 1370 2605 1426 intranos
2644 1370 2840 1439 posita,
2872 1370 3018 1424 velut
3046 1368 3319 1423 sinistram
3346 1366 3447 1420 sub

1856 1461 2029 1529 capite
2056 1464 2404 1516 constitutam
2428 1460 2686 1527 edocent;
2712 1471 2767 1514 et
2787 1461 3059 1517 caelestem
3081 1458 3304 1529 gloriam
3329 1472 3446 1525 qure

1854 1567 1953 1606 nos
1983 1568 2045 1605 ex
2080 1552 2346 1621 superiori
2395 1562 2569 1621 parte,
2601 1562 2854 1622 tanquam
2883 1551 3105 1606 dextera
3131 1549 3445 1617 complexa-

1856 1652 1961 1708 tur,
1993 1644 2407 1714 exepectandam
2441 1645 2763 1713 admonent;
2798 1644 2885 1699 vel
2929 1644 3082 1709 illud,
3111 1650 3169 1697 ut
3196 1640 3446 1695 servituri

1857 1735 2104 1802 Domino,
2143 1735 2427 1789 voluntarii
2455 1752 2557 1789 non
2582 1736 2733 1789 inviti
2763 1750 2879 1805 quae
2911 1742 3034 1788 sunt
3061 1740 3249 1786 sancta
3283 1730 3445 1799 perli-

158 1834 511 1903 parcimonite
570 1834 886 1889 austeritate
930 1835 1112 1907 vigere
1143 1847 1461 1905 noscuntur,
1515 1834 1745 1906 publicis
1784 1829 1825 1886 Β
1854 1827 2325 1894 ciant,secundum
2351 1827 2492 1897 quod
2511 1827 2703 1881 Petrus
2723 1827 2995 1896 apostolus
3026 1822 3185 1879 docet
3208 1839 3220 1875 :
3243 1820 3446 1874 Pascite

162 1924 638 1993 pridicationibus
674 1926 900 1996 populos
949 1927 1342 1992 instruxerunt,
1378 1928 1600 1984 odorem
1630 1942 1753 1982 sua—

161 2017 348 2073 vitatis
377 2034 441 2073 e:
471 2019 882 2075 conversatione
909 2020 1247 2076 sanctissima
1278 2021 1653 2090 prOpinantes.

234 2133 395 2189 Num.
428 2134 553 2193 172.
596 2134 781 2190 Omnia
815 2136 952 2189 dona
994 2151 1125 2189 nova
1182 2143 1227 2190 et
1256 2146 1442 2188 vetera.
1492 2133 1751 2200 Quoniam

163 2232 279 2279 tam
305 2227 355 2280 in
404 2226 721 2294 patriarchis
748 2236 801 2282 et
844 2226 1119 2296 prophetis
1142 2241 1302 2296 quam
1338 2227 1390 2280 in
1415 2225 1671 2295 apos:olis
1700 2234 1753 2278 et

163 2318 493 2390 marLyribus
520 2335 620 2390 ego
642 2320 757 2390 ipse
784 2335 919 2375 nova
950 2329 1005 2375 et
1038 2330 1215 2376 vetera
1242 2319 1454 2375 servavi
1481 2317 1607 2385 tibi;
1631 2317 1755 2389 quia

162 2409 245 2465 illi
293 2418 344 2465 te
374 2411 925 2479 pronuntiaveruntet
953 2412 1305 2467 crediderunt
1328 2421 1631 2477 venturum,
1667 2411 1753 2466 isti

163 2502 461 2572 praedicare
489 2518 596 2559 non
622 2503 874 2559 desinunt
898 2519 967 2560 ex
1009 2504 1224 2575 Virgine
1246 2516 1427 2559 natum
1456 2519 1519 2558 ac
1542 2518 1636 2573 pro
1664 2516 1753 2556 sa-

165 2598 279 2651 lute
304 2596 544 2652 omnium
569 2612 807 2667 passum,
832 2606 885 2654 et
908 2608 1029 2670 post
1046 2600 1494 2654 resurrectionem
1518 2598 1571 2653 in
1589 2596 1756 2653 cados

164 2697 522 2757 assumptum.

223 2778 865 2839 CAP.Vl|l.—Num.175.
892 2783 1017 2849 Quis
1030 2784 1154 2838 mihi
1175 2783 1257 2837 det
1275 2792 1322 2837 te
1337 2786 1546 2853 fratrem
1569 2799 1756 2837 meum.

166 2873 324 2944 Sngit
354 2875 516 2930 ubera
546 2877 732 2932 matris
758 2878 1006 2933 Christus
1033 2894 1154 2933 cum
1184 2878 1454 2948 mysteriis
1483 2877 1674 2946 prisca:
1694 2876 1761 2932 le-

167 2967 253 3037 gis
277 2969 511 3024 reﬁcitur
552 2971 891 3027 Christianus
923 2972 1171 3043 populus,
1206 2973 1285 3026 vel
1317 2987 1436 3026 cum
1468 2971 1761 3041 spirituali-

169 3063 275 3118 bus
317 3065 665 3119 sacramentis
707 3065 957 3120 doctores
1014 3074 1069 3120 et
1110 3065 1349 3136 piissima
1399 3064 1757 3136 expositione,

173 3167 427 3226 tanquam
458 3172 586 3211 vero
611 3158 748 3212 lacte
780 3157 1048 3213 reﬁciunt.

247 3270 408 3325 Num.
439 3272 560 3325 17.1.
591 3270 657 3326 Ut
707 3273 962 3326 inveniam
1006 3284 1052 3326 te
1077 3274 1219 3343 foras
1262 3282 1310 3329 et
1339 3272 1556 3327 osculer.
1592 3272 1657 3328 Ut
1687 3281 1760 3342 te,

176 3363 385 3433 inquit,
416 3379 575 3432 quem
614 3364 817 3419 Veteris
872 3366 1200 3420 Testamenti
1251 3365 1433 3435 ﬁgurae
1484 3366 1760 3436 tegebant,

174 3471 277 3527 per
306 3455 672 3524 Evangelium,
702 3473 801 3528 ego
853 3457 907 3511 in
949 3459 1177 3512 veritate
1207 3463 1494 3528 reperiam.
1532 3459 1595 3512 Et
1628 3460 1765 3513 bene

178 3551 256 3605 ait
286 3566 301 3604 :
334 3549 409 3606 Te
444 3550 574 3606 foris
605 3551 921 3618 inveniam,~
952 3555 1076 3622 quia
1122 3552 1197 3607 illi
1227 3553 1427 3622 juniori
1455 3552 1562 3606 ﬁlio
1588 3551 1658 3607 de
1680 3567 1767 3606 re-

177 3644 340 3710 gione
370 3643 651 3713 longinqui
686 3645 953 3711 redeunti,
981 3659 1133 3716 pater
1160 3648 1212 3702 in
1247 3662 1529 3703 occursum
1555 3661 1767 3721 regres-

178 3750 274 3789 sus
304 3742 389 3789 est
420 3735 573 3805 (Luc.
602 3738 694 3807 xv)
722 3754 736 3791 :
778 3747 834 3791 ut
859 3738 1126 3793 deosculer
1149 3748 1216 3806 te,
1250 3741 1440 3811 inquit,
1476 3753 1531 3793 ut
1556 3741 1651 3795 tibi
1683 3754 1769 3795 re-

176 3826 459 3882 conciliari
493 3843 734 3895 merear;
767 3838 812 3883 et
848 3832 964 3902 jam
996 3848 1142 3885 nemo
1180 3849 1259 3886 me
1281 3833 1553 3902 despiciet;
1580 3832 1770 3888 videli-

176 3927 268 3973 cet
295 3929 350 3971 ut
377 3932 482 3972 non
510 3918 720 3975 dicatur
750 3922 907 3977 Petro
929 3963 942 3988 ,
995 3938 1091 3991 pro
1136 3924 1385 3979 Cornelio
1416 3940 1571 3992 quem
1594 3902 1766 3992 gratia

177 4006 409 4077 Spiritus
436 4012 607 4064 sancti
641 4024 971 4080 praevenerat
1002 4031 1016 4067 :
1051 4013 1223 4078 Quare
1267 4016 1489 4069 introisti
1520 4016 1591 4069 ad
1638 4020 1771 4070 viros

180 4106 489 4174 praeputium
508 4103 766 4171 habentes,
795 4114 843 4159 et
867 4107 1189 4160 manducasti
1209 4123 1321 4161 cum
1344 4110 1448 4163 illis
1468 4110 1493 4162 ?
1529 4109 1636 4164 Sed
1656 4108 1772 4179 ipse

182 4193 374 4248 Petrus
398 4199 706 4264 pronuntiet
730 4214 744 4251 :
773 4196 834 4252 In
857 4200 1068 4253 veritate
1090 4203 1363 4272 comperio,
1397 4203 1634 4272 quoniam
1658 4218 1772 4270 per-

178 4303 423 4341 sonarum
466 4290 693 4358 acceptio
747 4292 848 4345 n’on
906 4301 979 4347 est
1036 4295 1172 4362 apud
1203 4286 1390 4361 Deum,
1435 4296 1523 4347 sed
1553 4298 1604 4349 in
1635 4294 1774 4349 omni

181 4378 315 4445 loco,
345 4391 392 4433 et
416 4379 469 4434 in
497 4383 636 4435 omni
664 4393 829 4454 gente,
876 4386 965 4455 qui
992 4387 1131 4439 timet
1164 4400 1281 4440 eum
1307 4400 1354 4440 et
1385 4401 1630 4458 cperatur
1651 4389 1774 4459 jus-

180 4476 369 4541 titiam,
402 4484 636 4546 acceptus
668 4489 741 4532 est
777 4480 857 4533 illi
880 4481 1018 4551 (Act.
1048 4498 1074 4535 ιι
1105 4482 1145 4552 ).

1853 1922 1942 1991 qui
1980 1922 2031 1974 in
2059 1921 2194 1973 vobis
2236 1930 2308 1974 est
2343 1937 2546 1992 gregem
2576 1919 2692 1987 Dei,
2726 1935 2828 1973 non
2863 1919 3025 1973 coacti
3052 1916 3139 1971 sed
3170 1913 3446 1985 spontanei

1853 2010 1907 2083 (Ι
1930 2010 2073 2065 Petr.
2108 2010 2181 2082 v).

1924 2104 2082 2160 Num.
2121 2105 2243 2160 178.
2275 2104 2403 2170 Quae
2440 2114 2514 2159 est
2536 2104 2635 2158 ista
2657 2118 2768 2175 qua:
2809 2100 3039 2156 ascendit
3077 2099 3141 2153 de
3187 2097 3390 2153 deserto
3424 2095 3449 2151 7

1859 2197 2001 2251 Bene
2032 2196 2100 2252 de
2129 2196 2347 2251 deserto
2376 2196 2669 2251 ascendere
2696 2195 3047 2259 describitur,
3076 2192 3159 2245 cui
3191 2189 3447 2260 propheta

1854 2291 1990 2345 dicit
2020 2310 2034 2345 :
2069 2290 2176 2345 Pro
2199 2307 2259 2345 eo
2289 2272 2426 2358 quod
2476 2290 2620 2359 fuisti
2648 2288 2891 2343 derelicta
2938 2297 2985 2340 et
3032 2287 3148 2340 odio
3182 2285 3374 2347 habita,
3402 2292 3448 2336 et

1855 2400 1958 2436 non
1986 2391 2093 2435 erat
2109 2382 2194 2451 qui
2222 2382 2550 2450 pertransiret
2572 2379 2726 2452 (Isai.
2745 2379 2857 2450 Ls),
2880 2388 2984 2433 etc.
3014 2377 3090 2431 De
3110 2374 3262 2444 cujus
3285 2375 3446 2428 etiam

1859 2475 1989 2530 ﬁliis
2012 2475 2062 2528 in
2096 2473 2329 2530 Psalmis
2360 2474 2569 2528 canitur
2600 2490 2613 2525 :
2648 2471 2963 2525 Errarerunt
2990 2472 3038 2523 in
3058 2467 3359 2530 solitudine,
3392 2466 3446 2517 iu

1855 2566 2116 2630 siccitate,
2164 2564 2299 2618 viam
2340 2564 2558 2617 civitatis
2602 2561 2930 2615 habitationis
2985 2576 3084 2612 non
3127 2561 3444 2611 invenerunt.

1858 2655 2160 2711 Esurientes
2185 2666 2233 2712 et
2259 2658 2504 2721 sitientes,
2529 2656 2701 2710 anima
2726 2672 2902 2710 eorum
2944 2655 2995 2708 in
3024 2653 3201 2721 idipsis
3234 2652 3442 2721 defecit,

1859 2763 1906 2806 et
1935 2751 2284 2806 clamauerunt
2315 2751 2382 2805 ad
2432 2749 2708 2805 Dominum
2737 2766 2853 2802 cum
2896 2748 3285 2810 tribularentur,
3311 2753 3353 2798 et
3383 2746 3447 2796 de

1859 2843 2241 2898 necessitatibus
2262 2858 2436 2897 eorum
2457 2841 2683 2895 liberavit
2710 2856 2825 2907 eos;
2847 2839 3057 2894 deduxit
3084 2855 3168 2893 eos
3200 2854 3288 2906 per
3317 2837 3447 2893 viam

1861 2946 2052 2988 rectam
2085 2945 2137 2988 ut
2158 2935 2291 2988 irent
2318 2935 2371 2988 in
2415 2934 2669 2988 civitatem
2694 2926 3448 3000 habitationisll’sal.cvt).ld-

1864 3027 2013 3081 circo
2039 3029 2301 3095 sequitur.

1935 3118 2101 3175 Num.
2128 3120 2252 3175 179.
2286 3119 2500 3175 Deliciis
2525 3121 2747 3192 aﬂluens.
2776 3120 2927 3177 Unde
2958 3128 3010 3174 et
3039 3118 3264 3188 [opulus
3292 3118 3451 3173 lsrael

1794 3200 1840 3263 C
1872 3230 1903 3270 e
1928 3215 2146 3273 deserto
2177 3214 2484 3285 egrediens,
2518 3214 2573 3268 in
2602 3224 2799 3269 terram
2835 3212 3205 3281 promissionis
3237 3211 3376 3265 lacte
3405 3218 3454 3264 et

1868 3308 2024 3363 melle
2045 3306 2299 3362 ﬂuentem
2332 3306 2659 3376 ingreditur;
2684 3314 2738 3360 et
2765 3305 2855 3359 ille
2882 3304 3021 3358 ﬁlius
3045 3305 3131 3373 qui
3159 3303 3224 3357 de
3252 3303 3457 3371 siliquis

1868 3414 2153 3467 porcorum
2179 3398 2327 3468 pasci
2352 3398 2574 3467 cupiens
2597 3395 2827 3451 saturari
2858 3412 2962 3449 non
2992 3403 3220 3464 poterat,
3252 3394 3319 3446 ad
3343 3409 3443 3448 con

1867 3491 2067 3544 vivium
2090 3489 2231 3557 quod
2260 3488 2328 3542 de
2360 3488 2542 3559 pingui
2569 3490 2751 3542 occiso
2774 3487 2941 3542 vitulo
2966 3494 3117 3554 pater
3142 3485 3460 3553 praeparavit

1870 3581 2193 3637 relicicndus
2225 3579 2513 3634 inducitur.
2542 3579 2645 3632 llas
2676 3578 2897 3632 delicias
2922 3593 2949 3630 a
2978 3577 3194 3629 deserto
3227 3574 3451 3628 veniens

1872 3673 2138 3739 Ecclesia,
2159 3672 2209 3725 in
2235 3654 2449 3725 Christo
2472 3670 2798 3740 multiplices
2825 3668 3058 3736 reperit;
3084 3676 3135 3720 et
3166 3667 3286 3719 nixa
3310 3682 3460 3731 super

1871 3764 2110 3817 dilectum
2131 3761 2400 3826 scribitur,
2427 3760 2547 3829 quia
2572 3757 2638 3812 ad
2668 3760 2833 3827 ipsam
2861 3773 2953 3826 per
2977 3756 3291 3824 prophetam
3320 3756 3459 3809 idem

1872 3855 2099 3909 dilectus
2125 3853 2259 3908 dicit
2289 3871 2301 3908 :
2334 3851 2442 3923 Ego
2466 3852 2584 3924 feci,
2609 3866 2699 3922 ego
2722 3850 2905 3923 feram,
2933 3866 3022 3921 ego
3039 3847 3274 3919 portabo,
3301 3856 3346 3900 et
3370 3863 3462 3917 ego

1871 3944 2077 3999 salvabo
2101 3942 2257 4015 (Isai.
2287 3945 2435 4014 XLVI)
2453 3983 2467 3996 .

1946 4036 2107 4091 Num.
2136 4034 2260 4091 180.
2296 4034 2403 4092 Sub
2434 4035 2615 4090 arbore
2658 4035 2783 4089 ntali
2808 4033 3047 4088 suscitari
3075 4048 3178 4087 vos.
3204 4031 3258 4086 ln
3288 4028 3465 4084 odori-

1874 4127 1996 4183 fero
2025 4130 2201 4183 crucis
2236 4128 2474 4195 patibulo
2522 4128 2610 4183 ubi
2640 4142 2740 4197 ego
2786 4125 3033 4192 oceubui,
3061 4124 3170 4179 illic
3203 4132 3253 4179 te
3282 4137 3310 4177 a
3340 4138 3465 4191 pec-

1875 4231 2113 4276 catorum
2160 4220 2379 4274 interitu
2413 4219 2686 4286 suscitari,
2714 4216 2930 4286 quando
2958 4226 3009 4272 te
3037 4217 3343 4272 credentem
3389 4215 3466 4268 si-

1875 4327 1979 4383 gno
2009 4312 2183 4367 crucis
2213 4318 2512 4380 prmnotare
2532 4310 2807 4380 praecipio.

1948 4401 2104 4457 Num.
2141 4400 2266 4456 181.
2301 4401 2385 4455 Ibi
2413 4416 2657 4471 corrupta
2701 4412 2774 4454 est
2807 4409 2966 4454 mater
2996 4410 3102 4454 tua.
3138 4397 3241 4455 Ubi
3272 4407 3325 4451 tu
3368 4412 3466 4467 per

1880 4511 2053 4549 meam
2085 4501 2314 4549 mortem
2356 4492 2605 4548 suscitari
2635 4491 2899 4556 meruisti,
2927 4492 3038 4546 illic
3064 4506 3162 4562 per
3191 4506 3340 4545 suam
3367 4490 3469 4543 im-

252 4591 411 4645 Num.
438 4592 560 4647 175.
587 4594 977 4662 Apprehendam
1000 4606 1067 4667 te,
1099 4606 1144 4651 ct
1171 4599 1356 4652 ducam
1384 4609 1447 4654 te.
1472 4600 1602 4655 Cum
1627 4601 1764 4656 enim

1882 4578 2129 4658 pietatem
2164 4586 2442 4657 Synagoga
2464 4595 2619 4656 capta
2651 4594 2733 4639 est
2754 4583 2967 4655 quando
2993 4583 3251 4653 Cruci/ige
3273 4584 3470 4637 clama-

182 4690 237 4736 te
284 4682 688 4750 apprehendero
776 4686 975 4756 tibique
1051 4705 1147 4757 per
1217 4689 1378 4745 tidem
1445 4690 1769 4759 adhaesere,

181 4783 350 4827 restat
372 4782 430 4827 ut
457 4775 779 4829 introducam
802 4789 848 4831 te
870 4777 921 4831 in
946 4778 1154 4832 dontum
1182 4782 1358 4835 matris
1382 4796 1545 4835 mete:
1574 4782 1626 4835 in
1647 4796 1777 4835 cou-

178 4867 550 4936 gregationem
580 4869 832 4924 videlicet
876 4868 1171 4926 Jerusalem
1205 4889 1218 4923 :
1246 4873 1373 4927 illuc
1406 4874 1589 4945 utique
1620 4880 1672 4929 te
1701 4874 1773 4927 in-

184 4954 488 5024 troducam,
521 4959 735 5027 quando
757 4975 877 5014 cum
908 4964 1157 5018 omnibus
1179 4962 1335 5018 bonis
1365 4950 1481 5033 quae
1507 4980 1600 5033 per
1627 4974 1771 5020 tuam

178 5053 410 5122 gratiam
442 5067 729 5109 consecuta
761 5072 878 5109 sum
920 5060 1080 5111 etiam
1114 5058 1225 5125 ipsa
1278 5059 1495 5128 perduci
1528 5075 1613 5125 co,
1671 5061 1774 5125 hoc

181 5157 269 5201 est
299 5145 365 5200 ad
395 5149 667 5201 caelestem
704 5148 1153 5221 Hierosolymam,
1191 5166 1461 5208 meruero.

257 5260 414 5315 Num.
453 5262 572 5317 17G.
609 5261 693 5315 Ibi
743 5279 821 5317 me
863 5263 1087 5330 docebis,
1142 5275 1186 5319 et
1218 5265 1347 5319 dabo
1387 5266 1477 5319 tibi
1508 5267 1772 5329 poculum.

184 5355 261 5409 lbi
293 5370 379 5410 me
399 5356 641 5421 docebis,
670 5359 850 5425 utjatn
876 5374 980 5411 non
1006 5358 1059 5411 in
1082 5360 1348 5428 (enigmata
1370 5376 1459 5427 per
1485 5361 1776 5428 speculum,

182 5448 283 5502 δρᾶ
331 5451 463 5519 facie
494 5450 562 5503 ad
605 5450 788 5520 faciem
842 5450 1083 5517 videam;
1120 5461 1174 5505 et
1205 5467 1308 5504 non
1340 5468 1403 5505 ea:
1446 5461 1591 5520 parte
1638 5453 1780 5505 sicut

185 5558 342 5607 nunc,
367 5545 460 5598 sed
494 5554 610 5598 tunc
635 5562 933 5617 cognoscant
955 5547 1083 5601 sicut
1114 5559 1159 5602 et
1188 5550 1420 5617 cegttitus
1440 5565 1552 5601 sum
1577 5546 1629 5617 (Ι
1654 5546 1775 5601 Cor.

189 5638 333 5706 Mli),
382 5648 437 5692 ut
480 5640 566 5694 ille
615 5641 690 5695 ait
719 5659 731 5694 :
769 5639 831 5692 Et
864 5640 997 5696 dabo
1025 5642 1115 5694 tibi
1145 5641 1387 5713 poculum
1417 5658 1481 5696 ex
1509 5645 1622 5696 vino
1665 5657 1782 5695 con-

188 5732 316 5787 dito.
351 5745 395 5786 et
423 5742 644 5786 mustum
675 5735 1148 5805 malagranaforum
1180 5751 1200 5790 :
1240 5734 1455 5805 quando
1477 5737 1706 5803 optimos
1728 5744 1783 5790 et

190 5822 533 5883 dulcissimus
564 5827 841 5898 protulero
882 5840 1177 5901 martyrum
1214 5840 1520 5886 sanctorum
1546 5825 1777 5901 fructus,

1879 4681 1998 4747 bat;
2023 4690 2097 4744 et,
2125 4680 2350 4750 Sanguis
2382 4682 2538 4752 hujus
2564 4697 2714 4750 super
2745 4698 2836 4735 nos
2866 4691 2912 4735 et
2932 4697 3086 4749 super
3109 4680 3249 4749 ﬁlios
3271 4688 3470 4731 nostros

1880 4770 2032 4843 (Luc.
2057 4770 2232 4842 mn),
2269 4772 2437 4826 Pilato
2458 4772 2744 4843 judicante
2770 4771 3069 4842 respondit.

1949 4885 2109 4940 Num.
2140 4884 2266 4941 182.
2289 4884 2431 4940 Pone
2452 4904 2531 4941 me
2554 4897 2608 4940 ut
2635 4886 2977 4958 signaculum.
2998 4885 3071 4940 Ita
3097 4894 3150 4938 ut
3174 4901 3293 4938 cum
3326 4883 3472 4936 Psal-

1878 4979 2037 5032 mista
2068 4979 2249 5034 dicere
2299 4980 2493 5048 possis,
2528 4980 2804 5049 Signalum
2841 4989 2915 5032 est
2967 4992 3121 5047 super
3150 4993 3241 5029 nos
3298 4979 3469 5029 lumen

1878 5067 2048 5123 uultus
2077 5071 2173 5137 tui,
2209 5070 2446 5136 Domine,
2471 5070 2655 5122 dedisti
2671 5068 2971 5123 la’titiamin
2997 5067 3147 5120 corde
3167 5065 3465 5135 meoU’sal.

1884 5162 1981 5231 tv).
2013 5160 2277 5228 Quoniam
2332 5173 2669 5228 quaecunque
2695 5159 2904 5229 signata
2936 5169 3057 5212 sunt
3105 5157 3262 5210 facile
3297 5168 3463 5211 teme-

1879 5255 1988 5310 rari
2021 5270 2124 5310 non
2158 5264 2408 5322 possunt,
2441 5255 2519 5306 sic
2546 5253 2726 5320 recipe
2757 5251 2913 5306 ﬁdem
2946 5265 3143 5315 meam,
3170 5258 3224 5303 nt
3248 5266 3365 5303 cam
3390 5249 3472 5304 iu-

1884 5356 2087 5417 tegram
2134 5346 2503 5414 illibatnmque
2533 5345 2829 5409 enstodias,
2884 5353 2938 5396 ct
2980 5358 3136 5412 quem
3182 5357 3276 5412 per
3297 5343 3473 5397 crucis

1886 5437 2221 5507 signaculum
2273 5437 2529 5505 accepisti
2563 5436 2877 5491 thesaurum
2904 5434 3127 5506 justitiae
3151 5449 3310 5501 quem
3342 5434 3391 5484 in
3424 5442 3475 5486 te

1886 5528 2112 5593 centuli,
2146 5543 2173 5580 a
2206 5527 2350 5581 nullo
2374 5524 2490 5583 fore
2528 5526 2945 5597 contingendum
2977 5526 3085 5581 ullo
3119 5526 3275 5579 modo
3309 5525 3474 5593 perti-

1888 5636 2115 5678 11168035.

1958 5738 2117 5792 Num.
2148 5738 2266 5793 185.
2306 5735 2374 5792 Ut
2402 5734 2722 5805 signaculum
2755 5751 2886 5803 pone
2910 5752 3006 5790 me.
3036 5734 3287 5789 Primilus
3318 5748 3479 5799 super

1890 5846 2004 5902 cor,
2025 5831 2148 5890 inde
2161 5849 2324 5902 super
2350 5830 2626 5890 brachium
2648 5826 2981 5900 signaculum
3009 5828 3476 5899 ~upcrponcudum
