4070 6454
583 329 682 385 991

1284 332 1343 390 S.
1378 328 1568 388 JUSTI
1607 322 1863 384 URGEL.
1906 320 1973 378 IN
2013 319 2317 378 CANTICA
2351 318 2799 381 CANTICORUM
2838 318 3279 379 EXPLICATIO.

3786 320 3898 378 9‘39

586 448 822 517 intelligo
854 464 868 502 :
900 448 952 503 id
979 455 1089 515 est,
1114 455 1178 504 ut
1204 455 1314 503 tam
1343 448 1397 502 in
1425 447 1751 518 cogitatione
1778 458 1941 514 quam
1969 443 2022 498 in
2048 456 2183 512 ope-
2210 444 2263 505 Α
2290 441 2532 498 Ecclesia
2562 440 2942 510 disponuntur,
2969 448 3224 510 tanquam
3253 435 3660 510 propugnacula
3680 450 3896 508 argen-

586 555 675 604 re,
709 543 773 595 ad
803 555 981 596 meum
1021 542 1232 611 signum
1258 555 1541 606 accurras;
1587 554 1650 595 ac
1677 549 1748 606 te,
1779 552 1876 608 per
1905 538 2038 603 hoc,
2072 550 2181 592 non

585 634 827 703 alterius,
856 636 951 691 sed
977 637 1083 692 mei
1110 651 1231 693 esse
1248 637 1587 694 demonstres
1603 654 1616 705 ;
1631 650 1824 708 meque
1843 642 2181 705 contutante,

586 729 791 799 integra
824 744 1164 799 perseveres.

656 827 813 883 Num.
852 827 977 884 184.
1024 829 1162 896 Quia
1196 830 1349 901 fortis
1394 838 1449 884 ut
1504 844 1646 884 mors
1695 827 1904 883 dilectio
1960 836 2071 884 tua.
2124 824 2180 882 ln

585 926 791 973 tantum
833 920 995 976 dilexi
1041 930 1114 989 te,
1164 932 1223 976 ut
1252 922 1392 977 mori
1424 920 1688 977 voluerim
1735 934 1833 991 pro
1862 927 1943 986 te;
1984 927 2040 975 et
2066 917 2183 974 htec

584 1022 704 1068 erat
740 1011 1004 1071 fortitudo
1051 1016 1278 1083 amoris,
1331 1015 1602 1072 acerbitas
1651 1015 1864 1070 mortis.
1912 1012 2059 1068 Dura
2099 1025 2183 1068 au-

587 1118 694 1161 tem
727 1108 859 1162 sicut
889 1107 1132 1164 infernus
1161 1109 1466 1175 aemulatio;
1498 1116 1558 1164 ut
1583 1107 1754 1164 sancti
1778 1122 1995 1179 quoque
2021 1120 2183 1163 econ-

589 1200 753 1255 trario
776 1215 873 1269 pro
897 1200 1115 1257 Christo
1142 1201 1314 1257 occidi
1343 1216 1450 1256 non
1478 1209 1742 1267 metuant,
1772 1214 1932 1270 quem
1957 1213 2059 1269 pro
2083 1212 2180 1253 sua

585 1293 758 1348 salute
780 1307 1007 1350 mortem
1040 1296 1346 1364 suscepisse
1368 1296 1486 1351 sine
1510 1293 1674 1349 dubio
1702 1301 2095 1366 cognoverunt.

658 1383 820 1439 Nunt.
849 1384 972 1440 185.
1004 1384 1296 1457 Lampades
1324 1388 1459 1458 ejus,
1498 1386 1759 1457 lampades
1782 1385 1936 1457 ignis.
1967 1383 2110 1440 Vasa
2129 1384 2180 1438 in

587 1474 781 1539 quibus
828 1478 1075 1532 castistas
1125 1477 1352 1543 habitat,
1395 1491 1612 1548 semper
1657 1487 1783 1533 sunt
1826 1474 2106 1546 splendida
2128 1482 2184 1530 et

585 1567 816 1636 Spiritus
847 1569 1017 1624 sancti
1047 1570 1168 1642 igne
1199 1568 1479 1627 ferventia.

657 1667 818 1723 Num.
854 1668 976 1725 186.
1026 1670 1187 1740 Aqua:
1206 1672 1386 1727 multa:
1413 1688 1518 1726 non
1542 1679 1824 1744 potuerunt
1852 1671 2178 1739 exstinguere

586 1760 912 1829 charitatem,
944 1777 1046 1818 nec
1091 1762 1313 1818 ﬂumina
1344 1760 1578 1817 obruent
1624 1761 1792 1828 illam,
1826 1776 1929 1817 nec
1957 1760 2183 1816 tribula-

2290 547 2374 594 tea
2405 538 2574 592 muris
2595 536 2942 605 adjiciuntur.

2359 651 2516 708 Num.
2552 651 2676 707 191.
2709 649 2770 705 Si
2791 650 2976 704 ostium
3019 656 3115 713 est,
3149 644 3554 716 compingamus.
3586 642 3738 697 Dicit
3760 640 3899 696 Pro-

2286 746 2443 819 pheta
2473 745 2527 801 in
2555 743 2784 800 Psalmis
2825 760 2837 794 z
2868 740 3032 807 Pone,
3065 738 3308 803 Domine,
3332 738 3619 791 custodiam
3646 734 3733 788 ori
3757 750 3895 800 meo,

2285 844 2334 893 el
2359 838 2544 892 ostium
2571 835 2967 889 circumstantia
2995 830 3148 885 labiis
3171 830 3296 884 meis
3316 828 3490 901 (Psal.
3513 826 3667 886 CXL).
3702 824 3895 895 Itaque

2285 927 2333 987 sl
2371 939 2457 987 est
2478 930 2598 999 quis
2629 928 2856 983 idoneus
2903 925 2970 979 ad
3027 923 3375 995 loquendum,
3407 930 3463 975 et
3488 920 3636 975 velut
3682 919 3893 972 ostium

2285 1022 2426 1093 quod
2449 1021 2688 1090 aperitur
2709 1029 2763 1076 et
2801 1017 3096 1086 clauditur,
3144 1025 3355 1084 tempus
3392 1012 3651 1083 loquendi
3696 1012 3791 1066 γεεί
3816 1021 3893 1065 ta-

2284 1117 2441 1170 cendi
2473 1115 2757 1185 intelligit;
2788 1112 2891 1168 hoc
2923 1112 3029 1166 tale
3050 1111 3245 1166 ostium
3269 1105 3466 1163 tabulis
3493 1106 3895 1161 cedriniscom-

2286 1208 2585 1278 pingamus,
2612 1216 2671 1261 ut
2693 1207 2819 1261 dum
2852 1203 3183 1261 odoriferum
3208 1202 3409 1271 lignum
3453 1200 3506 1254 in
3537 1213 3598 1253 se
3620 1197 3888 1267 suscepit,

2286 1316 2408 1355 cum
2437 1300 2601 1354 Paulo
2631 1299 2815 1373 dicere
2845 1298 3059 1368 possit:
3094 1294 3231 1350 Mihi
3267 1295 3396 1349 absit
3438 1294 3662 1363 gloriari
3713 1294 3819 1346 nisi
3840 1294 3891 1345 iu

2285 1408 2433 1447 cruce
2459 1389 2671 1446 Domini
2691 1374 2862 1446 \nostri
2888 1390 3019 1444 Iesu
3046 1386 3257 1455 Christi,
3292 1403 3380 1456 per
3404 1402 3555 1455 quem
3578 1384 3715 1438 mihi
3744 1400 3870 1437 mun

2286 1485 2383 1539 dus
2411 1484 2689 1554 cruciﬁxus
2714 1492 2812 1551 est,
2840 1491 2889 1538 et
2916 1499 3009 1555 ego
3028 1482 3220 1535 mundo
3250 1478 3393 1553 (Gal.
3415 1479 3515 1549 vt).

2358 1597 2516 1653 Num.
2548 1597 2668 1652 192.
2696 1596 2810 1669 Ego
2832 1612 3013 1651 murus
3033 1604 3079 1649 et
3100 1594 3257 1649 ubera
3278 1608 3387 1648 mea
3409 1593 3540 1647 sicut
3556 1592 3748 1646 turris.
3777 1590 3893 1647 Vo:

2289 1692 2545 1749 Ecclesiae
2572 1701 2679 1760 est,
2703 1700 2812 1748 tam
2836 1691 2889 1747 in
2915 1691 3021 1746 [ide
3045 1705 3205 1759 quam
3234 1703 3331 1758 pro
3363 1687 3470 1742 lide
3501 1686 3887 1757 proﬁcientis:

2293 1784 2403 1856 Ego
2440 1801 2652 1853 murus;
2683 1784 2806 1856 quia
2838 1784 2955 1853 ipse
3000 1780 3285 1836 :cdilicavit
3310 1793 3397 1834 me
3425 1781 3517 1849 qui
3542 1774 3891 1831 fortissimus

587 1852 794 1948 tiones;
852 1852 1018 1909 nullae
1053 1854 1347 1924 quamlibet
1375 1853 1568 1910 validae
1613 1854 2017 1924 persecutiones
2044 1852 2182 1908 dile-
2213 1833 2262 1895 Β
3154 1833 3285 1926 δέεαι
3521 1870 3891 1925 consumma

586 1944 821 1999 ctionem
849 1962 972 2016 qua:
1000 1955 1083 2001 est
1109 1964 1175 2003 ex
1195 1947 1332 2018 Deo,
1361 1947 1449 2003 vel
1480 1948 1624 2003 circa
1649 1947 1839 2012 Deum,
1868 1944 2185 2015 perturbare

586 2034 670 2087 vel
702 2035 918 2091 vincere
939 2046 1187 2106 possunt,
1222 2039 1523 2094 secundum
1554 2038 1684 2093 illud
1711 2039 1858 2109 quod
1892 2039 2184 2107 Apostolus

586 2123 718 2178 dicit
746 2141 761 2182 :
791 2124 919 2193 Quis
945 2144 1038 2181 nos
1082 2129 1343 2200 separabit
1367 2145 1400 2183 a
1430 2129 1678 2184 charitate
1717 2128 1951 2184 Christi?
1978 2145 2045 2183 an
2090 2130 2185 2183 tri-

586 2212 802 2281 bulatio,
836 2232 904 2269 an
928 2221 1191 2288 angustia,
1223 2237 1289 2273 an
1321 2221 1633 2290 persecutio,
1667 2237 1733 2274 an
1772 2218 1957 2288 fames,
1988 2238 2054 2274 an
2084 2237 2185 2274 nu-

584 2305 744 2371 ditas,
767 2324 833 2360 an
854 2308 1080 2379 gladius,
1110 2326 1178 2363 an
1201 2311 1489 2379 periculum
1507 2312 1531 2366 ?
1550 2319 1719 2366 certus
1745 2326 1860 2366 sum
1888 2313 2024 2366 enim
2062 2312 2183 2382 quia

584 2413 749 2466 neque
778 2415 941 2465 mors,
966 2418 1129 2470 neque
1156 2405 1280 2468 vita,
1312 2416 1476 2471 neque
1504 2404 1697 2472 angeli,
1730 2418 1891 2473 neque
1914 2403 2179 2474 principa-

583 2496 686 2552 tus,
718 2505 880 2559 neque
909 2490 1186 2557 excelsum,
1214 2508 1373 2562 neque
1396 2493 1737 2563 profundum,
1758 2509 1919 2563 neque
1947 2504 2184 2549 creatura

581 2581 689 2634 alia
717 2584 900 2653 poterit
934 2601 1026 2640 nos
1077 2603 1317 2652 separare
1342 2604 1375 2642 a
1414 2587 1668 2642 charitate
1705 2587 1825 2655 Dei,
1850 2604 1969 2645 aute
2007 2600 2082 2646 est
2128 2592 2183 2646 in

581 2670 782 2727 Christo
804 2673 931 2728 Jesu
957 2672 1182 2731 Domino
1204 2687 1379 2733 nostro
1406 2676 1589 2749 (Rom.
1618 2675 1755 2748 vtu).

652 2764 811 2820 Num.
850 2765 975 2821 187.
1022 2767 1085 2824 Si
1113 2769 1312 2823 dederit
1364 2770 1516 2825 homo
1558 2784 1759 2825 omnem
1810 2771 2180 2828 substantiam.

581 2854 856 2925 Tanquam
880 2857 1025 2913 dicat
1058 2875 1072 2912 :
1104 2858 1175 2915 Et
1203 2860 1250 2915 si
1298 2860 1607 2917 distribuere
1636 2864 1692 2917 in
1724 2863 1865 2918 cibos
1889 2882 2180 2937 pauperum

579 2959 753 3001 omnes
774 2947 1043 3017 facultates
1063 2967 1225 3019 meas,
1258 2962 1307 3007 et
1333 2951 1382 3007 si
1413 2953 1678 3009 tradidero
1706 2971 1891 3024 corpus
1922 2972 2094 3010 meum
2121 2966 2181 3013 ut

578 3040 816 3107 ardeam,
837 3042 1144 3099 charitatem
1158 3055 1330 3101 autem
1352 3064 1454 3102 non
1476 3047 1714 3115 habeam,
1745 3047 1878 3102 nihil
1901 3050 2030 3103 mihi
2056 3068 2180 3121 pro-

580 3135 690 3188 dest
709 3133 762 3204 (ι
778 3136 900 3193 Cor.
924 3139 1069 3209 uti).
1097 3138 1208 3196 Hac
1229 3141 1373 3196 enim
1393 3142 1523 3196 nihil
1540 3142 1852 3212 pretiosius,
1868 3143 2175 3202 utJoannes

2288 1973 2422 2039 Deo,
2449 1971 2768 2042 proceritate
2790 1969 3016 2039 justilite
3059 1974 3366 2029 creverunt,
3399 1972 3454 2019 et
3484 1962 3537 2017 in
3572 1978 3665 2017 me
3696 1978 3891 2031 panno

2287 2064 2371 2119 los
2396 2064 2487 2131 qui
2519 2061 2573 2117 in
2605 2060 2822 2117 Christo
2870 2067 3014 2123 sunt,
3047 2057 3323 2123 nutriunt;
3355 2064 3411 2110 et
3439 2054 3622 2110 donec
3664 2053 3736 2105 ad
3770 2067 3887 2120 per-

2288 2155 2537 2212 fectionis
2575 2155 2752 2210 cibum
2814 2153 3152 2223 perveniant,
3186 2163 3281 2203 eos
3328 2148 3565 2202 educare
3605 2160 3722 2199 non
3752 2144 3890 2198 desi-

2286 2258 2442 2315 nunt,
2469 2247 2821 2318 quoadusque
2861 2244 2941 2299 cis
2968 2258 3106 2299 voce
3136 2240 3409 2310 sapientia:
3456 2237 3677 2292 dicatur
3724 2254 3741 2291 :
3793 2236 3888 2290 Re-

2286 2342 2501 2412 linquite
2531 2340 2829 2411 infantiam,
2883 2348 2931 2392 et
2977 2337 3141 2393 venite
3176 2332 3443 2388 ambulare
3481 2347 3573 2403 per
3602 2333 3721 2386 uias
3759 2350 3887 2403 pru-

2286 2433 2492 2488 tientia.

2356 2544 2515 2600 Num.
2544 2544 2668 2600 195.
2703 2542 2786 2598 Ea:
2821 2559 2922 2613 quo
2971 2541 3112 2612 facta
3146 2556 3261 2594 sum
3309 2554 3485 2592 coram
3525 2553 3613 2591 eo.
3670 2532 3757 2590 Ex
3789 2552 3886 2604 quo

2284 2635 2502 2691 Christo
2532 2649 2719 2705 pacem
2749 2633 2949 2703 reperi,
3002 2648 3067 2689 es
3097 2647 3164 2687 eo
3194 2641 3248 2687 et
3296 2645 3578 2687 murorum
3634 2629 3888 2699 prmsidia

2285 2735 2341 2783 et
2368 2727 2599 2783 turrium
2634 2726 3038 2797 propugnacula
3092 2740 3216 2780 cum
3248 2725 3446 2781 decore
3484 2724 3734 2792 suscepi,
3766 2738 3888 2777 cum

2285 2821 2366 2875 eis
2394 2818 2463 2875 ab
2488 2833 2556 2875 eo
2584 2819 2672 2887 qui
2697 2834 2783 2874 me
2810 2817 3057 2874 condidit
3084 2819 3281 2873 civitas
3305 2832 3429 2873 esse
3455 2817 3766 2886 promerui,
3800 2816 3888 2869 ba-

2284 2909 2420 2965 bens
2449 2908 2784 2967 munimenta
2812 2909 2869 2966 in
2908 2910 3136 2978 sanctis,
3167 2917 3223 2965 et
3262 2907 3519 2964 decorem
3553 2907 3810 2961 retinens
3838 2905 3889 2960 in

2282 3005 2490 3062 electis.

2354 3119 2516 3176 Num.
2548 3116 2672 3174 194.
2710 3116 2876 3173 Vinea
2905 3118 3003 3190 fuit
3033 3116 3270 3188 paciﬁca.
3296 3114 3519 3170 Cultura
3553 3114 3788 3169 assidua
3811 3112 3881 3167 ad

579 3226 852 3293 apostolus
871 3227 946 3282 ait
980 3246 993 3282 :
1023 3206 1156 3296 Quia
1190 3229 1327 3287 Deus
1355 3206 1583 3287 charitds
1602 3241 1678 3287 est
1690 3240 1780 3297 με
1808 3233 1899 3302 qui
1924 3247 2096 3292 manet
2122 3240 2177 3295 in
2209 3212 2255 3275 δ
2289 3209 2458 3265 “ibi”
2482 3220 2571 3302 7°“
2594 3224 2627 3265 ³
2654 3207 2890 3302 Christo;
2918 3209 2976 3302 i“_
3020 3208 3259 3264 Εθθ¹θ⁵ί³
3292 3223 3429 3302 (1⁸³³⁸,
3449 3207 3573 3261 ί¹¹⁰⁵
3606 3206 3779 3261 hab“
3801 3224 3889 3275 Po‘

579 3321 832 3379 charitate
861 3326 915 3379 in
945 3324 1053 3382 Deo
1082 3339 1275 3385 manet.

654 3414 814 3471 Num.
849 3417 972 3475 188.
1005 3419 1168 3475 Soror
1198 3430 1373 3477 nostra
1401 3440 1582 3491 parva,
1616 3432 1667 3480 et
1692 3428 1852 3483 ubera
1872 3443 1975 3482 non
2001 3428 2173 3485 habet.

582 3507 821 3565 Ecclesia
845 3526 908 3565 ex
937 3513 1187 3580 gentibus
1218 3515 1463 3582 veniens,
1491 3516 1642 3571 rudis
1665 3519 1842 3574 adhuc
1864 3521 1929 3574 ad
1949 3521 2177 3578 creden-

580 3600 729 3668 dum,
760 3611 814 3655 et
845 3617 943 3658 nec
967 3603 1093 3659 dum
1114 3605 1339 3675 praedita
1357 3608 1486 3664 viris
1509 3609 1733 3666 eruditis
1759 3611 1827 3666 ad
1845 3612 2175 3684 docendum,

579 3692 876 3748 secundum
907 3696 1052 3766 quod
1079 3698 1371 3767 Apostolus
1401 3700 1637 3770 loquitur
1667 3720 1682 3755 :
1713 3700 1837 3759 Non
1867 3706 2013 3774 potui
2036 3707 2177 3762 vobis

580 3784 719 3855 loqui
744 3787 893 3852 quasi
918 3788 1294 3857 spiritualibus,
1311 3791 1402 3844 sed
1419 3798 1667 3862 tanquam
1694 3794 1920 3862 parvulis
1950 3796 2003 3849 in
2027 3794 2178 3857 Chri-

579 3884 655 3931 sto
680 3877 758 3931 lac
782 3879 920 3932 vobis
941 3888 1121 3949 patum
1145 3881 1286 3947 dedi,
1316 3898 1419 3936 non
1446 3899 1647 3951 escam;
1677 3887 1905 3941 nondum
1927 3890 2061 3944 enim
2085 3906 2172 3960 po-

581 3971 778 4035 leratis,
815 3972 904 4023 scd
935 3987 1025 4025 nec
1056 3972 1264 4040 quidem
1293 3975 1465 4027 adhuc
1520 3977 1764 4043 potestis,
1817 3978 1990 4032 adhuc
2043 3982 2179 4035 enim

579 4060 699 4112 es'is
728 4059 963 4115 carnales
994 4059 1042 4132 (I
1074 4060 1195 4114 Cor.
1222 4062 1324 4133 ιιι).
1361 4062 1427 4117 Ει
1456 4063 1583 4120 alibi
1614 4082 1627 4119 :
1663 4064 1953 4123 chularia
1974 4068 2180 4140 judicia

585 4152 627 4204 si
655 4151 958 4218 habueritis,
985 4156 1393 4228 contemptibiles
1421 4162 1509 4229 qui
1536 4163 1737 4216 sunt’in
1769 4160 2024 4232 Ecclesia,
2058 4166 2178 4219 illos

580 4246 873 4302 constituite
917 4249 986 4301 ad
1022 4249 1393 4318 judicandum.
1448 4254 1529 4307 Ad
1558 4257 1922 4311 verecundiam
1959 4266 2179 4312 vestram

581 4338 696 4390 dico
725 4356 742 4392 :
774 4340 820 4393 si
843 4355 945 4394 non
969 4351 1045 4394 est
1091 4342 1224 4395 inter
1252 4360 1340 4397 vos
1369 4346 1577 4416 sapiens
1599 4346 1873 4417 quisquant
1901 4348 1987 4418 qui
2017 4349 2179 4418 possit

583 4431 815 4496 judicare
844 4433 978 4486 inter
1001 4437 1215 4503 fratrem
1246 4452 1399 4490 suum
1426 4434 1481 4509 (1
1509 4434 1635 4494 Cor.
1669 4436 1779 4507 vt)?
1806 4437 1942 4495 Dum
1991 4455 2086 4496 eos
2123 4441 2178 4497 in

582 4532 727 4578 tanta
764 4526 1205 4593 pusillanimitate
1253 4529 1545 4599 redarguit,
1582 4533 1770 4602 utique
1795 4531 1972 4587 adhuc
2001 4532 2177 4601 pusil-

2282 3302 2435 3371 pulos
2465 3301 2534 3357 de
2561 3300 2756 3372 quibus
2780 3302 2834 3355 in
2860 3298 3090 3355 Psalmis
3114 3300 3326 3356 canitur
3357 3315 3373 3353 :
3407 3298 3640 3352 l’lantati
3668 3298 3727 3352 in
3740 3299 3889 3353 domc

2280 3393 2516 3465 Domini,
2538 3397 2591 3449 in
2612 3385 2757 3449 atriis
2774 3394 2868 3449 Dei
2892 3404 3015 3448 nost.
3035 3395 3051 3447 i
3074 3394 3326 3463 ﬂorebunt
3344 3391 3515 3464 (Psal.
3531 3392 3666 3461 ιρι).
3696 3390 3887 3445 Tradi-

2280 3486 2354 3543 dit
2377 3505 2489 3542 eam
2518 3488 2837 3543 custodibus.
2853 3487 3138 3544 Commisit
3161 3502 3278 3542 eam
3304 3484 3597 3555 regendam
3621 3485 3889 3555 apostolis

2279 3584 2364 3639 vel
2391 3580 2797 3638 successoribus
2820 3594 3006 3636 eorum
3030 3579 3320 3648 episcopis.
3352 3578 3436 3634 Ad
3463 3593 3654 3647 quam,
3670 3578 3780 3631 sub
3795 3595 3889 3631 nu-

2283 3669 3185 3738 mineJerusalem,dicitDominus
3215 3684 3310 3737 per
3333 3668 3653 3738 pr0phetam
3677 3684 3693 3721 :
3715 3668 3888 3737 Super

2281 3778 2329 3821 te
2358 3774 2404 3818 et
2436 3781 2590 3834 super
2618 3778 2791 3817 muros
2823 3773 2938 3816 tuos
2970 3762 3119 3832 posui
3148 3763 3382 3815 custodes
3422 3772 3557 3824 tuos,
3590 3771 3703 3816 tota
3734 3764 3819 3818 die
3842 3774 3889 3817 et

2278 3867 2446 3927 nocte,
2471 3873 2629 3929 usque
2648 3857 2699 3911 in
2730 3856 2886 3926 ﬁnem
2914 3856 3255 3910 contacebunt
3280 3853 3440 3928 (Isai.
3473 3854 3629 3922 Lm).

2352 3973 2513 4029 Num.
2542 3972 2666 4028 195.
2702 3971 2794 4027 Vir
2825 3972 2973 4043 aﬂ'ert
3001 3971 3201 4041 fructus
3230 3971 3340 4039 ejus
3370 3968 3512 4021 mille
3530 3976 3833 4038 argenteos.

2280 4065 2529 4122 Christus
2559 4065 2629 4119 de
2657 4079 2766 4133 quo
2795 4063 3056 4134 propheta
3087 4061 3217 4116 dicit
3250 4077 3263 4112 :
3293 4059 3423 4113 Ecce
3448 4060 3548 4123 vir,
3576 4056 3772 4111 Oriens
3801 4074 3889 4111 no-

2281 4174 2395 4212 men
2416 4161 2528 4228 ejus
2553 4155 2741 4228 (Zaclt.
2767 4155 2866 4227 Vl).
2891 4152 3221 4224 Compensat
3247 4166 3471 4222 regnum
3500 4151 3773 4205 caelorum
3796 4167 3890 4219 pro

2281 4251 2483 4307 sanctis
2532 4248 2806 4305 laboribus
2853 4247 2939 4303 vel
2968 4245 3354 4316 eleemosynis,
3414 4244 3723 4299 secundum
3760 4243 3890 4298 illud

2282 4353 2423 4422 quod
2456 4350 2512 4406 in
2546 4347 2842 4421 Evangelio
2888 4343 3086 4401 dicitur
3116 4356 3130 4395 :
3168 4339 3372 4402 Venite,
3403 4335 3663 4390 benedicli
3718 4335 3894 4389 Patris

2281 4445 2401 4510 mei,
2433 4441 2681 4512 percipite
2712 4453 2924 4510 regnum
2945 4434 3085 4507 quod
3111 4431 3253 4487 vobis
3291 4438 3528 4500 paratum
3558 4438 3638 4482 est
3696 4431 3763 4481 ab
3789 4429 3895 4483 ori-

2282 4535 2400 4605 gine
2423 4532 2626 4596 mundi,
2661 4531 2785 4602 quia
2810 4528 3017 4593 esurivi,
3048 4535 3095 4595 et
3119 4523 3331 4577 dedistis
3372 4520 3497 4573 mihi
3545 4522 3893 4586 manducare,

581 4612 685 4670 lam
717 4618 770 4670 in
799 4616 927 4681 fide,
955 4628 1010 4671 et
1041 4618 1269 4695 necdum
1302 4620 1671 4690 Spiritualibus
1697 4623 2046 4680 nutrimentis
2076 4624 2175 4678 ha-
2209 4604 2261 4665 D
2285 4604 2443 4693 sitiri,
2475 4636 2520 4680 et
2545 4623 2758 4679 dedistis
2781 4621 2910 4676 mihi
2931 4620 3131 4681 bibere;
3163 4615 3349 4685 hospes
3381 4612 3482 4677 fui,
3512 4622 3561 4665 et
3607 4613 3893 4683 collegisti:

580 4711 741 4767 bilem
776 4712 987 4781 plebem
1014 4713 1274 4770 ostendit.

651 4803 811 4857 Num.
848 4802 971 4858 l89.
1020 4805 1156 4871 Quid
1182 4808 1427 4876 faciemus
1454 4810 1622 4863 sorori
1646 4808 1879 4863 nostrae?
1905 4806 2178 4877 Quorund-

582 4894 797 4948 tnodtnn
829 4894 1177 4963 dESponemus
1198 4899 1494 4955 Ecclesiam
1525 4910 1769 4971 tempore
1789 4916 1896 4972 quo
1922 4901 1989 4955 ad
2016 4901 2175 4958 ﬁdem

582 4988 819 5043 vocanda
847 4990 972 5044 est?

652 5084 813 5140 Num.
848 5083 970 5137 190.
1004 5083 1066 5139 Si
1095 5098 1269 5139 murus
1290 5095 1384 5149 est,
1407 5085 1722 5154 (ediﬁcemus
1753 5102 1907 5158 super
1926 5103 2063 5143 eum.
2081 5083 2182 5153 Qui

581 5188 863 5248 eruperunt
886 5179 937 5233 in
964 5178 1068 5233 {ide
1090 5191 1337 5233 crescere
1360 5188 1414 5232 ct
1441 5178 1511 5231 ita
1534 5177 1761 5233 stabiliri
1791 5189 1846 5233 ut
1868 5179 2063 5235 robore
2082 5192 2181 5234 suo

581 5273 822 5329 infirmos
848 5288 1089 5342 quosque
1117 5282 1528 5339 commoneant;
1553 5281 1804 5341 suscepto
1829 5272 2050 5330 honoris
2075 5273 2183 5344 pri-

583 5370 798 5438 vilegio,
825 5366 889 5419 ad
919 5376 1147 5420 caeteros
1177 5364 1452 5421 docendos
1483 5366 1852 5434 instituantur,
1880 5366 2178 5422 secundum

582 5463 723 5532 quod
751 5462 948 5516 Paulus
976 5459 1039 5514 ad
1076 5459 1418 5514 Timotheum
1455 5477 1467 5513 :
1505 5458 1635 5513 Hazc
1676 5461 1983 5514 commenda
2005 5459 2181 5528 fideli-

582 5556 672 5609 bus
702 5557 789 5621 qui
815 5555 988 5607 idonei
1014 5562 1162 5607 erunt
1189 5562 1239 5608 et
1290 5554 1425 5607 alios
1465 5553 1647 5607 docere
1682 5549 1772 5621 (Il
1798 5550 1939 5605 Tim.
1972 5553 2059 5621 ιι).
2117 5551 2185 5606 Ει

582 5647 775 5701 iterum
809 5646 875 5701 ad
907 5646 1087 5700 Titum
1124 5664 1135 5697 ε
1164 5644 1342 5717 Hujus
1371 5645 1447 5699 rei
1492 5646 1664 5716 gratia
1694 5645 1876 5714 reliqui
1919 5654 1967 5697 te
1995 5642 2182 5708 Crette,

584 5749 637 5790 ut
683 5756 744 5790 ea
771 5755 834 5801 qtt
848 5754 882 5789 1?
915 5739 1099 5792 desunt
1127 5739 1380 5809 corrigas,
1424 5745 1471 5789 ct
1527 5738 1809 5791 constituas
1838 5753 1926 5804 per
1953 5737 2183 5789 ciuitates

582 5832 928 5901 preshy‘rros,
964 5834 1096 5886 sicut
1124 5847 1217 5904 ego
1244 5832 1329 5886 tibi
1360 5831 1609 5901 disposui.
1664 5831 1798 5886 Dum
1842 5829 1941 5885 ista
2002 5829 2080 5884 sic
2126 5828 2179 5883 in

1914 5996 1953 6009 η

2287 4732 2401 4784 me;
2424 4716 2615 4781 nudus,
2646 4724 2691 4769 et
2724 4711 2995 4781 opcruistis
3022 4725 3132 4775 me;
3155 4706 3392 4775 inﬁrmus
3431 4713 3482 4758 et
3508 4704 3561 4756 in
3586 4721 3821 4769 carcere,
3846 4717 3893 4757 et

2286 4809 2495 4865 venistis
2516 4806 2586 4860 ad
2617 4803 2928 4877 me(Mattlt.
2957 4801 3104 4869 xxv).
3132 4802 3185 4854 In
3222 4796 3368 4852 mille
3398 4805 3577 4849 autem
3610 4800 3895 4865 arge:.tcis

2288 4899 2570 4971 plenitudo
2602 4899 2767 4955 totius
2798 4893 3248 4952 remunerationis
3276 4888 3599 4956 osrenditur,
3635 4904 3694 4945 et
3746 4907 3897 4945 tuer-

2287 5005 2379 5047 ces
2412 4998 2786 5046 consummata
2812 4988 3104 5056 justorum.

2360 5102 2518 5158 Num.
2551 5101 2677 5157 196.
2734 5099 2915 5155 Vinea
2951 5114 3066 5153 mea
3112 5112 3287 5152 coram
3314 5114 3394 5152 me
3443 5106 3537 5151 est.
3570 5095 3892 5152 Secrmdutu

2287 5197 2432 5268 quod
2463 5196 2516 5251 in
2548 5192 2775 5250 Psalmis
2807 5193 3056 5247 canitur:
3088 5191 3239 5245 Oculi
3269 5191 3479 5245 Domini
3505 5208 3666 5260 super
3684 5196 3893 5263 justas,

2286 5299 2335 5344 et
2358 5304 2510 5343 aures
2545 5290 2656 5362 ejus
2682 5289 2737 5341 in
2789 5300 2965 5357 preces
3008 5300 3206 5340 eorum.
3239 5283 3380 5338 Dicit
3414 5283 3559 5339 enim
3592 5286 3897 5353 Apostolus

2291 5380 2545 5448 Quoniam
2575 5381 2684 5449 ipse
2738 5378 2985 5432 Dominus
3016 5377 3071 5431 in
3093 5383 3251 5449 jussu
3273 5386 3321 5430 et
3347 5376 3401 5429 in
3428 5392 3551 5429 voce
3579 5378 3897 5449 archangeli

2288 5483 2337 5528 et
2363 5475 2413 5528 in
2436 5475 2555 5527 tuba
2588 5471 2681 5524 Dei
2699 5471 2967 5526 descendet
2989 5471 3053 5525 de
3082 5470 3231 5537 (telo,
3252 5477 3302 5524 et
3329 5470 3518 5523 mortui
3545 5469 3635 5539 qui
3658 5471 3718 5524 in
3744 5472 3896 5524 Chri-

2288 5579 2366 5623 sto
2386 5578 2502 5622 sunt
2522 5576 2784 5636 resurgent
2814 5566 2987 5637 primi,
3012 5565 3196 5620 deinde
3215 5582 3307 5619 nos
3331 5566 3419 5629 qui
3444 5564 3681 5630 uicimus,
3702 5566 3795 5636 qui
3824 5585 3880 5620 τε

2288 5661 2589 5729 linquimur,
2614 5660 2770 5713 simul
2796 5661 3058 5728 rapientur
3078 5673 3196 5710 cum
3220 5659 3322 5711 illis
3351 5658 3550 5711 obviam
3581 5656 3817 5712 Domino
3844 5662 3893 5712 in

2288 5768 2431 5815 aera,
2455 5764 2501 5805 ct
2526 5752 2601 5805 sic
2631 5767 2828 5823 semper
2856 5768 2975 5805 cum
3026 5749 3246 5805 Domino
3271 5753 3461 5805 erimus
3484 5750 3531 5820 (I
3565 5749 3755 5807 Thess.
3791 5770 3832 5803 ιι
3852 5753 3892 5823 }.

2292 5848 2455 5916 Igitur
2479 5845 2600 5916 quia
2643 5862 2861 5915 semper
2893 5855 3011 5917 post
3053 5845 3506 5902 rcsurt‘cclioncm
3548 5850 3725 5903 sancti
3762 5862 3889 5902 cum
