4514 6578
516 674 772 683 __.__._
964 674 999 680 _
1306 668 2193 681 _____._________.~
2240 673 2251 680 .
2352 675 2811 685 -___.______.-__
2838 678 2905 686 ___
3381 682 3525 692 __-__.
3591 684 3654 692 .-

1702 1015 2453 1080 CHRISTIANISSIMU

1294 1215 1917 1279 FRANCORUM
1976 1216 2105 1277 ΕΤ
2163 1218 2627 1280 NAVARR/E
2670 1216 2904 1278 REGI

1588 1406 2005 1470 LUDOVICO
2048 1408 2103 1466 Α
2142 1406 2312 1467 DEO
2361 1407 2603 1468 DATO.

528 1758 1098 1820 Ecclesiasticarum
1122 1773 1332 1819 rerum
1372 1760 1729 1834 Historiam,
1762 1780 1797 1821 a
1836 1764 2091 1825 Socrate
2121 1765 2271 1825 olim
2314 1780 2386 1825 ac
2416 1765 2766 1825 Sozomeno
2800 1765 3013 1825 Graec
3052 1767 3499 1846 conscriptam,
3540 1788 3705 1837 nunc

450 1880 596 1925 vero
625 1866 689 1924 in
721 1863 1001 1926 Latinum
1032 1881 1391 1926 sermonem
1421 1883 1457 1928 a
1493 1884 1595 1928 me
1624 1884 1992 1929 conversam
2036 1876 2227 1948 atque
2274 1868 2817 1930 observationibus
2852 1867 3241 1941 illustratam,
3274 1874 3481 1930 utrum
3514 1872 3704 1950 Majo-

448 1966 589 2025 slati
626 1966 774 2024 Tua
811 1981 1179 2044 nuncupare
1209 1968 1530 2041 deberem,
1563 1986 1672 2030 rex
1723 1969 2283 2046 Christianissime,
2321 1972 2430 2033 diu
2465 1971 2860 2051 multumque
2912 1971 3213 2034 dubitavi.
3257 1974 3407 2035 Nam
3449 1992 3592 2036 cum
3627 1975 3707 2036 ab

446 2070 706 2130 ineunte
748 2074 931 2130 atate
969 2069 1189 2132 studiis
1233 2088 1336 2134 me
1374 2072 1854 2137 humanioribus
1897 2076 2305 2151 addixissem,
2345 2084 2408 2140 et
2441 2077 2721 2157 quietam
2760 2075 3288 2156 tranquillamque
3338 2075 3523 2137 vitam
3563 2093 3707 2138 cum

448 2167 670 2229 litteris
706 2172 947 2230 cunctis
976 2184 1229 2250 semper
1249 2174 1439 2236 rebus
1485 2175 2013 2255 anteposuissem,
2056 2176 2345 2257 ineptum
2381 2176 2537 2238 mihi
2558 2176 2886 2239 videbatur
2914 2181 2977 2238 et
3014 2172 3291 2237 alienum
3319 2173 3398 2235 ab
3421 2174 3706 2237 instituto

448 2276 690 2337 nostro,
731 2276 1029 2348 provecta
1049 2270 1177 2350 jam
1209 2279 1412 2348 atate,
1442 2275 1675 2352 regiam
1707 2276 1971 2350 ambire,
2001 2282 2065 2339 et
2094 2278 2477 2357 Majestatem
2497 2278 2717 2348 Tuam,
2750 2282 2846 2339 tot
2870 2275 3186 2354 tantisque
3216 2273 3559 2336 districtam
3588 2291 3703 2336 ne-

448 2372 656 2449 gotiis,
687 2372 991 2436 litterario
1041 2392 1304 2438 munere
1354 2377 1777 2457 interpellare.
1824 2378 1948 2439 Sed
1992 2386 2326 2459 postquam
2369 2380 2775 2443 animadverti
2814 2380 3195 2460 Majestatem
3239 2380 3434 2441 Tuam
3483 2377 3703 2459 hujus-

448 2471 621 2531 modi
673 2488 934 2533 munera
979 2471 1465 2554 haudquaquam
1508 2476 1855 2555 aspernari,
1886 2484 1948 2539 et
1976 2478 2256 2540 eruditos
2290 2478 2602 2554 homines,
2631 2496 2761 2541 non
2797 2496 2910 2541 eos
2937 2482 3141 2544 solum
3180 2484 3289 2564 qui
3319 2483 3436 2545 sub
3465 2486 3703 2563 princi-

450 2578 602 2649 patu
632 2578 741 2634 tuo
767 2572 1026 2650 degunt,
1064 2591 1281 2634 verum
1321 2576 1508 2637 etiam
1545 2583 1796 2639 exteros
1821 2577 2123 2655 singulari
2150 2577 2538 2641 humanitate
2566 2598 2638 2642 ac
2668 2580 3107 2647 benevolentia
3138 2583 3498 2665 complecti,
3531 2592 3593 2648 et
3624 2591 3700 2648 ad

452 2678 803 2741 excolenda
846 2680 1228 2758 Optimarum
1272 2681 1500 2744 artium
1545 2683 1747 2746 studia
1784 2692 2157 2747 cunctorum
2187 2686 2433 2749 animos
2461 2704 2666 2767 nuper
2706 2686 3075 2751 liberalitate
3101 2704 3214 2750 sua
3244 2687 3570 2763 excitasse,
3600 2688 3701 2752 in-

450 2782 606 2859 grati
640 2780 832 2841 animi
860 2778 995 2841 fere
1029 2779 1396 2855 existimavi,
1426 2781 1476 2842 si
1509 2780 1631 2844 hoc
1659 2799 1822 2863 Opus
1852 2789 1962 2845 tuo
2000 2784 2355 2864 principatu
2391 2792 2664 2865 coeptum
2696 2794 2885 2867 atque
2926 2786 3335 2860 elaboratum,
3367 2786 3545 2850 alteri
3583 2807 3701 2869 po-

448 2879 574 2941 tius
616 2896 1057 2956 consecrarem
1080 2896 1269 2958 quam
1298 2881 1434 2942 tibi.
1460 2884 1558 2943 An
1587 2900 1730 2945 cum
1756 2900 1875 2962 ego
1902 2891 1995 2946 tot
2014 2886 2145 2964 jam
2176 2885 2372 2948 libros
2404 2887 2468 2947 in
2500 2886 2703 2949 lucem
2733 2888 3072 2961 emiserim,
3105 2892 3196 2947 tot
3233 2885 3504 2948 illustres
3537 2888 3702 2952 viros

448 2982 695 3061 scriptis
722 2982 880 3043 meis
910 2981 1404 3061 pradicaverim,
1438 2982 1717 3059 reginam
1750 2986 1932 3045 etiam
1958 2995 2233 3047 externa
2263 2987 2464 3063 gentis
2496 2986 2797 3067 peculiari
2834 2985 3117 3049 oratione
3157 2984 3559 3059 laudaverim,
3598 3006 3699 3049 rc-

450 3099 593 3159 gem
642 3099 878 3154 meum,
925 3099 1132 3143 rerum
1179 3088 1487 3159 gestarum
1537 3080 1733 3159 gloria
1766 3091 1829 3144 et
1881 3084 2123 3145 cunctis
2165 3082 2311 3145 belli
2357 3085 2657 3163 pacisque
2699 3085 2934 3146 artibus
2980 3085 3416 3162 excellentem,
3450 3088 3702 3153 silentio

448 3182 862 3243 transmittam
893 3198 907 3254 ;
940 3198 1053 3243 nec
1074 3182 1369 3243 omnibus
1403 3182 1608 3244 modis
1635 3183 1976 3255 elaborem,
2019 3195 2089 3245 ut
2138 3182 2396 3264 aliquod
2434 3184 2672 3262 ingenii
2711 3185 2833 3246 mei
2870 3194 3349 3249 monumentum
3392 3188 3457 3249 in
3502 3207 3702 3267 augu-

449 3283 721 3344 stissimo
751 3284 884 3362 ejus
918 3282 1175 3343 nomine
1204 3283 1547 3362 appareat?
1580 3285 1716 3345 Huc
1742 3285 1983 3346 accedit
2008 3285 2369 3364 exemplum
2406 3286 2737 3348 Sozomeni
2772 3287 2988 3357 nostri,
3022 3287 3131 3365 qui
3159 3304 3300 3348 cum
3329 3288 3702 3353 ecclesiasti-

450 3400 588 3445 cam
629 3383 963 3444 Historiam
1014 3401 1047 3442 a
1094 3382 1451 3462 principatu
1503 3384 1890 3445 Constantini
1936 3386 2188 3448 Maximi
2223 3386 2301 3448 ad
2350 3404 2461 3448 sua
2496 3404 2697 3467 usque
2743 3394 3029 3467 tempora
3070 3404 3296 3449 novem
3338 3388 3512 3452 libris
3553 3409 3701 3455 con-

451 3483 777 3558 texuisset,
813 3500 950 3544 eam
977 3481 1338 3545 Theodosio
1367 3483 1610 3545 Juniori
1639 3484 2127 3565 nuncupandam
2164 3487 2419 3566 putavit.
2450 3489 2645 3560 Quem
2683 3495 2935 3550 secutus
2973 3489 3164 3566 longo
3202 3495 3345 3569 post
3372 3491 3699 3558 intervallo

450 3590 848 3668 Nicephorus
883 3589 1185 3659 Callistus,
1228 3583 1586 3646 Andronico
1632 3584 2013 3664 Palaologo,
2056 3588 2400 3666 Byzantino
2430 3587 2818 3668 imperatori,
2850 3607 3013 3669 opus
3059 3609 3241 3654 suum
3287 3598 3696 3661 consecravit.

452 3694 537 3771 ᾼο
564 3689 847 3771 profecto
881 3685 1360 3767 sapientissime,
1390 3691 1459 3745 ut
1482 3683 1773 3763 equidem
1806 3702 2061 3760 censeo,
2094 3693 2359 3766 uterque
2402 3684 2652 3749 illorum
2692 3688 2986 3766 judicavit
3033 3692 3271 3755 nullum
3310 3697 3561 3774 regibus
3601 3706 3695 3761 at-

451 3807 576 3870 que
609 3788 1091 3868 imperatoribus
1129 3784 1605 3848 convenientius
1645 3784 1856 3847 otl‘erri
1887 3802 2074 3865 posse
2112 3804 2362 3861 munus,
2399 3804 2589 3867 quam
2628 3786 2948 3849 historiam
2988 3808 3197 3853 rerum
3242 3795 3696 3861 ecclesiastica-

451 3909 614 3952 rum.
648 3893 793 3963 Qua
827 3889 996 3951 enim
1041 3886 1319 3965 cognitio
1352 3884 1563 3946 utilior
1600 3885 1925 3965 magisque
1964 3887 2317 3949 necessaria
2356 3894 2447 3950 est
2486 3888 2778 3968 principi,
2817 3906 3005 3968 quam
3051 3908 3263 3956 carum
3311 3914 3520 3960 rerum
3554 3917 3696 3980 qua

450 3990 528 4051 ad
556 3990 767 4070 ipsum
806 3986 1090 4068 quotidie
1130 3983 1537 4049 deferuntur?
1562 3987 1737 4047 Certe
1768 4004 1911 4049 cum
1943 3986 2161 4065 religio
2192 3988 2465 4067 primum
2497 3990 2708 4050 locum
2738 3990 3015 4051 obtineat
3043 3992 3109 4055 in
3144 3996 3486 4076 republica,
3517 4017 3695 4062 cum-

452 4110 579 4171 que
626 4110 703 4154 ex
745 4109 872 4171 quo
910 4099 1196 4171 tempore
1235 4108 1414 4169 reges
1456 4098 1644 4170 atque
1690 4092 2099 4170 imperatores
2128 4110 2267 4153 sese
2313 4093 2607 4155 Ecclesia
2651 4094 2903 4174 corpori
2948 4092 3386 4173 adjunxerunt,
3427 4101 3695 4164 maxima.

452 4210 704 4273 semper
736 4193 923 4255 fuerit
953 4209 1173 4253 eorum
1200 4192 1534 4254 auctoritas
1563 4192 1628 4252 in
1658 4192 1847 4253 rebus
1877 4192 2171 4254 Ecclesia
2201 4194 2730 4271 administrandis,
2768 4203 2949 4276 turpe
2977 4203 3166 4275 atque
3195 4197 3564 4263 indecorum
3602 4212 3696 4265 est

452 4292 573 4353 illis
603 4293 890 4371 negotia',
934 4292 1000 4353 in
1047 4291 1279 4370 quibus
1322 4290 1657 4355 tractandis
1695 4290 1945 4351 assidue
1985 4299 2331 4366 versantur,
2381 4292 2693 4370 ignorare.
2734 4296 2949 4375 Itaque
2992 4301 3261 4381 majores
3299 4305 3409 4379 tui,
3442 4306 3694 4369 Carolos

453 4393 594 4455 dico
634 4400 695 4455 et
722 4392 1094 4467 Ludovicos,
1126 4391 1235 4473 qui
1272 4394 1652 4453 Francorum
1698 4406 1894 4468 regno
1940 4391 2296 4453 Romanum
2330 4392 2665 4472 imperium
2697 4394 2865 4456 velut
2896 4402 3309 4480 appendicem
3360 4406 3691 4485 quamdam

451 4499 893 4578 adjunxerunt,
920 4498 1094 4560 omni
1122 4496 1329 4559 studio
1357 4513 1429 4558 ac
1461 4494 1780 4572 diligentia
1810 4494 1877 4555 in
1915 4494 1975 4555 id
2006 4494 2449 4570 incubuerunt,
2488 4504 2556 4558 ut
2583 4497 3141 4563 ecclesiasticarum
3178 4520 3388 4566 rerum
3424 4507 3691 4568 exactis-

450 4599 671 4659 simam
710 4597 830 4659 sibi
858 4597 1138 4660 notitiam
1169 4603 1627 4677 compararent.
1658 4594 1902 4674 Quippe
1937 4593 2370 4672 intelligebant
2400 4596 2719 4677 principes
2758 4599 3223 4679 sapientissimi,
3256 4604 3444 4664 rebus
3472 4606 3690 4669 Eccle-

450 4706 558 4767 sia
585 4706 782 4786 probe
823 4704 1173 4767 constitutis
1204 4709 1392 4783 atque
1424 4702 1748 4775 ordinatis,
1780 4700 2021 4780 reliqua
2066 4698 2368 4780 deinceps
2398 4719 2473 4763 ex
2508 4709 2651 4764 voto
2685 4704 3049 4777 succedere,
3085 4709 3147 4764 et
3187 4720 3407 4783 pacem
3445 4704 3692 4786 imperii

448 4826 523 4871 ac
549 4807 1059 4889 tranquillitatem
1102 4822 1178 4868 ex
1204 4807 1501 4870 Ecclesia
1534 4823 1690 4887 pace
1717 4822 1789 4867 ac
1812 4803 2281 4885 tranquillitate,
2322 4813 2619 4886 tanquam
2649 4824 2722 4869 ex
2758 4807 2961 4882 fonte,
3000 4824 3393 4887 promanare.
3425 4812 3689 4872 Testan-

448 4918 551 4972 tur
577 4908 700 4971 hoc
728 4908 976 4970 illorum
1009 4906 1305 4983 studium,
1338 4914 1471 4969 tum
1507 4905 1786 4967 historia
1812 4911 2075 4978 veteres,
2109 4911 2239 4966 tum
2267 4905 2437 4983 leges
2473 4907 2846 4986 capitulares
2872 4908 2951 4970 ab
2979 4907 3200 4970 iisdem
3221 4907 3403 4970 edita
3440 4927 3512 4972 ac
3536 4928 3687 4990 pro-

449 5014 739 5092 mulgata
766 5030 781 5085 ;
815 5010 1123 5091 ejusmodi
1154 5010 1428 5081 decreta,
1455 5007 1520 5067 in
1552 5006 1781 5085 quibus
1810 5006 2013 5085 primo
2060 5021 2312 5084 semper
2345 5004 2487 5067 loco
2523 5005 2601 5066 de
2644 5007 2831 5069 rebus
2862 5006 3297 5070 ecclesiasticis
3324 5020 3687 5087 sanxerunt,

450 5115 679 5193 quibus
704 5112 857 5175 nihil
884 5112 960 5173 ad
996 5109 1390 5188 disciplinam
1418 5106 1900 5168 ecclesiasticam
1928 5105 2153 5166 sanciri
2184 5106 2380 5184 possit
2404 5106 2635 5169 utilius.
2669 5107 2839 5170 Idem
2880 5110 3063 5172 etiam
3098 5116 3400 5173 testantur
3429 5113 3571 5175 libri
3599 5116 3689 5177 illi

450 5239 486 5281 a
522 5218 740 5281 Carolo
778 5219 1002 5294 Magno
1041 5215 1403 5295 conscripti,
1436 5232 1597 5293 quos
1632 5213 1818 5290 vulgo
1854 5213 2179 5275 Carolinos
2215 5220 2463 5274 vocant.
2497 5215 2636 5275 Non
2675 5214 2863 5291 igitur
2898 5217 3034 5278 sine
3068 5234 3276 5293 causa,
3305 5217 3687 5284 Christiano-

451 5336 587 5380 rum
632 5316 1031 5395 antiquitates
1068 5312 1588 5377 Christianissimo
1620 5312 1915 5393 principi,
1952 5311 2432 5373 ecclesiasticam
2474 5313 2807 5376 Historiam
2854 5316 2965 5377 tibi
2998 5318 3163 5381 inter
3190 5320 3483 5383 Ecclesia
3526 5323 3688 5387 filios

452 5419 890 5504 primogenito,
932 5413 1341 5476 dedicandam
1384 5427 1522 5472 esse
1554 5408 1921 5472 existimavi.
1954 5411 2023 5469 In
2063 5426 2210 5487 qua,
2248 5410 2399 5488 quid
2434 5418 2493 5472 ct
2518 5420 2823 5490 quantum
2860 5415 3021 5493 juris
3066 5417 3143 5478 sit
3174 5420 3447 5500 principi
3486 5422 3553 5485 in
3583 5442 3686 5486 re-

451 5526 567 5585 bus
605 5518 1060 5591 ecclesiasticis,
1093 5518 1377 5596 Majestas
1403 5517 1532 5575 Tua
1568 5512 1809 5592 liquido
1848 5512 2223 5591 perspiciet:
2266 5523 2327 5574 et
2362 5516 2893 5591 quemadmodum
2927 5536 2999 5580 ex
3041 5521 3524 5600 imperatoribus
3554 5528 3685 5589 Ro-

450 5628 673 5701 manis,
704 5626 749 5687 ii
787 5624 1044 5704 quidem
1091 5620 1200 5701 qui
1239 5617 1581 5679 Ecclesiam
1631 5615 1809 5676 savis
1850 5616 2396 5695 persecutionibus
2436 5618 2825 5693 infestarunt,
2856 5622 3107 5685 adversa
3148 5642 3401 5707 semper
3437 5628 3687 5694 fortuna

448 5729 566 5799 usi,
596 5729 842 5788 funesto
890 5723 1142 5785 tandem
1193 5719 1363 5781 exitu
1400 5715 1785 5787 interierint;
1831 5714 1873 5774 ii
1904 5730 2053 5775 vero
2093 5714 2201 5792 qui
2240 5717 2581 5779 Ecclesiam
2622 5736 2851 5797 augere
2898 5729 3087 5801 atque
3130 5741 3355 5789 ornare
3391 5731 3683 5793 omnibus

450 5828 651 5890 modis
677 5826 1067 5896 studuerunt,
1101 5824 1209 5902 qui
1238 5820 1667 5883 sacerdotibus
1706 5818 2036 5893 honorem,
2070 5817 2311 5883 clericis
2340 5820 2659 5899 privilegia
2692 5823 3275 5907 immunitatemque
3304 5831 3675 5910 tribuerunt,

728 5931 998 5990 PATROL.
1051 5928 1169 5986 Gn.
1219 5923 1469 5987 LXVII.
3136 5935 3169 5995 1
