  <div class='ocr_page' id='page_1' title='image "/cluster/home/n/w/nwhite01/storage/ocr_20150623/67/pst.000009865921/009.png"; bbox 0 0 4514 6578; ppageno 0'>
   <div class='ocr_carea' id='block_1_1' title="bbox 785 440 4078 514">
    <p class='ocr_par' dir='ltr' id='par_1_1' title="bbox 785 440 4078 514">
     <span class='ocr_line' id='line_1_1' title="bbox 785 440 4078 514; baseline -0.003 -8"><span class='ocrx_word' id='word_1_1' title='bbox 785 447 865 506; x_wconf 75' lang='grc' dir='ltr'><em>Ἠ</em></span> <span class='ocrx_word' id='word_1_2' title='bbox 2143 440 2420 500; x_wconf 80' lang='lat' dir='ltr'>HENRICI</span> <span class='ocrx_word' id='word_1_3' title='bbox 2463 443 2730 502; x_wconf 79' lang='lat' dir='ltr'>VALESII</span> <span class='ocrx_word' id='word_1_4' title='bbox 4009 450 4078 514; x_wconf 69' lang='grc' dir='ltr'>η</span> 
     </span>
    </p>
   </div>
   <div class='ocr_carea' id='block_1_2' title="bbox 802 561 4075 647">
    <p class='ocr_par' dir='ltr' id='par_1_2' title="bbox 802 561 4075 647">
     <span class='ocr_line' id='line_1_2' title="bbox 802 561 4075 647; baseline 0.003 -15"><span class='ocrx_word' id='word_1_5' title='bbox 802 567 1015 633; x_wconf 86' lang='lat' dir='ltr'>omnia</span> <span class='ocrx_word' id='word_1_6' title='bbox 1061 582 1313 647; x_wconf 82' lang='lat' dir='ltr'>semper</span> <span class='ocrx_word' id='word_1_7' title='bbox 1358 565 1498 626; x_wconf 68' lang='lat' dir='ltr'>lmta</span> <span class='ocrx_word' id='word_1_8' title='bbox 1542 581 1614 627; x_wconf 90' lang='lat' dir='ltr'>ac</span> <span class='ocrx_word' id='word_1_9' title='bbox 1655 579 1960 644; x_wconf 90' lang='lat' dir='ltr'>prospera</span> <span class='ocrx_word' id='word_1_10' title='bbox 2010 565 2252 642; x_wconf 78' lang='lat' dir='ltr'>experti</span> <span class='ocrx_word' id='word_1_11' title='bbox 2301 566 2447 636; x_wconf 89' lang='lat' dir='ltr'>sint,</span> <span class='ocrx_word' id='word_1_12' title='bbox 2482 571 2542 626; x_wconf 90' lang='lat' dir='ltr'>et</span> <span class='ocrx_word' id='word_1_13' title='bbox 2573 565 2650 626; x_wconf 92' lang='lat' dir='ltr'>de</span> <span class='ocrx_word' id='word_1_14' title='bbox 2691 561 2980 624; x_wconf 88' lang='lat' dir='ltr'>hostibus</span> <span class='ocrx_word' id='word_1_15' title='bbox 3020 579 3091 624; x_wconf 90' lang='lat' dir='ltr'>ac</span> <span class='ocrx_word' id='word_1_16' title='bbox 3122 563 3409 641; x_wconf 81' lang='lat' dir='ltr'>tyrannis</span> <span class='ocrx_word' id='word_1_17' title='bbox 3456 565 3753 632; x_wconf 87' lang='lat' dir='ltr'>maximas</span> <span class='ocrx_word' id='word_1_18' title='bbox 3774 573 4075 640; x_wconf 86' lang='lat' dir='ltr'>victorias</span> 
     </span>
    </p>
   </div>
   <div class='ocr_carea' id='block_1_3' title="bbox 803 659 4070 758">
    <p class='ocr_par' dir='ltr' id='par_1_3' title="bbox 803 659 4070 758">
     <span class='ocr_line' id='line_1_3' title="bbox 803 659 4070 758; baseline 0 -21"><span class='ocrx_word' id='word_1_19' title='bbox 803 674 1204 758; x_wconf 88' lang='lat' dir='ltr'>reportarint.</span> <span class='ocrx_word' id='word_1_20' title='bbox 1236 674 1514 746; x_wconf 89' lang='lat' dir='ltr'>Quorum</span> <span class='ocrx_word' id='word_1_21' title='bbox 1536 671 1606 727; x_wconf 88' lang='lat' dir='ltr'>tu</span> <span class='ocrx_word' id='word_1_22' title='bbox 1637 663 1932 742; x_wconf 82' lang='lat' dir='ltr'>pietatem</span> <span class='ocrx_word' id='word_1_23' title='bbox 1971 677 2114 723; x_wconf 91' lang='lat' dir='ltr'>cum</span> <span class='ocrx_word' id='word_1_24' title='bbox 2155 677 2190 722; x_wconf 92' lang='lat' dir='ltr'>a</span> <span class='ocrx_word' id='word_1_25' title='bbox 2223 661 2444 742; x_wconf 84' lang='lat' dir='ltr'>primis</span> <span class='ocrx_word' id='word_1_26' title='bbox 2474 663 2652 740; x_wconf 84' lang='lat' dir='ltr'>regni</span> <span class='ocrx_word' id='word_1_27' title='bbox 2684 660 2775 722; x_wconf 88' lang='lat' dir='ltr'>tui</span> <span class='ocrx_word' id='word_1_28' title='bbox 2805 659 3176 722; x_wconf 80' lang='lat' dir='ltr'>rudimentis</span> <span class='ocrx_word' id='word_1_29' title='bbox 3211 660 3492 724; x_wconf 88' lang='lat' dir='ltr'>imitatus</span> <span class='ocrx_word' id='word_1_30' title='bbox 3527 663 3634 740; x_wconf 89' lang='lat' dir='ltr'>sis,</span> <span class='ocrx_word' id='word_1_31' title='bbox 3655 666 3800 746; x_wconf 89' lang='lat' dir='ltr'>jure</span> <span class='ocrx_word' id='word_1_32' title='bbox 3845 675 4070 738; x_wconf 89' lang='lat' dir='ltr'>merito</span> 
     </span>
    </p>
   </div>
   <div class='ocr_carea' id='block_1_4' title="bbox 803 762 4069 846">
    <p class='ocr_par' dir='ltr' id='par_1_4' title="bbox 803 762 4069 846">
     <span class='ocr_line' id='line_1_4' title="bbox 803 762 4069 846; baseline -0 -6"><span class='ocrx_word' id='word_1_33' title='bbox 803 778 1024 840; x_wconf 89' lang='lat' dir='ltr'>eadem</span> <span class='ocrx_word' id='word_1_34' title='bbox 1054 783 1115 838; x_wconf 91' lang='lat' dir='ltr'>te</span> <span class='ocrx_word' id='word_1_35' title='bbox 1146 776 1414 838; x_wconf 85' lang='lat' dir='ltr'>felicitas</span> <span class='ocrx_word' id='word_1_36' title='bbox 1440 774 1506 836; x_wconf 91' lang='lat' dir='ltr'>in</span> <span class='ocrx_word' id='word_1_37' title='bbox 1534 767 1778 832; x_wconf 89' lang='lat' dir='ltr'>cunctis</span> <span class='ocrx_word' id='word_1_38' title='bbox 1812 765 2322 846; x_wconf 77' lang='lat' dir='ltr'>expeditionibus</span> <span class='ocrx_word' id='word_1_39' title='bbox 2368 770 2676 844; x_wconf 89' lang='lat' dir='ltr'>perpetuo</span> <span class='ocrx_word' id='word_1_40' title='bbox 2715 762 3068 825; x_wconf 79' lang='lat' dir='ltr'>comitatur.</span> <span class='ocrx_word' id='word_1_41' title='bbox 3104 764 3362 826; x_wconf 89' lang='lat' dir='ltr'>Possem</span> <span class='ocrx_word' id='word_1_42' title='bbox 3395 763 3517 829; x_wconf 90' lang='lat' dir='ltr'>hoc</span> <span class='ocrx_word' id='word_1_43' title='bbox 3564 765 3708 830; x_wconf 85' lang='lat' dir='ltr'>loco</span> <span class='ocrx_word' id='word_1_44' title='bbox 3737 769 3802 832; x_wconf 92' lang='lat' dir='ltr'>in</span> <span class='ocrx_word' id='word_1_45' title='bbox 3849 771 4069 839; x_wconf 87' lang='lat' dir='ltr'>laudes</span> 
     </span>
    </p>
   </div>
   <div class='ocr_carea' id='block_1_5' title="bbox 799 866 4068 956">
    <p class='ocr_par' dir='ltr' id='par_1_5' title="bbox 799 866 4068 956">
     <span class='ocr_line' id='line_1_5' title="bbox 799 866 4068 956; baseline 0.001 -20"><span class='ocrx_word' id='word_1_46' title='bbox 799 885 942 937; x_wconf 82' lang='lat' dir='ltr'>tuas</span> <span class='ocrx_word' id='word_1_47' title='bbox 980 874 1240 936; x_wconf 88' lang='lat' dir='ltr'>liberius</span> <span class='ocrx_word' id='word_1_48' title='bbox 1267 890 1627 947; x_wconf 75' lang='lat' dir='ltr'>excurrere,</span> <span class='ocrx_word' id='word_1_49' title='bbox 1663 870 1856 950; x_wconf 90' lang='lat' dir='ltr'>idque</span> <span class='ocrx_word' id='word_1_50' title='bbox 1886 868 2182 949; x_wconf 88' lang='lat' dir='ltr'>exemplo</span> <span class='ocrx_word' id='word_1_51' title='bbox 2213 885 2433 930; x_wconf 90' lang='lat' dir='ltr'>eorum</span> <span class='ocrx_word' id='word_1_52' title='bbox 2467 866 2850 946; x_wconf 90' lang='lat' dir='ltr'>scriptorum</span> <span class='ocrx_word' id='word_1_53' title='bbox 2884 883 3047 946; x_wconf 92' lang='lat' dir='ltr'>quos</span> <span class='ocrx_word' id='word_1_54' title='bbox 3075 883 3264 946; x_wconf 82' lang='lat' dir='ltr'>supra</span> <span class='ocrx_word' id='word_1_55' title='bbox 3313 867 3653 932; x_wconf 88' lang='lat' dir='ltr'>nominavi.</span> <span class='ocrx_word' id='word_1_56' title='bbox 3688 873 3839 936; x_wconf 90' lang='lat' dir='ltr'>Nam</span> <span class='ocrx_word' id='word_1_57' title='bbox 3877 878 4068 956; x_wconf 84' lang='lat' dir='ltr'>Maje-</span> 
     </span>
    </p>
   </div>
   <div class='ocr_carea' id='block_1_6' title="bbox 801 971 4058 1060">
    <p class='ocr_par' dir='ltr' id='par_1_6' title="bbox 801 971 4058 1060">
     <span class='ocr_line' id='line_1_6' title="bbox 801 971 4058 1060; baseline 0 -19"><span class='ocrx_word' id='word_1_58' title='bbox 801 981 972 1043; x_wconf 87' lang='lat' dir='ltr'>statis</span> <span class='ocrx_word' id='word_1_59' title='bbox 1022 983 1169 1041; x_wconf 70' lang='lat' dir='ltr'>Tuas</span> <span class='ocrx_word' id='word_1_60' title='bbox 1211 996 1311 1041; x_wconf 92' lang='lat' dir='ltr'>res</span> <span class='ocrx_word' id='word_1_61' title='bbox 1359 985 1548 1056; x_wconf 63' lang='lat' dir='ltr'>gestat</span> <span class='ocrx_word' id='word_1_62' title='bbox 1600 978 1786 1054; x_wconf 87' lang='lat' dir='ltr'>longe</span> <span class='ocrx_word' id='word_1_63' title='bbox 1831 974 2115 1055; x_wconf 88' lang='lat' dir='ltr'>profecto</span> <span class='ocrx_word' id='word_1_64' title='bbox 2168 972 2528 1036; x_wconf 90' lang='lat' dir='ltr'>uberiorem</span> <span class='ocrx_word' id='word_1_65' title='bbox 2575 973 2656 1035; x_wconf 89' lang='lat' dir='ltr'>ad</span> <span class='ocrx_word' id='word_1_66' title='bbox 2694 973 3028 1036; x_wconf 90' lang='lat' dir='ltr'>dicendum</span> <span class='ocrx_word' id='word_1_67' title='bbox 3065 971 3383 1033; x_wconf 85' lang='lat' dir='ltr'>materiam</span> <span class='ocrx_word' id='word_1_68' title='bbox 3428 974 3583 1037; x_wconf 91' lang='lat' dir='ltr'>mihi</span> <span class='ocrx_word' id='word_1_69' title='bbox 3629 979 4058 1060; x_wconf 87' lang='lat' dir='ltr'>suppeditant,</span> 
     </span>
    </p>
   </div>
   <div class='ocr_carea' id='block_1_7' title="bbox 801 1069 4070 1161">
    <p class='ocr_par' dir='ltr' id='par_1_7' title="bbox 801 1069 4070 1161">
     <span class='ocr_line' id='line_1_7' title="bbox 801 1069 4070 1161; baseline -0 -18"><span class='ocrx_word' id='word_1_70' title='bbox 801 1097 988 1160; x_wconf 85' lang='lat' dir='ltr'>quam</span> <span class='ocrx_word' id='word_1_71' title='bbox 1028 1085 1134 1141; x_wconf 91' lang='lat' dir='ltr'>aut</span> <span class='ocrx_word' id='word_1_72' title='bbox 1172 1095 1272 1141; x_wconf 87' lang='lat' dir='ltr'>res</span> <span class='ocrx_word' id='word_1_73' title='bbox 1309 1077 1650 1140; x_wconf 91' lang='lat' dir='ltr'>Theodosii</span> <span class='ocrx_word' id='word_1_74' title='bbox 1686 1074 1963 1138; x_wconf 85' lang='lat' dir='ltr'>Junioris</span> <span class='ocrx_word' id='word_1_75' title='bbox 1997 1075 2376 1146; x_wconf 82' lang='lat' dir='ltr'>Sozomeno,</span> <span class='ocrx_word' id='word_1_76' title='bbox 2422 1079 2529 1135; x_wconf 90' lang='lat' dir='ltr'>aut</span> <span class='ocrx_word' id='word_1_77' title='bbox 2573 1090 2687 1136; x_wconf 19' lang='lat' dir='ltr'>ires</span> <span class='ocrx_word' id='word_1_78' title='bbox 2724 1071 3064 1134; x_wconf 87' lang='lat' dir='ltr'>Andronici</span> <span class='ocrx_word' id='word_1_79' title='bbox 3107 1069 3466 1150; x_wconf 89' lang='lat' dir='ltr'>Nicephoro</span> <span class='ocrx_word' id='word_1_80' title='bbox 3513 1076 3662 1139; x_wconf 92' lang='lat' dir='ltr'>olim</span> <span class='ocrx_word' id='word_1_81' title='bbox 3710 1080 4070 1161; x_wconf 85' lang='lat' dir='ltr'>suppedita-</span> 
     </span>
    </p>
   </div>
   <div class='ocr_carea' id='block_1_8' title="bbox 800 1173 4065 1265">
    <p class='ocr_par' dir='ltr' id='par_1_8' title="bbox 800 1173 4065 1265">
     <span class='ocr_line' id='line_1_8' title="bbox 800 1173 4065 1265; baseline -0.002 -17"><span class='ocrx_word' id='word_1_82' title='bbox 800 1193 969 1248; x_wconf 89' lang='lat' dir='ltr'>runt.</span> <span class='ocrx_word' id='word_1_83' title='bbox 1005 1185 1128 1246; x_wconf 90' lang='lat' dir='ltr'>Sed</span> <span class='ocrx_word' id='word_1_84' title='bbox 1158 1182 1459 1265; x_wconf 91' lang='lat' dir='ltr'>quoniam</span> <span class='ocrx_word' id='word_1_85' title='bbox 1484 1182 1562 1244; x_wconf 93' lang='lat' dir='ltr'>de</span> <span class='ocrx_word' id='word_1_86' title='bbox 1593 1182 1781 1245; x_wconf 92' lang='lat' dir='ltr'>rebus</span> <span class='ocrx_word' id='word_1_87' title='bbox 1813 1178 2253 1242; x_wconf 88' lang='lat' dir='ltr'>ecclesiasticis</span> <span class='ocrx_word' id='word_1_88' title='bbox 2277 1176 2553 1258; x_wconf 88' lang='lat' dir='ltr'>primum</span> <span class='ocrx_word' id='word_1_89' title='bbox 2589 1177 2868 1241; x_wconf 84' lang='lat' dir='ltr'>instituta</span> <span class='ocrx_word' id='word_1_90' title='bbox 2903 1181 2996 1237; x_wconf 90' lang='lat' dir='ltr'>est</span> <span class='ocrx_word' id='word_1_91' title='bbox 3025 1173 3248 1249; x_wconf 87' lang='lat' dir='ltr'>oratio,</span> <span class='ocrx_word' id='word_1_92' title='bbox 3277 1189 3544 1254; x_wconf 89' lang='lat' dir='ltr'>quarum</span> <span class='ocrx_word' id='word_1_93' title='bbox 3580 1175 3898 1241; x_wconf 88' lang='lat' dir='ltr'>historiam</span> <span class='ocrx_word' id='word_1_94' title='bbox 3933 1183 4065 1242; x_wconf 80' lang='lat' dir='ltr'>Ma-</span> 
     </span>
    </p>
   </div>
   <div class='ocr_carea' id='block_1_9' title="bbox 790 1274 4063 1366">
    <p class='ocr_par' dir='ltr' id='par_1_9' title="bbox 790 1274 4063 1366">
     <span class='ocr_line' id='line_1_9' title="bbox 790 1274 4063 1366; baseline -0.001 -19"><span class='ocrx_word' id='word_1_95' title='bbox 790 1285 1004 1366; x_wconf 89' lang='lat' dir='ltr'>jestati</span> <span class='ocrx_word' id='word_1_96' title='bbox 1038 1286 1187 1346; x_wconf 74' lang='lat' dir='ltr'>Tuaa</span> <span class='ocrx_word' id='word_1_97' title='bbox 1222 1282 1547 1345; x_wconf 88' lang='lat' dir='ltr'>oblaturus</span> <span class='ocrx_word' id='word_1_98' title='bbox 1576 1281 1836 1356; x_wconf 85' lang='lat' dir='ltr'>accessi,</span> <span class='ocrx_word' id='word_1_99' title='bbox 1869 1279 2036 1341; x_wconf 89' lang='lat' dir='ltr'>malo</span> <span class='ocrx_word' id='word_1_100' title='bbox 2066 1295 2168 1340; x_wconf 92' lang='lat' dir='ltr'>me</span> <span class='ocrx_word' id='word_1_101' title='bbox 2191 1278 2353 1340; x_wconf 89' lang='lat' dir='ltr'>intra</span> <span class='ocrx_word' id='word_1_102' title='bbox 2377 1277 2494 1340; x_wconf 92' lang='lat' dir='ltr'>hos</span> <span class='ocrx_word' id='word_1_103' title='bbox 2525 1278 2680 1340; x_wconf 89' lang='lat' dir='ltr'>ﬁnes</span> <span class='ocrx_word' id='word_1_104' title='bbox 2712 1277 3060 1350; x_wconf 90' lang='lat' dir='ltr'>continere,</span> <span class='ocrx_word' id='word_1_105' title='bbox 3111 1291 3272 1354; x_wconf 94' lang='lat' dir='ltr'>quos</span> <span class='ocrx_word' id='word_1_106' title='bbox 3315 1274 3468 1336; x_wconf 87' lang='lat' dir='ltr'>mihi</span> <span class='ocrx_word' id='word_1_107' title='bbox 3513 1278 3651 1358; x_wconf 90' lang='lat' dir='ltr'>ipse</span> <span class='ocrx_word' id='word_1_108' title='bbox 3683 1279 3862 1342; x_wconf 88' lang='lat' dir='ltr'>initio</span> <span class='ocrx_word' id='word_1_109' title='bbox 3893 1299 4063 1362; x_wconf 75' lang='lat' dir='ltr'>prte-</span> 
     </span>
    </p>
   </div>
   <div class='ocr_carea' id='block_1_10' title="bbox 798 1373 4060 1467">
    <p class='ocr_par' dir='ltr' id='par_1_10' title="bbox 798 1373 4060 1467">
     <span class='ocr_line' id='line_1_10' title="bbox 798 1373 4060 1467; baseline -0.003 -17"><span class='ocrx_word' id='word_1_110' title='bbox 798 1387 1043 1467; x_wconf 89' lang='lat' dir='ltr'>scripsi,</span> <span class='ocrx_word' id='word_1_111' title='bbox 1071 1391 1132 1448; x_wconf 89' lang='lat' dir='ltr'>et</span> <span class='ocrx_word' id='word_1_112' title='bbox 1162 1402 1239 1447; x_wconf 84' lang='lat' dir='ltr'>ex</span> <span class='ocrx_word' id='word_1_113' title='bbox 1275 1383 1565 1446; x_wconf 87' lang='lat' dir='ltr'>laudibus</span> <span class='ocrx_word' id='word_1_114' title='bbox 1592 1383 1712 1444; x_wconf 87' lang='lat' dir='ltr'>tuis</span> <span class='ocrx_word' id='word_1_115' title='bbox 1739 1399 1843 1444; x_wconf 91' lang='lat' dir='ltr'>eas</span> <span class='ocrx_word' id='word_1_116' title='bbox 1873 1380 2079 1443; x_wconf 91' lang='lat' dir='ltr'>solum</span> <span class='ocrx_word' id='word_1_117' title='bbox 2106 1380 2412 1457; x_wconf 80' lang='lat' dir='ltr'>attingere</span> <span class='ocrx_word' id='word_1_118' title='bbox 2440 1395 2583 1458; x_wconf 75' lang='lat' dir='ltr'>qum</span> <span class='ocrx_word' id='word_1_119' title='bbox 2612 1379 2687 1441; x_wconf 92' lang='lat' dir='ltr'>ad</span> <span class='ocrx_word' id='word_1_120' title='bbox 2723 1377 3063 1440; x_wconf 89' lang='lat' dir='ltr'>Ecclesiam</span> <span class='ocrx_word' id='word_1_121' title='bbox 3099 1380 3160 1436; x_wconf 92' lang='lat' dir='ltr'>et</span> <span class='ocrx_word' id='word_1_122' title='bbox 3193 1373 3269 1435; x_wconf 89' lang='lat' dir='ltr'>ad</span> <span class='ocrx_word' id='word_1_123' title='bbox 3303 1374 3666 1452; x_wconf 77' lang='lat' dir='ltr'>religionem</span> <span class='ocrx_word' id='word_1_124' title='bbox 3720 1379 4060 1458; x_wconf 87' lang='lat' dir='ltr'>pertinent.</span> 
     </span>
    </p>
   </div>
   <div class='ocr_carea' id='block_1_11' title="bbox 798 1475 4059 1566">
    <p class='ocr_par' dir='ltr' id='par_1_11' title="bbox 798 1475 4059 1566">
     <span class='ocr_line' id='line_1_11' title="bbox 798 1475 4059 1566; baseline -0.003 -15"><span class='ocrx_word' id='word_1_125' title='bbox 798 1489 967 1551; x_wconf 91' lang='lat' dir='ltr'>Nihil</span> <span class='ocrx_word' id='word_1_126' title='bbox 1007 1488 1197 1566; x_wconf 82' lang='lat' dir='ltr'>igitur</span> <span class='ocrx_word' id='word_1_127' title='bbox 1225 1485 1429 1550; x_wconf 89' lang='lat' dir='ltr'>dicam</span> <span class='ocrx_word' id='word_1_128' title='bbox 1456 1483 1535 1546; x_wconf 92' lang='lat' dir='ltr'>de</span> <span class='ocrx_word' id='word_1_129' title='bbox 1556 1481 1791 1543; x_wconf 83' lang='lat' dir='ltr'>eximia</span> <span class='ocrx_word' id='word_1_130' title='bbox 1829 1478 2215 1541; x_wconf 87' lang='lat' dir='ltr'>humanitate</span> <span class='ocrx_word' id='word_1_131' title='bbox 2255 1485 2384 1552; x_wconf 91' lang='lat' dir='ltr'>tua,</span> <span class='ocrx_word' id='word_1_132' title='bbox 2419 1495 2542 1557; x_wconf 89' lang='lat' dir='ltr'>qua</span> <span class='ocrx_word' id='word_1_133' title='bbox 2574 1475 3174 1540; x_wconf 89' lang='lat' dir='ltr'>cunctosadeuntes</span> <span class='ocrx_word' id='word_1_134' title='bbox 3216 1475 3508 1554; x_wconf 79' lang='lat' dir='ltr'>excipere</span> <span class='ocrx_word' id='word_1_135' title='bbox 3545 1477 3750 1552; x_wconf 88' lang='lat' dir='ltr'>soles;</span> <span class='ocrx_word' id='word_1_136' title='bbox 3785 1480 3941 1541; x_wconf 87' lang='lat' dir='ltr'>nihil</span> <span class='ocrx_word' id='word_1_137' title='bbox 3980 1481 4059 1544; x_wconf 86' lang='lat' dir='ltr'>de</span> 
     </span>
    </p>
   </div>
   <div class='ocr_carea' id='block_1_12' title="bbox 796 1575 4062 1670">
    <p class='ocr_par' dir='ltr' id='par_1_12' title="bbox 796 1575 4062 1670">
     <span class='ocr_line' id='line_1_12' title="bbox 796 1575 4062 1670; baseline -0.004 -15"><span class='ocrx_word' id='word_1_138' title='bbox 796 1590 1153 1656; x_wconf 85' lang='lat' dir='ltr'>admirabili</span> <span class='ocrx_word' id='word_1_139' title='bbox 1184 1588 1539 1670; x_wconf 87' lang='lat' dir='ltr'>prudentia,</span> <span class='ocrx_word' id='word_1_140' title='bbox 1574 1601 1698 1665; x_wconf 91' lang='lat' dir='ltr'>qua</span> <span class='ocrx_word' id='word_1_141' title='bbox 1727 1590 1788 1646; x_wconf 90' lang='lat' dir='ltr'>et</span> <span class='ocrx_word' id='word_1_142' title='bbox 1818 1582 2021 1645; x_wconf 87' lang='lat' dir='ltr'>civilia</span> <span class='ocrx_word' id='word_1_143' title='bbox 2058 1588 2119 1643; x_wconf 90' lang='lat' dir='ltr'>et</span> <span class='ocrx_word' id='word_1_144' title='bbox 2146 1580 2369 1644; x_wconf 90' lang='lat' dir='ltr'>bellica</span> <span class='ocrx_word' id='word_1_145' title='bbox 2413 1581 2666 1658; x_wconf 87' lang='lat' dir='ltr'>negotia</span> <span class='ocrx_word' id='word_1_146' title='bbox 2713 1580 3148 1653; x_wconf 90' lang='lat' dir='ltr'>administras;</span> <span class='ocrx_word' id='word_1_147' title='bbox 3181 1577 3337 1640; x_wconf 86' lang='lat' dir='ltr'>nihil</span> <span class='ocrx_word' id='word_1_148' title='bbox 3369 1575 3447 1638; x_wconf 93' lang='lat' dir='ltr'>de</span> <span class='ocrx_word' id='word_1_149' title='bbox 3473 1577 3732 1656; x_wconf 89' lang='lat' dir='ltr'>justitia,</span> <span class='ocrx_word' id='word_1_150' title='bbox 3760 1597 3945 1660; x_wconf 84' lang='lat' dir='ltr'>quam</span> <span class='ocrx_word' id='word_1_151' title='bbox 3994 1581 4062 1644; x_wconf 91' lang='lat' dir='ltr'>in</span> 
     </span>
    </p>
   </div>
   <div class='ocr_carea' id='block_1_13' title="bbox 799 1675 4061 1764">
    <p class='ocr_par' dir='ltr' id='par_1_13' title="bbox 799 1675 4061 1764">
     <span class='ocr_line' id='line_1_13' title="bbox 799 1675 4061 1764; baseline -0.003 -10"><span class='ocrx_word' id='word_1_152' title='bbox 799 1691 1094 1755; x_wconf 89' lang='lat' dir='ltr'>omnibus</span> <span class='ocrx_word' id='word_1_153' title='bbox 1131 1689 1310 1752; x_wconf 86' lang='lat' dir='ltr'>factis</span> <span class='ocrx_word' id='word_1_154' title='bbox 1345 1685 1656 1764; x_wconf 91' lang='lat' dir='ltr'>dictisque</span> <span class='ocrx_word' id='word_1_155' title='bbox 1702 1681 2172 1761; x_wconf 87' lang='lat' dir='ltr'>religiosissime</span> <span class='ocrx_word' id='word_1_156' title='bbox 2212 1696 2460 1754; x_wconf 90' lang='lat' dir='ltr'>servas;</span> <span class='ocrx_word' id='word_1_157' title='bbox 2504 1679 2658 1740; x_wconf 91' lang='lat' dir='ltr'>nihil</span> <span class='ocrx_word' id='word_1_158' title='bbox 2690 1680 2767 1741; x_wconf 86' lang='lat' dir='ltr'>de</span> <span class='ocrx_word' id='word_1_159' title='bbox 2800 1677 3152 1741; x_wconf 90' lang='lat' dir='ltr'>incredibili</span> <span class='ocrx_word' id='word_1_160' title='bbox 3191 1677 3406 1755; x_wconf 88' lang='lat' dir='ltr'>vigore</span> <span class='ocrx_word' id='word_1_161' title='bbox 3449 1675 3689 1753; x_wconf 87' lang='lat' dir='ltr'>ingenii</span> <span class='ocrx_word' id='word_1_162' title='bbox 3739 1679 3867 1753; x_wconf 87' lang='lat' dir='ltr'>tui;</span> <span class='ocrx_word' id='word_1_163' title='bbox 3901 1679 4061 1744; x_wconf 91' lang='lat' dir='ltr'>nihil</span> 
     </span>
    </p>
   </div>
   <div class='ocr_carea' id='block_1_14' title="bbox 795 1773 4059 1872">
    <p class='ocr_par' dir='ltr' id='par_1_14' title="bbox 795 1773 4059 1872">
     <span class='ocr_line' id='line_1_14' title="bbox 795 1773 4059 1872; baseline -0.004 -18"><span class='ocrx_word' id='word_1_164' title='bbox 795 1790 877 1854; x_wconf 89' lang='lat' dir='ltr'>de</span> <span class='ocrx_word' id='word_1_165' title='bbox 913 1789 1156 1872; x_wconf 81' lang='lat' dir='ltr'>prolixa</span> <span class='ocrx_word' id='word_1_166' title='bbox 1192 1787 1260 1849; x_wconf 90' lang='lat' dir='ltr'>in</span> <span class='ocrx_word' id='word_1_167' title='bbox 1301 1785 1536 1848; x_wconf 90' lang='lat' dir='ltr'>litteras</span> <span class='ocrx_word' id='word_1_168' title='bbox 1567 1779 2023 1854; x_wconf 87' lang='lat' dir='ltr'>muniﬁcentia,</span> <span class='ocrx_word' id='word_1_169' title='bbox 2054 1795 2322 1858; x_wconf 89' lang='lat' dir='ltr'>quarum</span> <span class='ocrx_word' id='word_1_170' title='bbox 2362 1783 2424 1840; x_wconf 93' lang='lat' dir='ltr'>te</span> <span class='ocrx_word' id='word_1_171' title='bbox 2462 1785 2802 1858; x_wconf 90' lang='lat' dir='ltr'>patronum</span> <span class='ocrx_word' id='word_1_172' title='bbox 2833 1778 2959 1857; x_wconf 91' lang='lat' dir='ltr'>jam</span> <span class='ocrx_word' id='word_1_173' title='bbox 3003 1777 3248 1858; x_wconf 91' lang='lat' dir='ltr'>pridem</span> <span class='ocrx_word' id='word_1_174' title='bbox 3291 1773 3643 1836; x_wconf 87' lang='lat' dir='ltr'>declarasti.</span> <span class='ocrx_word' id='word_1_175' title='bbox 3677 1776 4059 1842; x_wconf 66' lang='lat' dir='ltr'>Prmtermit-</span> 
     </span>
    </p>
   </div>
   <div class='ocr_carea' id='block_1_15' title="bbox 795 1875 4059 1965">
    <p class='ocr_par' dir='ltr' id='par_1_15' title="bbox 795 1875 4059 1965">
     <span class='ocr_line' id='line_1_15' title="bbox 795 1875 4059 1965; baseline -0.003 -10"><span class='ocrx_word' id='word_1_176' title='bbox 795 1900 922 1954; x_wconf 90' lang='lat' dir='ltr'>tam</span> <span class='ocrx_word' id='word_1_177' title='bbox 976 1897 1070 1953; x_wconf 92' lang='lat' dir='ltr'>tot</span> <span class='ocrx_word' id='word_1_178' title='bbox 1103 1889 1364 1953; x_wconf 89' lang='lat' dir='ltr'>bellicas</span> <span class='ocrx_word' id='word_1_179' title='bbox 1392 1883 1828 1965; x_wconf 74' lang='lat' dir='ltr'>expeditiones</span> <span class='ocrx_word' id='word_1_180' title='bbox 1853 1887 2014 1953; x_wconf 90' lang='lat' dir='ltr'>tuas,</span> <span class='ocrx_word' id='word_1_181' title='bbox 2054 1877 2554 1959; x_wconf 82' lang='lat' dir='ltr'>expugnationes</span> <span class='ocrx_word' id='word_1_182' title='bbox 2598 1878 2845 1939; x_wconf 90' lang='lat' dir='ltr'>urbium</span> <span class='ocrx_word' id='word_1_183' title='bbox 2893 1884 3082 1957; x_wconf 86' lang='lat' dir='ltr'>atque</span> <span class='ocrx_word' id='word_1_184' title='bbox 3127 1875 3530 1957; x_wconf 83' lang='lat' dir='ltr'>Oppidorum,</span> <span class='ocrx_word' id='word_1_185' title='bbox 3573 1879 3884 1940; x_wconf 85' lang='lat' dir='ltr'>exercitus</span> <span class='ocrx_word' id='word_1_186' title='bbox 3939 1880 4059 1944; x_wconf 89' lang='lat' dir='ltr'>ho-</span> 
     </span>
    </p>
   </div>
   <div class='ocr_carea' id='block_1_16' title="bbox 798 1978 4060 2066">
    <p class='ocr_par' dir='ltr' id='par_1_16' title="bbox 798 1978 4060 2066">
     <span class='ocr_line' id='line_1_16' title="bbox 798 1978 4060 2066; baseline -0.002 -15"><span class='ocrx_word' id='word_1_187' title='bbox 798 1993 986 2054; x_wconf 89' lang='lat' dir='ltr'>stium</span> <span class='ocrx_word' id='word_1_188' title='bbox 1033 2006 1256 2062; x_wconf 56' lang='lat' dir='ltr'>cassos,</span> <span class='ocrx_word' id='word_1_189' title='bbox 1305 1995 1542 2066; x_wconf 70' lang='lat' dir='ltr'>trepzea</span> <span class='ocrx_word' id='word_1_190' title='bbox 1591 1983 1656 2044; x_wconf 91' lang='lat' dir='ltr'>in</span> <span class='ocrx_word' id='word_1_191' title='bbox 1698 1981 1938 2060; x_wconf 89' lang='lat' dir='ltr'>Belgio,</span> <span class='ocrx_word' id='word_1_192' title='bbox 1971 1980 2035 2041; x_wconf 90' lang='lat' dir='ltr'>in</span> <span class='ocrx_word' id='word_1_193' title='bbox 2077 1979 2424 2052; x_wconf 86' lang='lat' dir='ltr'>Germania,</span> <span class='ocrx_word' id='word_1_194' title='bbox 2480 1985 2541 2040; x_wconf 86' lang='lat' dir='ltr'>et</span> <span class='ocrx_word' id='word_1_195' title='bbox 2577 1978 2644 2039; x_wconf 90' lang='lat' dir='ltr'>in</span> <span class='ocrx_word' id='word_1_196' title='bbox 2680 1979 2884 2040; x_wconf 85' lang='lat' dir='ltr'>media</span> <span class='ocrx_word' id='word_1_197' title='bbox 2936 1985 3142 2041; x_wconf 86' lang='lat' dir='ltr'>erecta</span> <span class='ocrx_word' id='word_1_198' title='bbox 3199 1978 3543 2039; x_wconf 86' lang='lat' dir='ltr'>Pannonia.</span> <span class='ocrx_word' id='word_1_199' title='bbox 3580 1979 3782 2041; x_wconf 85' lang='lat' dir='ltr'>Taceo</span> <span class='ocrx_word' id='word_1_200' title='bbox 3827 1982 4060 2047; x_wconf 87' lang='lat' dir='ltr'>Turcos</span> 
     </span>
    </p>
   </div>
   <div class='ocr_carea' id='block_1_17' title="bbox 779 2074 4060 2168">
    <p class='ocr_par' dir='ltr' id='par_1_17' title="bbox 779 2074 4060 2168">
     <span class='ocr_line' id='line_1_17' title="bbox 779 2074 4060 2168; baseline -0.002 -18"><span class='ocrx_word' id='word_1_201' title='bbox 779 2089 1004 2168; x_wconf 79' lang='lat' dir='ltr'>primo</span> <span class='ocrx_word' id='word_1_202' title='bbox 1034 2085 1306 2148; x_wconf 91' lang='lat' dir='ltr'>adventu</span> <span class='ocrx_word' id='word_1_203' title='bbox 1337 2082 1659 2162; x_wconf 81' lang='lat' dir='ltr'>COpiarum</span> <span class='ocrx_word' id='word_1_204' title='bbox 1699 2084 1947 2140; x_wconf 90' lang='lat' dir='ltr'>tuarum</span> <span class='ocrx_word' id='word_1_205' title='bbox 1994 2075 2169 2138; x_wconf 81' lang='lat' dir='ltr'>fusos</span> <span class='ocrx_word' id='word_1_206' title='bbox 2215 2082 2277 2138; x_wconf 90' lang='lat' dir='ltr'>et</span> <span class='ocrx_word' id='word_1_207' title='bbox 2321 2074 2592 2153; x_wconf 86' lang='lat' dir='ltr'>fugatos,</span> <span class='ocrx_word' id='word_1_208' title='bbox 2629 2081 2691 2138; x_wconf 87' lang='lat' dir='ltr'>et</span> <span class='ocrx_word' id='word_1_209' title='bbox 2735 2092 2984 2138; x_wconf 88' lang='lat' dir='ltr'>amnem</span> <span class='ocrx_word' id='word_1_210' title='bbox 3033 2075 3442 2139; x_wconf 85' lang='lat' dir='ltr'>cadaveribus</span> <span class='ocrx_word' id='word_1_211' title='bbox 3495 2075 3848 2156; x_wconf 89' lang='lat' dir='ltr'>oppletum.</span> <span class='ocrx_word' id='word_1_212' title='bbox 3892 2080 4060 2142; x_wconf 86' lang='lat' dir='ltr'>Nihil</span> 
     </span>
    </p>
   </div>
   <div class='ocr_carea' id='block_1_18' title="bbox 796 2176 4059 2258">
    <p class='ocr_par' dir='ltr' id='par_1_18' title="bbox 796 2176 4059 2258">
     <span class='ocr_line' id='line_1_18' title="bbox 796 2176 4059 2258; baseline -0.002 -8"><span class='ocrx_word' id='word_1_213' title='bbox 796 2188 1004 2250; x_wconf 91' lang='lat' dir='ltr'>dicam</span> <span class='ocrx_word' id='word_1_214' title='bbox 1041 2185 1119 2247; x_wconf 91' lang='lat' dir='ltr'>de</span> <span class='ocrx_word' id='word_1_215' title='bbox 1169 2184 1508 2247; x_wconf 89' lang='lat' dir='ltr'>novissima</span> <span class='ocrx_word' id='word_1_216' title='bbox 1547 2178 1948 2258; x_wconf 84' lang='lat' dir='ltr'>expeditione</span> <span class='ocrx_word' id='word_1_217' title='bbox 1991 2183 2097 2240; x_wconf 88' lang='lat' dir='ltr'>tua</span> <span class='ocrx_word' id='word_1_218' title='bbox 2128 2178 2192 2239; x_wconf 91' lang='lat' dir='ltr'>in</span> <span class='ocrx_word' id='word_1_219' title='bbox 2223 2176 2536 2255; x_wconf 86' lang='lat' dir='ltr'>Belgium,</span> <span class='ocrx_word' id='word_1_220' title='bbox 2566 2194 2690 2257; x_wconf 88' lang='lat' dir='ltr'>qua</span> <span class='ocrx_word' id='word_1_221' title='bbox 2725 2177 2942 2258; x_wconf 84' lang='lat' dir='ltr'>plures</span> <span class='ocrx_word' id='word_1_222' title='bbox 2976 2178 3164 2240; x_wconf 90' lang='lat' dir='ltr'>urbes</span> <span class='ocrx_word' id='word_1_223' title='bbox 3196 2177 3383 2239; x_wconf 89' lang='lat' dir='ltr'>unius</span> <span class='ocrx_word' id='word_1_224' title='bbox 3427 2178 3658 2238; x_wconf 65' lang='lat' dir='ltr'>asstatis</span> <span class='ocrx_word' id='word_1_225' title='bbox 3707 2179 3909 2258; x_wconf 86' lang='lat' dir='ltr'>spatio</span> <span class='ocrx_word' id='word_1_226' title='bbox 3950 2198 4059 2242; x_wconf 87' lang='lat' dir='ltr'>ce-</span> 
     </span>
    </p>
   </div>
   <div class='ocr_carea' id='block_1_19' title="bbox 798 2273 4054 2367">
    <p class='ocr_par' dir='ltr' id='par_1_19' title="bbox 798 2273 4054 2367">
     <span class='ocr_line' id='line_1_19' title="bbox 798 2273 4054 2367; baseline -0.002 -20"><span class='ocrx_word' id='word_1_227' title='bbox 798 2286 972 2367; x_wconf 91' lang='lat' dir='ltr'>pisti,</span> <span class='ocrx_word' id='word_1_228' title='bbox 1004 2301 1194 2366; x_wconf 90' lang='lat' dir='ltr'>quam</span> <span class='ocrx_word' id='word_1_229' title='bbox 1221 2288 1352 2346; x_wconf 92' lang='lat' dir='ltr'>toto</span> <span class='ocrx_word' id='word_1_230' title='bbox 1379 2277 1708 2359; x_wconf 90' lang='lat' dir='ltr'>superiore</span> <span class='ocrx_word' id='word_1_231' title='bbox 1743 2275 1912 2340; x_wconf 90' lang='lat' dir='ltr'>bello</span> <span class='ocrx_word' id='word_1_232' title='bbox 1949 2293 1985 2339; x_wconf 90' lang='lat' dir='ltr'>a</span> <span class='ocrx_word' id='word_1_233' title='bbox 2015 2275 2172 2338; x_wconf 61' lang='lat' dir='ltr'>diva;</span> <span class='ocrx_word' id='word_1_234' title='bbox 2206 2275 2528 2338; x_wconf 78' lang='lat' dir='ltr'>memoriae</span> <span class='ocrx_word' id='word_1_235' title='bbox 2559 2277 2875 2340; x_wconf 88' lang='lat' dir='ltr'>Ludovico</span> <span class='ocrx_word' id='word_1_236' title='bbox 2916 2285 3175 2358; x_wconf 88' lang='lat' dir='ltr'>parente</span> <span class='ocrx_word' id='word_1_237' title='bbox 3221 2282 3330 2338; x_wconf 92' lang='lat' dir='ltr'>tuo</span> <span class='ocrx_word' id='word_1_238' title='bbox 3368 2273 3624 2338; x_wconf 82' lang='lat' dir='ltr'>fuerant</span> <span class='ocrx_word' id='word_1_239' title='bbox 3655 2288 4054 2358; x_wconf 63' lang='lat' dir='ltr'>expugnatae.</span> 
     </span>
    </p>
   </div>
   <div class='ocr_carea' id='block_1_20' title="bbox 800 2375 4058 2460">
    <p class='ocr_par' dir='ltr' id='par_1_20' title="bbox 800 2375 4058 2460">
     <span class='ocr_line' id='line_1_20' title="bbox 800 2375 4058 2460; baseline -0.002 -8"><span class='ocrx_word' id='word_1_240' title='bbox 800 2390 976 2451; x_wconf 88' lang='lat' dir='ltr'>Mitto</span> <span class='ocrx_word' id='word_1_241' title='bbox 1021 2387 1386 2450; x_wconf 89' lang='lat' dir='ltr'>comitatum</span> <span class='ocrx_word' id='word_1_242' title='bbox 1430 2378 1832 2457; x_wconf 79' lang='lat' dir='ltr'>Burgundiae,</span> <span class='ocrx_word' id='word_1_243' title='bbox 1865 2377 2075 2440; x_wconf 91' lang='lat' dir='ltr'>medio</span> <span class='ocrx_word' id='word_1_244' title='bbox 2113 2375 2340 2439; x_wconf 89' lang='lat' dir='ltr'>hiemis</span> <span class='ocrx_word' id='word_1_245' title='bbox 2381 2377 2596 2456; x_wconf 87' lang='lat' dir='ltr'>algore</span> <span class='ocrx_word' id='word_1_246' title='bbox 2632 2383 2880 2456; x_wconf 88' lang='lat' dir='ltr'>raptum</span> <span class='ocrx_word' id='word_1_247' title='bbox 2912 2377 3125 2456; x_wconf 91' lang='lat' dir='ltr'>potius</span> <span class='ocrx_word' id='word_1_248' title='bbox 3155 2393 3339 2456; x_wconf 87' lang='lat' dir='ltr'>quam</span> <span class='ocrx_word' id='word_1_249' title='bbox 3387 2389 3662 2460; x_wconf 89' lang='lat' dir='ltr'>captum.</span> <span class='ocrx_word' id='word_1_250' title='bbox 3699 2382 3870 2446; x_wconf 88' lang='lat' dir='ltr'>Illam</span> <span class='ocrx_word' id='word_1_251' title='bbox 3911 2403 4058 2449; x_wconf 78' lang='lat' dir='ltr'>vero</span> 
     </span>
    </p>
   </div>
   <div class='ocr_carea' id='block_1_21' title="bbox 790 2478 4052 2568">
    <p class='ocr_par' dir='ltr' id='par_1_21' title="bbox 790 2478 4052 2568">
     <span class='ocr_line' id='line_1_21' title="bbox 790 2478 4052 2568; baseline 0.001 -18"><span class='ocrx_word' id='word_1_252' title='bbox 790 2503 1040 2568; x_wconf 87' lang='lat' dir='ltr'>pacem,</span> <span class='ocrx_word' id='word_1_253' title='bbox 1088 2501 1277 2566; x_wconf 89' lang='lat' dir='ltr'>quam</span> <span class='ocrx_word' id='word_1_254' title='bbox 1322 2500 1529 2563; x_wconf 88' lang='lat' dir='ltr'>nuper</span> <span class='ocrx_word' id='word_1_255' title='bbox 1574 2478 1950 2560; x_wconf 86' lang='lat' dir='ltr'>Aquisgrani</span> <span class='ocrx_word' id='word_1_256' title='bbox 1985 2495 2128 2541; x_wconf 92' lang='lat' dir='ltr'>cum</span> <span class='ocrx_word' id='word_1_257' title='bbox 2175 2495 2323 2557; x_wconf 86' lang='lat' dir='ltr'>rege</span> <span class='ocrx_word' id='word_1_258' title='bbox 2352 2479 2634 2559; x_wconf 88' lang='lat' dir='ltr'>Hispano</span> <span class='ocrx_word' id='word_1_259' title='bbox 2676 2479 2993 2559; x_wconf 86' lang='lat' dir='ltr'>pepigisti,</span> <span class='ocrx_word' id='word_1_260' title='bbox 3027 2481 3247 2543; x_wconf 90' lang='lat' dir='ltr'>tacitus</span> <span class='ocrx_word' id='word_1_261' title='bbox 3282 2483 3602 2561; x_wconf 67' lang='lat' dir='ltr'>praaterire</span> <span class='ocrx_word' id='word_1_262' title='bbox 3641 2485 3816 2549; x_wconf 91' lang='lat' dir='ltr'>nullo</span> <span class='ocrx_word' id='word_1_263' title='bbox 3861 2492 4052 2554; x_wconf 91' lang='lat' dir='ltr'>modo</span> 
     </span>
    </p>
   </div>
   <div class='ocr_carea' id='block_1_22' title="bbox 795 2577 4056 2669">
    <p class='ocr_par' dir='ltr' id='par_1_22' title="bbox 795 2577 4056 2669">
     <span class='ocr_line' id='line_1_22' title="bbox 795 2577 4056 2669; baseline 0.005 -28"><span class='ocrx_word' id='word_1_264' title='bbox 795 2603 1078 2669; x_wconf 84' lang='lat' dir='ltr'>possum.</span> <span class='ocrx_word' id='word_1_265' title='bbox 1109 2587 1238 2658; x_wconf 86' lang='lat' dir='ltr'>Qua</span> <span class='ocrx_word' id='word_1_266' title='bbox 1273 2584 1337 2644; x_wconf 91' lang='lat' dir='ltr'>in</span> <span class='ocrx_word' id='word_1_267' title='bbox 1363 2579 1828 2661; x_wconf 90' lang='lat' dir='ltr'>componenda,</span> <span class='ocrx_word' id='word_1_268' title='bbox 1858 2585 2085 2658; x_wconf 90' lang='lat' dir='ltr'>quanta</span> <span class='ocrx_word' id='word_1_269' title='bbox 2113 2584 2277 2640; x_wconf 74' lang='lat' dir='ltr'>esset</span> <span class='ocrx_word' id='word_1_270' title='bbox 2306 2580 2569 2658; x_wconf 73' lang='lat' dir='ltr'>aaquitas</span> <span class='ocrx_word' id='word_1_271' title='bbox 2602 2595 2675 2640; x_wconf 92' lang='lat' dir='ltr'>ac</span> <span class='ocrx_word' id='word_1_272' title='bbox 2712 2577 3058 2639; x_wconf 91' lang='lat' dir='ltr'>moderatio</span> <span class='ocrx_word' id='word_1_273' title='bbox 3095 2579 3286 2643; x_wconf 87' lang='lat' dir='ltr'>animi</span> <span class='ocrx_word' id='word_1_274' title='bbox 3329 2585 3418 2646; x_wconf 91' lang='lat' dir='ltr'>tui</span> <span class='ocrx_word' id='word_1_275' title='bbox 3467 2589 3799 2667; x_wconf 85' lang='lat' dir='ltr'>perspicue</span> <span class='ocrx_word' id='word_1_276' title='bbox 3844 2593 4056 2657; x_wconf 90' lang='lat' dir='ltr'>decla-</span> 
     </span>
    </p>
   </div>
   <div class='ocr_carea' id='block_1_23' title="bbox 797 2681 4058 2764">
    <p class='ocr_par' dir='ltr' id='par_1_23' title="bbox 797 2681 4058 2764">
     <span class='ocr_line' id='line_1_23' title="bbox 797 2681 4058 2764; baseline 0.003 -14"><span class='ocrx_word' id='word_1_277' title='bbox 797 2688 967 2750; x_wconf 90' lang='lat' dir='ltr'>rasti.</span> <span class='ocrx_word' id='word_1_278' title='bbox 1015 2688 1152 2748; x_wconf 90' lang='lat' dir='ltr'>Non</span> <span class='ocrx_word' id='word_1_279' title='bbox 1178 2685 1347 2747; x_wconf 90' lang='lat' dir='ltr'>enim</span> <span class='ocrx_word' id='word_1_280' title='bbox 1376 2684 1804 2764; x_wconf 88' lang='lat' dir='ltr'>ampliﬁcandi</span> <span class='ocrx_word' id='word_1_281' title='bbox 1836 2681 2343 2764; x_wconf 68' lang='lat' dir='ltr'>regni&#39;cupiditas</span> <span class='ocrx_word' id='word_1_282' title='bbox 2370 2689 2431 2745; x_wconf 92' lang='lat' dir='ltr'>te</span> <span class='ocrx_word' id='word_1_283' title='bbox 2453 2700 2487 2745; x_wconf 89' lang='lat' dir='ltr'>a</span> <span class='ocrx_word' id='word_1_284' title='bbox 2521 2689 2690 2744; x_wconf 85' lang='lat' dir='ltr'>recto</span> <span class='ocrx_word' id='word_1_285' title='bbox 2727 2683 2984 2762; x_wconf 75' lang='lat' dir='ltr'>justitite</span> <span class='ocrx_word' id='word_1_286' title='bbox 3018 2685 3264 2746; x_wconf 90' lang='lat' dir='ltr'>tramite</span> <span class='ocrx_word' id='word_1_287' title='bbox 3300 2689 3578 2752; x_wconf 82' lang='lat' dir='ltr'>abduxit.</span> <span class='ocrx_word' id='word_1_288' title='bbox 3613 2695 3751 2755; x_wconf 89' lang='lat' dir='ltr'>Non</span> <span class='ocrx_word' id='word_1_289' title='bbox 3793 2697 4058 2762; x_wconf 91' lang='lat' dir='ltr'>militum</span> 
     </span>
    </p>
   </div>
   <div class='ocr_carea' id='block_1_24' title="bbox 791 2787 4060 2874">
    <p class='ocr_par' dir='ltr' id='par_1_24' title="bbox 791 2787 4060 2874">
     <span class='ocr_line' id='line_1_24' title="bbox 791 2787 4060 2874; baseline 0.003 -19"><span class='ocrx_word' id='word_1_290' title='bbox 791 2799 1053 2854; x_wconf 91' lang='lat' dir='ltr'>tuorum</span> <span class='ocrx_word' id='word_1_291' title='bbox 1104 2790 1297 2852; x_wconf 91' lang='lat' dir='ltr'>robur</span> <span class='ocrx_word' id='word_1_292' title='bbox 1339 2807 1411 2851; x_wconf 93' lang='lat' dir='ltr'>ac</span> <span class='ocrx_word' id='word_1_293' title='bbox 1447 2788 1805 2863; x_wconf 90' lang='lat' dir='ltr'>multitudo,</span> <span class='ocrx_word' id='word_1_294' title='bbox 1840 2805 1969 2848; x_wconf 90' lang='lat' dir='ltr'>non</span> <span class='ocrx_word' id='word_1_295' title='bbox 2021 2787 2250 2850; x_wconf 89' lang='lat' dir='ltr'>ducum</span> <span class='ocrx_word' id='word_1_296' title='bbox 2294 2787 2677 2866; x_wconf 72' lang='lat' dir='ltr'>praestantia,</span> <span class='ocrx_word' id='word_1_297' title='bbox 2718 2802 2846 2848; x_wconf 90' lang='lat' dir='ltr'>non</span> <span class='ocrx_word' id='word_1_298' title='bbox 2889 2787 3262 2864; x_wconf 87' lang='lat' dir='ltr'>magnitudo</span> <span class='ocrx_word' id='word_1_299' title='bbox 3291 2789 3497 2853; x_wconf 91' lang='lat' dir='ltr'>bellici</span> <span class='ocrx_word' id='word_1_300' title='bbox 3539 2805 3896 2874; x_wconf 87' lang='lat' dir='ltr'>apparatus,</span> <span class='ocrx_word' id='word_1_301' title='bbox 3932 2813 4060 2864; x_wconf 87' lang='lat' dir='ltr'>non</span> 
     </span>
    </p>
   </div>
   <div class='ocr_carea' id='block_1_25' title="bbox 774 2885 4056 2978">
    <p class='ocr_par' dir='ltr' id='par_1_25' title="bbox 774 2885 4056 2978">
     <span class='ocr_line' id='line_1_25' title="bbox 774 2885 4056 2978; baseline 0.003 -25"><span class='ocrx_word' id='word_1_302' title='bbox 774 2890 1068 2954; x_wconf 84' lang='lat' dir='ltr'>hostium</span> <span class='ocrx_word' id='word_1_303' title='bbox 1099 2888 1443 2971; x_wconf 63' lang='lat' dir='ltr'>provinciae</span> <span class='ocrx_word' id='word_1_304' title='bbox 1473 2888 1843 2950; x_wconf 89' lang='lat' dir='ltr'>militaribus</span> <span class='ocrx_word' id='word_1_305' title='bbox 1873 2887 2076 2967; x_wconf 83' lang='lat' dir='ltr'>cOpiis</span> <span class='ocrx_word' id='word_1_306' title='bbox 2106 2885 2378 2960; x_wconf 61' lang='lat' dir='ltr'>nudata},</span> <span class='ocrx_word' id='word_1_307' title='bbox 2404 2887 2682 2948; x_wconf 90' lang='lat' dir='ltr'>animum</span> <span class='ocrx_word' id='word_1_308' title='bbox 2720 2893 2893 2947; x_wconf 90' lang='lat' dir='ltr'>tuum</span> <span class='ocrx_word' id='word_1_309' title='bbox 2941 2887 3372 2950; x_wconf 84' lang='lat' dir='ltr'>sollicitarum.</span> <span class='ocrx_word' id='word_1_310' title='bbox 3406 2893 3525 2952; x_wconf 86' lang='lat' dir='ltr'>Sed</span> <span class='ocrx_word' id='word_1_311' title='bbox 3559 2901 3666 2956; x_wconf 94' lang='lat' dir='ltr'>tuo</span> <span class='ocrx_word' id='word_1_312' title='bbox 3698 2906 4056 2978; x_wconf 84' lang='lat' dir='ltr'>contentus,</span> 
     </span>
    </p>
   </div>
   <div class='ocr_carea' id='block_1_26' title="bbox 773 2986 4054 3080">
    <p class='ocr_par' dir='ltr' id='par_1_26' title="bbox 773 2986 4054 3080">
     <span class='ocr_line' id='line_1_26' title="bbox 773 2986 4054 3080; baseline 0.002 -24"><span class='ocrx_word' id='word_1_313' title='bbox 773 2993 950 3056; x_wconf 55' lang='lat' dir='ltr'>‘nihil</span> <span class='ocrx_word' id='word_1_314' title='bbox 984 2993 1245 3056; x_wconf 88' lang='lat' dir='ltr'>ulterius</span> <span class='ocrx_word' id='word_1_315' title='bbox 1292 2991 1728 3072; x_wconf 91' lang='lat' dir='ltr'>concupivisti.</span> <span class='ocrx_word' id='word_1_316' title='bbox 1759 2986 2067 3070; x_wconf 84' lang='lat' dir='ltr'>Equidem</span> <span class='ocrx_word' id='word_1_317' title='bbox 2105 2989 2268 3052; x_wconf 88' lang='lat' dir='ltr'>hanc</span> <span class='ocrx_word' id='word_1_318' title='bbox 2308 3007 2529 3070; x_wconf 90' lang='lat' dir='ltr'>pacem</span> <span class='ocrx_word' id='word_1_319' title='bbox 2569 2991 2862 3052; x_wconf 89' lang='lat' dir='ltr'>omnibus</span> <span class='ocrx_word' id='word_1_320' title='bbox 2896 2992 3165 3052; x_wconf 82' lang='lat' dir='ltr'>victoriis</span> <span class='ocrx_word' id='word_1_321' title='bbox 3203 3011 3272 3055; x_wconf 92' lang='lat' dir='ltr'>ac</span> <span class='ocrx_word' id='word_1_322' title='bbox 3314 2990 3648 3072; x_wconf 85' lang='lat' dir='ltr'>triumphis</span> <span class='ocrx_word' id='word_1_323' title='bbox 3691 2998 3811 3058; x_wconf 88' lang='lat' dir='ltr'>tuis</span> <span class='ocrx_word' id='word_1_324' title='bbox 3866 2999 4054 3080; x_wconf 69' lang='lat' dir='ltr'>longe</span> 
     </span>
    </p>
   </div>
   <div class='ocr_carea' id='block_1_27' title="bbox 789 3092 4056 3177">
    <p class='ocr_par' dir='ltr' id='par_1_27' title="bbox 789 3092 4056 3177">
     <span class='ocr_line' id='line_1_27' title="bbox 789 3092 4056 3177; baseline 0.003 -23"><span class='ocrx_word' id='word_1_325' title='bbox 789 3093 1301 3174; x_wconf 91' lang='lat' dir='ltr'>anteponendam</span> <span class='ocrx_word' id='word_1_326' title='bbox 1341 3100 1519 3174; x_wconf 89' lang='lat' dir='ltr'>puto.</span> <span class='ocrx_word' id='word_1_327' title='bbox 1552 3096 1706 3156; x_wconf 91' lang='lat' dir='ltr'>Nam</span> <span class='ocrx_word' id='word_1_328' title='bbox 1737 3103 1798 3156; x_wconf 92' lang='lat' dir='ltr'>et</span> <span class='ocrx_word' id='word_1_329' title='bbox 1831 3095 2022 3156; x_wconf 86' lang='lat' dir='ltr'>urbes</span> <span class='ocrx_word' id='word_1_330' title='bbox 2051 3093 2249 3172; x_wconf 88' lang='lat' dir='ltr'>Belgii</span> <span class='ocrx_word' id='word_1_331' title='bbox 2287 3093 2588 3155; x_wconf 86' lang='lat' dir='ltr'>maximas</span> <span class='ocrx_word' id='word_1_332' title='bbox 2635 3112 2706 3155; x_wconf 88' lang='lat' dir='ltr'>ac</span> <span class='ocrx_word' id='word_1_333' title='bbox 2746 3093 3190 3156; x_wconf 87' lang='lat' dir='ltr'>munitissimas</span> <span class='ocrx_word' id='word_1_334' title='bbox 3223 3092 3446 3156; x_wconf 90' lang='lat' dir='ltr'>ditioni</span> <span class='ocrx_word' id='word_1_335' title='bbox 3486 3102 3610 3155; x_wconf 82' lang='lat' dir='ltr'>tuae</span> <span class='ocrx_word' id='word_1_336' title='bbox 3651 3097 3955 3177; x_wconf 82' lang='lat' dir='ltr'>adjunxit,</span> <span class='ocrx_word' id='word_1_337' title='bbox 3995 3112 4056 3166; x_wconf 81' lang='lat' dir='ltr'>et</span> 
     </span>
    </p>
   </div>
   <div class='ocr_carea' id='block_1_28' title="bbox 789 3190 4057 3271">
    <p class='ocr_par' dir='ltr' id='par_1_28' title="bbox 789 3190 4057 3271">
     <span class='ocr_line' id='line_1_28' title="bbox 789 3190 4057 3271; baseline 0.005 -18"><span class='ocrx_word' id='word_1_338' title='bbox 789 3191 1034 3253; x_wconf 90' lang='lat' dir='ltr'>nomini</span> <span class='ocrx_word' id='word_1_339' title='bbox 1067 3190 1615 3255; x_wconf 88' lang='lat' dir='ltr'>tuoimmortalem</span> <span class='ocrx_word' id='word_1_340' title='bbox 1646 3191 1906 3270; x_wconf 88' lang='lat' dir='ltr'>gloriam</span> <span class='ocrx_word' id='word_1_341' title='bbox 1949 3191 2355 3271; x_wconf 88' lang='lat' dir='ltr'>comparavit.</span> <span class='ocrx_word' id='word_1_342' title='bbox 2388 3190 2545 3264; x_wconf 89' lang='lat' dir='ltr'>Quid</span> <span class='ocrx_word' id='word_1_343' title='bbox 2584 3191 2753 3251; x_wconf 90' lang='lat' dir='ltr'>enim</span> <span class='ocrx_word' id='word_1_344' title='bbox 2799 3190 3130 3268; x_wconf 86' lang='lat' dir='ltr'>gloriosius</span> <span class='ocrx_word' id='word_1_345' title='bbox 3161 3211 3348 3270; x_wconf 87' lang='lat' dir='ltr'>quam</span> <span class='ocrx_word' id='word_1_346' title='bbox 3396 3197 3460 3258; x_wconf 90' lang='lat' dir='ltr'>in</span> <span class='ocrx_word' id='word_1_347' title='bbox 3483 3216 3724 3262; x_wconf 89' lang='lat' dir='ltr'>summa</span> <span class='ocrx_word' id='word_1_348' title='bbox 3761 3202 4057 3270; x_wconf 82' lang='lat' dir='ltr'>felicitate</span> 
     </span>
    </p>
   </div>
   <div class='ocr_carea' id='block_1_29' title="bbox 788 3290 4055 3381">
    <p class='ocr_par' dir='ltr' id='par_1_29' title="bbox 788 3290 4055 3381">
     <span class='ocr_line' id='line_1_29' title="bbox 788 3290 4055 3381; baseline 0.004 -25"><span class='ocrx_word' id='word_1_349' title='bbox 788 3293 1192 3373; x_wconf 85' lang='lat' dir='ltr'>semetipsum</span> <span class='ocrx_word' id='word_1_350' title='bbox 1229 3293 1500 3368; x_wconf 88' lang='lat' dir='ltr'>vincere,</span> <span class='ocrx_word' id='word_1_351' title='bbox 1534 3299 1595 3353; x_wconf 90' lang='lat' dir='ltr'>et</span> <span class='ocrx_word' id='word_1_352' title='bbox 1632 3309 1823 3371; x_wconf 90' lang='lat' dir='ltr'>supra</span> <span class='ocrx_word' id='word_1_353' title='bbox 1852 3297 2089 3370; x_wconf 69' lang='lat' dir='ltr'>trOpaaa</span> <span class='ocrx_word' id='word_1_354' title='bbox 2128 3296 2416 3366; x_wconf 89' lang='lat' dir='ltr'>stantem,</span> <span class='ocrx_word' id='word_1_355' title='bbox 2453 3290 2726 3352; x_wconf 72' lang='lat' dir='ltr'>ViCtOl‘itB</span> <span class='ocrx_word' id='word_1_356' title='bbox 2760 3306 2887 3352; x_wconf 65' lang='lat' dir='ltr'>suae</span> <span class='ocrx_word' id='word_1_357' title='bbox 2919 3291 3173 3352; x_wconf 88' lang='lat' dir='ltr'>modum</span> <span class='ocrx_word' id='word_1_358' title='bbox 3205 3293 3583 3374; x_wconf 79' lang='lat' dir='ltr'>imponere?</span> <span class='ocrx_word' id='word_1_359' title='bbox 3616 3302 3790 3381; x_wconf 88' lang='lat' dir='ltr'>Cepit</span> <span class='ocrx_word' id='word_1_360' title='bbox 3822 3321 3897 3366; x_wconf 84' lang='lat' dir='ltr'>ex</span> <span class='ocrx_word' id='word_1_361' title='bbox 3939 3305 4055 3372; x_wconf 90' lang='lat' dir='ltr'>hac</span> 
     </span>
    </p>
   </div>
   <div class='ocr_carea' id='block_1_30' title="bbox 788 3389 4054 3475">
    <p class='ocr_par' dir='ltr' id='par_1_30' title="bbox 788 3389 4054 3475">
     <span class='ocr_line' id='line_1_30' title="bbox 788 3389 4054 3475; baseline 0.005 -21"><span class='ocrx_word' id='word_1_362' title='bbox 788 3409 947 3472; x_wconf 89' lang='lat' dir='ltr'>pace</span> <span class='ocrx_word' id='word_1_363' title='bbox 979 3410 1110 3455; x_wconf 91' lang='lat' dir='ltr'>non</span> <span class='ocrx_word' id='word_1_364' title='bbox 1152 3393 1539 3455; x_wconf 88' lang='lat' dir='ltr'>mediocrem</span> <span class='ocrx_word' id='word_1_365' title='bbox 1578 3389 1856 3453; x_wconf 82' lang='lat' dir='ltr'>fructum</span> <span class='ocrx_word' id='word_1_366' title='bbox 1886 3390 2130 3468; x_wconf 89' lang='lat' dir='ltr'>religio,</span> <span class='ocrx_word' id='word_1_367' title='bbox 2163 3391 2342 3470; x_wconf 88' lang='lat' dir='ltr'>cujus</span> <span class='ocrx_word' id='word_1_368' title='bbox 2384 3389 2452 3451; x_wconf 91' lang='lat' dir='ltr'>in</span> <span class='ocrx_word' id='word_1_369' title='bbox 2491 3389 2853 3452; x_wconf 87' lang='lat' dir='ltr'>renovando</span> <span class='ocrx_word' id='word_1_370' title='bbox 2895 3389 3130 3453; x_wconf 68' lang='lat' dir='ltr'>foedere</span> <span class='ocrx_word' id='word_1_371' title='bbox 3161 3395 3542 3475; x_wconf 68' lang='lat' dir='ltr'>praecipuam</span> <span class='ocrx_word' id='word_1_372' title='bbox 3585 3403 3888 3465; x_wconf 87' lang='lat' dir='ltr'>rationem</span> <span class='ocrx_word' id='word_1_373' title='bbox 3939 3406 4054 3470; x_wconf 85' lang='lat' dir='ltr'>ha-</span> 
     </span>
    </p>
   </div>
   <div class='ocr_carea' id='block_1_31' title="bbox 786 3494 4054 3577">
    <p class='ocr_par' dir='ltr' id='par_1_31' title="bbox 786 3494 4054 3577">
     <span class='ocr_line' id='line_1_31' title="bbox 786 3494 4054 3577; baseline 0.004 -20"><span class='ocrx_word' id='word_1_374' title='bbox 786 3494 1058 3558; x_wconf 89' lang='lat' dir='ltr'>bendam</span> <span class='ocrx_word' id='word_1_375' title='bbox 1093 3513 1230 3559; x_wconf 91' lang='lat' dir='ltr'>esse</span> <span class='ocrx_word' id='word_1_376' title='bbox 1263 3495 1518 3558; x_wconf 84' lang='lat' dir='ltr'>duxisti.</span> <span class='ocrx_word' id='word_1_377' title='bbox 1551 3498 1698 3569; x_wconf 68' lang='lat' dir='ltr'>Qua:</span> <span class='ocrx_word' id='word_1_378' title='bbox 1729 3512 1870 3558; x_wconf 89' lang='lat' dir='ltr'>cum</span> <span class='ocrx_word' id='word_1_379' title='bbox 1918 3511 2083 3573; x_wconf 65' lang='lat' dir='ltr'>(egre</span> <span class='ocrx_word' id='word_1_380' title='bbox 2114 3494 2457 3557; x_wconf 90' lang='lat' dir='ltr'>admodum</span> <span class='ocrx_word' id='word_1_381' title='bbox 2480 3501 2770 3557; x_wconf 87' lang='lat' dir='ltr'>cerneret</span> <span class='ocrx_word' id='word_1_382' title='bbox 2821 3495 2981 3556; x_wconf 91' lang='lat' dir='ltr'>duos</span> <span class='ocrx_word' id='word_1_383' title='bbox 3016 3496 3487 3577; x_wconf 87' lang='lat' dir='ltr'>potentissimos</span> <span class='ocrx_word' id='word_1_384' title='bbox 3527 3501 3696 3562; x_wconf 89' lang='lat' dir='ltr'>orbis</span> <span class='ocrx_word' id='word_1_385' title='bbox 3727 3504 4054 3569; x_wconf 82' lang='lat' dir='ltr'>Christiani</span> 
     </span>
    </p>
   </div>
   <div class='ocr_carea' id='block_1_32' title="bbox 785 3597 4052 3689">
    <p class='ocr_par' dir='ltr' id='par_1_32' title="bbox 785 3597 4052 3689">
     <span class='ocr_line' id='line_1_32' title="bbox 785 3597 4052 3689; baseline 0.004 -29"><span class='ocrx_word' id='word_1_386' title='bbox 785 3599 1112 3679; x_wconf 90' lang='lat' dir='ltr'>principes</span> <span class='ocrx_word' id='word_1_387' title='bbox 1156 3598 1321 3661; x_wconf 84' lang='lat' dir='ltr'>inter</span> <span class='ocrx_word' id='word_1_388' title='bbox 1373 3615 1439 3661; x_wconf 91' lang='lat' dir='ltr'>se</span> <span class='ocrx_word' id='word_1_389' title='bbox 1476 3597 1712 3672; x_wconf 88' lang='lat' dir='ltr'>collidi,</span> <span class='ocrx_word' id='word_1_390' title='bbox 1757 3604 1818 3659; x_wconf 90' lang='lat' dir='ltr'>et</span> <span class='ocrx_word' id='word_1_391' title='bbox 1858 3597 2090 3659; x_wconf 91' lang='lat' dir='ltr'>mutuis</span> <span class='ocrx_word' id='word_1_392' title='bbox 2113 3597 2393 3659; x_wconf 86' lang='lat' dir='ltr'>cladibus</span> <span class='ocrx_word' id='word_1_393' title='bbox 2425 3614 2564 3659; x_wconf 85' lang='lat' dir='ltr'>sese</span> <span class='ocrx_word' id='word_1_394' title='bbox 2608 3603 2872 3660; x_wconf 89' lang='lat' dir='ltr'>atterere</span> <span class='ocrx_word' id='word_1_395' title='bbox 2912 3599 3043 3678; x_wconf 87' lang='lat' dir='ltr'>jam</span> <span class='ocrx_word' id='word_1_396' title='bbox 3092 3609 3381 3680; x_wconf 89' lang='lat' dir='ltr'>paratos;</span> <span class='ocrx_word' id='word_1_397' title='bbox 3413 3601 3605 3682; x_wconf 86' lang='lat' dir='ltr'>idque</span> <span class='ocrx_word' id='word_1_398' title='bbox 3644 3622 3720 3668; x_wconf 93' lang='lat' dir='ltr'>eo</span> <span class='ocrx_word' id='word_1_399' title='bbox 3766 3615 4052 3689; x_wconf 88' lang='lat' dir='ltr'>tempore</span> 
     </span>
    </p>
   </div>
   <div class='ocr_carea' id='block_1_33' title="bbox 787 3700 4056 3783">
    <p class='ocr_par' dir='ltr' id='par_1_33' title="bbox 787 3700 4056 3783">
     <span class='ocr_line' id='line_1_33' title="bbox 787 3700 4056 3783; baseline 0.005 -22"><span class='ocrx_word' id='word_1_400' title='bbox 787 3715 915 3780; x_wconf 90' lang='lat' dir='ltr'>quo</span> <span class='ocrx_word' id='word_1_401' title='bbox 960 3701 1094 3781; x_wconf 90' lang='lat' dir='ltr'>ipsa</span> <span class='ocrx_word' id='word_1_402' title='bbox 1150 3701 1228 3763; x_wconf 91' lang='lat' dir='ltr'>ab</span> <span class='ocrx_word' id='word_1_403' title='bbox 1275 3701 1563 3764; x_wconf 90' lang='lat' dir='ltr'>hostibus</span> <span class='ocrx_word' id='word_1_404' title='bbox 1599 3700 1927 3774; x_wconf 82' lang='lat' dir='ltr'>Christiani</span> <span class='ocrx_word' id='word_1_405' title='bbox 1982 3701 2259 3764; x_wconf 88' lang='lat' dir='ltr'>nominis</span> <span class='ocrx_word' id='word_1_406' title='bbox 2302 3707 2468 3764; x_wconf 88' lang='lat' dir='ltr'>terra</span> <span class='ocrx_word' id='word_1_407' title='bbox 2504 3702 2793 3782; x_wconf 89' lang='lat' dir='ltr'>marique</span> <span class='ocrx_word' id='word_1_408' title='bbox 2835 3703 3345 3783; x_wconf 88' lang='lat' dir='ltr'>impugnaretur;</span> <span class='ocrx_word' id='word_1_409' title='bbox 3395 3723 3563 3769; x_wconf 82' lang='lat' dir='ltr'>nunc</span> <span class='ocrx_word' id='word_1_410' title='bbox 3613 3710 3853 3774; x_wconf 88' lang='lat' dir='ltr'>ﬁrmato</span> <span class='ocrx_word' id='word_1_411' title='bbox 3891 3714 4056 3778; x_wconf 90' lang='lat' dir='ltr'>inter</span> 
     </span>
    </p>
   </div>
   <div class='ocr_carea' id='block_1_34' title="bbox 787 3798 4050 3893">
    <p class='ocr_par' dir='ltr' id='par_1_34' title="bbox 787 3798 4050 3893">
     <span class='ocr_line' id='line_1_34' title="bbox 787 3798 4050 3893; baseline 0.006 -35"><span class='ocrx_word' id='word_1_412' title='bbox 787 3798 1046 3860; x_wconf 90' lang='lat' dir='ltr'>eosdem</span> <span class='ocrx_word' id='word_1_413' title='bbox 1074 3799 1396 3881; x_wconf 89' lang='lat' dir='ltr'>principes</span> <span class='ocrx_word' id='word_1_414' title='bbox 1428 3799 1600 3880; x_wconf 90' lang='lat' dir='ltr'>pacis</span> <span class='ocrx_word' id='word_1_415' title='bbox 1628 3798 1865 3861; x_wconf 66' lang='lat' dir='ltr'>foedere</span> <span class='ocrx_word' id='word_1_416' title='bbox 1911 3798 2177 3873; x_wconf 64' lang='lat' dir='ltr'>laetatur,</span> <span class='ocrx_word' id='word_1_417' title='bbox 2207 3806 2296 3875; x_wconf 87' lang='lat' dir='ltr'>et,</span> <span class='ocrx_word' id='word_1_418' title='bbox 2335 3807 2655 3880; x_wconf 88' lang='lat' dir='ltr'>resumpta</span> <span class='ocrx_word' id='word_1_419' title='bbox 2680 3800 2927 3874; x_wconf 87' lang='lat' dir='ltr'>ﬁducia,</span> <span class='ocrx_word' id='word_1_420' title='bbox 2955 3803 3342 3883; x_wconf 90' lang='lat' dir='ltr'>triumphum</span> <span class='ocrx_word' id='word_1_421' title='bbox 3391 3808 3510 3869; x_wconf 86' lang='lat' dir='ltr'>sibi</span> <span class='ocrx_word' id='word_1_422' title='bbox 3555 3809 3633 3872; x_wconf 92' lang='lat' dir='ltr'>de</span> <span class='ocrx_word' id='word_1_423' title='bbox 3665 3812 3876 3893; x_wconf 90' lang='lat' dir='ltr'>impiis</span> <span class='ocrx_word' id='word_1_424' title='bbox 3927 3816 4050 3880; x_wconf 86' lang='lat' dir='ltr'>illis</span> 
     </span>
    </p>
   </div>
   <div class='ocr_carea' id='block_1_35' title="bbox 785 3901 4043 4000">
    <p class='ocr_par' dir='ltr' id='par_1_35' title="bbox 785 3901 4043 4000">
     <span class='ocr_line' id='line_1_35' title="bbox 785 3901 4043 4000; baseline 0.007 -37"><span class='ocrx_word' id='word_1_425' title='bbox 785 3901 1047 3984; x_wconf 90' lang='lat' dir='ltr'>Deoque</span> <span class='ocrx_word' id='word_1_426' title='bbox 1087 3904 1307 3966; x_wconf 85' lang='lat' dir='ltr'>invisis</span> <span class='ocrx_word' id='word_1_427' title='bbox 1335 3905 1694 3986; x_wconf 90' lang='lat' dir='ltr'>pollicetur.</span> <span class='ocrx_word' id='word_1_428' title='bbox 1738 3905 1858 3968; x_wconf 89' lang='lat' dir='ltr'>Sed</span> <span class='ocrx_word' id='word_1_429' title='bbox 1881 3916 1942 3968; x_wconf 86' lang='lat' dir='ltr'>et</span> <span class='ocrx_word' id='word_1_430' title='bbox 1970 3905 2246 3969; x_wconf 89' lang='lat' dir='ltr'>Ecclesia</span> <span class='ocrx_word' id='word_1_431' title='bbox 2288 3906 2600 3970; x_wconf 89' lang='lat' dir='ltr'>Gallicana</span> <span class='ocrx_word' id='word_1_432' title='bbox 2630 3925 2848 3988; x_wconf 90' lang='lat' dir='ltr'>pacem</span> <span class='ocrx_word' id='word_1_433' title='bbox 2880 3909 2997 3972; x_wconf 91' lang='lat' dir='ltr'>sibi</span> <span class='ocrx_word' id='word_1_434' title='bbox 3033 3909 3195 3971; x_wconf 89' lang='lat' dir='ltr'>haud</span> <span class='ocrx_word' id='word_1_435' title='bbox 3228 3911 3418 3975; x_wconf 91' lang='lat' dir='ltr'>dubia</span> <span class='ocrx_word' id='word_1_436' title='bbox 3442 3932 3557 3996; x_wconf 85' lang='lat' dir='ltr'>spe</span> <span class='ocrx_word' id='word_1_437' title='bbox 3585 3917 3716 3997; x_wconf 90' lang='lat' dir='ltr'>jam</span> <span class='ocrx_word' id='word_1_438' title='bbox 3752 3921 4043 4000; x_wconf 63' lang='lat' dir='ltr'>spondet.</span> 
     </span>
    </p>
   </div>
   <div class='ocr_carea' id='block_1_36' title="bbox 788 4009 4042 4104">
    <p class='ocr_par' dir='ltr' id='par_1_36' title="bbox 788 4009 4042 4104">
     <span class='ocr_line' id='line_1_36' title="bbox 788 4009 4042 4104; baseline 0.006 -35"><span class='ocrx_word' id='word_1_439' title='bbox 788 4009 937 4082; x_wconf 77' lang='lat' dir='ltr'>Quae</span> <span class='ocrx_word' id='word_1_440' title='bbox 988 4027 1133 4071; x_wconf 90' lang='lat' dir='ltr'>cum</span> <span class='ocrx_word' id='word_1_441' title='bbox 1175 4009 1390 4091; x_wconf 90' lang='lat' dir='ltr'>plures</span> <span class='ocrx_word' id='word_1_442' title='bbox 1411 4012 1543 4092; x_wconf 90' lang='lat' dir='ltr'>jam</span> <span class='ocrx_word' id='word_1_443' title='bbox 1595 4030 1708 4093; x_wconf 92' lang='lat' dir='ltr'>per</span> <span class='ocrx_word' id='word_1_444' title='bbox 1745 4029 1948 4076; x_wconf 85' lang='lat' dir='ltr'>annos</span> <span class='ocrx_word' id='word_1_445' title='bbox 2000 4012 2377 4092; x_wconf 85' lang='lat' dir='ltr'>gravissimis</span> <span class='ocrx_word' id='word_1_446' title='bbox 2421 4012 2919 4076; x_wconf 87' lang='lat' dir='ltr'>dissensionibus</span> <span class='ocrx_word' id='word_1_447' title='bbox 2959 4029 3268 4080; x_wconf 80' lang='lat' dir='ltr'>concussa</span> <span class='ocrx_word' id='word_1_448' title='bbox 3314 4018 3501 4083; x_wconf 83' lang='lat' dir='ltr'>fuerit</span> <span class='ocrx_word' id='word_1_449' title='bbox 3550 4030 3740 4104; x_wconf 90' lang='lat' dir='ltr'>atque</span> <span class='ocrx_word' id='word_1_450' title='bbox 3777 4027 4042 4102; x_wconf 88' lang='lat' dir='ltr'>turbata,</span> 
     </span>
    </p>
   </div>
   <div class='ocr_carea' id='block_1_37' title="bbox 784 4110 4041 4205">
    <p class='ocr_par' dir='ltr' id='par_1_37' title="bbox 784 4110 4041 4205">
     <span class='ocr_line' id='line_1_37' title="bbox 784 4110 4041 4205; baseline 0.007 -34"><span class='ocrx_word' id='word_1_451' title='bbox 784 4126 957 4172; x_wconf 91' lang='lat' dir='ltr'>nunc</span> <span class='ocrx_word' id='word_1_452' title='bbox 988 4110 1346 4174; x_wconf 86' lang='lat' dir='ltr'>interventu</span> <span class='ocrx_word' id='word_1_453' title='bbox 1379 4114 1660 4194; x_wconf 61' lang='lat' dir='ltr'>paciﬁca;</span> <span class='ocrx_word' id='word_1_454' title='bbox 1700 4115 2034 4196; x_wconf 85' lang='lat' dir='ltr'>Majestatis</span> <span class='ocrx_word' id='word_1_455' title='bbox 2061 4118 2208 4178; x_wconf 62' lang='lat' dir='ltr'>Tuae</span> <span class='ocrx_word' id='word_1_456' title='bbox 2241 4115 2318 4178; x_wconf 92' lang='lat' dir='ltr'>ad</span> <span class='ocrx_word' id='word_1_457' title='bbox 2363 4117 2687 4196; x_wconf 90' lang='lat' dir='ltr'>pristinam</span> <span class='ocrx_word' id='word_1_458' title='bbox 2727 4119 3130 4181; x_wconf 90' lang='lat' dir='ltr'>concordiam</span> <span class='ocrx_word' id='word_1_459' title='bbox 3195 4127 3258 4182; x_wconf 88' lang='lat' dir='ltr'>et</span> <span class='ocrx_word' id='word_1_460' title='bbox 3297 4127 3806 4205; x_wconf 86' lang='lat' dir='ltr'>tranquillitatem</span> <span class='ocrx_word' id='word_1_461' title='bbox 3859 4149 4041 4194; x_wconf 87' lang='lat' dir='ltr'>revo-</span> 
     </span>
    </p>
   </div>
   <div class='ocr_carea' id='block_1_38' title="bbox 783 4215 4046 4310">
    <p class='ocr_par' dir='ltr' id='par_1_38' title="bbox 783 4215 4046 4310">
     <span class='ocr_line' id='line_1_38' title="bbox 783 4215 4046 4310; baseline 0.006 -35"><span class='ocrx_word' id='word_1_462' title='bbox 783 4215 910 4276; x_wconf 90' lang='lat' dir='ltr'>cari</span> <span class='ocrx_word' id='word_1_463' title='bbox 949 4233 1016 4277; x_wconf 92' lang='lat' dir='ltr'>se</span> <span class='ocrx_word' id='word_1_464' title='bbox 1047 4233 1235 4296; x_wconf 90' lang='lat' dir='ltr'>posse</span> <span class='ocrx_word' id='word_1_465' title='bbox 1266 4217 1549 4280; x_wconf 89' lang='lat' dir='ltr'>conﬁdit.</span> <span class='ocrx_word' id='word_1_466' title='bbox 1589 4218 1873 4298; x_wconf 88' lang='lat' dir='ltr'>Denique</span> <span class='ocrx_word' id='word_1_467' title='bbox 1902 4218 2125 4280; x_wconf 61' lang='lat' dir='ltr'>litteras</span> <span class='ocrx_word' id='word_1_468' title='bbox 2157 4225 2413 4292; x_wconf 58' lang='lat' dir='ltr'>nostra),</span> <span class='ocrx_word' id='word_1_469' title='bbox 2446 4218 2632 4300; x_wconf 89' lang='lat' dir='ltr'>hujus</span> <span class='ocrx_word' id='word_1_470' title='bbox 2667 4221 2840 4300; x_wconf 92' lang='lat' dir='ltr'>pacis</span> <span class='ocrx_word' id='word_1_471' title='bbox 2870 4237 3078 4294; x_wconf 90' lang='lat' dir='ltr'>causa,</span> <span class='ocrx_word' id='word_1_472' title='bbox 3118 4221 3475 4288; x_wconf 89' lang='lat' dir='ltr'>incredibili</span> <span class='ocrx_word' id='word_1_473' title='bbox 3511 4230 3739 4307; x_wconf 91' lang='lat' dir='ltr'>gaudio</span> <span class='ocrx_word' id='word_1_474' title='bbox 3771 4232 4046 4310; x_wconf 89' lang='lat' dir='ltr'>gestiunt</span> 
     </span>
    </p>
   </div>
   <div class='ocr_carea' id='block_1_39' title="bbox 779 4317 4045 4410">
    <p class='ocr_par' dir='ltr' id='par_1_39' title="bbox 779 4317 4045 4410">
     <span class='ocr_line' id='line_1_39' title="bbox 779 4317 4045 4410; baseline 0.005 -33"><span class='ocrx_word' id='word_1_475' title='bbox 779 4321 968 4395; x_wconf 87' lang='lat' dir='ltr'>atque</span> <span class='ocrx_word' id='word_1_476' title='bbox 1003 4318 1337 4380; x_wconf 85' lang='lat' dir='ltr'>exsultant.</span> <span class='ocrx_word' id='word_1_477' title='bbox 1373 4321 1519 4393; x_wconf 64' lang='lat' dir='ltr'>Quae</span> <span class='ocrx_word' id='word_1_478' title='bbox 1558 4335 1701 4381; x_wconf 90' lang='lat' dir='ltr'>cum</span> <span class='ocrx_word' id='word_1_479' title='bbox 1746 4318 1858 4380; x_wconf 91' lang='lat' dir='ltr'>tibi</span> <span class='ocrx_word' id='word_1_480' title='bbox 1885 4319 2267 4399; x_wconf 89' lang='lat' dir='ltr'>jampridem</span> <span class='ocrx_word' id='word_1_481' title='bbox 2310 4317 2648 4398; x_wconf 90' lang='lat' dir='ltr'>plurimum</span> <span class='ocrx_word' id='word_1_482' title='bbox 2693 4319 2962 4381; x_wconf 89' lang='lat' dir='ltr'>debeant</span> <span class='ocrx_word' id='word_1_483' title='bbox 2993 4320 3074 4381; x_wconf 93' lang='lat' dir='ltr'>ob</span> <span class='ocrx_word' id='word_1_484' title='bbox 3105 4323 3378 4400; x_wconf 89' lang='lat' dir='ltr'>regalem</span> <span class='ocrx_word' id='word_1_485' title='bbox 3407 4344 3552 4405; x_wconf 86' lang='lat' dir='ltr'>erga</span> <span class='ocrx_word' id='word_1_486' title='bbox 3591 4331 3762 4410; x_wconf 89' lang='lat' dir='ltr'>ipsas</span> <span class='ocrx_word' id='word_1_487' title='bbox 3794 4333 4045 4394; x_wconf 87' lang='lat' dir='ltr'>muniﬁ-</span> 
     </span>
    </p>
   </div>
   <div class='ocr_carea' id='block_1_40' title="bbox 779 4421 4040 4506">
    <p class='ocr_par' dir='ltr' id='par_1_40' title="bbox 779 4421 4040 4506">
     <span class='ocr_line' id='line_1_40' title="bbox 779 4421 4040 4506; baseline 0.003 -24"><span class='ocrx_word' id='word_1_488' title='bbox 779 4421 1049 4482; x_wconf 88' lang='lat' dir='ltr'>centiam</span> <span class='ocrx_word' id='word_1_489' title='bbox 1081 4429 1274 4496; x_wconf 91' lang='lat' dir='ltr'>tuam,</span> <span class='ocrx_word' id='word_1_490' title='bbox 1300 4440 1470 4484; x_wconf 90' lang='lat' dir='ltr'>nunc</span> <span class='ocrx_word' id='word_1_491' title='bbox 1508 4439 1576 4483; x_wconf 91' lang='lat' dir='ltr'>se</span> <span class='ocrx_word' id='word_1_492' title='bbox 1605 4422 1793 4483; x_wconf 91' lang='lat' dir='ltr'>vitam</span> <span class='ocrx_word' id='word_1_493' title='bbox 1839 4423 2039 4502; x_wconf 91' lang='lat' dir='ltr'>ipsam</span> <span class='ocrx_word' id='word_1_494' title='bbox 2074 4421 2195 4484; x_wconf 92' lang='lat' dir='ltr'>hoc</span> <span class='ocrx_word' id='word_1_495' title='bbox 2232 4421 2489 4484; x_wconf 90' lang='lat' dir='ltr'>nomine</span> <span class='ocrx_word' id='word_1_496' title='bbox 2518 4422 2630 4482; x_wconf 90' lang='lat' dir='ltr'>tibi</span> <span class='ocrx_word' id='word_1_497' title='bbox 2662 4421 2894 4484; x_wconf 87' lang='lat' dir='ltr'>debere</span> <span class='ocrx_word' id='word_1_498' title='bbox 2929 4423 3202 4501; x_wconf 89' lang='lat' dir='ltr'>ingenue</span> <span class='ocrx_word' id='word_1_499' title='bbox 3243 4427 3638 4506; x_wconf 89' lang='lat' dir='ltr'>proﬁtentur.</span> <span class='ocrx_word' id='word_1_500' title='bbox 3685 4431 3841 4492; x_wconf 91' lang='lat' dir='ltr'>Sunt</span> <span class='ocrx_word' id='word_1_501' title='bbox 3871 4433 4040 4494; x_wconf 90' lang='lat' dir='ltr'>enim</span> 
     </span>
    </p>
   </div>
   <div class='ocr_carea' id='block_1_41' title="bbox 775 4521 4040 4610">
    <p class='ocr_par' dir='ltr' id='par_1_41' title="bbox 775 4521 4040 4610">
     <span class='ocr_line' id='line_1_41' title="bbox 775 4521 4040 4610; baseline 0.003 -25"><span class='ocrx_word' id='word_1_502' title='bbox 775 4523 1049 4586; x_wconf 64' lang='lat' dir='ltr'>alumne:</span> <span class='ocrx_word' id='word_1_503' title='bbox 1079 4523 1275 4602; x_wconf 89' lang='lat' dir='ltr'>pacis,</span> <span class='ocrx_word' id='word_1_504' title='bbox 1301 4528 1361 4584; x_wconf 91' lang='lat' dir='ltr'>et</span> <span class='ocrx_word' id='word_1_505' title='bbox 1390 4522 1654 4585; x_wconf 92' lang='lat' dir='ltr'>comites</span> <span class='ocrx_word' id='word_1_506' title='bbox 1693 4522 1926 4602; x_wconf 86' lang='lat' dir='ltr'>quietis</span> <span class='ocrx_word' id='word_1_507' title='bbox 1955 4529 2141 4602; x_wconf 88' lang='lat' dir='ltr'>atque</span> <span class='ocrx_word' id='word_1_508' title='bbox 2182 4521 2315 4583; x_wconf 92' lang='lat' dir='ltr'>otii.</span> <span class='ocrx_word' id='word_1_509' title='bbox 2340 4524 2559 4602; x_wconf 92' lang='lat' dir='ltr'>Itaque</span> <span class='ocrx_word' id='word_1_510' title='bbox 2595 4540 2818 4584; x_wconf 91' lang='lat' dir='ltr'>omnes</span> <span class='ocrx_word' id='word_1_511' title='bbox 2849 4523 3074 4585; x_wconf 89' lang='lat' dir='ltr'>eruditi</span> <span class='ocrx_word' id='word_1_512' title='bbox 3116 4543 3186 4589; x_wconf 93' lang='lat' dir='ltr'>ac</span> <span class='ocrx_word' id='word_1_513' title='bbox 3216 4529 3422 4608; x_wconf 89' lang='lat' dir='ltr'>probi,</span> <span class='ocrx_word' id='word_1_514' title='bbox 3453 4530 3772 4610; x_wconf 61' lang='lat' dir='ltr'>praecipue</span> <span class='ocrx_word' id='word_1_515' title='bbox 3812 4549 3960 4595; x_wconf 89' lang='lat' dir='ltr'>vero</span> <span class='ocrx_word' id='word_1_516' title='bbox 3995 4533 4040 4595; x_wconf 91' lang='lat' dir='ltr'>ii</span> 
     </span>
    </p>
   </div>
   <div class='ocr_carea' id='block_1_42' title="bbox 774 4627 4036 4712">
    <p class='ocr_par' dir='ltr' id='par_1_42' title="bbox 774 4627 4036 4712">
     <span class='ocr_line' id='line_1_42' title="bbox 774 4627 4036 4712; baseline 0.002 -21"><span class='ocrx_word' id='word_1_517' title='bbox 774 4630 842 4692; x_wconf 91' lang='lat' dir='ltr'>in</span> <span class='ocrx_word' id='word_1_518' title='bbox 872 4646 1032 4707; x_wconf 88' lang='lat' dir='ltr'>quos</span> <span class='ocrx_word' id='word_1_519' title='bbox 1070 4627 1258 4709; x_wconf 87' lang='lat' dir='ltr'>hujus</span> <span class='ocrx_word' id='word_1_520' title='bbox 1292 4627 1443 4690; x_wconf 90' lang='lat' dir='ltr'>belli</span> <span class='ocrx_word' id='word_1_521' title='bbox 1481 4635 1824 4708; x_wconf 83' lang='lat' dir='ltr'>tempestas</span> <span class='ocrx_word' id='word_1_522' title='bbox 1850 4627 2248 4701; x_wconf 89' lang='lat' dir='ltr'>incubuerat,</span> <span class='ocrx_word' id='word_1_523' title='bbox 2282 4631 2350 4688; x_wconf 88' lang='lat' dir='ltr'>ut</span> <span class='ocrx_word' id='word_1_524' title='bbox 2376 4627 2510 4688; x_wconf 68' lang='lat'>11830</span> <span class='ocrx_word' id='word_1_525' title='bbox 2535 4645 2655 4707; x_wconf 86' lang='lat' dir='ltr'>pax</span> <span class='ocrx_word' id='word_1_526' title='bbox 2687 4628 2980 4702; x_wconf 85' lang='lat' dir='ltr'>diuturna</span> <span class='ocrx_word' id='word_1_527' title='bbox 3011 4647 3082 4693; x_wconf 89' lang='lat' dir='ltr'>ac</span> <span class='ocrx_word' id='word_1_528' title='bbox 3122 4639 3427 4712; x_wconf 90' lang='lat' dir='ltr'>perpetua</span> <span class='ocrx_word' id='word_1_529' title='bbox 3460 4631 3559 4706; x_wconf 92' lang='lat' dir='ltr'>sit,</span> <span class='ocrx_word' id='word_1_530' title='bbox 3583 4632 4036 4697; x_wconf 89' lang='lat' dir='ltr'>ardentissimis</span> 
     </span>
    </p>
   </div>
   <div class='ocr_carea' id='block_1_43' title="bbox 776 4727 4034 4810">
    <p class='ocr_par' dir='ltr' id='par_1_43' title="bbox 776 4727 4034 4810">
     <span class='ocr_line' id='line_1_43' title="bbox 776 4727 4034 4810; baseline 0.003 -22"><span class='ocrx_word' id='word_1_531' title='bbox 776 4729 933 4790; x_wconf 90' lang='lat' dir='ltr'>votis</span> <span class='ocrx_word' id='word_1_532' title='bbox 977 4729 1174 4788; x_wconf 91' lang='lat' dir='ltr'>Deum</span> <span class='ocrx_word' id='word_1_533' title='bbox 1219 4727 1662 4808; x_wconf 89' lang='lat' dir='ltr'>deprecantur.</span> <span class='ocrx_word' id='word_1_534' title='bbox 1704 4729 1794 4790; x_wconf 91' lang='lat' dir='ltr'>Ex</span> <span class='ocrx_word' id='word_1_535' title='bbox 1831 4746 2103 4809; x_wconf 92' lang='lat' dir='ltr'>quorum</span> <span class='ocrx_word' id='word_1_536' title='bbox 2140 4745 2259 4806; x_wconf 87' lang='lat' dir='ltr'>ego</span> <span class='ocrx_word' id='word_1_537' title='bbox 2305 4744 2595 4802; x_wconf 89' lang='lat' dir='ltr'>numero,</span> <span class='ocrx_word' id='word_1_538' title='bbox 2642 4728 2759 4790; x_wconf 93' lang='lat' dir='ltr'>hos</span> <span class='ocrx_word' id='word_1_539' title='bbox 2801 4729 3242 4794; x_wconf 65' lang='lat' dir='ltr'>ecclesiasticae</span> <span class='ocrx_word' id='word_1_540' title='bbox 3267 4733 3554 4794; x_wconf 55' lang='lat' dir='ltr'>Historiae</span> <span class='ocrx_word' id='word_1_541' title='bbox 3593 4731 3814 4810; x_wconf 92' lang='lat' dir='ltr'>libros,</span> <span class='ocrx_word' id='word_1_542' title='bbox 3857 4752 3892 4797; x_wconf 90' lang='lat' dir='ltr'>a</span> <span class='ocrx_word' id='word_1_543' title='bbox 3932 4754 4034 4799; x_wconf 89' lang='lat' dir='ltr'>me</span> 
     </span>
    </p>
   </div>
   <div class='ocr_carea' id='block_1_44' title="bbox 774 4827 4035 4916">
    <p class='ocr_par' dir='ltr' id='par_1_44' title="bbox 774 4827 4035 4916">
     <span class='ocr_line' id='line_1_44' title="bbox 774 4827 4035 4916; baseline 0.002 -23"><span class='ocrx_word' id='word_1_544' title='bbox 774 4830 1098 4910; x_wconf 83' lang='lat' dir='ltr'>expositos</span> <span class='ocrx_word' id='word_1_545' title='bbox 1131 4835 1319 4909; x_wconf 90' lang='lat' dir='ltr'>atque</span> <span class='ocrx_word' id='word_1_546' title='bbox 1359 4829 1751 4903; x_wconf 90' lang='lat' dir='ltr'>emendatos,</span> <span class='ocrx_word' id='word_1_547' title='bbox 1797 4828 2094 4910; x_wconf 86' lang='lat' dir='ltr'>Majestati</span> <span class='ocrx_word' id='word_1_548' title='bbox 2119 4830 2268 4890; x_wconf 67' lang='lat' dir='ltr'>Tum</span> <span class='ocrx_word' id='word_1_549' title='bbox 2299 4827 2503 4890; x_wconf 90' lang='lat' dir='ltr'>libens</span> <span class='ocrx_word' id='word_1_550' title='bbox 2540 4828 2683 4890; x_wconf 91' lang='lat' dir='ltr'>dico</span> <span class='ocrx_word' id='word_1_551' title='bbox 2715 4835 2904 4908; x_wconf 89' lang='lat' dir='ltr'>atque</span> <span class='ocrx_word' id='word_1_552' title='bbox 2949 4831 3172 4894; x_wconf 75' lang='lat' dir='ltr'>offero.</span> <span class='ocrx_word' id='word_1_553' title='bbox 3211 4835 3377 4906; x_wconf 89' lang='lat' dir='ltr'>Quos</span> <span class='ocrx_word' id='word_1_554' title='bbox 3410 4831 3692 4912; x_wconf 90' lang='lat' dir='ltr'>quidem,</span> <span class='ocrx_word' id='word_1_555' title='bbox 3734 4839 4035 4916; x_wconf 89' lang='lat' dir='ltr'>tanquam</span> 
     </span>
    </p>
   </div>
   <div class='ocr_carea' id='block_1_45' title="bbox 773 4928 4032 5011">
    <p class='ocr_par' dir='ltr' id='par_1_45' title="bbox 773 4928 4032 5011">
     <span class='ocr_line' id='line_1_45' title="bbox 773 4928 4032 5011; baseline 0.002 -19"><span class='ocrx_word' id='word_1_556' title='bbox 773 4930 1026 4992; x_wconf 92' lang='lat' dir='ltr'>obsides</span> <span class='ocrx_word' id='word_1_557' title='bbox 1064 4929 1449 4992; x_wconf 88' lang='lat' dir='ltr'>devotissimi</span> <span class='ocrx_word' id='word_1_558' title='bbox 1487 4929 1778 5010; x_wconf 89' lang='lat' dir='ltr'>obsequii</span> <span class='ocrx_word' id='word_1_559' title='bbox 1811 4929 1958 5002; x_wconf 92' lang='lat' dir='ltr'>mei,</span> <span class='ocrx_word' id='word_1_560' title='bbox 1986 4928 2273 5008; x_wconf 90' lang='lat' dir='ltr'>gratique</span> <span class='ocrx_word' id='word_1_561' title='bbox 2315 4928 2509 4989; x_wconf 91' lang='lat' dir='ltr'>animi</span> <span class='ocrx_word' id='word_1_562' title='bbox 2548 4929 2935 4993; x_wconf 90' lang='lat' dir='ltr'>certissimos</span> <span class='ocrx_word' id='word_1_563' title='bbox 2973 4937 3188 5008; x_wconf 91' lang='lat' dir='ltr'>testes,</span> <span class='ocrx_word' id='word_1_564' title='bbox 3213 4941 3282 4995; x_wconf 90' lang='lat' dir='ltr'>ut</span> <span class='ocrx_word' id='word_1_565' title='bbox 3310 4933 3587 5011; x_wconf 90' lang='lat' dir='ltr'>benigno</span> <span class='ocrx_word' id='word_1_566' title='bbox 3617 4931 3791 4994; x_wconf 90' lang='lat' dir='ltr'>vultu</span> <span class='ocrx_word' id='word_1_567' title='bbox 3829 4934 4032 4999; x_wconf 84' lang='lat' dir='ltr'>susci-</span> 
     </span>
    </p>
   </div>
   <div class='ocr_carea' id='block_1_46' title="bbox 773 5027 2441 5112">
    <p class='ocr_par' dir='ltr' id='par_1_46' title="bbox 773 5027 2441 5112">
     <span class='ocr_line' id='line_1_46' title="bbox 773 5027 2441 5112; baseline -0.001 -22"><span class='ocrx_word' id='word_1_568' title='bbox 773 5029 937 5112; x_wconf 90' lang='lat' dir='ltr'>pias,</span> <span class='ocrx_word' id='word_1_569' title='bbox 967 5031 1348 5112; x_wconf 85' lang='lat' dir='ltr'>Majestatem</span> <span class='ocrx_word' id='word_1_570' title='bbox 1390 5032 1587 5094; x_wconf 89' lang='lat' dir='ltr'>Tuam</span> <span class='ocrx_word' id='word_1_571' title='bbox 1619 5029 1808 5094; x_wconf 91' lang='lat' dir='ltr'>etiam</span> <span class='ocrx_word' id='word_1_572' title='bbox 1829 5035 2018 5110; x_wconf 91' lang='lat' dir='ltr'>atque</span> <span class='ocrx_word' id='word_1_573' title='bbox 2051 5027 2236 5091; x_wconf 89' lang='lat' dir='ltr'>etiam</span> <span class='ocrx_word' id='word_1_574' title='bbox 2263 5043 2441 5108; x_wconf 88' lang='lat' dir='ltr'>rogo.</span> 
     </span>
    </p>
   </div>
   <div class='ocr_carea' id='block_1_47' title="bbox 3013 5133 3788 5202">
    <p class='ocr_par' dir='ltr' id='par_1_47' title="bbox 3013 5133 3788 5202">
     <span class='ocr_line' id='line_1_47' title="bbox 3013 5133 3788 5202; baseline 0.012 -9"><span class='ocrx_word' id='word_1_575' title='bbox 3013 5133 3079 5194; x_wconf 92' lang='lat' dir='ltr'>S.</span> <span class='ocrx_word' id='word_1_576' title='bbox 3114 5134 3206 5195; x_wconf 87' lang='lat' dir='ltr'>M.</span> <span class='ocrx_word' id='word_1_577' title='bbox 3249 5137 3320 5198; x_wconf 91' lang='lat' dir='ltr'>T.</span> <span class='ocrx_word' id='word_1_578' title='bbox 3357 5138 3788 5202; x_wconf 75' lang='lat' dir='ltr'>Dicatissimus</span> 
     </span>
    </p>
   </div>
   <div class='ocr_carea' id='block_1_48' title="bbox 3080 5236 3788 5304">
    <p class='ocr_par' dir='ltr' id='par_1_48' title="bbox 3080 5236 3788 5304">
     <span class='ocr_line' id='line_1_48' title="bbox 3080 5236 3788 5304; baseline 0.013 -9"><span class='ocrx_word' id='word_1_579' title='bbox 3080 5236 3404 5299; x_wconf 76' lang='lat' dir='ltr'>HENnIcvs</span> <span class='ocrx_word' id='word_1_580' title='bbox 3463 5240 3788 5304; x_wconf 68' lang='lat' dir='ltr'>VALESIUS.</span> 
     </span>
    </p>
   </div>
  </div>
