4514 6578
500 422 559 484 t3
1925 412 2313 481 anFATio.
3678 441 3749 502 ιε

510 556 3739 595 ρ-ᾁ-ῌ--ῆ--ψι-ω

1551 674 2148 770 STUDIOSO
2239 677 2749 771 LECTORI

561 935 689 991 Post
709 932 1007 989 Eusebium
1030 935 1443 999 Caesariensem,
1471 949 1637 1005 quem
1661 940 1946 1003 parentem
1990 931 2378 989 ecclesiastian
2410 936 2653 993 historia:
2692 940 2891 995 merito
2926 944 3202 1013 appellare
3233 962 3547 1017 possumus,
3591 949 3752 1004 multi

490 1028 579 1100 pia
603 1023 950 1081 aemulatione
974 1029 1247 1093 succensi,
1290 1028 1436 1083 idem
1473 1031 1857 1097 argumentum
1888 1029 2125 1078 tractare
2151 1024 2529 1083 instituerunt.
2556 1029 2663 1085 Sed
2698 1046 2811 1100 pra:
2847 1036 3062 1090 caeteris
3097 1037 3359 1093 omnibus
3384 1039 3659 1105 Socrates,
3696 1049 3753 1095 et

489 1121 827 1179 Sozomenus
851 1140 916 1180 ac
937 1120 1329 1185 Theodoritus,
1354 1119 1525 1173 totius
1551 1115 1899 1186 antiquitatis
1918 1114 2130 1186 judicio
2158 1118 2421 1173 celebrati
2448 1129 2610 1187 sunt;
2639 1123 2733 1191 qui
2773 1124 2843 1178 ab
2866 1125 2936 1180 iis
2960 1128 3303 1198 temporibus
3323 1131 3506 1186 exorsi
3546 1131 3601 1186 in
3624 1131 3752 1201 qui-

489 1215 594 1271 bus
622 1218 894 1274 Eusebius
923 1215 1201 1272 scribendi
1240 1213 1403 1268 ﬁnem
1426 1213 1653 1277 fecerat,
1680 1210 1749 1265 ad
1786 1209 2082 1264 Theodosii
2124 1211 2371 1267 Junioris
2412 1220 2658 1284 tempora
2682 1231 2823 1285 opus
2845 1232 3005 1273 suum
3039 1221 3437 1289 perduxerunt.
3483 1224 3551 1278 Et
3591 1222 3755 1279 initio

488 1310 712 1381 quidem
738 1320 850 1367 tres
874 1312 1009 1365 istos
1032 1310 1332 1380 scriptores
1355 1306 1518 1361 simul
1540 1306 1764 1376 junctos
1788 1304 1844 1358 in
1869 1304 2051 1359 lucem
2092 1304 2346 1375 proferre
2382 1306 2758 1373 decreveram,
2799 1318 2859 1363 ut
2895 1313 3361 1381 quemadmodum
3386 1332 3557 1372 unum
3580 1316 3755 1371 idem-

486 1421 593 1475 que
616 1413 1001 1476 argumentum
1025 1402 1226 1457 litteris
1265 1399 1543 1471 prosecuti
1568 1405 1716 1461 sunt,
1746 1397 1826 1453 sic
1849 1397 2016 1451 etiam
2058 1412 2168 1451 uno
2203 1398 2507 1468 eodemque
2534 1399 2814 1456 volumine
2836 1403 3220 1472 comprehensi
3267 1405 3601 1477 legerentur.
3644 1407 3755 1463 Sed

484 1498 748 1569 quoniam
774 1498 942 1553 nimis
962 1497 1238 1569 prolixum
1262 1495 1369 1549 hoc
1388 1493 1534 1549 facto
1554 1492 1805 1547 futurum
1829 1499 1952 1547 erat
1976 1492 2256 1558 volumen,
2288 1493 2495 1549 idcirco
2534 1494 2839 1551 editionem
2875 1497 3197 1555 Tlieodoriti
3234 1501 3388 1557 aliud
3433 1502 3491 1559 in
3523 1511 3746 1574 tempus

489 1594 714 1650 diﬂ'erre
737 1610 859 1650 sum
881 1603 1123 1649 coactus.
1144 1592 1247 1647 Cui
1271 1590 1488 1661 Evagrii
1511 1589 1941 1660 Epiphaniensis
1965 1589 2261 1643 Historiam
2286 1604 2410 1644 cum
2436 1592 2711 1661 cxcerptis
2737 1592 3090 1666 Philostorgii
3114 1611 3179 1651 ac
3202 1597 3482 1654 Theodori
3502 1599 3752 1656 Lectoris

490 1688 803 1758 adjungam,
830 1696 892 1740 ut
916 1694 1092 1740 totum
1130 1701 1334 1755 corpus
1379 1683 1770 1739 ecclesiastica:
1803 1682 2079 1747 historiae,
2116 1690 2307 1736 nostro
2348 1682 2536 1737 labore
2575 1684 2887 1753 expositum
2923 1697 3089 1757 atque
3124 1689 3478 1759 explicatum,
3516 1692 3755 1748 studiosi

490 1782 718 1853 posthac
737 1782 952 1852 possint
974 1781 1319 1851 pervolvere.
1348 1779 1574 1833 interim
1599 1794 1734 1833 vero
1757 1777 1929 1832 habes
1971 1778 2028 1830 in
2066 1777 2173 1831 hoc
2212 1792 2464 1848 corpore,
2501 1777 2718 1843 Lector,
2764 1779 3045 1838 Socratem
3083 1799 3148 1839 ac
3186 1783 3553 1842 Sozomenum
3586 1786 3753 1844 simul

485 1876 724 1946 junctos.
752 1875 813 1928 ln
834 1889 1069 1944 quorum
1093 1873 1335 1927 editione
1361 1871 1494 1941 quid
1514 1870 1886 1940 praestiterim,
1911 1869 2101 1939 paucis
2122 1870 2328 1939 accipe.

558 1969 700 2024 Ante
722 1983 897 2023 annos
919 1975 1065 2031 octo,
1091 1981 1217 2020 cum
1245 1964 1468 2018 Eusebii
1491 1962 1848 2018 Caesariensis
1873 1960 2173 2017 Historiam
2205 1961 2362 2030 jussu
2398 1971 2561 2032 atque
2603 1964 2866 2033 auspiciis
2902 1965 3405 2023 illustrissimorum
3440 1970 3753 2025 antistitum

491 2065 626 2121 cleri
649 2063 918 2120 Gallicani
946 2064 1001 2117 in
1038 2063 1218 2117 lucem
1242 2061 1491 2123 ederem,
1532 2059 1638 2113 tria
1689 2057 1967 2128 praecipue
2003 2055 2059 2108 in
2102 2054 2195 2108 illa
2237 2055 2484 2112 editione
2522 2067 2784 2127 prmstare
2825 2058 3032 2113 studui.
3082 2060 3325 2114 Primum
3366 2060 3515 2115 enim
3554 2076 3752 2116 manu-

494 2156 714 2227 scriptis
735 2156 955 2227 Optimae
970 2154 1122 2210 'notae
1140 2154 1429 2210 codicibus
1449 2152 1694 2221 undique
1720 2149 2072 2221 conquisitis,
2096 2166 2160 2205 ea
2185 2166 2306 2220 qua:
2329 2151 2383 2205 in
2406 2151 2688 2221 prioribus
2710 2152 3051 2209 editionibus
3066 2162 3325 2223 corrupta
3339 2163 3397 2209 et
3421 2154 3752 2226 interpolata

492 2250 712 2305 fuerant
752 2248 1040 2303 emendavi
1068 2255 1231 2317 atque
1256 2245 1502 2301 distinxi.
1529 2243 1738 2299 Deinde
1764 2258 1891 2297 cum
1917 2241 2234 2312 superiores
2257 2242 2609 2313 interpretes,
2636 2259 2732 2299 seu
2766 2244 3101 2315 scriptorum
3134 2245 3532 2316 exemplarium
3577 2261 3753 2317 penu-

492 2344 595 2408 ria,
619 2358 719 2397 seu
741 2342 813 2397 ob
840 2340 1004 2396 aliam
1028 2339 1333 2411 quamlibet
1355 2352 1576 2391 causam
1616 2336 1806 2390 multis
1832 2335 1887 2389 in
1913 2335 2051 2390 locis
2087 2333 2224 2403 lapsi
2261 2342 2466 2397 essent,
2492 2349 2561 2389 ne
2586 2335 2809 2391 illorum
2836 2336 3219 2406 interpretatio
3255 2337 3493 2393 lectores
3514 2338 3570 2392 in
3593 2353 3751 2392 erro-

493 2451 609 2489 rem
631 2434 939 2498 induceret,
963 2447 1163 2487 novam
1188 2433 1304 2502 ipse
1333 2429 1843 2501 interpretationem
1865 2427 2169 2491 elaboravi,
2208 2441 2318 2495 qua
2341 2425 2621 2481 studiosos
2646 2427 2701 2481 in
2726 2436 3008 2498 posterum
3035 2438 3324 2485 contentos
3358 2428 3479 2485 fore
3508 2431 3747 2488 conﬁdo.

491 2528 776 2583 Postremo
809 2526 1197 2582 annotationes
1223 2526 1455 2596 subjeci,
1504 2523 1709 2593 quibus
1743 2530 1860 2576 tum
1903 2521 2351 2576 emendationum
2400 2536 2646 2578 mearum
2699 2523 2969 2578 rationem
3016 2523 3341 2589 redderem,
3383 2532 3501 2579 tum
3537 2526 3743 2582 obscu-

489 2618 638 2672 riora
660 2632 891 2687 quaeque
912 2631 977 2671 ac
1000 2615 1307 2670 diﬁiciliora
1346 2615 1465 2668 loca
1494 2627 1825 2682 exponerem
1851 2620 2015 2681 atque
2044 2612 2395 2666 illustrarem.
2419 2613 2597 2683 Atque
2623 2612 2739 2669 haec
2761 2613 2953 2679 editio,
2983 2614 3219 2686 benigne
3257 2616 3327 2670 ab
3349 2618 3608 2674 omnibus
3642 2636 3744 2675 ex-

488 2722 666 2784 cepta,
692 2721 944 2769 versatur
970 2728 1118 2768 nunc
1140 2713 1198 2767 in
1223 2711 1478 2765 manibus
1500 2710 1865 2765 eruditorum.
1904 2708 2061 2775 Quod
2089 2707 2256 2779 igitur
2280 2708 2335 2763 in
2360 2709 2601 2764 Historia
2623 2710 2977 2766 Cmsariensis
3006 2712 3235 2768 Eusebii
3268 2720 3401 2768 tunc
3439 2713 3749 2785 opitulante

488 2806 601 2861 Deo
624 2805 851 2875 perfeci,
872 2804 1017 2859 idem
1040 2819 1189 2858 nunc
1208 2803 1264 2857 in
1281 2803 1521 2857 Historia
1544 2800 1787 2856 Socratis
1810 2808 1975 2869 atque
2003 2798 2313 2863 Sozomcni,
2336 2800 2490 2871 jussu
2518 2810 2680 2871 atque
2704 2801 2965 2872 auspiciis
2987 2805 3311 2859 eorumdem
3344 2819 3483 2875 quos
3505 2804 3619 2860 dixi
3645 2824 3747 2861 an-

488 2897 748 2961 tistitum,
776 2894 1039 2965 perﬁcere
1063 2910 1185 2949 sum
1209 2901 1461 2948 conatus.
1487 2892 1625 2947 Nam
1654 2898 1714 2945 ut
1737 2890 1921 2961 priore
1948 2890 2071 2945 loco
2095 2891 2274 2945 dicam
2311 2890 2378 2945 de
2402 2890 2649 2956 Socrate,
2675 2892 2770 2962 qui
2799 2894 2951 2963 prior
2974 2895 3040 2948 ad
3065 2894 3421 2950 scribendum
3457 2911 3515 2950 sc
3540 2907 3738 2952 contu-

487 2992 575 3054 lit,
601 2993 722 3062 ejus
748 2990 1042 3045 Historiam
1066 2987 1353 3043 emendavi
1382 3000 1485 3056 ope
1508 2994 1675 3055 atque
1720 2984 1924 3038 auxilio
1946 2984 2112 3038 trium
2140 2998 2269 3036 mss.
2298 2983 2573 3048 codicum,
2619 2984 2880 3041 Sfortiani
2911 2987 3147 3053 scilicet,
3186 2988 3491 3044 Florentini
3515 2997 3572 3045 ct
3596 2991 3749 3046 Alla-

488 3085 646 3140 tiani.
674 3084 983 3139 Sfortianus
1006 3082 1177 3137 codex
1192 3080 1437 3150 optimus
1474 3094 1538 3133 ac
1575 3077 1983 3132 vetustissimus
2015 3086 2265 3131 servatur
2288 3078 2514 3131 nuncin
2538 3078 2873 3134 bibliotheca
2909 3081 3186 3135 Vaticana.
3234 3081 3391 3137 Hunc
3413 3082 3743 3152 jampridem

490 3178 547 3232 in
595 3175 824 3247 gratiam
852 3173 1211 3229 illustrissimi
1236 3172 1341 3226 viri
1367 3170 1549 3226 Caroli
1574 3168 1888 3232 Mouclialli,
1914 3166 2311 3239 archiepiscopi
2339 3168 2614 3233 Tolosaui,
2653 3186 2779 3225 cum
2813 3171 3056 3227 editione
3091 3172 3400 3251 Gencvensi
3437 3175 3750 3230 contulerat

490 3267 665 3323 Lucas
693 3266 1030 3331 Holstenius,
1058 3268 1144 3321 vir
1165 3266 1519 3321 doctissimus
1542 3278 1558 3329 ;
1584 3272 1641 3317 et
1662 3263 1843 3315 varias
1866 3260 2131 3315 lectiones
2156 3277 2261 3315 una
2287 3278 2410 3316 cum
2435 3264 2920 3320 emendationibus
2944 3266 3295 3338 Philostorgii
3332 3284 3401 3324 ex
3422 3284 3525 3323 ms.
3553 3268 3744 3323 codice.

491 3359 834 3415 Scoriacensi
860 3360 1158 3430 decerptis,
1184 3359 1252 3414 ad
1273 3358 1530 3413 eumdem
1556 3355 1855 3411 antistitem
1881 3355 2126 3420 miserat,
2152 3370 2278 3410 cum
2303 3357 2483 3411 clerus
2505 3356 2819 3414 Gallicanus
2849 3361 3056 3416 veteris
3082 3362 3338 3417 Historia:
3359 3363 3749 3418 ecclesiastica:

491 3471 691 3509 novam
716 3455 1016 3510 editionem
1041 3453 1377 3525 procurandi
1401 3469 1602 3508 munus
1622 3452 1674 3507 ei
1701 3450 2034 3515 mandasset,
2061 3458 2121 3505 ut
2143 3450 2337 3506 scribit
2362 3452 2505 3507 idem
2535 3453 2849 3509 Holstenius
2870 3455 2926 3509 in
2947 3456 3177 3525 epistola
3201 3456 3269 3511 ad
3303 3456 3526 3512 Petrum
3552 3457 3745 3511 Possi-

491 3563 625 3602 num
647 3548 939 3604 Societatis
959 3546 1088 3605 Jesu
1115 3547 1449 3617 theologum.
1474 3546 1669 3600 Postea
1690 3560 1843 3607 vero,
1864 3559 2010 3609 cum,
2030 3551 2219 3614 rogatu
2241 3544 2411 3614 ipsius
2432 3548 2828 3619 archiepisc0pi
2846 3549 3126 3613 Tolosani,
3150 3549 3245 3619 qui
3269 3549 3342 3603 ob
3357 3549 3558 3603 nimias
3580 3525 3749 3604 occu-

494 3644 744 3715 pationes
769 3643 902 3699 huic
923 3642 1156 3699 editioni
1176 3658 1370 3697 vacare
1393 3657 1451 3696 se
1472 3656 1584 3694 non
1609 3654 1769 3709 posse
1795 3638 2157 3707 intelligebat,
2182 3640 2365 3695 clerus
2380 3639 2696 3696 Gallicanus
2717 3658 2837 3697 eam
2862 3642 3203 3712 provinciam
3224 3641 3359 3696 mihi
3388 3642 3743 3712 injunxisset,

494 3737 677 3794 varias
700 3735 968 3791 lectiones
990 3734 1295 3804 supradicti
1317 3732 1525 3788 codicis
1549 3730 1810 3786 Sfortiani
1828 3770 1841 3793 ,
1872 3728 1940 3783 ad
1964 3731 2267 3801 marginem
2292 3731 2553 3786 editionis
2575 3731 2911 3788 Genevensis
2940 3734 3206 3804 ascriptas
3228 3749 3325 3788 sua
3351 3733 3523 3803 ipsius
3551 3748 3743 3797 manu,

496 3828 648 3884 misit
669 3828 739 3882 ad
760 3843 847 3881 me
870 3825 1017 3881 idem
1041 3826 1380 3891 Holstenius,
1406 3842 1513 3880 una
1538 3839 1663 3879 cum
1688 3822 2172 3879 emendationibus
2196 3823 2307 3877 illis
2343 3825 2725 3897 Philostorgii:
2752 3827 2910 3897 plura
2952 3828 3179 3898 insuper
3217 3826 3491 3882 missurus
3508 3868 3523 3892 ,
3562 3828 3608 3882 si
3633 3830 3749 3883 vita

496 3923 601 3993 ipsi
625 3922 838 3992 longior
858 3935 1118 3977 concessa
1140 3918 1350 3974 fuisset.
1377 3918 1595 3973 Etenim
1620 3918 1785 3987 paulo
1809 3926 1936 3972 ante
1959 3917 2172 3973 obitum
2197 3917 2613 3973 dissertationes
2635 3919 2845 3989 aliquot
2864 3919 2931 3975 ad
2955 3935 3042 3975 me
3084 3920 3235 3975 misit
3260 3920 3328 3975 de
3360 3920 3499 3977 locis
3520 3920 3751 3990 quibus—

494 4020 620 4075 dam
654 4017 876 4073 concilii
917 4015 1126 4071 Niczeni
1164 4024 1221 4069 et
1242 4013 1462 4069 concilii
1486 4012 1975 4077 Chalcedonensis,
1999 4012 2177 4082 deque
2216 4012 2426 4084 Synesii
2454 4013 2790 4083 episcopatu.
2817 4013 2948 4080 Qua:
2970 4014 3194 4085 quidem
3234 4015 3671 4079 dissertationes,
3699 4017 3748 4070 si

494 4112 640 4168 Deus
658 4111 883 4183 juverit,
909 4110 967 4165 in
988 4110 1153 4165 tertio
1188 4109 1444 4163 Historiae
1466 4104 1855 4163 ecclesiasticae
1880 4116 2030 4161 tomo
2049 4107 2283 4162 edentur
2307 4123 2337 4162 a
2372 4108 2555 4172 nobis,
2581 4124 2649 4163 ne
2676 4109 2985 4179 respublica
3009 4109 3275 4165 litteraria
3307 4109 3611 4167 doctissimi
3635 4110 3745 4166 viri

491 4204 971 4261 lucubrationibus
994 4204 1203 4260 diutius
1227 4202 1531 4258 fraudetur.
1559 4202 1823 4272 Sequitur
1847 4203 2021 4259 codex
2053 4201 2428 4269 Florentinus,
2467 4212 2593 4258 ante
2617 4220 2791 4260 annos
2812 4205 3035 4260 circiter
3058 4206 3389 4277 quingentos
3412 4206 3745 4278 descriptus,

495 4295 589 4366 qui
634 4312 784 4351 nunc
807 4303 1059 4351 servatur
1080 4295 1374 4351 Florentiae
1399 4295 1456 4350 in
1488 4293 1824 4349 bibliotheca
1867 4293 1922 4348 S.
1961 4294 2262 4350 Laurentii.
2290 4286 2463 4366 Hujus
2496 4296 2760 4351 indicium
2788 4307 2953 4367 atque
2989 4313 3149 4351 usum
3188 4298 3364 4353 debeo
3386 4299 3639 4354 Emerico
3662 4299 3751 4354 Bi-

491 4391 660 4461 gotio,
688 4392 1038 4462 sagacissimo
1059 4390 1529 4445 bibliothecarum
1551 4398 1802 4444 veterum
1830 4390 2136 4460 indagatori
2159 4409 2171 4443 :
2199 4390 2356 4460 cujus
2379 4390 2660 4461 diligentia
2706 4391 2908 4446 factum
2932 4400 3017 4448 est
3042 4402 3122 4456 ut,
3159 4392 3249 4447 hic
3286 4391 3541 4447 sedentes
3578 4401 3747 4461 atque

493 4485 677 4549 otiosi,
703 4484 1001 4537 multarum
1025 4497 1088 4537 ac
1111 4480 1667 4552 disjunctissimarum
1705 4478 2166 4535 bibliothecarum
2203 4481 2401 4551 opibus
2426 4481 2807 4551 thesaurisque
2830 4482 3156 4538 frueremur.
3200 4484 3333 4554 Ejus
3369 4484 3516 4540 enim
3554 4493 3747 4555 rogatu

494 4575 721 4630 Michael
745 4574 1046 4639 Erminius,
1061 4574 1326 4644 patricius
1348 4573 1725 4638 Florentinus,
1747 4571 1992 4628 codicem
2018 4572 2171 4627 illum
2199 4575 2433 4628 contulit
2455 4590 2578 4629 cum
2604 4574 2847 4629 editione
2872 4574 3198 4640 Genevcnsi,
3225 4586 3280 4631 et
3300 4577 3480 4632 varias
3499 4577 3748 4647 ejusdem

491 4666 757 4722 lectiones
782 4665 850 4719 ad
876 4680 961 4719 me
986 4664 1307 4719 transmisit.
1335 4663 1458 4730 Quo
1482 4663 1704 4733 quidem
1730 4666 1953 4720 nomine
1977 4666 2199 4735 utrique
2226 4666 2525 4735 plurimum
2550 4682 2636 4720 me
2660 4667 2862 4722 debere
2884 4667 3163 4737 proﬁteor.
3192 4668 3412 4723 Tertius
3447 4676 3532 4723 est
3572 4668 3749 4723 codex

494 4756 695 4813 Leonis
717 4755 923 4819 Allatii,
947 4756 1053 4809 viri
1090 4754 1459 4825 undecunque
1485 4755 1816 4823 doctissimi,
1844 4766 1901 4813 et
1923 4758 1991 4812 de
2017 4758 2344 4827 antiquitate
2379 4758 2752 4813 ecclesiastica
2789 4760 2995 4828 optime
3032 4760 3235 4814 meriti.
3272 4760 3373 4815 Hic
3408 4761 3581 4816 codex
3605 4776 3746 4814 cou-

493 4851 632 4905 tinet
652 4848 945 4903 Historiam
968 4847 1397 4903 ecclesiasticam
1438 4846 1717 4903 Theodori
1743 4849 2013 4914 Lectoris,
2046 4848 2263 4905 duobus
2288 4850 2442 4904 libris
2464 4851 2913 4920 comprehensam
2939 4868 2952 4905 :
2982 4868 3149 4923 quam
3186 4853 3510 4909 Theodorus
3549 4854 3747 4909 Lector

492 4955 561 4994 ex
585 4936 763 4995 tribus
787 4937 1285 4994 ecclesiasticarum
1309 4952 1494 4993 rerum
1518 4939 1904 5010 scriptoribus,
1931 4940 2155 4995 Socrate
2179 4940 2410 5003 scilicet,
2437 4940 2742 4996 Sozomeno
2766 4957 2831 4996 ac
2853 4942 3188 4997 Theodorito
3207 4944 3523 5014 collegerat,
3550 4944 3745 4999 eodem

492 5031 654 5101 plane
676 5030 838 5085 modo
871 5046 980 5100 quo
1002 5028 1363 5085 Cassiodorus
1386 5029 1616 5085 Senator
1641 5028 1997 5101 Tripartitam
2038 5031 2332 5086 Historiam
2372 5033 2696 5101 composuit.
2744 5033 2946 5087 Verum
2969 5034 3263 5104 jtripartita
3308 5035 3424 5089 haec
3467 5036 3744 5094 Theodori

491 5123 740 5178 Lectoris
775 5121 1015 5177 Historia
1054 5138 1143 5176 res
1169 5129 1383 5176 tantum
1414 5121 1726 5192 principatu
1765 5122 2109 5177 Constantini
2134 5131 2190 5177 et
2210 5122 2512 5177 Constantii
2555 5122 2610 5175 in
2654 5122 2898 5177 Ecclesia
2940 5133 3121 5193 gestas
3160 5126 3589 5195 complectitur:
3630 5132 3747 5187 sive

492 5217 638 5288 quod
663 5215 987 5271 Theodorus
1008 5214 1208 5269 Lector
1229 5230 1339 5269 non
1366 5230 1688 5286 progressus
1710 5225 1833 5270 erat
1858 5215 2112 5278 ulterius,
2149 5215 2263 5269 sive
2291 5214 2437 5285 quod
2476 5214 2671 5284 reliqui
2704 5216 2824 5285 ejus
2861 5216 3044 5286 Operis
3077 5215 3203 5270 libri
3246 5219 3538 5275 vetustatis
3573 5224 3747 5294 negli-

490 5309 671 5381 gentia
690 5307 993 5379 perierunt.
1016 5308 1097 5361 Ex
1124 5308 1229 5362 hoc
1252 5307 1417 5378 igitur
1441 5308 1630 5363 codice
1654 5309 1836 5362 varias
1861 5310 2128 5363 lectiones
2152 5308 2207 5361 in
2228 5307 2445 5362 duobus
2469 5307 2746 5377 prioribus
2770 5307 3011 5362 Socratis
3036 5308 3196 5363 libris
3219 5308 3330 5363 Leo
3350 5309 3583 5366 Allatius
3602 5313 3743 5383 jam-

488 5400 701 5471 pridem
729 5408 1095 5467 excerpserat,
1121 5408 1177 5453 et
1214 5397 1281 5452 ad
1327 5397 1759 5452 illustrissimum
1804 5399 2103 5454 antistitem
2145 5396 2401 5453 Carolum
2444 5397 2807 5452 Monchallum
2854 5397 3253 5463 transmiserat,
3294 5414 3461 5454 manu
3502 5416 3600 5456 sua
3642 5403 3744 5457 de—

490 5492 738 5561 scriptas.
765 5490 910 5555 Quas
931 5504 1031 5559 ego
1052 5498 1239 5558 postea
1266 5498 1459 5543 nactus
1482 5506 1603 5544 sum
1625 5490 1893 5545 beneﬁcio
1914 5489 2268 5543 illustrissimi
2289 5489 2396 5542 viri
2422 5488 2662 5559 Dionysii
2686 5488 2871 5552 Talrei,
2902 5488 2957 5542 in
2985 5503 3241 5558 suprema
3275 5489 3613 5546 Parisiorum
3641 5509 3742 5546 cu-

487 5580 568 5634 ria
591 5579 861 5650 generalis
882 5577 1130 5633 advocati
1155 5576 1299 5647 regis
1323 5576 1799 5633 Christianissimi.
1840 5580 2043 5634 Praeter
2079 5579 2182 5633 hos
2205 5588 2315 5632 tres
2338 5578 2556 5632 codices
2578 5577 3000 5646 manuscriptos,
3026 5594 3159 5633 usus
3183 5594 3303 5633 sum
3327 5574 3499 5651 Regio
3519 5581 3740 5647 codice,

486 5686 662 5741 eoque
684 5687 794 5725 non
818 5669 1111 5724 admodum
1135 5682 1347 5738 vetere,
1376 5686 1540 5743 quem
1565 5687 1733 5726 unum
1759 5671 2034 5725 Robertus
2056 5668 2369 5739 Stephanus
2406 5670 2548 5741 typis
2579 5669 2694 5724 suis
2736 5668 3021 5739 expressit.
3049 5668 3169 5736 Quo
3209 5670 3393 5725 minus
3426 5670 3739 5729 mirandum

486 5771 591 5827 est,
614 5765 660 5817 si
680 5765 907 5834 vulgatae
930 5763 1194 5820 hactenus
1218 5765 1460 5821 Socratis
1482 5764 1759 5820 editiones
1799 5764 1937 5819 adeo
1970 5763 2181 5817 vitiosae
2220 5772 2370 5829 sunt,
2406 5779 2531 5818 cum
2555 5779 2622 5817 ex
2661 5763 2825 5817 unico
2862 5762 3189 5833 exemplari,
3225 5778 3403 5834 eoque
3440 5764 3737 5820 admodum

487 5859 729 5918 recente,
754 5869 943 5908 omnes
964 5855 1249 5925 descriptae
1273 5856 1401 5911 sint.
1445 5856 1618 5910 Porro
1650 5856 1796 5910 hunc
1831 5852 2079 5909 codicem
2120 5868 2186 5908 ex
2220 5853 2387 5923 Regia
2423 5853 2755 5909 bibliotheca
2790 5854 3195 5924 depromptum,
3237 5855 3553 5911 humaniter
3595 5854 3715 5912 mih
