4514 6578
813 440 880 496 15
1914 438 2193 494 llENRlCl
2231 435 2500 495 VALESII
2539 436 2596 492 Pl

2267 435 2500 493 â€™ALESII
2539 433 2924 492 PBJEFATIO.
3985 436 4050 492 46

811 558 1238 622 communicavit
1260 557 1670 614 illustrissimus
1703 576 1766 615 ac
1804 559 2296 616 reverendissimus
2334 559 2565 614 antistes
2587 553 2847 614 Nico'raus
2867 554 3180 622 Colbertus,
3217 553 3583 611 Lucionensis
3621 555 3930 629 episcopus,
3969 558 4056 612 vir

810 651 1008 707 eximia
1035 651 1297 721 pneditus
1319 650 1569 707 doctrina
1591 663 1647 706 et
1666 653 1872 708 virtute
1913 669 1979 708 ac
2015 653 2303 722 dignitate.
2331 653 2409 709 De
2452 653 2614 723 cujus
2655 650 2915 706 laudibus
2955 649 3118 720 plura
3157 650 3401 704 dicerem
3434 649 3540 704 hoc
3563 649 3704 714 loco,
3745 652 3966 706 nisime
4001 649 4056 704 id

813 745 1044 796 maxime
1072 743 1383 812 cupientem
1408 744 1702 814 singularis
1726 746 1847 815 ejus
1866 744 2136 798 modestia
2159 731 2463 798 cohiberet.
2488 744 2666 812 Atque
2691 741 2808 797 hac
2829 750 2958 797 sunt
2979 741 3181 796 auxilia
3223 741 3555 813 scriptorum
3579 742 3834 799 codicum
3857 739 4063 812 quibus

811 834 982 886 fultus
999 833 1064 886 ad
1090 833 1233 887 haue
1255 833 1500 889 Socratis
1517 835 1816 890 editionem
1843 850 1930 888 me
1951 835 2183 890 accinxi.

882 925 941 980 In
967 925 1204 980 llistoria
1226 941 1359 981 vero
1381 926 1670 982 Sozomcni
1720 926 2043 997 corrigenda
2069 927 2357 997 pauciores
2393 925 2530 981 mihi
2563 924 2783 980 codices
2807 924 3120 982 adfuerunt.
3157 927 3292 982 Nam
3318 937 3517 997 praeter
3549 925 3828 995 exemplar
3859 922 4054 979 biblio-

817 1015 991 1070 theca:
1015 1016 1217 1086 ltegim,
1242 1017 1388 1086 quod
1414 1017 1689 1072 Ilobertus
1712 1017 2025 1088 Stephanus
2071 1019 2128 1072 in
2159 1019 2402 1074 editione
2427 1033 2527 1074 sua
2561 1020 2852 1088 expressit,
2875 1027 2933 1074 ct
2955 1028 3154 1090 przeter
3177 1020 3424 1076 codicem
3454 1019 3606 1072 illum
3631 1017 3831 1072 Leonis
3872 1015 4061 1071 Allatii

812 1110 972 1178 cujus
993 1125 1158 1178 supra
1180 1107 1516 1164 mentionem
1538 1109 1665 1172 feci,
1692 1109 1786 1178 qui
1812 1109 1866 1162 in
1891 1117 2129 1178 quatuor
2151 1109 2421 1164 duntaxat
2441 1106 2724 1178 prioribus
2747 1107 3034 1169 Sozomcni
3068 1108 3228 1162 libris
3259 1109 3395 1163 etin
3419 1109 3692 1178 principio
3715 1109 3843 1160 libri
3879 1106 4060 1174 quinti

813 1201 975 1255 nobis
1000 1201 1318 1271 adjumento
1341 1201 1466 1268 fuit,
1491 1203 1713 1256 unicum
1741 1201 1906 1255 habui
1929 1202 2173 1256 codicem
2199 1199 2582 1256 Fukctianum.
2621 1201 2724 1256 llic
2755 1201 2899 1256 liber
2934 1202 3172 1271 primunt
3215 1201 3437 1270 quidem
3478 1201 3656 1254 fuerat
3685 1200 3869 1256 Caroli
3909 1201 4062 1255 Mon-

811 1295 998 1359 challi,
1025 1295 1422 1366 archiepiscopi
1449 1295 1725 1358 Tolosaui,
1751 1294 1855 1349 viri
1876 1294 2258 1348 ecclesiastica:
2273 1293 2517 1348 historia:
2555 1293 2965 1348 studiosissimi.
2999 1291 3195 1348 Postea
3232 1308 3364 1347 vero
3388 1293 3444 1347 in
3467 1292 3820 1348 Fuketiauam
3853 1292 4060 1347 biblio-

811 1387 1030 1440 thecam
1055 1387 1371 1452 translatus,
1395 1387 1465 1442 ab
1488 1387 1824 1456 amplissimo
1847 1388 1968 1440 viro
1989 1385 2213 1440 Nicolao
2232 1385 2464 1440 Fuketio
2486 1385 2620 1439 mihi
2659 1385 3038 1440 commodatus
3057 1394 3159 1440 est.
3185 1384 3357 1452 Quam
3381 1385 3452 1438 ob
3471 1398 3692 1439 causam
3717 1383 3772 1437 in
3808 1383 4057 1438 Annota-

811 1477 1056 1532 tionibus
1077 1478 1216 1532 meis
1236 1477 1602 1533 Fuketianurn
1625 1493 1752 1531 eum
1773 1476 2018 1532 codicem
2043 1477 2333 1546 appellavi.
2355 1476 2599 1531 Tandem
2621 1491 2754 1530 vero
2775 1476 2970 1532 effecta
2984 1478 3097 1548 jam
3113 1477 3356 1532 editione
3380 1485 3588 1541 nostra,
3608 1475 3780 1532 codex
3799 1475 3923 1540 iste,
3943 1492 4059 1551 una

809 1585 936 1623 cum
961 1571 1187 1640 reliquis
1210 1586 1338 1627 mss.
1363 1569 1768 1640 exemplaribus
1790 1568 2138 1624 bibliothecae
2154 1569 2488 1634 Fuketianae,
2509 1569 2729 1624 transiit
2751 1569 2910 1648 injus
2931 1584 2995 1624 ac
3009 1569 3314 1624 dominium
3336 1567 3694 1623 illustrissimi
3715 1565 3841 1631 viri,
3857 1577 3915 1621 et
3937 1575 4058 1623 tum

807 1660 946 1723 suis,
973 1667 1088 1716 tum
1113 1662 1284 1732 patris
1307 1661 1520 1716 meritis
1543 1661 1952 1730 spectatissimi,
1976 1661 2157 1717 Caroli
2183 1661 2430 1716 Mauricii
2453 1660 2699 1726 Tellerii,
2728 1661 2942 1716 abbatis
2979 1660 3036 1716 S.
3066 1660 3316 1730 Bcnigni,
3342 1660 3438 1730 qui
3471 1676 3618 1716 nunc
3653 1660 3938 1730 eoadjutor
3968 1667 4058 1714 est

809 1755 867 1810 in
890 1755 1362 1826 archiepiscopatu
1383 1755 1661 1809 lteruensi.
1683 1755 1785 1810 Est
1809 1754 2034 1825 quidem
2060 1755 2151 1809 hic
2173 1755 2346 1811 codex
2369 1771 2480 1809 non
2504 1755 2801 1810 admodum
2824 1763 3074 1810 vetustus
3092 1794 3107 1818 ,
3129 1753 3350 1824 optima:
3376 1765 3558 1808 tamen
3581 1762 3726 1809 noue
3743 1763 3801 1809 et
3821 1769 3890 1808 ex
3911 1752 4058 1823 opti-

808 1861 900 1902 mo
922 1847 1221 1918 exemplari
1244 1847 1573 1917 descriptus.
1599 1847 1769 1902 Tituli
1792 1848 2030 1918 capitum
2053 1850 2146 1919 qui
2175 1849 2230 1902 in
2258 1849 2449 1904 codice
2472 1849 2644 1920 Regio
2668 1860 2725 1905 et
2749 1851 2803 1904 in
2835 1849 3078 1905 editione
3120 1848 3346 1903 Roberti
3372 1848 3635 1918 Stephani
3673 1848 3884 1918 praafixi
3923 1854 4056 1902 sunt

808 1938 1063 1994 Historia:
1083 1938 1393 2003 Sozomcni,
1421 1941 1476 1993 in
1501 1939 1605 1994 hoc
1628 1939 1816 1993 codice
1842 1956 1948 1995 non
1966 1940 2438 1995 habentur.Nulla
2464 1941 2595 1996 item
2619 1943 2860 2011 capitum
2885 1939 3166 1996 distinctio
3190 1949 3275 1994 est
3298 1940 3352 1994 in
3376 1939 3607 2010 singulis
3630 1939 3809 1995 libris.
3835 1939 3916 1994 Ex
3935 1951 4050 2008 quo

807 2032 1174 2102 praestantiam
1197 2046 1262 2086 ac
1278 2038 1603 2085 vetustatem
1627 2032 1748 2102 ejus
1769 2030 1974 2086 codicis
1997 2031 2125 2085 licet
2145 2031 2577 2102 deprehendere.
2604 2033 2818 2088 Indices
2835 2033 2984 2086 enim
3007 2031 3085 2086 illi
3107 2047 3206 2086 seu
3229 2032 3374 2086 tituli
3400 2032 3663 2101 capitum,
3686 2047 3717 2085 a
3741 2031 4054 2101 Nicephono

805 2121 1050 2188 Callisto,
1074 2124 1159 2177 vel
1185 2124 1368 2194 potius
1389 2121 1458 2177 ab
1481 2122 1665 2190 :diquo
1688 2121 2015 2182 recentiore,
2042 2121 2332 2190 compositi
2366 2131 2497 2176 sunt
2521 2123 2703 2192 inepte
2727 2139 2952 2192 prorsus
2977 2132 3072 2176 aut
3093 2121 3346 2176 barbare.
3373 2121 3524 2175 Adeo
3549 2131 3610 2176 ut
3635 2121 3793 2186 mihi,
3817 2137 4051 2176 accura-

807 2211 918 2268 tius
941 2213 1197 2277 intuenti,
1221 2213 1464 2283 cujusvis
1501 2213 1684 2282 potius
1723 2227 1889 2280 quam
1913 2211 2207 2280 Nicephori
2229 2226 2352 2266 esse
2374 2211 2685 2267 videantur.
2711 2213 2882 2267 Porro
2919 2227 2988 2266 ne
3012 2227 3178 2282 quem
3201 2227 3299 2265 sua
3323 2211 3482 2266 laude
3506 2212 3849 2279 defraudem,
3869 2212 4053 2267 varias

805 2307 1070 2362 lectiones
1091 2306 1148 2360 in
1171 2305 1408 2360 llistoria
1431 2305 1718 2360 Sozomcni
1743 2320 1807 2358 ac
1827 2303 2170 2364 Theodoriti,
2192 2319 2263 2357 ex
2287 2303 2604 2373 supradicto
2636 2303 2824 2359 codice
2854 2303 3148 2368 Allatiano,
3177 2303 3233 2358 id
3255 2311 3343 2358 est
3377 2318 3446 2357 cx
3467 2303 3708 2358 Historia
3749 2303 4050 2374 Tripartita

806 2395 1085 2450 Theodori
1106 2393 1354 2448 Lectoris
1375 2400 1679 2462 excerptas,
1705 2391 1881 2445 debeo
1905 2391 2144 2446 Samueli
2169 2390 2461 2457 Tennulio,
2489 2393 2612 2447 viro
2636 2391 2953 2448 doctissimo
2989 2394 3206 2463 meique
3227 2395 3624 2460 amantissimo,
3649 2395 3744 2464 qui
3765 2411 3914 2450 nunc
3935 2395 4050 2450 No-

804 2489 1038 2558 viomagi
1060 2486 1273 2542 litteras
1294 2501 1490 2556 magna
1516 2501 1641 2540 cum
1664 2483 1825 2539 laude
1848 2484 2156 2554 profitetur.
2182 2482 2284 2538 llic
2304 2485 2453 2538 enim
2477 2484 2607 2538 dum
2631 2485 2816 2540 Roma:
2837 2493 3005 2550 esset,
3027 2500 3121 2541 eas
3142 2501 3308 2542 manu
3333 2503 3430 2543 sua
3454 2488 3745 2559 descripsit
3765 2503 3836 2542 ex
3857 2486 4050 2542 codice

805 2579 1004 2634 Leonis
1025 2577 1232 2642 Allatii,
1255 2578 1358 2631 viri
1386 2592 1664 2646 nunquam
1688 2575 1822 2630 satis
1843 2574 2047 2630 laudati
2068 2593 2082 2627 :
2104 2575 2199 2644 qui
2223 2591 2346 2630 meo
2369 2583 2560 2645 rogatu
2583 2591 2812 2647 meaque
2846 2591 3010 2631 causa
3041 2578 3223 2632 varias
3246 2578 3368 2632 illas
3390 2579 3656 2634 lectiones
3677 2579 3857 2634 eidem
3899 2578 4049 2634 Ten-

805 2669 958 2725 nulio
979 2669 1369 2724 describendas
1392 2677 1762 2723 concesserat.
1791 2667 1996 2722 Horum
2021 2667 2188 2738 igitur
2207 2667 2603 2737 exemplarium
2627 2669 2898 2733 subsidio,
2933 2677 3042 2723 tam
3085 2669 3142 2724 in
3173 2669 3401 2724 Socrate
3423 2685 3588 2738 quam
3626 2671 3683 2725 in
3718 2671 4049 2737 Sozomeno,

806 2760 1224 2818 innumerabilia
1248 2759 1366 2813 loca
1389 2773 1510 2828 qua:
1529 2765 1688 2812 antea
1710 2757 2124 2827 corruptissima
2146 2759 2468 2830 legebantur
2495 2758 2805 2822 emendavi,
2830 2759 3054 2814 lacunas
3077 2759 3341 2827 plurimas
3377 2761 3648 2830 supplevi,
3666 2762 4052 2822 distinctiones

807 2850 1055 2918 restitui,
1081 2865 1277 2906 novam
1311 2849 1548 2918 denique
1587 2847 2094 2918 interpretationem
2121 2849 2313 2919 adjeci.
2340 2849 2414 2902 De
2437 2864 2544 2918 qua
2572 2863 2719 2902 nunc
2742 2865 2914 2918 pauca
2939 2848 3137 2904 dicam.

873 2949 1007 3016 Qua:
1029 2949 1096 3002 de
1120 2943 1346 3000 llluseuli
1369 2951 1427 2998 et
1447 2941 1928 3012 Christophorsoni
1952 2941 2497 3013 interpretationibus
2523 2942 2654 2996 olim
2681 2941 2792 2996 dixi
2822 2943 2874 2996 in
2899 2943 3220 3014 prmfatione
3243 2943 3312 2998 ad
3351 2943 3751 3002 illustrissimos
3787 2947 4049 3005 Ecclesia

803 3041 1093 3098 Gallicana:
1114 3035 1407 3100 antistites,
1429 3049 1550 3104 qua:
1565 3033 1794 3087 editioni
1817 3034 2040 3089 Eusebii
2057 3033 2230 3088 nostri
2252 3032 2467 3102 praefixa
2482 3041 2585 3097 est,
2607 3051 2670 3090 ca
2693 3035 3186 3105 impraesentiarum
3209 3036 3348 3090 nihil
3373 3037 3569 3091 attinet
3591 3054 4044 3096 commemorare.

803 3133 863 3187 ld
892 3145 1062 3185 unum
1087 3127 1282 3184 addam
1319 3144 1331 3178 :
1358 3126 1404 3180 si
1426 3133 1548 3196 post
1573 3125 1696 3179 illos
1717 3140 1856 3194 quos
1879 3124 1992 3179 dixi
2015 3125 2366 3194 interpretes,
2391 3123 2631 3178 llistoria
2653 3124 3005 3180 Caesariensis
3026 3125 3250 3180 Eusebii
3288 3141 3431 3180 novo
3455 3127 3756 3198 interprete
3779 3145 3919 3199 opus
3941 3131 4045 3186 ha-

805 3225 946 3288 buit,
972 3223 1143 3278 multo
1178 3219 1350 3290 magis
1387 3215 1752 3271 necessariam
1785 3215 1952 3270 fuisse
1985 3230 2181 3269 novam
2206 3214 2713 3283 interpretationem
2740 3215 2990 3270 Historiae
3030 3215 3271 3272 Socratis
3297 3225 3462 3286 atque
3486 3215 3794 3274 Sozomcni.
3836 3221 4046 3277 liorem

803 3317 950 3372 enim
979 3314 1217 3368 llistoria
1243 3306 1400 3380 longe
1425 3307 1736 3362 mendosior
1759 3307 1828 3362 ad
1855 3323 1954 3362 nos
1977 3306 2248 3376 pervenit,
2274 3322 2438 3375 quam
2463 3306 2552 3359 illa
2577 3305 2928 3363 Ctesariensis
2953 3308 3196 3364 Eusebii.
3237 3309 3406 3379 quue
3439 3325 3508 3364 ex
3544 3310 3790 3368 editione
3813 3314 4045 3372 Roberti

804 3409 1068 3480 Stephani
1095 3406 1338 3478 prudens
1368 3405 1542 3459 lector
1586 3402 1744 3459 facile
1783 3400 2176 3472 deprehendet.
2227 3401 2438 3472 Quippe
2490 3403 2764 3480 Robertus
2807 3400 3117 3472 Stephanus
3160 3401 3217 3456 in
3263 3400 3488 3454 Eusebii
3534 3403 3758 3472 quidem
3799 3405 4044 3464 editione

802 3477 988 3574 plures
1013 3477 1140 3555 mss.
1169 3499 1385 3554 codices
1409 3493 1680 3560 adhibuit,
1706 3511 1772 3549 ex
1798 3495 2128 3550 bibliotheca
2156 3494 2324 3564 Regia
2349 3477 2734 3566 depro'mptos:
2760 3495 2818 3548 in
2841 3493 3177 3548 excudendis
3197 3502 3379 3548 autem
3403 3494 3643 3550 Socratis
3664 3513 3730 3552 ac
3752 3497 4046 3557 SozomÃ©ni

803 3593 1165 3648 Historiarum
1185 3590 1360 3652 libris,
1388 3587 1607 3642 unicum
1634 3587 1972 3657 singulorum
1996 3585 2188 3640 habuit
2209 3585 2473 3642 codicem.
2503 3587 2689 3656 Itaque
2713 3585 2780 3640 ad
2803 3585 3008 3640 calcem
3037 3585 3296 3640 editionis
3321 3602 3455 3652 suae,
3479 3589 3538 3641 in
3561 3588 3786 3644 Eusebii
3809 3591 4034 3660 quidem

801 3690 963 3743 libris
986 3688 1165 3741 varias
1203 3685 1468 3740 lectiones
1493 3698 1560 3736 ex
1585 3681 1990 3746 vetustissimis,
2017 3689 2078 3735 ut
2104 3681 2218 3750 ipse
2242 3680 2396 3745 dicit,
2424 3681 2832 3751 exemplaribus
2857 3679 3174 3750 desumptas
3196 3680 3428 3734 notavit.
3473 3680 3536 3734 In
3577 3669 3819 3739 Socratis
3853 3692 4042 3739 autent

800 3799 865 3837 ac
889 3779 1175 3836 Sozomcni
1193 3779 1428 3832 llistoria
1451 3775 1628 3829 nullas
1649 3773 1904 3844 apposuit
1925 3774 2198 3828 variantes
2215 3773 2496 3838 lectiones,
2515 3781 2806 3844 propterea
2828 3771 2975 3842 quod
3000 3771 3221 3826 unicum
3243 3772 3530 3843 utriusque
3552 3773 3840 3844 scriptoris
3859 3791 4046 3832 exem-

799 3875 920 3945 plar
935 3881 1126 3927 nactus
1140 3871 1333 3925 fuerat.
1351 3869 1417 3922 Et
1439 3865 1663 3921 Eusebii
1685 3865 1909 3936 quidem
1931 3865 2288 3936 exemplaria,
2308 3866 2510 3936 quibus
2528 3880 2658 3919 usus
2681 3873 2766 3919 est
2786 3862 3117 3933 Stephanus,
3136 3862 3340 3932 optima
3365 3873 3525 3918 erant
3547 3881 3611 3920 ac
3633 3867 4033 3934 vetustissima,

800 3978 864 4024 ut
887 3969 1001 4039 ipse
1026 3975 1276 4020 testatur.
1325 3962 1565 4031 Uterque
1603 3967 1789 4015 autem
1827 3958 2020 4024 codex,
2056 3966 2166 4012 tam
2202 3959 2445 4014 Socratis
2467 3973 2632 4028 quam
2677 3957 2985 4022 Sozomcni,
3011 3971 3173 4027 quem
3215 3956 3488 4012 Robertus
3511 3957 3822 4027 Stephanus
3843 3959 3899 4014 in
3923 3961 4042 4014 edi-

801 4060 951 4115 tione
974 4075 1070 4113 sua
1094 4055 1384 4126 expressit,
1410 4051 1822 4107 recentissimus
1843 4058 1948 4113 est,
1979 4057 2040 4104 ut
2066 4050 2169 4120 ipsi
2194 4051 2450 4115 vidimus,
2475 4049 2798 4119 tuendisque
2840 4049 3078 4104 refertus
3099 4050 3537 4120 quamplurimis.
3561 4051 3797 4107 Proinde
3833 4054 4036 4109 mirum

800 4172 909 4210 non
932 4162 1016 4208 est
1049 4154 1196 4207 viros
1219 4150 1409 4204 doctos
1433 4149 1488 4202 in
1512 4147 1598 4201 his
1623 4145 1862 4201 Socratis
1885 4161 1949 4200 ac
1974 4145 2264 4200 Sozomcni
2288 4145 2448 4199 libris
2481 4140 2906 4214 interpretandis
2927 4145 3124 4214 smpius
3149 4146 3511 4201 hallucinatos
3531 4145 3696 4201 fuisse
3718 4187 3733 4212 ,
3759 4163 3885 4202 cum
3927 4155 4036 4202 tam

804 4245 1001 4299 vitiosa
1023 4258 1086 4296 ac
1112 4241 1302 4296 mutila
1325 4237 1656 4308 exemplaria
1679 4252 1790 4306 prae
1813 4237 1986 4290 oculis
2023 4236 2311 4300 haberent,
2335 4244 2391 4289 et
2423 4250 2554 4287 mss.
2581 4233 2832 4288 codicum
2858 4234 3064 4288 auxilio
3089 4235 3542 4291 destituerentur.
3589 4237 3723 4291 Nam
3764 4239 4042 4296 Musculus

799 4340 1023 4414 quidem
1041 4337 1210 4390 Sttlallt
1237 4331 1459 4387 ltoberti
1485 4328 1746 4398 Stephani
1773 4328 2072 4384 editionem
2099 4327 2332 4382 viderat.
2355 4325 2887 4396 Christophorsonus
2908 4342 3062 4392 vero,
3090 4327 3313 4382 Eusebii
3349 4328 3571 4398 quidem
3607 4345 3670 4384 ac
3711 4330 4036 4408 Theodoriti

801 4449 929 4488 mss.
957 4429 1174 4484 codices
1197 4425 1403 4492 aliquot
1423 4419 1676 4489 inspexit.
1699 4419 1940 4474 Socratis
1959 4434 2090 4474 vero
2109 4433 2172 4472 ac
2196 4416 2485 4472 Sozomcni
2511 4417 2660 4470 nulla
2684 4431 2814 4471 mss.
2839 4416 3402 4488 habuitexemplaria,
3429 4428 3490 4472 ut
3510 4419 3564 4472 in
3588 4424 4034 4481 annotationibus

799 4522 936 4576 meis
961 4535 1069 4573 non
1093 4515 1259 4571 semel
1283 4509 1586 4568 observavi.
1613 4509 1802 4564 Varias
1821 4508 2085 4562 duntaxat
2107 4507 2390 4571 lectiones,
2415 4518 2469 4561 et
2491 4507 2777 4560 doctorum
2800 4507 3083 4562 hominum
3099 4511 3464 4580 conjecturas,
3489 4511 3558 4566 ad
3580 4515 3881 4583 marginem
3906 4516 4029 4571 edi-

799 4613 964 4668 tionis
988 4608 1214 4664 Roberti
1257 4603 1518 4672 Stephani
1546 4611 1834 4656 anuotatas
1860 4602 2117 4668 viderat:
2147 4600 2454 4673 cujusmodi
2495 4601 2710 4656 codices
2743 4602 3134 4672 quamplurimi
3168 4603 3224 4656 in
3257 4618 3454 4658 manus
3489 4613 3707 4660 nostras
3740 4621 4030 4666 venerunt.

796 4707 999 4762 Verum
1025 4700 1286 4756 lectiones
1308 4696 1412 4750 illa:
1439 4695 1644 4748 nullius
1669 4694 1780 4747 fere.
1805 4700 1932 4747 sunt
1955 4693 2218 4763 ponderis
2249 4700 2413 4762 atque
2451 4695 2816 4758 auctoritatis,
2845 4710 2971 4749 eum
2997 4695 3198 4748 nullam
3225 4694 3461 4749 habeant
3503 4698 3795 4766 ascriptam
3835 4711 4021 4758 notam

796 4795 1008 4865 antiqui
1032 4789 1358 4860 exemplaris
1381 4803 1448 4842 ex
1472 4801 1582 4856 quo
1605 4786 1892 4854 descripta:
1915 4793 2062 4839 sunt.
2113 4784 2225 4854 Ego
2247 4800 2378 4838 vero
2402 4801 2526 4839 cum
2567 4785 2803 4854 optimos
2841 4801 2906 4839 ac
2939 4787 3340 4841 vetustissimos
3379 4787 3597 4842 codices
3635 4796 3743 4842 tam
3779 4790 4026 4850 Socratis

797 4905 959 4960 quam
986 4882 1272 4939 Sozomcni
1298 4890 1491 4934 nactus
1513 4879 1638 4942 siin,
1663 4893 1868 4946 eosque
1893 4892 2002 4931 non
2027 4876 2144 4930 sine
2169 4891 2382 4930 summo
2402 4877 2588 4932 labore
2614 4893 2736 4930 eum
2761 4879 2997 4948 vulgatis
3029 4878 3365 4932 cdilionibus
3399 4881 3750 4947 contulerim,
3775 4883 4026 4940 faciliore

797 4984 1056 5049 deinceps
1080 4993 1142 5030 ac
1165 4973 1410 5044 planiore
1434 4971 1520 5024 via
1544 4969 1613 5024 ad
1637 4983 1829 5023 eorum
1855 4968 2368 5038 interpretationem
2389 4968 2616 5022 accessi.
2643 4969 2839 5024 Nostra
2869 4970 3034 5039 igitur
3060 4969 3176 5024 hare
3197 4969 3369 5024 editio
3390 4971 3667 5035 omnibus,
3695 4983 3802 5030 tam
3836 4976 4023 5032 Graece

795 5073 991 5132 doctis,
1017 5083 1178 5138 quam
1204 5065 1268 5118 iis
1293 5063 1386 5132 qui
1409 5061 1593 5114 Grzeca
1614 5059 1886 5123 nesciunt,
1911 5075 1978 5113 ex
1999 5074 2176 5128 :cquo,
2199 5066 2260 5112 ut
2283 5074 2464 5128 spero,
2491 5059 2805 5114 satisfaciet.
2830 5059 2963 5114 Nam
2987 5069 3042 5115 et
3060 5059 3244 5115 Graece
3271 5061 3435 5124 docti,
3463 5061 3740 5118 Socratem
3765 5083 3830 5121 ac
3851 5068 4020 5122 Sozo-

794 5181 1015 5224 menum
1041 5170 1225 5217 nostra
1249 5173 1414 5228 opera
1434 5155 1750 5210 cmemlatos
1773 5170 1836 5207 ac
1857 5161 2216 5222 perpurgatos
2237 5152 2450 5223 legent;
2475 5162 2534 5207 et
2556 5152 2648 5222 qui
2671 5151 2859 5207 Gneca
2896 5153 3080 5208 minus
3113 5153 3333 5216 callent,
3359 5152 3580 5207 eosdem
3607 5154 3794 5212 Latina
3841 5160 4018 5215 inter-

794 5259 1099 5332 pretatione
1121 5271 1150 5308 a
1173 5252 1332 5307 nobis
1354 5250 1582 5302 donatos
1603 5247 1816 5300 facilius
1841 5246 2168 5300 intellecturi
2193 5255 2339 5301 sunt.

865 5350 1181 5419 Sequuntur
1203 5341 1616 5398 annotationes:
1650 5339 1931 5407 inquibus
1967 5339 2194 5408 perinde
2221 5354 2285 5392 ac
2309 5339 2364 5392 in
2388 5338 2764 5393 notationibus
2800 5338 3159 5402 Eusebianis,
3200 5337 3310 5391 duo
3347 5334 3610 5406 perficere
3643 5339 3868 5394 tentavi.
3910 5341 4032 5396 Pri-

789 5460 963 5506 mum,
989 5450 1050 5496 ut
1071 5436 1515 5494 emendationum
1538 5449 1782 5487 mearum
1808 5433 2075 5487 rationem
2100 5433 2408 5499 redderem,
2457 5442 2512 5487 et
2551 5435 2730 5489 varias
2756 5435 3020 5491 lectiones
3063 5450 3130 5487 ex
3177 5449 3306 5487 mss.
3353 5430 3636 5486 codicibus
3657 5433 4028 5505 depromptas,

790 5540 1012 5596 lectoris
1031 5535 1234 5607 judicio
1257 5546 1638 5603 proponerent.
1669 5529 1898 5593 Deinde,
1925 5539 1986 5583 ut
2010 5530 2332 5583 obscuriora
2357 5547 2584 5599 Â«pia-que
2608 5548 2669 5584 ac
2697 5531 3002 5585 difï¬ciliora
3028 5532 3165 5594 loca,
3195 5547 3316 5600 quze
3341 5531 3574 5601 legentis
3597 5534 3876 5603 ingenium
3905 5547 4026 5588 mo-

789 5637 897 5690 rari
924 5651 1079 5704 ptisN:
1110 5630 1459 5689 \Itltâ€˜ilitltllllâ€˜,
1487 5633 1585 5696 pro
1611 5626 1831 5679 modulo
1857 5641 1978 5678 meo
2003 5627 2356 5678 illustraret".
2406 5626 2516 5679 Nec
2563 5626 2990 5691 ignorouuultos
3027 5642 3145 5679 esse
3185 5625 3446 5680 delicatos
3487 5641 3551 5680 ac
3575 5626 3886 5681 fastidiosos
3923 5627 4027 5680 ho-

785 5725 982 5784 mines,
1009 5719 1102 5790 qui
1129 5718 1696 5788 t'\qttisil:tstlttltlztxztl
1723 5716 2134 5768 Î¿Î¹Î¼Î½Ï„ÎºÎ¹Î¹Î¹á½·Ï…Î¹Î¹Î½Îº
2160 5725 2207 5764 et
2237 5731 2557 5768 communes
2579 5733 2714 5784 quos
2740 5726 2936 5771 vocant
2959 5717 3126 5781 locos,
3152 5715 3219 5769 ad
3246 5732 3498 5786 pompam
3521 5724 3577 5770 et
3599 5718 4030 5772 ostentationem

787 5827 1136 5884 coiuposuos,
1164 5815 1269 5865 silu
1294 5810 1545 5865 exhiberi
1573 5812 1770 5862 \â€˜cliul:
1803 5813 1947 5862 illam
1973 5825 2102 5862 vero
2127 5809 2542 5863 annotationum
2571 5819 2780 5878 partem
2827 5827 2947 5881 qua:
2987 5809 3398 5864 emendationes
3437 5824 3502 5862 ac
3539 5809 3718 5863 varias
3765 5809 4030 5863 lectiones

783 5911 1046 5976 continet,
1075 5909 1248 5964 levem
1272 5921 1497 5978 prorsus
1522 5921 1583 5961 ac
1607 5906 2014 5976 deSpiciendam
2057 5905 2388 5960 existiment.
2419 5903 2630 5971 Quibus
2663 5924 2762 5977 ego
2789 5907 2841 5962 id
2869 5922 3191 5977 responsum
3213 5905 3376 5961 velim
3425 5923 3438 5958 :
3477 5906 3580 5960 etsi
3612 5903 4026 5961 emendatione:
