4514 6578
464 474 527 527 n
1288 461 1373 517 DE
1413 461 1572 518 vna
1610 457 1700 515 ET
1735 449 2039 513 scrupus
2079 438 2419 508 Somnus
2458 452 2543 506 ET
2585 448 2943 509 sozonaa't.
3660 445 3726 498 is

460 596 567 650 illa
592 608 654 646 ac
690 589 856 645 varia
893 586 1163 645 lectiones
1200 600 1337 656 quas
1376 583 1548 640 Graci
1572 579 1959 651 διττογραφξας
1987 584 2204 639 vocant,
2236 577 2490 630 insuaves
2513 576 2836 645 plerumque
2862 590 2928 629 ac
2952 572 3201 628 molesta
3239 569 3351 625 sint
3392 568 3722 637 legentibus,

464 687 630 743 utiles
658 695 839 740 tamen
862 698 955 738 eas
978 696 1099 737 esse
1127 679 1417 749 imprimis,
1451 693 1514 732 ac
1533 692 1757 748 prorsus
1780 671 2139 733 necessarias,
2167 671 2222 725 in
2263 672 2349 725 his
2390 670 2694 741 prascrtim
2719 669 3088 740 scriptoribus
3108 680 3347 738 quorum
3383 663 3514 718 libri
3546 662 3730 717 minus

466 776 745 833 emendati
771 776 838 830 ad
863 790 965 829 nos
988 778 1379 844 pervenerunt.
1411 768 1732 841 Hujusmodi
1759 777 1942 822 autem
1966 780 2086 821 esse
2114 764 2355 819 Socratis
2393 779 2457 818 ac
2493 762 2781 817 Sozomeni
2820 762 2993 817 libros
3024 763 3134 833 jam
3160 758 3418 857 superius
3441 753 3725 857 admonui:

467 872 529 926 Et
558 868 977 923 observationes
999 864 1223 935 quidem
1265 864 1529 934 majorem
1567 862 1804 932 speciem
1839 859 2138 930 praferunt
2162 857 2523 915 eruditionis:
2550 854 2866 910 emendatio
2891 869 3025 909 vero
3050 854 3176 924 plus
3213 850 3417 922 ingenii
3443 865 3507 904 ac
3528 848 3725 919 judicii

463 960 745 1028 rcquirere
771 956 905 1011 mihi
932 954 1172 1009 videtur.
1200 953 1389 1022 Neque
1428 951 1576 1007 enim
1618 950 1859 1020 cujusvis
1885 957 1969 1003 est
2008 948 2075 1002 de
2100 963 2228 1002 vera
2264 962 2327 1001 ac
2362 962 2618 1015 germana
2645 952 2896 1000 veterum
2939 944 3273 1014 scriptorum
3298 942 3541 999 lectione
3581 938 3729 993 ferre

470 1052 816 1115 sententiam,
865 1049 961 1105 sed
984 1050 1103 1120 ejus
1126 1048 1219 1118 qui
1243 1056 1301 1102 et
1327 1047 1615 1118 multiplici
1641 1045 1889 1099 doctrina
1916 1046 2217 1102 instructus
2240 1044 2331 1106 sit,
2355 1049 2410 1096 et
2434 1042 2489 1095 in
2517 1042 2620 1097 hac
2638 1040 2921 1112 judicandi
2942 1049 3059 1095 arte
3080 1040 3175 1095 diu
3202 1038 3548 1107 multumque
3569 1050 3731 1090 exer-

474 1147 694 1202 citatus.
721 1144 893 1198 Porro
918 1140 1367 1197 annotationibus
1390 1148 1503 1195 tres
1525 1155 1554 1193 a
1579 1155 1665 1194 me
1690 1138 1966 1209 subjuncti
2001 1147 2129 1192 sunt
2172 1138 2299 1193 libri
2338 1136 2784 1192 Observationum
2825 1134 3347 1197 ecclesiasticarum,
3383 1148 3503 1202 qua
3530 1127 3598 1183 ad
3626 1126 3722 1182 So—

479 1241 648 1295 cratis
693 1255 758 1294 ac
799 1236 1091 1294 Sozomeni
1138 1236 1434 1291 Historiam
1476 1235 1857 1291 illustrandam
1900 1236 2199 1305 pertinent.
2246 1235 2381 1293 Nam
2426 1249 2552 1289 cum
2596 1234 3111 1296 animadverterem,
3159 1232 3216 1286 in
3238 1230 3403 1287 rebus
3446 1226 3730 1283 Athanasii

478 1334 835 1393 Alexandrini
860 1346 917 1393 et
940 1337 1094 1393 Pauli
1122 1335 1711 1405 Constantinopolitani
1737 1333 2061 1399 referendis,
2089 1335 2294 1389 multos
2321 1342 2378 1387 et
2416 1332 2681 1388 maximos
2716 1346 2935 1387 errores
2977 1330 3251 1387 admissos
3270 1342 3392 1382 esse
3435 1341 3464 1379 a
3505 1322 3731 1378 Socrate

466 1436 629 1497 atque
654 1427 980 1493 Sozomeno,
1004 1436 1061 1484 et
1082 1428 1152 1484 ab
1178 1427 1246 1483 iis
1267 1428 1363 1498 qui
1388 1428 1511 1482 illos
1533 1427 1880 1498 postmodum
1904 1427 2077 1481 secuti
2101 1433 2230 1481 sunt
2251 1466 2263 1487 ,
2291 1440 2411 1479 eam
2438 1423 2680 1479 historia
2715 1432 2946 1495 partem.
2979 1430 3185 1492 quanta
3225 1420 3343 1475 ﬁeri
3382 1417 3560 1488 potuit
3595 1430 3730 1471 cura

476 1538 540 1578 ac
564 1523 869 1595 diligentia,
896 1524 1116 1580 duobus
1138 1524 1422 1596 prioribus
1445 1523 1603 1578 libris
1630 1523 1908 1577 illustrare
1936 1522 2141 1576 studui.
2169 1522 2227 1575 In
2252 1522 2455 1591 quibus
2480 1520 2652 1575 multa
2678 1520 2955 1589 reperient
2995 1518 3229 1573 studiosi
3256 1532 3289 1570 a
3310 1531 3400 1571 me
3416 1514 3729 1575 observata,

479 1632 600 1687 qua
620 1618 855 1674 aliorum
876 1619 1215 1691 diligentiam
1240 1619 1508 1690 fugerant.
1536 1618 1758 1673 Tertius
1782 1628 1965 1673 autem
1992 1618 2158 1682 liber,
2194 1620 2287 1688 qui
2324 1618 2743 1687 explicationem
2783 1614 3197 1671 continet‘sexti
3240 1612 3474 1668 canonis
3513 1608 3731 1664 concilii

474 1708 703 1772 Nicani,
729 1709 932 1766 idcirco
956 1726 987 1764 a
1010 1725 1097 1765 me
1121 1710 1211 1765 hic
1235 1710 1515 1780 subjectus
1537 1717 1640 1772 est,
1665 1708 1810 1778 quod
1838 1708 1893 1763 in
1917 1723 1983 1764 eo
2006 1721 2215 1762 canone
2238 1707 2419 1779 agitur
2443 1706 2510 1761 de
2531 1707 2653 1775 jure
2682 1720 2746 1759 ac
2780 1712 3048 1774 potestate
3066 1758 3072 1765 ,
3092 1701 3550 1777 patriarcharum,
3589 1712 3732 1767 quo—

485 1816 606 1854 rum
630 1816 662 1854 a
685 1800 910 1857 Socrate
934 1811 1125 1858 nostro
1145 1803 1353 1857 mentio
1378 1800 1437 1855 ﬁt
1461 1802 1515 1857 in
1539 1802 1683 1856 libro
1705 1810 1859 1858 suto
1881 1816 1946 1855 ac
1966 1799 2219 1869 septimo.
2248 1799 2416 1871 Cujus
2442 1798 2663 1869 quidem
2699 1797 2778 1850 rei
2818 1796 2942 1850 ideo
2966 1797 3202 1850 lectores
3224 1791 3601 1848 admonendos
3629 1806 3734 1861 pu-

480 1895 613 1961 tavi,
637 1913 708 1953 ne
734 1899 859 1968 quis
878 1898 1222 1954 existimaret
1245 1912 1333 1952 me
1372 1899 1694 1968 cujusquam
1734 1894 2166 1966 reprehendendi
2191 1910 2354 1949 causa
2394 1895 2597 1948 librum
2644 1892 2793 1945 hunc
2817 1890 3045 1959 reliquis
3072 1890 3390 1943 attexuisse.
3426 1887 3548 1942 Non
3584 1884 3735 1940 enim

484 1989 729 2059 profecto
754 1989 809 2045 id
833 1988 970 2046 mihi
994 1990 1287 2048 consilium
1311 1988 1435 2045 fuit.
1480 1989 1587 2045 Sed
1619 1990 1799 2059 primo
1823 1989 2068 2059 quidem,
2103 1987 2353 2042 veritatis
2392 1986 2711 2058 indaganda
2744 1984 2928 2067 studio
2960 1998 3225 2038 canonem
3272 1982 3426 2036 illum
3457 1992 3737 2050 exponere

482 2097 771 2151 aggressus
795 2097 947 2148 sum;
992 2082 1192 2137 deinde
1218 2098 1368 2147 vero,
1395 2092 1455 2137 ut
1478 2082 1732 2152 scriptori
1756 2097 1878 2137 meo
1901 2082 2080 2137 lucem
2104 2082 2343 2150 aliquam
2380 2079 2657 2142 afferrem,
2694 2094 2822 2133 eum
2849 2077 3099 2131 libellum
3123 2072 3575 2159 annotationibus
3596 2071 3737 2125 meis

487 2172 716 2242 subjeci.
746 2172 804 2227 In
829 2190 938 2244 quo
964 2174 1007 2228 si
1035 2189 1065 2228 a
1092 2174 1211 2229 viro
1234 2174 1398 2231 docto
1419 2184 1581 2243 atque
1596 2174 1769 2229 amico
1790 2174 2076 2233 dissentio.
2103 2173 2155 2227 id
2180 2173 2446 2237 modeste,
2471 2187 2574 2226 nec
2600 2172 2719 2226 sine
2743 2168 3185 2239 bonorificaajus
3210 2165 3575 2237 appellatione
3609 2164 3734 2218 feci.

480 2265 767 2321 Corollarii
796 2268 917 2322 loco
940 2268 1127 2324 addita
1150 2280 1235 2325 est
1256 2270 1556 2340 disputatio
1579 2268 1831 2329 Archelai
1858 2269 2260 2340 Mesopotamia
2285 2269 2529 2340 episcopi
2552 2268 2820 2323 adversus
2846 2266 3227 2329 Manichaum,
3253 2265 3411 2335 cujus
3445 2262 3653 2319 mentio
3680 2260 3739 2315 fit

477 2371 510 2411 a
535 2357 759 2414 Socrate
784 2359 840 2414 in
865 2360 1010 2416 libro
1036 2363 1235 2432 primo.
1262 2362 1521 2434 Ejusdem
1545 2362 1727 2433 operis
1752 2363 2002 2429 meminit
2036 2362 2377 2433 Epiphanius
2404 2362 2457 2416 in
2483 2362 2675 2416 haresi
2700 2360 3145 2423 Manichaorum,
3184 2368 3241 2411 et
3280 2358 3646 2428 Hieronymus
3681 2356 3736 2407 iu

477 2452 626 2506 libro
648 2453 725 2507 De
747 2455 1113 2525 scriptoribus
1133 2458 1542 2523 ecclesiasticis,
1571 2459 1726 2528 cujus
1748 2457 1865 2513 hac
1890 2468 2018 2512 sunt
2039 2458 2207 2515 verba
2232 2479 2244 2513 :
2269 2459 2580 2521 Archelaus,
2604 2458 2872 2529 episcopus
2898 2454 3311 2524 Mesopotamiae.
3338 2451 3530 2511 librum
3553 2450 3735 2543 dif?!"

474 2545 692 2598 talionis
715 2560 844 2611 sua,
866 2563 1027 2617 quam
1049 2548 1232 2602 habuit
1256 2550 1531 2603 aduersum
1554 2548 1901 2605 Hanichamm
1928 2558 2202 2607 exeuntem
2226 2552 2289 2605 de
2311 2551 2547 2615 Perside,
2572 2548 2706 2619 Syro
2729 2562 2970 2613 sermone
2992 2546 3304 2615 composuit,
3328 2546 3417 2615 qui
3444 2540 3739 2628 translatus

474 2637 529 2689 in
554 2636 795 2692 Graecum
818 2640 1042 2692 habetur
1068 2658 1099 2693 a
1118 2641 1319 2696 multis.
1345 2641 1551 2697 Claruit
1574 2644 1667 2695 sub
1690 2644 1819 2713 imp.
1844 2641 2033 2697 Probo.
2067 2643 2179 2698 Hoc
2200 2644 2478 2715 egregium
2517 2640 2862 2712 antiquitatis
2897 2638 3281 2694 ecclesiastica
3315 2645 3731 2709 monumentum]

474 2728 531 2784 in
556 2729 722 2785 Italia
747 2731 1095 2788 bibliothecis
1121 2733 1389 2789 hactenus
1410 2733 1722 2789 delituerat.
1752 2734 1991 2793 Tandem
2020 2753 2152 2792 vero
2182 2736 2427 2796 Emerici
2452 2735 2650 2807 Bigotii
2689 2734 2795 2787 viri
2819 2732 3110 2787 clarissimi
3138 2729 3321 2785 studio
3342 2745 3412 2793 ac
3454 2729 3741 2799 diligentia

473 2838 505 2876 e
530 2823 775 2889 tenebris
796 2835 1039 2892 erutum,
1066 2828 1120 2881 in
1144 2827 1324 2883 lucem
1348 2828 1552 2898 prodit.
1581 2827 1689 2883 Sed
1722 2810 2018 2885 dolendum
2065 2839 2150 2886 est
2175 2830 2323 2902 quod
2360 2829 2639 2899 exemplar
2672 2826 2809 2882 illud
2856 2814 2938 2880 ρκ’
2966 2840 3077 2895 quo
3117 2824 3234 2879 hac
3270 2822 3547 2892 descripta
3588 2830 3743 2884 sunt,

476 2916 691 2973 mendis
711 2920 974 2977 refertum
1000 2922 1324 2987 innumeris,
1348 2932 1406 2978 et
1428 2923 1809 2994 imperfectum
1834 2926 2058 2995 insuper
2081 2942 2144 2981 ac
2184 2925 2440 2980 mutilum
2478 2925 2546 2978 ad
2571 2939 2673 2981 nos
2698 2921 2969 2994 pervenit.
3000 2919 3311 2976 Desiderari
3334 2920 3483 2973 enim
3522 2918 3745 2991 videtur

476 3011 777 3082 disputatio
803 3013 919 3083 ipsa
941 3013 1217 3077 Archelai,
1246 3030 1410 3085 quam
1451 3015 1646 3069 habuit
1690 3017 1957 3071 adversus
1983 3013 2337 3073 Manichaum
2365 3019 2418 3072 in
2444 3016 2684 3071 Marcelli
2707 3016 2896 3079 domo,
2925 3029 3111 3069 coram
3138 3021 3374 3083 quatuor
3403 3011 3687 3083 judicibus
3712 3030 3741 3064 a

475 3104 729 3159 Marcello
750 3104 961 3161 electis.
989 3105 1102 3161 Nisi
1127 3105 1266 3161 forte
1292 3106 1541 3162 dicamus
1556 3106 1987 3177 disputationem
2012 3109 2267 3166 Archelai
2290 3110 2559 3166 contineri
2586 3110 2644 3164 in
2660 3108 2894 3181 epistola
2918 3108 2985 3162 ad
3002 3107 3303 3162 Diodorum
3322 3105 3735 3189 presbyterum.

476 3196 533 3250 in
555 3211 662 3265 qua
685 3195 986 3252 Archelaus
1006 3197 1433 3268 disputationem
1459 3198 1605 3255 illam
1628 3217 1791 3271 quam
1820 3201 2085 3257 adversus
2106 3203 2465 3259 Manichaum
2508 3202 2799 3267 habuerat,
2825 3201 3095 3274 integram
3130 3200 3320 3257 refert.
3366 3207 3427 3253 ut
3467 3198 3739 3268 colligitur

476 3304 546 3343 ex
569 3289 675 3343 fine
700 3290 849 3345 illius
870 3292 1138 3360 epistola.

548 3381 723 3451 Atque
748 3380 863 3437 hac
886 3392 1015 3438 sunt
1036 3385 1105 3439 de
1130 3385 1335 3455 quibus
1374 3388 1430 3442 in
1453 3388 1727 3459 principio
1751 3390 1918 3462 hujus
1940 3391 2125 3461 operis
2148 3393 2381 3447 lectores
2403 3389 2781 3445 admonendos
2805 3404 2927 3444 esse
2951 3388 3286 3451 existimavi,
3316 3396 3378 3441 ut
3398 3398 3527 3457 qum
3556 3403 3610 3439 ιιι
3642 3400 3690 3438 ι.;
3711 3402 3742 3439 c

476 3482 663 3529 nostra
709 3475 951 3531 editione
995 3479 1334 3549 pracipuum
1381 3489 1551 3547 esset,
1593 3498 1694 3539 nec
1743 3484 1799 3538 in
1845 3485 2226 3555 superioribus
2269 3484 2432 3555 hujus
2476 3483 2731 3538 Historia
2772 3476 3113 3559 editionihus
3146 3481 3510 3563 inveniretur.
3560 3480 3740 3548 primo

477 3566 661 3622 statim
707 3567 910 3624 intuitu
951 3580 1173 3639 possent
1215 3587 1566 3643 cognoscere.
1617 3575 1808 3631 Restat
1864 3591 2014 3631 nunc
2055 3585 2115 3631 ut
2158 3576 2227 3647 de
2274 3575 2500 3631 Socrate
2556 3591 2621 3630 ac
2665 3566 2973 3630 Sizomeno
3029 3568 3204 3644 pauca
3258 3573 3474 3636 dicam;
3537 3573 3629 3640 qui
3689 3584 3745 3623 ιιι

474 3663 666 3731 quales
686 3662 921 3733 fuerint;
946 3666 1092 3736 quod
1114 3674 1289 3739 genus
1310 3669 1436 3726 vita
1459 3673 1673 3737 sectati,
1699 3686 1863 3743 quam
1899 3672 2222 3743 religionem
2259 3670 2494 3749 professi
2527 3670 2753 3753 fuerint,
2789 3664 2845 3726 et
2884 3678 3009 3724 uter
3031 3684 3223 3724 eorum
3248 3668 3402 3738 prior
3450 3667 3618 3721 "istm
3637 3666 3742 3720 itm

477 3754 883 3827 conscripserit.

1096 3871 1196 3933 DE
1238 3874 1414 3936 VITA
1452 3876 1550 3937 ET
1593 3877 1937 3939 SCRIPTIS
1978 3877 2348 3941 SOCRATIS
2390 3879 2643 3953 ATQUE
2686 3878 3102 3942 SOZOMENI.

549 3998 804 4054 Socrates
844 3998 1008 4070 igitur
1052 4009 1263 4065 noster,
1290 4000 1358 4056 ab
1392 4000 1497 4055 hoc
1556 4002 1703 4056 enim
1746 4002 2052 4066 ordiemur,
2084 4008 2129 4064 Α
2160 4012 2267 4079 tem
2300 4012 2546 4057 nostrum
2570 4002 2712 4057 circa
2743 4004 2966 4058 exordia
2998 4003 3342 4073 principatus
3373 3987 3663 4059 Theodosii
3689 4004 3743 4060 in

476 4090 711 4161 patriam
733 4090 925 4144 habuit
943 4089 1491 4161 Constantinopolim.
1519 4092 1636 4161 Ipse
1663 4103 1813 4149 certe
1843 4095 1895 4149 in
1919 4094 2059 4150 libro

476 4184 671 4253 quinto
702 4182 955 4238 Historia
984 4170 1390 4250 ecclesiastica,
1414 4201 1533 4256 cap.
1559 4186 1648 4251 24,
1674 4202 1731 4242 se
1766 4188 1820 4241 in
1841 4203 1904 4241 ea
1924 4188 2059 4242 urbe

476 4284 665 4332 natum
707 4286 873 4348 atque
903 4278 1198 4334 educatum
1237 4278 1405 4334 fuisse
1450 4286 1701 4344 testatur,
1732 4290 1788 4335 et
1826 4281 1897 4335 ob
1937 4267 2056 4335 eam

475 4385 697 4426 causam
742 4386 832 4426 res
862 4372 984 4427 illas
1017 4373 1294 4442 pracipue
1331 4388 1787 4427 commemorasse
1808 4415 1820 4438 ,
1846 4391 1967 4443 qua
2005 4374 2056 4428 in

476 4478 540 4516 ea
576 4463 794 4519 civitate
823 4463 1159 4519 acciderant.
1193 4463 1577 4520 Grammatiea
1607 4466 1745 4518 artis
1771 4467 2059 4536 praeeptis

478 4554 764 4611 institutus
782 4564 886 4622 est,
912 4556 1209 4612 admodum
1246 4558 1588 4623 adolescens,
1621 4558 1690 4613 ab
1722 4559 1971 4614 Helladio
2004 4570 2060 4614 et

477 4644 767 4701 Ammonio
800 4647 1200 4717 grammaticis,
1236 4648 1497 4719 qui.tunc
1552 4650 1693 4705 forte
1730 4650 2058 4706 Alexandria

478 4736 715 4807 profugi,
754 4736 1285 4810 Constantinopolim
1330 4755 1387 4795 se
1432 4751 1776 4811 receperant.
1824 4740 2057 4797 Causam

479 4845 611 4884 vero
643 4845 743 4883 cur
776 4831 1115 4901 grammatici
1147 4832 1223 4886 illi
1250 4832 1579 4887 Alexandria
1617 4833 1991 4905 migraverint,
2012 4836 2055 4889 si

478 4920 603 4989 quis
638 4921 779 4977 scire
823 4922 1124 4989 desiderat,
1167 4940 1289 4978 eam
1332 4924 1572 4981 inveniet
1614 4927 1842 4982 relatam
1875 4944 1905 4981 a
1955 4928 2057 4981 So-

478 5020 629 5067 crate
664 5012 717 5067 in
743 5013 837 5068 lib.
862 5031 915 5080 v,
946 5031 1066 5085 cap.
1098 5016 1181 5070 l6.
1208 5017 1343 5071 Nam
1379 5034 1503 5073 cum
1541 5020 1738 5088 templa
1771 5020 2059 5090 gentilium

478 5102 759 5160 destructa
788 5116 973 5162 essent
1000 5108 1365 5172 Alexandria,
1393 5127 1523 5165 cura
1558 5128 1622 5166 ac
1662 5114 1846 5168 studio
1884 5115 2059 5170 Theo-

481 5194 637 5264 phili,
681 5196 836 5251 urbis
872 5199 1018 5255 illius
1051 5202 1316 5272 episcopi,
1344 5203 1625 5259 llelladius
1658 5214 1713 5258 et
1741 5206 2059 5263 Ammonius

480 5288 857 5354 grammatici,
882 5305 1115 5359 quorum
1146 5292 1283 5346 alter
1308 5292 1478 5356 Jovis,
1510 5294 1648 5348 alter
1682 5294 1839 5349 Simii
1875 5313 2056 5354 sacer-

2162 4098 2342 4152 lucem
2372 4095 2579 4167 editum
2608 4095 2796 4149 fuisse.
2835 4094 3047 4165 Quippe
3071 4096 3230 4166 pueri
3255 4111 3400 4149 anno
3427 4097 3605 4150 atatis
3634 4101 3743 4153 cir-

2163 4186 2301 4241 citer
2330 4185 2543 4240 decimo
2568 4184 2709 4239 tradi
2742 4186 2994 4241 solebant
3031 4186 3401 4255 grammaticis
3433 4188 3741 4244 erudiendi.

2162 4278 2291 4331 Post
2337 4276 2452 4332 hac
2503 4276 2759 4332 Socrates
2810 4277 3142 4332 rhetoricam
3187 4278 3377 4333 didicit
3419 4280 3522 4334 sub
3559 4280 3745 4335 Troilo

2162 4371 2428 4451 sophista,
2474 4372 2570 4441 qui
2622 4387 2721 4441 per
2776 4371 2830 4425 id
2884 4382 3100 4443 tempus
3150 4384 3357 4430 summa
3409 4390 3534 4428 cum
3581 4376 3742 4429 laude

2162 4463 2529 4532 eloquentiam
2580 4463 2814 4519 docebat
2859 4464 3357 4535 ConstantinOpoli.
3406 4467 3465 4521 Id
3516 4468 3740 4536 quidem

2163 4554 2367 4610 diserte
2400 4572 2509 4609 non
2551 4554 2685 4610 dicit
2728 4556 2982 4610 Socrates
3022 4565 3228 4611 noster.
3270 4556 3475 4611 Verum“
3522 4577 3588 4613 ex
3622 4562 3743 4630 ejus

2162 4648 2347 4702 verbis
2376 4657 2618 4702 attentus
2657 4663 2721 4703 ac
2764 4648 2997 4719 diligens
3027 4648 3199 4704 lector
3235 4650 3377 4704 istud
3420 4652 3567 4720 quod
3604 4653 3736 4718 dixi,

2162 4738 2322 4819 facile
2348 4738 2586 4809 colliget.
2618 4738 2805 4795 Toties
2830 4739 2999 4803 enim,
3037 4748 3257 4809 tamque
3294 4741 3593 4797 honorifice
3622 4745 3741 4813 ejus

2162 4831 2499 4886 mentionem
2540 4830 2693 4894 facit,
2728 4842 2789 4885 ut
2821 4831 3084 4902 magistro
3115 4832 3375 4889 Minerva]
3409 4835 3617 4890 solvere
3659 4837 3737 4890 vi-

2162 4923 2377 4978 deatur.
2408 4924 2542 4977 Nam
2583 4930 2640 4977 et
2664 4924 2898 4993 patriam
2928 4925 3047 4994 ejus
3090 4925 3355 4983 nominat.
3386 4926 3551 4980 Siden
3580 4927 3737 4981 Pam-

2162 5014 2391 5086 phylia;
2418 5016 2647 5086 ejusque
2672 5013 2974 5085 discipulos
3002 5024 3396 5070 commemorat
3426 5017 3569 5071 haud
3603 5034 3737 5086 pau—

2162 5130 2276 5179 cos,
2322 5113 2621 5169 Eusebium
2662 5113 2874 5169 scilicet
2909 5111 3329 5170 Scholasticum.
3369 5122 3422 5165 et
3463 5113 3738 5168 Silvanum

2161 5216 2323 5277 atque
2346 5205 2638 5260 Ablabium
2660 5204 2964 5275 episcopos.
2986 5204 3235 5274 Denique
3256 5205 3313 5259 in
3338 5206 3480 5260 libro
3505 5208 3740 5276 soptiun

2162 5297 2514 5352 Anthemium
2580 5298 2899 5367 prafectum
2958 5296 3237 5365 pratorio,
3292 5282 3387 5369 qui
3434 5297 3742 5353 'lheodosi.)

479 5372 581 5429 dos
633 5385 755 5430 erat
796 5376 1170 5443 Alexandria,
1208 5383 1596 5437 contumeliam
1642 5384 1783 5439 hanc
1828 5386 2055 5441 deorum
2092 5360 2131 5413 Β
2163 5390 2391 5444 Juniore
2434 5389 2614 5444 adhuc
2658 5404 2830 5457 puero
2868 5389 3260 5458 rempublicam
3306 5389 3742 5450 administrabat,

481 5484 705 5521 suorum
728 5484 869 5541 agre
903 5469 1163 5537 ferentes,
1190 5474 1383 5529 relicta
1402 5475 1538 5529 urbe
1566 5475 1893 5531 Alexandria
1917 5480 2058 5534 Con-

478 5563 889 5633 stantinopolim
918 5564 1168 5634 profecti,
1192 5566 1529 5623 domicilium
1557 5585 1716 5624 suum
1754 5571 1865 5624 illic
1893 5574 2059 5626 collo-

478 5662 694 5708 carunt.
746 5655 920 5710 Porro
979 5658 1262 5728 gentilium
1315 5661 1514 5731 templa
1571 5661 1912 5717 Alexandria
1958 5663 2055 5719 de-

480 5752 685 5800 structa
707 5755 835 5802 sunt
857 5748 1094 5804 Timasio
1115 5759 1171 5804 et
1191 5750 1449 5807 Promoto
1470 5753 1808 5815 consulibus,
1835 5762 1894 5807 ut
1919 5755 2055 5809 scri-

482 5836 561 5890 bit
591 5837 942 5894 Marcellinus
969 5840 1020 5895 in
1045 5840 1341 5903 Chronico,
1374 5847 1467 5913 qui
1492 5860 1669 5898 anuus
1695 5854 1811 5899 erat
1839 5846 2062 5900 undeci—

480 5942 600 5984 mus
636 5927 981 6000 imperatoris
1005 5929 1316 5989 Theodosii.
1354 5934 1426 5987 lix
1466 5952 1573 6005 quo
1605 5943 1820 6004 app;th
1870 5939 2063 5990 Surru-

2167 5483 2337 5536 'l'roili
2361 5482 2619 5551 sophista
2646 5480 2893 5535 consiliis
2911 5482 3185 5551 praecipue
3213 5496 3368 5535 usum
3388 5498 3507 5536 esse
3532 5483 3742 5537 scribit.

2167 5575 2266 5630 Ubi
2306 5573 2473 5629 etiam
2518 5573 2670 5627 illum
2709 5572 2813 5626 hoc
2852 5581 3082 5626 exornat
3122 5571 3331 5641 elogio:
3366 5574 3425 5635 ὃς
3470 5572 3608 5643 μετὰ
3648 5592 3745 5640 της

2165 5666 2333 5738 of:qu
2356 5666 2504 5736 αὐτῴ
2532 5666 2846 5734 φιλοσοφίας
2873 5665 2973 5736 (sic.
2999 5665 3147 5719 enim
3180 5665 3534 5719 scribendum
3556 5679 3658 5729 est,
3688 5678 3747 5720 ut

2167 5760 2221 5813 in
2256 5758 2555 5829 appendire
2598 5757 3017 5811 annotationum
3058 5756 3300 5821 nmnui).
3334 5758 3429 5810 καὶ
3468 5758 3608 5810 κατὰ
3648 5758 3744 5826 τὴν

2164 5845 2445 5913 πολιτικὴν
2482 5846 2743 5915 φρόνησιν
2786 5844 2861 5913 τῷ
2909 5845 3175 5915 Ἀνθεμίῳ
3218 5846 3510 5913 ἐφάμιλλος
3552 5839 3741 5917 ἦνδιιί

2165 5948 2277 5994 est:
2322 5940 2408 6009 qui
2438 5949 2628 6008 pra‘lt'r
2654 5936 3033 6007 philosophiam
3064 5956 3178 6008 qua‘
3205 5942 3253 5992 in
3296 5940 3404 6001 ipso
3436 5942 3627 6003 inerat,
3664 5942 3738 5994 (i-
