4514 6578
822 418 897 471 tn-
2059 417 2146 489 DE
2185 406 2350 472 VITA
2392 421 2478 479 ET

2392 421 2478 479 ur
2521 425 2830 513 SCRIPTIS
3999 430 4071 485 ao
4159 478 4165 485 .

816 534 997 588 vitium
1028 549 1229 606 quoque
1252 540 1432 588 rerum
1458 533 1736 606 prudentia
1760 553 1858 608 par
1884 522 2159 593 Anthemio
2179 552 2284 591 esse
2309 542 2391 596 υἱ-
2421 548 2463 603 Α
2497 541 2751 601 Socrates
2795 544 3090 601 Historiam
3112 558 3267 600 suam
3286 537 3680 612 conscripserit
3706 554 3829 615 post
3857 548 4070 607 obium.
4168 602 4171 605 _

815 630 1055 682 debatur.
1080 627 1175 682 liis
1193 627 1499 683 rationibus
1519 626 1810 694 adductus,
1828 626 2106 684 Socratem
2136 637 2392 688 nostrum-

816 721 873 775 in
918 720 1194 775 rhetorica
1230 719 1415 776 Troilo
1475 720 1737 792 magistro
1787 735 1947 775 usum
1992 721 2161 778 fuisse
2203 722 2390 779 existi-

815 814 979 869 mavi.
1013 814 1217 869 Verum
1256 815 1323 871 de
1364 815 1469 871 hac
1509 832 1570 872 re
1606 817 1982 888 unusquisque
2021 833 2122 888 pro
2158 819 2388 882 arbitrio

814 920 915 959 suo
948 912 1170 963 statuet.
1194 891 1490 963 Sciendum
1511 924 1677 980 porro
1698 917 1802 974 est,
1829 918 2045 965 veteres
2055 906 2173 965 'non
2192 912 2386 983 raptim

813 1011 878 1050 ac
919 1009 1300 1068 properanter,
1348 999 1491 1055 sicut
1534 1015 1684 1055 nunc
1733 999 1851 1055 ﬁeri
1891 1000 2053 1067 solet,
2091 1002 2187 1059 sed
2227 1003 2389 1077 longo

813 1089 1110 1145 admodum
1166 1100 1413 1163 tempore
1477 1093 1805 1165 eloquentia:
1865 1107 2090 1165 operam
2149 1095 2385 1153 dedisse.

812 1181 979 1238 Certe
1018 1183 1314 1256 Gregorius
1353 1186 1732 1242 Nazianzenus
1776 1186 1833 1242 in
1875 1187 2132 1245 Carmine
2164 1189 2232 1245 de
2276 1189 2388 1246 vita
2419 1199 2423 1202 ’

812 1288 911 1327 sua
931 1282 1180 1338 testatur.
1225 1293 1283 1332 se
1317 1294 1462 1333 anno
1488 1278 1663 1334 aetatis
1712 1279 1990 1337 tricesimo
2012 1282 2242 1339 Athenis
2277 1283 2390 1340 dis-

813 1366 1063 1430 cessisse,
1094 1383 1219 1423 cum
1264 1369 1321 1424 in
1356 1385 1421 1425 ea
1473 1369 1608 1425 urbe
1638 1373 1894 1428 oratoriae
1938 1373 2072 1429 artis
2116 1384 2387 1446 pracepta

814 1455 1114 1513 didicisset.
1171 1460 1300 1515 Post
1325 1461 1441 1515 haec
1473 1459 1729 1518 Socrates
1774 1463 1962 1518 relicta
1998 1463 2167 1519 Troili
2202 1466 2386 1522 schola

813 1545 879 1600 ad
910 1534 1089 1602 foruni
1120 1564 1178 1604 se
1211 1550 1463 1615 contulit,
1487 1557 1544 1606 et
1575 1566 1767 1607 causas
1795 1553 2044 1608 actitavit
2077 1554 2391 1611 Constanti-
2424 1586 2427 1589 -

814 1637 1019 1706 nopoli.
1040 1638 1194 1695 Unde
1226 1650 1648 1711 cognomentum
1674 1643 1906 1713 adeptus
1935 1655 2020 1699 est
2041 1644 2384 1701 Scholastici.

814 1727 904 1784 Sic
936 1729 1082 1784 enim
1114 1731 1364 1788 advocati
1401 1749 1469 1789 eo
1508 1742 1751 1805 tempore
1780 1736 2125 1803 dicebantur,
2162 1748 2226 1823 ut
2249 1741 2389 1811 jam-

811 1822 1024 1891 pridem
1054 1823 1124 1879 ab
1155 1825 1279 1880 aliis
1312 1826 1665 1881 observatum
1685 1835 1800 1883 est:
1832 1844 1942 1883 non
1975 1829 2120 1899 quod
2142 1830 2198 1884 in
2225 1831 2386 1887 scho-

2490 634 2765 691 Tbeodori
2804 636 3191 707 Mopsuesteni.
3224 635 3332 692 Sed
3363 636 3481 707 jam
3528 641 3743 708 tempus
3784 649 3868 696 est
3903 652 3965 697 ut
4002 644 4071 700 de

2488 726 2610 796 ejus
2630 735 2777 783 secta
2806 743 2872 783 ac
2899 712 3184 801 religione,
3220 732 3365 788 sicut
3393 730 3554 790 initio
3589 735 3817 803 polliciti
3856 752 4068 803 sumus,

2489 818 2851 888 inquiramus.

2557 908 2825 966 Baronius
2842 911 3066 981 quidem
3094 911 3149 966 in
3171 911 3495 979 Annalibus,
3525 927 3585 972 et
3613 918 3902 991 Philippus
3929 920 4071 974 Lab-

2487 997 2639 1056 baaus
2670 999 2727 1055 in
2750 1000 2893 1058 libro
2923 1003 3000 1059 De
3037 1004 3401 1075 scriptoribus
3427 1009 3834 1077 ecclesiasticis,
3875 1012 4069 1068 Socra-

2487 1099 2597 1150 tem
2647 1098 2898 1149 nestrum
2943 1107 3092 1152 secta
3130 1098 3493 1155 Novatianum
3540 1102 3712 1160 fuisse
3767 1103 4062 1161 atlirmant.

2485 1183 2634 1239 lde'm
2666 1184 2831 1240 etiam
2869 1196 2996 1244 ante
3026 1188 3145 1245 illos
3176 1192 3392 1270 censuit
3420 1192 3766 1266 Nicephorus
3800 1197 3856 1252 in
3884 1214 4067 1270 prom-

2487 1276 2598 1346 mio
2624 1276 2876 1334 Historiae
2906 1255 3308 1348 ecclesiasticaia,
3344 1284 3430 1341 bis
3449 1255 3636 1344 verbis
3660 1306 3674 1343 :
3715 1290 3743 1342 ὁ
3772 1255 4065 1361 τὴνΙπροσ-

2486 1369 2734 1440 ηγορίαν,
2772 1369 2834 1424 οὒ
2877 1370 2982 1443 μὴν
3011 1371 3067 1424 δέ
3101 1389 3164 1440 γε
3202 1375 3295 1428 καὶ
3323 1377 3423 1445 τὴν
3464 1380 3783 1452 προαίρεσιν
3825 1382 4062 1453 καθαρὸς

2485 1460 2799 1532 Σωκράτης.
2830 1461 2888 1517 id
2909 1472 3024 1518 est:
3051 1472 3100 1518 et
3129 1466 3172 1519 is
3206 1467 3295 1537 qui
3317 1473 3619 1539 cognomine
3637 1473 3848 1541 quidem
3873 1475 4061 1528 Καθα-

2488 1552 2600 1621 ρός,
2620 1554 2711 1607 sed
2733 1554 2912 1609 animo
2946 1557 3121 1611 minus
3147 1574 3279 1628 puro
3319 1558 3437 1629 fuit,
3469 1557 3732 1619 Socrates.
3763 1563 3920 1631 Quod
3949 1581 4060 1621 non

2486 1641 2561 1696 ita
2585 1642 2962 1712 accipiendum
2986 1654 3090 1710 est,
3113 1649 3266 1716 quasi
3280 1649 3544 1708 Socrates
3580 1653 3834 1725 Καθαρός
3854 1670 4058 1727 cogno-

2485 1734 2723 1789 minatus
2756 1734 2846 1799 sit,
2882 1736 2979 1791 sed
3008 1745 3069 1791 ut
3105 1738 3468 1795 Novatianum
3500 1744 3655 1798 illum
3691 1745 3860 1803 fuisse
3895 1746 4061 1819 signi-

2486 1823 2698 1887 licetur.
2727 1825 2861 1880 Nam
2894 1826 3180 1883 Novatiani
3215 1844 3274 1885 se
3305 1833 3558 1889 catharos
3594 1837 3958 1905 appellabant,
3998 1846 4061 1893 ut

811 1916 894 1970 las
932 1917 1088 1972 relati
1139 1926 1323 1973 essent,
1343 1960 1358 1984 ,
1400 1919 1498 1975 sed
1549 1921 1679 1990 quia
1718 1922 1947 1991 juvenes
1987 1896 2055 1977 ἐκ
2099 1923 2383 1979 rhetorum
2417 1896 2460 1951 Β
2487 1912 2646 1969 docet
2663 1929 2832 1969 canon
2854 1924 3080 1972 octavus
3101 1920 3318 1975 concilii
3351 1922 3577 1979 Nicmni.
3610 1896 3759 1980 idem
3788 1927 4058 1998 Nicepho-

811 2008 1013 2065 scbolis
1041 2009 1294 2080 profecti,
1314 2020 1486 2067 artem
1515 2012 1657 2068 hanc
1685 2013 2102 2084 proﬁtebantur.
2140 2016 2383 2072 Tandem

809 2114 943 2155 vero
979 2101 1191 2172 abjecta
1228 2103 1584 2168 causidicina,
1623 2104 1690 2158 ad
1730 2105 2075 2161 scribendam
2129 2108 2386 2163 ecclesia-

810 2191 1002 2246 sticam
1024 2192 1316 2267 Historiam
1339 2195 1579 2249 animum
1605 2212 1764 2251 suum
1787 2197 2067 2267 applicuit.
2083 2198 2199 2265 Qua
2223 2200 2279 2254 in
2301 2216 2379 2264 re,

808 2290 867 2337 et
892 2264 1181 2354 judicio’et
1206 2284 1487 2357 diligentia
1518 2302 1651 2341 usus
1681 2295 1767 2342 est
1812 2264 2209 2359 signando
2231 2289 2380 2360 judi-

813 2375 967 2430 cium-
988 2376 1233 2446 quidem,
1257 2376 1540 2433 declarant
1570 2373 1981 2436 observationes
2003 2397 2069 2436 ac
2095 2382 2381 2437 sententia:

807 2466 1008 2537 passim
1048 2468 1103 2522 in
1136 2468 1294 2527 libris
1320 2471 1441 2542 ejus
1467 2471 1719 2527 intextae:
1755 2473 1977 2542 quibus,
2006 2488 2130 2529 meo
2157 2474 2379 2545 quidem

802 2558 1031 2627 judicio,
1059 2560 1196 2614 nihil
1239 2570 1322 2616 est
1369 2562 1656 2617 illustrius.
1686 2563 2034 2634 Diligentiam
2067 2579 2217 2628 vero,
2254 2580 2377 2620 cum

806 2649 909 2704 alia
934 2652 1103 2706 multa
1127 2658 1416 2717 testantur,
1441 2663 1555 2708 tum
1587 2653 1718 2709 illud
1752 2654 2039 2724 imprimis,
2063 2655 2209 2724 quod
2245 2665 2379 2710 tem-

806 2756 999 2810 porum
1064 2752 1286 2807 notam,
1330 2744 1383 2799 id
1428 2754 1513 2799 est
1567 2744 1894 2800 consulatus
1939 2755 1995 2800 et
2043 2746 2377 2817 olympiadas

805 2847 1180 2909 saepenumero
1219 2836 1462 2904 apponit,
1497 2837 1797 2907 praesertim
1827 2837 1920 2892 ubi
1975 2854 2064 2893 res
2113 2840 2375 2909 quasdam

803 2926 1028 2996 majoris
1056 2908 1317 2983 momenti
1349 2938 1759 2985 commemorat.
1796 2931 1985 3001 Neque
2023 2948 2153 2987 vero
2192 2932 2374 2989 llisto-

804 3018 940 3073 riam
963 3016 1480 3092 suam'negligenter
1511 3037 1576 3077 ac
1604 3023 1795 3094 supine
1817 3025 2158 3095 conscripsit,
2187 3041 2375 3095 quem-

802 3111 1101 3167 admodum
1146 3113 1376 3173 Buﬁnus
1419 3114 1806 3185 Aquileiensis,
1857 3116 1949 3185 qui
2008 3116 2156 3171 duos’
2202 3116 2372 3173 libros

2485 2020 2581 2061 rus
2612 2006 2669 2060 in
2712 2006 2854 2061 libro
2891 2023 2948 2075 ιι,
2992 2011 3169 2081 capite
3210 2013 3297 2078 14,
3326 2014 3399 2069 ita
3443 2016 3639 2072 scribit
3675 2017 3744 2073 de
3777 2018 4001 2074 Socrate
4039 2039 4052 2073 :

2484 2096 2609 2182 Haec
2642 2097 2739 2151 sibi
2774 2102 3075 2154 renuntiata
3104 2118 3215 2157 esse
3255 2101 3496 2160 Socrates
3529 2106 3645 2176 (qui
3676 2109 3779 2162 Jtoc
3809 2109 3918 2163 loco
3951 2126 4052 2164 non
4084 2146 4089 2152 -

2486 2189 2764 2243 abhorrere
2806 2204 2861 2242 se
2892 2205 2923 2243 a
2954 2190 3374 2248 Novatianorum
3419 2197 3673 2251 institutis
3715 2198 3895 2268 palam
3943 2217 4055 2271 prae

2432 2326 2435 2333 .
2481 2299 2537 2337 se
2555 2282 2681 2353 fert)
2709 2299 2742 2336 a
2769 2298 2892 2337 sene
2927 2282 3153 2353 quodam
3178 2287 3374 2352 scribit,
3403 2297 3509 2343 etc.
3536 2288 3646 2346 Cur
3670 2299 3850 2346 autem
3879 2292 4053 2349 Nova-

2483 2376 2664 2431 tianus
2689 2391 2721 2430 a
2754 2376 3029 2447 plerisque
3056 2376 3278 2435 habitus
3305 2380 3376 2434 sit
3410 2379 3665 2437 Socrates
3690 2393 3895 2449 noster,
3919 2400 4049 2440 cau-

2482 2485 2555 2526 sa:
2581 2485 2684 2525 nec
2708 2484 2891 2541 pauca:
2916 2480 3064 2537 sunt,
3090 2478 3193 2528 nec
3211 2472 3377 2529 leves.
3413 2475 3654 2530 Primum
3678 2478 3825 2531 enim
3851 2478 4049 2534 seriem

2480 2553 2862 2631 episcoporum
2921 2560 3377 2629 Novatianorum,
3436 2563 3530 2634 qui
3581 2562 4047 2637 Constantinopoli

2479 2651 2766 2706 ecclesiam
2805 2650 3022 2711 illorum
3065 2642 3261 2709 rexere
3299 2655 3411 2725 jam
3463 2655 3588 2712 inde
3634 2672 3665 2712 a
3708 2656 4048 2714 Constantini

2480 2741 2839 2811 temporibus,
2868 2742 3601 2831 diligenterqcommemorat,
3642 2751 3845 2804 notatis
3881 2751 4047 2805 etiam

2479 2830 2817 2897 consulibus,
2841 2832 3040 2902 quibus
3083 2830 3282 2906 singuli
3328 2850 3394 2889 ex
3433 2835 3533 2890 hac
3571 2837 3690 2892 luce
3719 2839 4042 2909 migrarunt.

2476 2923 2681 2983 Deinde
2708 2928 3151 2995 unumquemque
3188 2941 3381 2982 eorum
3420 2929 3647 2984 summis
3680 2928 3842 2985 effert
3872 2931 4048 2986 laudi-

2478 3010 2599 3077 bus,
2633 3014 2902 3084 praecipue
2929 3012 3177 3084 Agclium
3205 3031 3269 3072 ac
3294 3016 3614 3083 Sisinnium,
3643 3018 4045 3091 Chrysanthum

2474 3119 2537 3159 ac
2567 3105 2813 3185 Paulum.
2846 3104 3015 3178 Cujus
3039 3108 3204 3167 etiam
3226 3110 3485 3179 precibus
3516 3111 3844 3167 miraculum
3872 3113 4046 3185 quod—

798 3204 1060 3261 Historiat
1098 3181 1516 3273 ecclesiasticae,
1564 3223 1703 3277 quos
1756 3181 1977 3263 Eusebii
2025 3208 2373 3276 Caesariensis
2400 3236 2441 3294 ο
2474 3195 2581 3251 da“

2265 3212 2373 3276 usis
2400 3236 2441 3294 ο
2474 3195 2597 3251 dam
2620 3181 2993 3269 perpetratum
3018 3214 3139 3294 esse
3155 3201 3349 3294 scribit
3366 3201 3857 3275 Constantinopoli.
3881 3181 4048 3266 Deni-

802 3295 971 3357 libris.
984 3298 1237 3361 attexuit,
1252 3297 1574 3352 memoriter
1591 3297 1724 3352 mihi
1741 3298 1959 3353 videtur
1979 3301 2368 3370 composuisse.

801 3387 986 3460 Longe
1021 3388 1179 3443 aliter
1207 3387 1459 3443 Socrates
1499 3397 1708 3453 noster,
1733 3389 1826 3458 qui
1861 3390 2183 3460 conquisitis
2212 3392 2375 3447 undi-

735 3543 742 3549 .
800 3494 909 3550 que
947 3480 1171 3551 optimis
1208 3479 1598 3544 monumentis,
1638 3480 1693 3535 id
1735 3488 1838 3545 est,
1874 3480 2119 3551 epistolis
2157 3483 2375 3538 antisti-

802 3583 941 3639 tum,
978 3572 1114 3629 actis
1153 3571 1539 3645 synodalibus,
1585 3578 1642 3627 et
1679 3572 1841 3627 libris
1882 3574 2373 3630 ecclesiasticarum

802 3664 1153 3733 scriptorum,
1185 3677 1254 3717 ex
1293 3676 1487 3717 eorum
1529 3659 1636 3716 ﬁde
1662 3660 1955 3732 Historiam
1993 3679 2146 3718 suam
2186 3665 2375 3721 elucu-

802 3745 999 3810 bravit.
1026 3740 1273 3825 Cumque
1299 3754 1353 3808 in
1379 3754 1557 3824 prima
1586 3754 1827 3815 editione
1854 3754 2038 3825 operis
2075 3756 2181 3818 sui,
2217 3755 2371 3810 Ruﬁ-

753 3906 767 3926 ε
801 3864 931 3903 num
952 3846 1193 3912 secutus,
1217 3848 1482 3919 synodum
1507 3846 1631 3918 Tyri
1653 3855 1709 3902 et
1731 3846 2114 3918 relegationem
2132 3846 2370 3901 Athana-

801 3938 867 3998 sii
908 3937 965 3992 in
1005 3936 1227 4002 Gallias,
1262 3937 1568 4007 principatu
1613 3935 1916 3992 Constantii
1948 3935 2174 4008 Augusti
2226 3945 2373 3992 retu-

801 4032 972 4096 lisset,
998 4030 1157 4085 lectis
1193 4037 1383 4101 postea
1411 4029 1693 4085 Athanasii
1732 4029 1889 4086 libris
1926 4046 2170 4086 errorem
2211 4048 2370 4117 suum

801 4122 1207 4178 animadvertit.
1236 4122 1415 4189 Quare
1446 4138 1669 4179 necesse
1709 4122 1906 4178 habuit
1934 4138 2130 4179 novam
2168 4124 2369 4180 editio-

798 4212 924 4272 nem
954 4214 1221 4278 Historia:
1253 4228 1366 4269 sum
1393 4213 1702 4278 instituere,
1740 4212 1795 4268 in
1835 4229 1942 4284 qua
1982 4223 2096 4269 tum
2127 4225 2367 4270 erratum

800 4308 935 4363 illud
963 4306 1107 4378 quod
1147 4305 1294 4371 dixi,
1329 4304 1671 4372 emendavit;
1704 4313 1818 4360 tum
1849 4306 1954 4361 alia
1991 4306 2237 4377 quaedam
2276 4308 2371 4361 ad-

794 4401 946 4471 jecit,
991 4415 1112 4469 quae
1161 4398 1218 4453 in
1270 4398 1455 4469 priore
1505 4398 1745 4453 editione
1792 4398 2265 4466 desiderabantur,
2308 4408 2370 4456 ut

800 4492 914 4561 ipse
942 4496 1172 4544 testatur
1191 4488 1247 4542 in
1278 4486 1704 4558 principio-libri
1737 4487 2003 4571 secundi.l
2034 4488 2112 4542 Ex
2136 4503 2246 4557 quo
2275 4503 2367 4557 ap-

2477 3302 2582 3357 que
2608 3296 2803 3345 cuncta
2830 3305 2951 3360 qua:
2982 3290 3050 3348 ad
3078 3273 3281 3347 sectam
3298 3273 4044 3366 Novatianorumvpertinent,

2479 3390 2623 3443 tanta
2652 3400 2784 3442 cura
2811 3399 2875 3440 ac
2902 3383 3181 3455 diligentia
3227 3387 3601 3457 persequitur,
3629 3395 3691 3441 ut
3720 3388 3849 3443 huic
3886 3398 4046 3442 secta:

2475 3480 2725 3536 addictus
2749 3478 2917 3547 fuisse
2941 3478 3212 3546 videatur.
3230 3478 3432 3535 Verum
3463 3479 3509 3534 si
3535 3472 3662 3550 'quis
3683 3480 3799 3536 haec
3818 3497 4047 3537 accura-

2476 3552 2926 3627 tiusexaminare
2953 3569 3210 3633 voluerit,
3237 3569 3375 3624 nihil
3400 3570 3455 3624 in
3491 3570 3579 3625 his
3629 3572 3867 3642 reperiet
3900 3571 4045 3642 quod

2476 3661 2756 3719 Socratem
2815 3667 3066 3716 nostrum
3117 3660 3477 3716 Novatianum
3521 3662 3689 3719 fuisse
3736 3665 4042 3719 convincat.

2474 3752 2608 3807 Nam
2648 3761 2704 3807 et
2745 3751 3074 3810 Arianorum
3115 3750 3403 3822 episcopos
3436 3754 3530 3823 qui
3576 3754 4042 3826 Constantinopoli

2473 3842 2758 3897 ecclesiam
2809 3841 3027 3897 illorum
3071 3839 3552 3909 administrarunt,
3599 3846 3716 3914 pari
3768 3846 4043 3917 diligentia

2472 3945 2798 3992 enumerat:
2840 3951 2943 3995 nec
2979 3943 3159 3990 tamen
3187 3935 3393 3991 idcirco
3428 3936 3665 3993 Arianus
3705 3938 3871 3996 fuisse
3911 3938 4045 3993 dici-

2472 4036 2582 4083 tur.
2610 4028 2818 4085 Cuncta
2864 4027 3030 4086 etiam
3075 4043 3196 4099 qua:
3236 4014 3456 4083 Arianis
3497 4038 3555 4084 et
3594 4029 3947 4085 Eunomianis
3979 4046 4043 4085 ac

2471 4119 2871 4180 Macedonianis
2897 4121 3244 4191 contigerunt
3276 4119 3767 4192 Constantinopoli,
3787 4138 3898 4177 non
3936 4122 4041 4176 mi-

2471 4226 2604 4265 nore
2638 4210 2823 4266 studio
2861 4210 3069 4276 retulit,
3097 4226 3259 4281 quam
3290 4227 3413 4282 quae
3450 4212 3768 4268 Novatianis
3796 4214 4039 4284 contige-

2471 4309 2618 4355 runt.
2642 4300 2811 4373 Cujus
2825 4302 3045 4371 quidem
3079 4303 3157 4358 rei
3182 4303 3299 4373 ipse
3325 4301 3591 4357 rationem
3619 4302 3801 4363 reddit
3823 4304 3874 4356 in
3897 4302 4041 4357 libro

2469 4391 2683 4462 quinto,
2725 4407 2845 4463 cap.
2902 4392 2992 4457 24,
3039 4392 3134 4447 ubi
3189 4393 3380 4449 scribit
3429 4392 3483 4447 id
3540 4392 3643 4447 sibi
3697 4393 4038 4463 propositum

2469 4483 2657 4546 fuisse,
2690 4492 2751 4537 ut
2784 4499 2847 4538 ea
2878 4483 3223 4554 potissimum
3259 4492 3715 4539 commemoraret
3753 4499 3871 4553 qum
3900 4481 4040 4537 Con-

797 4591 953 4653 paret
977 4574 1166 4652 quanti
1212 4595 1242 4634 a
1281 4578 1441 4634 nobis
1467 4578 1711 4633 facienda
1746 4579 1814 4633 sit
1845 4579 1959 4634 haec
1998 4578 2236 4634 Socratis
2268 4580 2363 4634 lli-
2398 4582 2440 4636 D
2471 4574 2821 4644 stantinopoli
2851 4574 3181 4640 acciderant,
3217 4582 3333 4629 tum
3367 4574 3513 4646 quod
3545 4574 3658 4644 ipse.
3703 4572 3756 4627 in
3803 4589 3865 4627 ea
3902 4572 4039 4626 urbe

799 4674 987 4739 storia,
1015 4674 1101 4728 cui
1135 4671 1368 4743 scriptor
1398 4670 1511 4741 ipse
1546 4670 1790 4724 ultimam
1830 4686 2048 4726 manum
2090 4672 2358 4726 adhibuit.

798 4765 855 4825 in
918 4762 1206 4819 scribenda
1259 4768 1442 4816 autem
1511 4760 1747 4815 Historia
1797 4777 1927 4816 usus
1978 4770 2061 4817 est
2117 4762 2366 4820 Socrates

798 4850 935 4928 stle
961 4855 1190 4926 simplici
1207 4862 1370 4923 atque
1391 4845 1892 4923 abjecto,idque'de
1928 4852 2193 4908 industria
2212 4896 2225 4919 ,
2256 4871 2364 4925 quo

796 4943 865 4997 ab
882 4941 1137 4996 omnibus
1164 4939 1378 4994 facilius
1412 4939 1643 5010 intelligi
1665 4945 1867 5009 posset,
1888 4945 1948 4992 ut
1976 4938 2091 5008 ipse
2134 4947 2365 4994 testatur

798 5037 851 5090 in
873 5033 1102 5089 exordio
1121 5031 1246 5086 libri
1270 5030 1431 5102 primi
1460 5045 1524 5085 ac
1538 5031 1706 5085 tertii.
1724 5030 1867 5085 Illud
1887 5030 2033 5086 enim
2050 5031 2281 5086 sublime
2309 5039 2363 5085 et

798 5134 1048 5180 ornatum
1089 5123 1306 5180 dicendi
1339 5138 1511 5195 genus
1543 5122 1884 5194 panegyricis
1925 5122 2109 5194 potius
2156 5121 2362 5178 oratio-

797 5219 961 5274 nibus
987 5232 1150 5289 quam
1189 5230 1374 5271 rerum
1420 5214 1911 5271 ecclesiasticarum
1963 5214 2205 5270 historia:
2228 5231 2360 5270 con-

805 5308 991 5367 venire
1007 5306 1356 5365 existimavit.
1372 5306 1542 5363 Porro
1559 5305 1851 5360 Historiam
1866 5319 2015 5358 suam
2029 5305 2364 5373 nuncupavit

795 5399 1082 5455 Theodoro
1116 5398 1365 5464 cuidam,
1408 5412 1571 5466 quem
1605 5397 1659 5450 in
1684 5395 1951 5466 principio
1980 5394 2105 5449 libri
2138 5394 2363 5449 secundi

797 5508 1009 5549 sacrum
1031 5493 1125 5547 Dei
1147 5491 1439 5547 ‘bominem
1470 5491 1725 5561 appellat,
1754 5488 1980 5559 perinde
2003 5502 2067 5543 ac
2091 5486 2361 5542 Eusebius

797 5595 984 5641 noster
1007 5585 1293 5640 Paulinum
1312 5586 1626 5655 episcopum
1647 5583 1773 5653 Tyri
1790 5582 2082 5651 compellat
2116 5581 2169 5635 in
2195 5596 2356 5635 exor-

796 5679 887 5731 dio
925 5677 1051 5731 libri
1087 5677 1303 5733 decimi.
1339 5677 1597 5744 Quisnam
1621 5684 1802 5731 autem
1824 5675 1895 5730 sit
1914 5674 2003 5729 hic
2016 5674 2356 5737 Theodorus,

799 5771 927 5857 ιειιὶ
951 5769 1170 5841 quidem
1192 5771 1587 5840 incompertum
1605 5777 1709 5825 est.
1732 5769 1917 5839 Neque
1939 5766 2085 5822 enim
2104 5765 2358 5821 Theodo-

799 5880 915 5919 rum
956 5863 1650 5935 Mopsuestiiempiscopum
1680 5879 1798 5919 esse
1842 5861 2189 5927 crediderim,
2231 5875 2354 5916 eum

2472 4668 2713 4737 degeret,
2757 4666 2811 4721 in
2845 4682 2953 4737 qua
2996 4674 3053 4722 et
3092 4675 3255 4721 natus
3297 4665 3477 4720 fuerat
3512 4672 3569 4719 et
3604 4664 3895 4729 educatus;
3924 4672 4036 4716 tum

2469 4760 2615 4830 quod
2651 4775 2737 4814 res
2772 4758 2827 4813 in
2856 4775 2919 4814 ea
2949 4758 3170 4813 civitate
3200 4764 3366 4829 gesta:
3406 4756 3734 4811 illustriores
3773 4763 3956 4809 essent
3985 4761 4039 4808 et

2468 4852 2733 4907 memoria
2766 4850 3047 4905 hominum
3077 4849 3374 4920 digniores.
3405 4847 3558 4914 Quod
3590 4846 3631 4901 si
3668 4847 3792 4917 quis
3818 4846 4040 4916 objiciat

2464 4945 2792 4999 Arianorum
2816 4944 3101 5012 episcopos
3132 4956 3241 4996 non
3273 4940 3499 5010 perinde
3524 4938 3733 4994 laudari
3757 4953 3786 4991 a
3814 4937 4036 4991 Socrate

2464 5049 2528 5088 ac
2577 5032 3024 5095 Novatianorum,
3084 5029 3258 5085 facilis
3318 5036 3402 5084 est
3456 5028 3761 5099 responsio.
3824 5025 4036 5095 Quippe

2463 5125 2790 5181 Arianorum
2810 5124 3072 5195 episcopi,
3092 5123 3184 5193 qui
3215 5130 3327 5177 tum
3365 5120 3835 5190 Constantinopoli
3869 5120 4033 5189 dege-

2464 5217 2616 5280 bant,
2658 5216 2817 5286 longe
2866 5214 3153 5270 inferiores
3181 5213 3334 5281 fuere
3384 5211 3657 5283 episcopis
3697 5209 4027 5265 Novatiano—

2464 5326 2605 5365 rum.
2642 5309 2847 5364 Horum
2875 5308 3021 5363 enim
3045 5306 3274 5363 ecclesia
3311 5322 3410 5377 per
3446 5306 3533 5360 illa
3566 5314 3809 5374 tempora
3846 5302 4033 5357 multis

2462 5417 2523 5456 ac
2564 5399 3027 5472 praestantissimis
3070 5397 3448 5453 sacerdotibus
3501 5396 3817 5451 abundavit.
3862 5395 4030 5464 quue

2462 5492 2797 5548 Sozomenus
2839 5491 3004 5547 etiam
3054 5507 3153 5547 suo
3210 5490 3522 5546 testimonio
3578 5488 3885 5549 conﬁrmat,
3936 5483 4030 5555 qui

2460 5585 2861 5655 clogiaeorum
2898 5584 3083 5644 refert,
3123 5583 3366 5638 Socratis
3408 5581 3579 5655 nostri
3631 5579 3821 5649 elogiis
3863 5578 4032 5631 simil—

2460 5676 2607 5730 lima.
2636 5676 2902 5743 Quocirca
2927 5685 3021 5730 aut
3042 5676 3402 5730 Sozomenum
3428 5689 3645 5745 quoque
3670 5670 4028 5725 Novatianum

2461 5768 2627 5824 fuisse
2665 5769 2954 5825 dicendum
2992 5779 3092 5829 est,
3126 5780 3218 5823 aut
3250 5769 3500 5823 Socrates
3533 5774 3716 5820 noster
3747 5763 4029 5818 absolven-

2465 5862 2568 5917 dus
2618 5862 2686 5917 ab
2726 5862 2827 5919 hac
2868 5862 3135 5917 calumnia
3201 5860 3360 5931 Atqui
3406 5866 3612 5915 enlislat
3665 5858 4027 5912 Summonuit)
