4514 6578
462 434 525 490 91
1684 438 2018 497 SOCRATIS
2055 437 2145 495 ΕΤ
2184 441 2245 499 Sf

1938 440 2018 497 .‘lS
2055 437 2145 495 ΕΤ
2184 441 2548 504 ΞΟΖΟΜΕΝΙ.
3653 457 3721 504 ἑνέ

460 571 567 608 non
605 551 772 606 fuisse
813 550 1197 607 Novatianum.
1232 550 1370 609 Nam
1406 561 1471 607 ut
1503 555 1757 611 omittam
1792 558 2040 615 testimo-
2066 565 2117 623 Α
2141 566 2266 619 scita
2291 568 2495 622 decima
2518 580 2713 638 quarta
2746 570 3047 638 luna,etc.,
3077 574 3193 631 hzec
3214 576 3330 631 ait:
3356 576 3426 639 Et
3448 581 3587 648 quod
3621 581 3720 634 So—

458 648 608 702 ninm
640 644 914 699 Theodori
953 645 1230 709 Lectoris,
1266 647 1363 716 qui
1403 647 1459 702 in
1491 648 1722 717 epistola
1744 667 1911 721 quam
1938 652 2038 708 Hi-

457 740 642 794 storia:
675 752 791 792 sua:
823 737 1138 807 Tripartitte
1163 739 1418 808 prtefixit,
1454 755 1583 795 eum
1620 743 2040 815 μακαριιῖπατον

455 831 712 901 appellat,
752 828 870 899 ipse
914 831 970 884 in
1019 830 1166 885 libro
1204 846 1352 885 nono
1388 832 1704 889 interfuisse
1741 850 1801 889 se
1846 835 2041 891 scribit

455 921 794 992 processioni
831 921 1083 991 publicat,
1117 937 1240 991 qua:
1282 922 1339 977 in
1380 923 1649 979 honorem
1678 926 2041 998 quadraginta

456 1015 753 1085 Martyrum
781 1013 1256 1084 Constantinopoli
1278 1014 1551 1069 celebrata
1573 1024 1679 1077 est,
1713 1016 1909 1071 Proclo
1936 1009 2041 1074 Ec-

453 1108 675 1161 clesiam
700 1108 855 1161 urbis
877 1107 1024 1162 illius
1051 1107 1488 1163 administrante.
1518 1109 1597 1163 Ex
1618 1125 1730 1179 quo
1751 1111 2039 1167 manifeste

454 1196 727 1266 colligitur
770 1194 1133 1251 Sozomenum
1174 1196 1457 1252 catholica:
1504 1199 1908 1255 communionis
1935 1200 2038 1254 ho-

455 1284 655 1338 minem
686 1284 875 1348 fuisse,
900 1287 1103 1355 quippe
1140 1287 1236 1356 qui
1278 1303 1388 1341 una
1420 1303 1544 1342 cum
1578 1288 1878 1345 Catholicis
1903 1306 2038 1361 sup—

454 1374 731 1442 plicationi
752 1375 985 1445 publica:
1012 1377 1344 1432 interfuerit.
1372 1379 1569 1433 Fateor
1591 1380 1813 1449 quidem
1837 1380 2037 1437 Socra-

457 1478 564 1521 tem
594 1477 843 1522 nostrum
874 1468 1061 1523 favere
1090 1468 1415 1539 plerumque
1444 1470 1797 1526 Novatianis:
1824 1481 1885 1526 ut
1910 1488 2038 1527 cum

454 1559 816 1614 Novatianum
863 1570 1027 1615 secta:
1068 1561 1218 1615 illius
1264 1571 1544 1617 auctorem
1590 1564 1734 1619 inter
1770 1575 2039 1637 martyres

453 1660 725 1715 numerat,
764 1667 891 1706 cum
931 1652 1265 1709 Novatianos
1304 1655 1614 1708 arctissima
1656 1656 2037 1712 benevolentia

451 1743 775 1811 conjunctos
814 1742 985 1799 fuisse
1014 1743 1149 1799 dicit
1180 1743 1499 1809 Catholicis,
1534 1755 1591 1800 et
1620 1763 1727 1802 una
1758 1764 1882 1803 cum
1929 1750 2038 1805 illis

2141 671 2314 714 crates
2338 663 2532 715 dicitur
2560 663 2913 729 Noratiamts,
2934 666 3214 736 dupliciter
3238 672 3356 743 capi
3385 680 3569 739 potest.
3607 672 3721 728 Uno

2139 752 2280 819 quod
2307 752 2496 820 faverit
2528 756 2795 809 interdum
2822 758 3133 819 Novatianis
3160 779 3177 813 :
3199 763 3337 830 quod
3360 764 3521 816 etiam
3543 766 3722 819 scribit

2139 842 2500 899 Bellarmimts
2538 848 2592 899 in
2622 847 2755 901 libro
2789 848 2868 902 De
2891 852 3232 920 scriptoribus
3268 854 3628 909 ccclaiasticis
3651 857 3723 909 ad

2140 952 2342 988 annum
2364 934 2579 990 Domini
2612 938 2737 1002 440,
2768 950 2878 992 tam
2910 942 2975 993 de
3014 941 3109 994 illo
3132 959 3293 1011 quam
3316 944 3379 997 de
3407 943 3717 1000 Sozomruo.

2138 1028 2339 1091 Altero,
2366 1032 2506 1101 quod
2531 1034 2690 1101 luerit
2713 1036 2967 1089 laceratos
2990 1035 3428 1092 Noratianorum.
3452 1037 3514 1093 In
3558 1041 3719 1093 citato

2138 1120 2347 1188 quidem
2372 1122 2542 1191 capite
2583 1140 2675 1177 nec
2711 1140 2767 1177 se
2793 1141 2904 1179 esse
2931 1126 3178 1190 ostendit,
3223 1143 3317 1179 nec
3354 1127 3550 1196 facere.
3578 1128 3718 1182 Nam

2138 1219 2190 1263 ct
2212 1210 2331 1264 illos
2364 1214 2649 1283 vituperat,
2677 1224 2727 1267 et
2755 1216 3102 1271 dissensiones
3140 1234 3203 1271 ac
3234 1220 3363 1271 vitia
3392 1218 3584 1289 detegit
3616 1235 3633 1271 :
3660 1230 3717 1272 at

2140 1318 2245 1354 non
2275 1304 2497 1367 anticus,
2526 1306 2619 1358 sed
2641 1306 2801 1360 hostis
2838 1309 3102 1373 videatur,
3129 1320 3221 1363 aut
3246 1321 3491 1364 neutrum
3522 1312 3718 1381 potius,

2136 1396 2231 1449 sed
2253 1398 2488 1451 veritatis
2510 1410 2793 1453 enarrator
2811 1416 2828 1454 :
2846 1402 2985 1471 quod
3002 1403 3234 1457 historici
3255 1412 3331 1457 est
3354 1421 3565 1457 manus.
3588 1405 3719 1459 liac-

2141 1497 2303 1543 tenus
2323 1488 2393 1543 de
2423 1489 2666 1545 Socrate.
2685 1492 2843 1547 Nunc
2869 1493 2938 1549 de
2968 1494 3274 1549 Sozomeno
3293 1496 3586 1553 dicendum
3609 1507 3714 1552 est.

2208 1579 2459 1636 Hermias
2480 1581 2818 1639 Sozomenus
2852 1584 2956 1639 fuit
2992 1594 3049 1639 et
3075 1585 3188 1655 ipse
3228 1587 3539 1643 causidicus
3576 1588 3720 1644 Con-

2139 1673 2513 1743 stantinopoli,
2556 1675 2750 1729 iisdem
2797 1677 3138 1747 temporibus
3193 1679 3397 1747 quibus
3442 1679 3714 1736 Socrates.

2137 1762 2369 1833 Majores
2395 1764 2588 1819 habuit
2611 1782 2720 1820 non
2739 1766 3029 1837 ignobiles,
3053 1782 3205 1822 ortos
3228 1785 3295 1823 ex
3321 1769 3627 1833 Palaestina,
3648 1786 3716 1825 ex

452 1832 510 1886 in
549 1833 781 1928 660185}:
818 1834 990 1889 Deum
1033 1850 1259 1928 093$;
1298 1851 1426 1928 cuin
1463 1836 1685 1893 δίδίιιιιίί
1731 1841 2034 1896 oralionem
2070 1908 2108 1928 η
2136 1832 2259 1908 vico
2280 1855 2517 1925 quodam
2536 1857 2690 1926 juxta
2714 1832 2914 1912 Gazam
2938 1859 3033 1928 qui
3068 1859 3308 1913 Bethelia
3348 1860 3570 1915 dicitur.
3616 1832 3715 1916 llic

450 1923 821 1988 commendat,
866 1940 1031 1993 quam
1080 1926 1275 1981 habuit
1324 1927 1587 1983 adversus
1635 1930 1842 1984 dictum
1899 1930 2035 1985 illud
2068 1908 2110 1962 Β

448 2012 859 2084 Chrysostomi:
896 2015 1078 2071 Etiam
1113 2019 1160 2071 si
1206 2018 1399 2075 millies
1432 2022 1793 2090 pmnitcntiant
1843 2024 2031 2093 egeris,

450 2106 654 2159 accede.
694 2106 895 2161 Verum
940 2108 1089 2163 aliud
1132 2118 1218 2162 est
1254 2108 1441 2165 favere
1494 2111 1832 2176 Novatianis,
1881 2113 2033 2169 aliud

449 2194 817 2249 Novatianum
862 2210 1003 2249 esse.
1057 2196 1245 2251 Potuit
1287 2198 1508 2267 quidem
1552 2199 1807 2255 Socrates
1846 2211 2037 2257 noster

448 2284 633 2341 favere
658 2286 998 2351 Novatianis,
1032 2302 1130 2343 seu
1166 2290 1314 2358 quod
1346 2292 1754 2347 necessitudine
1780 2309 1845 2348 ac
1880 2293 2037 2348 fami-

446 2375 685 2432 liaritate
726 2377 921 2433 iisdem
951 2382 1281 2450 conjunctus
1313 2392 1484 2446 esset,
1516 2398 1614 2437 seu
1656 2384 1802 2453 quod
1839 2399 2035 2440 eorum

446 2468 791 2539 disciplinam
814 2480 979 2540 atque
995 2472 1384 2526 abstinentiam
1415 2474 1697 2542 probaret.
1718 2476 1843 2530 Fuit
1862 2478 2032 2541 enim,

446 2570 712 2630 quantum
736 2562 959 2631 quidem
987 2578 1055 2617 ex
1076 2563 1199 2632 ejus
1223 2563 1382 2619 libris
1424 2566 1685 2636 colligere
1720 2583 2031 2637 possumus,

446 2653 613 2722 paulo
649 2654 913 2710 severior.
954 2655 1060 2710 Sed
1088 2656 1453 2712 Novatianum
1495 2659 1650 2713 illum
1673 2659 1865 2725 fuisse,
1890 2677 2034 2732 aegre

445 2743 740 2799 admodum
794 2746 931 2800 mihi
984 2749 1389 2817 persuaserim;
1434 2752 1743 2820 praesertim
1787 2768 1914 2808 cum
1963 2769 2034 2809 ex

444 2834 658 2904 aliquot
701 2835 839 2890 locis
873 2851 995 2906 qua:
1028 2836 1086 2890 in
1122 2838 1245 2908 ejus
1283 2837 1523 2893 Historia
1559 2851 1879 2906 occurrunt,
1904 2859 2035 2898 con-

446 2926 674 2979 trarium
702 2926 837 2980 mihi
869 2927 1061 2981 videar
1096 2926 1551 2998 deprehendisse.
1598 2930 1843 2985 Primum
1884 2933 2033 2987 enim

447 3016 504 3071 in
539 3016 686 3071 libro
706 3033 764 3079 ιι,
795 3033 916 3088 cap.
947 3018 1036 3081 58,
1060 3020 1188 3080 τοὺς
1215 3018 1316 3089 τῆς
1342 3020 1667 3090 Ἐκκλησίας
1708 3036 1821 3077 non
1862 3024 2032 3079 semel

444 3109 679 3178 appellat
733 3109 1077 3175 Catholicos;
1140 3126 1347 3181 eosque
1404 3114 1633 3183 opponit
1697 3114 2027 3172 Novatianis.

2136 1948 2292 2001 vicus
2334 1947 2467 2001 olim
2514 1948 2830 2004 abundabat
2880 1950 3184 2005 incolarum
3248 1952 3621 2013 multitudine,
3660 1960 3717 2007 et

2134 2038 2261 2092 fana
2308 2038 2548 2094 habebat
2602 2041 2977 2109 pulcherrima
3036 2059 3101 2097 ac
3149 2044 3543 2099 vetustissima.
3606 2044 3713 2099 Sed

2136 2145 2250 2199 prae
2272 2130 2502 2200 reliquis
2536 2131 2822 2186 Pantheon
2854 2132 3150 2197 eminebat,
3195 2134 3322 2188 colli
3365 2151 3527 2189 manu
3571 2135 3714 2201 [acto

2137 2222 2480 2291 impositum,
2505 2221 2653 2291 quod
2693 2222 2844 2277 velut
2867 2237 2966 2277 arx
2987 2224 3235 2293 quaedam
3268 2234 3388 2279 erat
3433 2226 3713 2293 Bethelize,

2136 2320 2198 2365 ut
2223 2311 2421 2365 scribit
2446 2311 2785 2366 Sozomenus
2825 2310 2879 2365 in
2904 2312 3048 2366 libro
3085 2329 3119 2365 v
3160 2313 3414 2368 Historia:
3452 2315 3712 2369 ecclesia-

2135 2402 2309 2467 sticae,
2338 2418 2458 2472 cap.
2488 2402 2573 2457 l5.
2604 2403 2685 2457 Ει
2708 2418 2776 2457 eo
2801 2404 2924 2458 vico
2956 2412 3111 2458 ortus
3135 2420 3270 2459 avus
3292 2404 3527 2459 Hermian
3550 2405 3715 2460 Sozo~

2135 2495 2305 2557 meni,
2330 2493 2399 2547 ad
2438 2492 2645 2549 Christi
2689 2493 2852 2549 fidem
2896 2496 3132 2565 primum
3176 2512 3476 2551 conversus
3513 2506 3599 2552 est
3642 2498 3713 2552 ab

2135 2583 2417 2639 Hilarione
2463 2583 2755 2639 monacho.
2796 2584 2934 2639 Nam
2980 2600 3104 2639 cum
3150 2585 3420 2655 Alaphion
3462 2586 3709 2657 ejusdem

2134 2676 2245 2732 vici
2269 2676 2445 2731 incola
2470 2691 2502 2730 a
2527 2676 2796 2733 daemonio
2820 2687 3145 2741 vexaretur,
3180 2686 3236 2732 et
3278 2678 3451 2734 Judaei
3494 2696 3558 2735 ac
3598 2696 3712 2734 me-

2134 2762 2243 2818 dici
2284 2764 2505 2834 quidam
2544 2778 2741 2819 sanare
2785 2764 2938 2818 illum
2985 2764 3246 2835 aggressi,
3292 2764 3716 2821 incantamentis

2134 2854 2250 2910 suis
2287 2854 2426 2909 nihil
2462 2855 2849 2925 profecissent,
2898 2854 3143 2909 Hilarion
3187 2856 3304 2910 solo
3350 2856 3447 2911 Dei
3490 2858 3712 2912 nomine

2134 2951 2388 3006 invocato
2410 2950 2713 3005 daemonem
2737 2948 2964 3019 fugavit.
2993 2948 3111 3014 Quo
3135 2949 3401 3005 miraculo
3446 2949 3709 3021 obstupe-

2131 3040 2309 3096 factus
2329 3057 2464 3096 avus
2486 3040 2797 3105 Sozomeni,
2837 3048 2893 3095 et
2929 3041 3198 3111 Alaphion
3237 3041 3372 3112 ipse,
3415 3056 3541 3096 cum
3589 3045 3713 3097 uni-

2131 3149 2291 3189 versa
2314 3133 2518 3195 familia
2539 3133 2905 3193 Christianam
2931 3134 3251 3203 religionem
3282 3134 3515 3205 amplexi
3561 3144 3707 3189 sunt.

444 3199 777 3255 Novatianos
820 3217 953 3272 ergo
998 3210 1153 3256 extra
1199 3203 1501 3258 Ecclesiam
1546 3204 1716 3260 fuisse
1761 3208 2025 3276 agnoscit.
2056 3244 2099 3302 C
2133 3225 2227 3281 Et;

1926 3208 2025 3262 ίίί·
2056 3244 2099 3302 ο
2133 3225 2203 3281 Et
2224 3240 2360 3279 avus
2385 3224 2609 3295 quidem
2637 3223 2926 3280 Sozomeni
2952 3224 3008 3279 in
3034 3199 3390 3294 exponendis
3409 3226 3580 3280 sacris
3603 3225 3709 3279 Yo-

444 3292 599 3358 Quod
620 3292 869 3363 profecto
886 3309 1168 3364 nunquam
1195 3293 1425 3361 faceret,
1448 3297 1494 3351 si
1516 3297 1804 3351 Novatiani
1826 3308 2029 3353 sectam

444 3384 727 3454 amplexus
748 3384 963 3440 fuisset.
998 3384 1104 3441 Sed
1131 3393 1187 3440 et
1214 3386 1273 3440 in
1302 3387 1447 3441 libro
1473 3397 1649 3454 sexto,
1674 3389 1850 3459 capite
1876 3389 1947 3443 20
1973 3398 2031 3445 et

444 3474 535 3539 23,
559 3475 892 3532 Novatianos
914 3477 1057 3532 inter
1073 3477 1365 3534 haereticos
1380 3480 1649 3545 nominat,
1664 3494 1791 3535 cum
1811 3480 2032 3538 Arianis

446 3566 676 3632 scilicet,
708 3567 1115 3625 Macedonianis
1160 3579 1219 3625 et
1263 3570 1640 3628 Eunomianis.
1681 3572 1929 3642 Denique
1962 3588 2032 3628 ex

446 3660 624 3730 capite
660 3659 727 3715 l9
754 3660 1000 3731 ejusdem
1042 3661 1173 3716 libri
1206 3672 1395 3732 aperte
1436 3662 1713 3734 colligitur
1749 3664 2029 3720 Socratem

446 3751 807 3808 Novatianum
835 3769 945 3808 non
966 3753 1157 3810 fuisse.
1188 3754 1373 3811 Primo
1398 3756 1546 3811 enim
1578 3756 1881 3811 Ecclesiam
1907 3772 2031 3827 per-

446 3852 613 3914 petuo
648 3846 892 3917 appellat
931 3845 1257 3916 simpliciter
1309 3856 1365 3903 et
1405 3847 1677 3913 absolute,
1728 3848 2029 3903 Ecclesiam

444 3934 850 3991 Catholicorum
874 3954 887 3990 :
910 3952 1195 4006 opponens
1228 3952 1349 3993 eam
1392 3938 1644 3993 ecclesiis
1684 3939 1913 3994 aliarum
1946 3955 2033 3995 se-

446 4032 685 4091 ctarum,
715 4026 784 4082 de
831 4028 1035 4097 quibus
1067 4029 1179 4099 agit
1214 4028 1271 4083 in
1325 4030 1686 4100 sequentibus
1734 4031 2027 4103 capitibus,

446 4117 771 4173 Arianorum
814 4120 1042 4183 scilicet,
1092 4120 1525 4175 Novatianorum
1559 4130 1618 4176 et
1658 4122 2031 4178 Eunomiana-

445 4222 588 4263 rum.
612 4209 820 4265 Deinde
846 4211 1143 4267 consilium
1182 4211 1320 4266 illud
1346 4211 1586 4267 Nectarii
1620 4213 1715 4283 qui
1753 4214 2028 4283 paeniten-

448 4299 669 4354 tiarium
711 4301 1092 4373 presbyterum
1129 4301 1377 4368 sustulit,
1412 4318 1524 4357 non
1564 4303 1799 4359 obscure
1834 4320 2029 4375 repre-

447 4389 659 4446 hendit.
701 4391 793 4447 Ait
826 4393 975 4448 enim
1017 4394 1122 4450 hoc
1163 4393 1308 4450 facto
1342 4394 1528 4450 datam
1572 4410 1697 4450 esse
1747 4395 2027 4452 licentiam

446 4483 821 4552 peccantibus,
854 4500 985 4540 cum
1029 4501 1194 4541 nemo
1221 4495 1370 4541 esset
1402 4486 1495 4556 qui
1548 4494 1838 4556 peccantes
1874 4503 2029 4543 coar-

2131 3313 2434 3369 luminibus
2455 3314 2733 3379 excelluit,
2758 3329 2883 3368 cum
2921 3324 3069 3369 esset
3105 3314 3341 3385 eleganti
3376 3316 3616 3387 ingenio,
3654 3324 3712 3372 et

2131 3406 2488 3477 intelligentia
2509 3406 2735 3461 valeret.
2779 3407 2913 3461 Erat
2943 3414 3207 3477 praeterea
3246 3406 3550 3478 disciplinis
3590 3424 3708 3463 me~

2130 3497 2396 3553 diocriter
2437 3497 2707 3554 eruditus.
2761 3497 2951 3567 Itaque
3015 3496 3343 3554 Christianis
3394 3498 3593 3555 Gazam
3655 3510 3725 3557 et.

2129 3590 2454 3646 Ascalonem
2478 3606 2542 3645 ac
2567 3590 2799 3645 ﬁnitima
2832 3590 2950 3645 loca
2978 3589 3346 3645 incolentibus
3380 3591 3583 3646 charus
3616 3592 3712 3646 ad-

2130 3681 2354 3737 modum
2383 3680 2509 3747 fuit,
2535 3690 2725 3752 utpote
2763 3682 2915 3735 utilis
2952 3698 3017 3737 ac
3051 3683 3399 3736 necessarius
3436 3683 3709 3753 religioni,

2128 3785 2186 3831 et
2204 3776 2298 3847 qui
2314 3791 2598 3832 sacrorum
2613 3774 2966 3830 Voluminum
2993 3773 3166 3827 nodos
3186 3772 3341 3828 facile
3364 3774 3707 3831 dissolveret.
3786 3853 3790 3855 Δ

2129 3868 2453 3939 Alaphionis
2490 3876 2672 3927 autem
2717 3864 2949 3936 posteri,
2978 3866 3268 3920 sanctitate
3310 3864 3435 3919 vita:
3477 3873 3533 3919 et
3580 3882 3711 3935 erga

2130 3976 2401 4032 pauperes
2443 3960 2785 4017 humanitate
2842 3973 2907 4012 ac
2956 3957 3184 4027 reliquis
3247 3958 3542 4013 virtutibus
3597 3974 3711 4028 pra:

2131 4054 2347 4109 caeteris
2390 4054 2805 4108 inclaruerunt:
2843 4048 3117 4119 primique
3170 4050 3413 4105 omnium
3451 4050 3713 4107 ecclesias

2129 4150 2186 4197 et
2212 4142 2542 4197 monasteria
2582 4140 2695 4196 illic
2738 4137 3126 4202 condiderunt,
3169 4147 3232 4192 ut
3270 4147 3499 4194 testatur
3546 4140 3710 4196 δοιο-

2129 4246 2327 4285 menus
2353 4230 2410 4284 in
2430 4230 2553 4285 loco
2568 4231 2680 4301 jam
2720 4229 2907 4284 citato.
2948 4227 3050 4283 Ubi
3097 4228 3264 4282 etiam
3308 4229 3461 4286 addit
3500 4246 3567 4285 ex
3607 4232 3708 4287 ista

2128 4323 2449 4394 Alaphionis
2467 4322 2671 4377 familia
2692 4323 2844 4377 viros
2883 4321 3147 4392 quosdam
3191 4330 3408 4376 sanctos
3444 4322 3511 4376 ad
3553 4339 3706 4378 suam

2129 4431 2304 4486 usque
2361 4424 2577 4472 aetatem
2640 4416 2979 4485 pervenisse,
3040 4414 3369 4485 quibuscum
3427 4414 3543 4485 ipse
3607 4415 3707 4469 ad-

2129 4504 2353 4559 modum
2376 4503 2696 4559 adolescens
2716 4512 2969 4559 versatus
2988 4504 3080 4567 sit,
3118 4512 3174 4558 et
3211 4503 3279 4558 de
3319 4503 3520 4573 quibus
3565 4503 3707 4559 infra

447 4582 657 4645 gueret.
686 4574 817 4641 Quae
860 4577 1086 4648 quidem
1122 4578 1392 4633 sententia
1418 4577 1693 4648 proficisci
1715 4595 1825 4634 non
1846 4589 2027 4649 potest
2052 4581 2104 4640 D
2127 4595 2230 4651 ιοοι

1925 4589 2027 4635 ιεδι
2052 4581 2104 4640 D
2127 4595 2440 4651 locuturum
2464 4611 2521 4650 se
2543 4610 2664 4650 esse
2696 4595 3006 4665 pollicetur.
3056 4594 3313 4665 lntelligit
3354 4604 3535 4649 autem
3578 4611 3708 4665 pro-

446 4666 517 4720 ab
538 4666 760 4722 homine
796 4669 1121 4731 NOvatiano,
1152 4684 1277 4724 cum
1308 4668 1595 4725 Novatiani
1629 4684 1733 4725 nec
1757 4671 2027 4740 paeniten-

448 4760 578 4813 tiam
605 4776 708 4815 nec
739 4762 1121 4832 presbyterum
1147 4761 1618 4832 ptenitentiarium
1655 4778 1895 4832 unquam
1931 4764 2027 4818 ad-

449 4852 719 4917 miserint,
764 4862 826 4906 ut
865 4853 1069 4907 ibidem
1104 4861 1337 4907 testatur
1376 4852 1649 4910 Socrates.
1681 4854 1907 4909 Accedit
1947 4863 2027 4910 te-

449 4943 762 4999 stimonium
798 4944 1070 4999 Theodori
1110 4944 1379 5010 Lectoris,
1408 4945 1503 5015 qui
1527 4945 1579 4998 in
1603 4946 1831 5015 epistola
1858 4961 2022 5015 quam

448 5032 699 5089 Historia:
730 5034 1116 5096 ecclesiastica:
1154 5036 1409 5105 praefixit.
1454 5038 1737 5093 Socratem
1753 5048 1811 5095 et
1848 5040 2020 5095 Sozo-

446 5140 667 5179 menum
706 5141 772 5180 ac
803 5126 1200 5182 Theodoritum
1236 5128 1432 5199 ἄνδρας
1467 5128 1727 5198 θεοφιλεῖς
1763 5131 2021 5201 appellat,

448 5216 501 5270 id
533 5224 617 5272 est
636 5217 785 5272 viros
807 5218 928 5287 pios
948 5219 1170 5289 Deoque
1198 5228 1471 5289 acceptos.
1494 5222 1669 5276 Porro
1698 5221 2023 5279 Theodorus

447 5306 643 5363 Lector
684 5308 741 5363 in
784 5308 975 5363 eadem
1022 5310 1158 5365 urbe
1194 5320 1251 5366 et
1287 5310 1481 5365 iisdem
1519 5310 1633 5366 fere
1680 5313 2022 5380 temporibus

446 5398 580 5453 vixit
612 5400 813 5469 quibus
857 5399 1128 5465 Socrates,
1168 5401 1456 5457 Anastasio
1492 5403 1701 5457 scilicet
1727 5403 2020 5472 imperium

446 5488 882 5547 administrante.
914 5492 1159 5563 Denique
1199 5494 1396 5548 Petrus
1432 5495 1733 5551 Halloixius
1769 5494 1825 5549 in
1866 5496 2021 5550 Notis

445 5580 515 5635 ad
545 5582 723 5636 Vitam
780 5583 926 5637 beati
967 5584 1178 5651 lrenzei,
1210 5601 1331 5656 pag.
1379 5585 1502 5650 664,
1548 5586 1693 5640 idem
1728 5586 2018 5642 nobiscum

445 5674 628 5728 sentit.
660 5675 953 5744 Disputans
980 5676 1128 5730 enim
1158 5677 1422 5732 adversus
1461 5678 1772 5742 Baronium,
1808 5679 1903 5748 qui
1950 5679 2018 5734 ad

447 5779 649 5818 annum
673 5764 875 5820 Christi
934 5766 1035 5821 159
1083 5767 1158 5821 ita
1209 5768 1537 5839 scripserat:
1582 5769 1708 5823 Herc
1772 5768 2016 5826 Socrates

448 5854 799 5926 Nouatiamtt,
838 5876 956 5916 cum
995 5859 1197 5917 Judwit
1226 5863 1335 5933 ipse
1367 5879 1569 5934 quoque
1595 5863 1864 5919 celebrans
1886 5861 2013 5919 Pa-

2127 4686 2389 4743 culdubio
2436 4686 2801 4751 Salamanem,
2850 4687 3177 4752 Fusconem,
3225 4687 3589 4745 Malchionem
3650 4696 3707 4742 et

2124 4778 2471 4850 Crispionem
2511 4779 2733 4843 fratres,
2757 4779 2828 4834 de
2873 4779 3075 4849 quibus
3118 4780 3363 4849 loquitur
3406 4781 3461 4833 in
3507 4781 3601 4834 lib.
3628 4797 3702 4844 vt,

2126 4884 2246 4939 cap.
2273 4869 2360 4923 52.
2396 4870 2487 4924 Ait
2520 4870 2667 4925 enim
2710 4870 2813 4925 hos
2848 4869 3067 4933 fratres,
3111 4870 3167 4925 in
3204 4872 3503 4925 monastica
3535 4871 3703 4926 disci-

2126 4961 2271 5031 plina
2295 4960 2365 5015 ab
2390 4961 2668 5016 Hilarione
2690 4961 2993 5025 institutos,
3017 4962 3260 5017 Valentis
3300 4962 3609 5031 principatu
3646 4962 3704 5018 in

2124 5055 2424 5111 Palmstime
2461 5053 2813 5109 monasteriis
2854 5053 3153 5108 enituisse:
3204 5052 3479 5107 habitasse
3518 5062 3703 5107 autem

2119 5147 2273 5217 juxta
2297 5145 2633 5209 Betheleam,
2660 5146 2753 5215 qui
2790 5145 2945 5199 vicus
2988 5153 3073 5199 est
3106 5145 3159 5198 in
3199 5160 3331 5215 agro
3361 5144 3700 5199 ﬂaucorum.

2122 5238 2293 5293 Erant
2316 5238 2462 5292 enim
2487 5237 2655 5291 nobili
2685 5236 2827 5307 apud
2853 5237 2975 5291 illos
2998 5251 3197 5307 genere
3223 5236 3351 5289 orti.
3372 5236 3700 5289 Eorumdem

2121 5325 2374 5379 meminit
2418 5324 2473 5377 in
2521 5324 2615 5378 lib.
2644 5340 2758 5388 vm,
2784 5339 2903 5392 cap.
2953 5323 3041 5387 14,
3094 5323 3188 5377 ubi
3237 5322 3579 5391 Crispionem
3626 5324 3704 5377 ait

2121 5412 2289 5468 fuisse
2346 5412 2794 5466 archidiaconum
2865 5411 3176 5481 Epiphanii.
3240 5396 3479 5479 Apparet
3535 5410 3701 5479 igitur

2120 5500 2318 5554 fratres
2348 5500 2479 5554 istos
2503 5514 2639 5568 quos
2662 5499 2796 5563 dixi,
2823 5514 2890 5553 ex
2926 5497 3245 5568 Alaphionis
3285 5497 3490 5551 familia
3512 5499 3701 5551 oriun-

2120 5587 2218 5643 dos
2256 5588 2445 5643 fuisse.
2489 5588 2614 5642 Fuit
2638 5595 2821 5644 autem
2856 5586 3087 5655 Alaphio
3130 5587 3537 5656 propinquitate
3574 5587 3703 5657 jun-

2119 5689 2242 5734 ctus
2260 5694 2385 5734 cum
2411 5694 2513 5733 avo
2537 5677 2842 5732 Sozomeni.
2873 5677 3040 5746 quue
3074 5692 3141 5730 ex
3180 5692 3247 5730 eo
3273 5676 3525 5747 conjicio,
3552 5675 3699 5743 quod

2119 5782 2253 5822 avus
2278 5765 2568 5821 Sozomeni
2608 5779 2734 5819 cum
2769 5764 3027 5818 universa
3066 5762 3231 5817 domo
3274 5779 3371 5817 sua
3394 5761 3482 5816 ad
3536 5762 3699 5821 ﬁdem

2116 5859 2321 5917 Christi
2345 5873 2646 5917 conversus
2665 5873 2787 5914 esse
2808 5856 3013 5916 dicitur
3032 5856 3105 5912 ob
3142 5855 3517 5913 admirandam
3568 5855 3696 5915 Ala.-
