4514 6578
773 388 843 444 23
2006 401 2425 461 TESTIMONIA
2461 405 2813 467 VETERUM.
3945 416 3986 468 ’Ξ
3995 417 4016 470 3

771 507 993 578 phionis
1028 511 1391 580 curationem,
1427 531 1590 586 quem
1637 516 1880 572 Hilarion
1926 517 2044 572 solo
2091 515 2340 585 omnipo-
2369 520 2416 575 A
2445 519 2627 576 storias
2651 522 2844 590 libros,
2870 524 3169 596 scripserat
3191 527 3530 582 Sozomenus
3567 527 3902 585 Breviarium
3928 549 4012 584 rt:-

771 601 937 656 tentis
975 601 1072 656 Dei
1108 604 1330 661 nomine
1375 607 1629 662 invocato
1675 615 1982 664 sanaverat.
2035 607 2240 662 Deinde
2273 623 2342 663 ex

767 705 835 745 eo
855 691 1001 761 quod
1023 693 1217 749 scribit
1241 695 1595 764 Sozomenus,
1618 713 1680 754 se
1703 697 2002 754 admodum
2019 697 2338 754 adolescen-

770 791 877 836 tem
921 798 1052 838 cum
1089 787 1394 856 grandavis
1445 789 1732 847 monachis
1783 791 1880 861 qui
1925 797 2081 846 erant
2136 805 2204 846 ex
2249 805 2341 862 ge-

768 889 902 927 nere
940 873 1264 945 Alapbionis
1305 879 1472 946 illius,
1506 880 1849 936 familiariter
1886 896 2007 938 esse
2037 890 2332 939 versatum.

766 963 1072 1031 Postremo,
1097 981 1164 1023 ex
1189 983 1255 1024 eo
1277 970 1423 1039 quod
1456 971 1789 1030 Sozomenus
1819 973 1890 1029 ab
1928 974 2048 1030 istis
2081 973 2337 1044 Alaphio-

762 1054 850 1109 nis
871 1056 956 1111 vel
984 1055 1110 1114 filiis
1131 1061 1218 1114 vel
1252 1063 1564 1132 nepotibus,
1600 1081 1800 1122 nomen
1832 1050 2060 1136 accepit.
2108 1064 2336 1120 Diceba-

767 1152 856 1199 tur
880 1149 1034 1202 enim
1051 1149 1366 1208 ﬁlamanes
1388 1153 1638 1211 Hermias
1677 1155 2032 1223 Sozomenus,
2070 1155 2333 1227 quemad-

765 1234 986 1288 modum
1015 1244 1246 1296 testatur
1270 1240 1494 1298 Photius
1529 1242 1588 1298 in
1621 1243 1978 1310 Bibliotheca,
2013 1260 2080 1300 ex
2111 1244 2332 1300 nomine

766 1325 1075 1384 Salamanis
1091 1330 1242 1387 illius
1258 1349 1422 1403 quem
1443 1336 1728 1403 Fusconis,
1754 1337 2073 1394 Malchionis
2096 1344 2152 1394 et
2187 1336 2334 1393 Cris-

765 1407 945 1474 pionis
1000 1409 1232 1469 fratrem
1270 1414 1439 1473 fuisse
1484 1421 1749 1489 superius.
1785 1420 2096 1476 observavi.
2154 1419 2332 1487 Quare

763 1501 1151 1560 emendandus
1173 1514 1260 1562 est
1301 1523 1460 1564 error
1502 1510 1800 1583 Nicephori
1835 1519 1892 1568 et
1935 1513 2189 1578 aliorum,
2235 1514 2330 1582 qui

765 1591 1127 1651 Sozomenum
1173 1596 1452 1655 Salaminii
1497 1618 1798 1674 cognomen
1841 1604 2099 1659 habuisse
2142 1603 2331 1659 existi-

763 1694 934 1750 mant,
973 1697 1266 1759 propterea
1311 1695 1458 1764 quod
1500 1712 1569 1753 ex
1609 1699 1808 1769 oppido
1851 1698 2015 1771 Cypri
2059 1699 2331 1755 Salamine

762 1775 1032 1846 originem
1070 1781 1316 1840 duceret.
1356 1785 1521 1857 Atqui
1556 1804 1664 1843 non
1697 1789 1976 1862 Cyprium,
2019 1792 2118 1847 sed
2160 1790 2329 1847 Palm-

764 1866 967 1922 stinum
990 1869 1158 1928 fuisse
1182 1873 1544 1954 Sozomenum
1569 1895 1730 1951 supra
1749 1897 1818 1937 ex
1848 1883 2020 1954 ipsius
2045 1883 2330 1940 Sozomeni

765 1960 1075 2018 testimonio
1099 1949 1487 2025 demonstravi.
1513 1971 1630 2026 Non
1656 1973 1803 2028 enim
1827 1974 2003 2030 solum
2026 1989 2162 2031 avus
2184 1975 2332 2031 illius

765 2047 1080 2108 Palaestinus
1105 2054 1228 2122 fuit,
1255 2065 1318 2112 ut
1338 2060 1592 2130 superius
1614 2061 1820 2117 dictum
1831 2072 1936 2129 est,
1955 2079 2147 2120 verum
2165 2064 2329 2120 etiam

762 2138 1096 2199 Sozomenus
1123 2146 1236 2214 ipse
1273 2147 1540 2205 educatus
1570 2152 1730 2209 estin
1775 2153 2081 2228 Palaestina,
2110 2156 2165 2210 in
2208 2172 2332 2226 gre—

762 2233 892 2298 mio,
917 2243 977 2289 ut
1000 2237 1073 2292 ita
1097 2239 1351 2307 dixerim,
1388 2246 1780 2301 monachorum
1819 2248 2032 2304 illorum
2055 2249 2150 2320 qui
2171 2258 2331 2306 erant

760 2335 828 2374 ex
870 2321 1192 2395 Alaphionis
1229 2329 1456 2388 familia.
1500 2334 1617 2401 Qua
1648 2337 1870 2407 quidem
1899 2355 1967 2395 ex
2004 2341 2330 2397 educatione

762 2412 1008 2471 hausisse
1053 2420 1188 2476 mihi
1235 2423 1454 2500 videtur
1499 2425 1833 2486 Sozomenus
1882 2431 2329 2488 ardentissimum

762 2503 912 2559 illum
936 2522 1178 2566 amorem
1204 2517 1517 2573 monasticae
1537 2519 1661 2575 vitae
1699 2538 1763 2576 ac
1800 2522 2120 2594 disciplina),
2166 2541 2329 2595 quem

762 2597 962 2666 passim
987 2599 1042 2654 in
1067 2602 1307 2662 Historia
1349 2623 1448 2664 sua
1490 2610 1731 2680 praefert.
1779 2601 1917 2670 lliiic
1955 2625 2040 2671 est
2080 2617 2225 2687 quod
2272 2619 2328 2672 in

762 2689 918 2746 libris
943 2693 1060 2749 suis
1077 2695 1498 2769 haudquaquam
1521 2712 1811 2761 contentus
1831 2708 1935 2760 fuit
1967 2709 2173 2764 referre
2203 2712 2329 2779 qui-

762 2795 885 2870 nam
908 2791 1092 2850 patres
1111 2793 1275 2859 atque
1307 2797 1560 2847 auctores
1591 2793 1824 2850 fuissent
1859 2799 2174 2854 monasticaa
2206 2799 2330 2870 phi-

761 2868 1046 2940 losophiae:
1073 2892 1266 2933 verum
1291 2881 1456 2936 etiam
1481 2897 1825 2942 successores
1847 2904 2037 2944 eorum
2064 2906 2127 2946 ac
2159 2868 2329 2947 disci-

761 2963 919 3056 pulos
944 2967 1185 3026 studiose
1208 2980 1682 3044 commemoravit,
1701 2987 1816 3035 tum
1853 2983 1944 3051 qui
1985 2982 2037 3036 in
2075 2982 2326 3056 Aigypto,

759 3063 816 3108 et
841 3055 996 3127 Syria
1032 3075 1096 3116 ac
1133 3061 1439 3132 Palmstina,
1464 3077 1579 3124 tum
1619 3072 1712 3142 qui
1749 3073 1805 3126 in
1845 3075 2038 3141 Ponto,
2070 3055 2329 3133 Armenia

2441 625 2566 668 rum
2590 615 3108 684 ecclesiasticarum,
3132 619 3202 674 ab
3237 633 3467 676 ascensu
3499 618 3704 677 Christi
3740 638 3914 692 usque
3945 625 4013 678 ad

2438 705 2940 762 exauctorationem
2961 707 3182 764 Licinii.
3215 708 3373 776 Quod
3417 724 3557 781 opus
3595 710 3814 767 duobus
3857 711 4013 766 libris

2438 797 2899 866 comprehensum
2923 807 3064 866 erat,
3101 809 3164 856 ut
3204 801 3322 872 ipse
3365 809 3598 858 testatur
3641 802 3700 857 i-n
3744 805 4013 875 prommiu

2436 886 2564 942 libri
2591 889 2776 959 primi.
2801 891 3006 948 Verum
3029 892 3086 947 hi
3107 893 3218 949 duo
3259 893 3388 949 libri
3426 894 3826 966 longinquitate
3871 903 4010 950 tem--

2435 978 2588 1048 poris
2630 980 3050 1038 interciderunt.
3096 983 3158 1038 In
3200 984 3493 1040 scribenda
3533 993 3718 1041 autem
3775 981 4010 1040 Historia

2435 1084 2570 1126 usus
2593 1080 2678 1127 est
2708 1072 3042 1131 Sozomenus
3063 1076 3224 1146 stylo,
3261 1091 3365 1132 nec
3389 1075 3654 1147 depresso
3696 1076 3865 1131 nimis
3907 1093 4009 1130 nec

2435 1163 2674 1234 turgido,
2718 1165 2814 1221 sed
2855 1168 2952 1238 qui
2991 1168 3136 1222 inter
3176 1175 3472 1240 utrumque
3507 1170 3724 1226 medius
3782 1170 4004 1226 incedit.

2431 1253 2536 1321 Qui
2559 1255 2781 1325 quidem
2817 1258 2990 1330 stylus
3022 1259 3519 1316 ecclesiasticarum
3545 1277 3729 1317 rerum
3754 1263 4005 1332 scriptori

2432 1346 2636 1416 optime
2661 1348 2935 1403 convenit.
2965 1349 3034 1413 Et
3054 1350 3284 1406 Photius
3304 1350 3528 1421 quidem
3551 1352 3608 1406 in
3646 1351 4004 1416 Bibliotheca,

2432 1437 2724 1494 dictionem
2749 1439 3035 1497 Sozomeni
3067 1441 3288 1514 praefert
3329 1443 3559 1498 dictioni
3599 1443 3856 1500 Socratis.
3903 1443 4006 1499 Cui

2428 1544 2533 1585 nos
2550 1530 2788 1586 libenter
2813 1533 3143 1610 accedimus.
3170 1533 3276 1590 Sed
3300 1543 3568 1604 quantum
3600 1531 3859 1590 dictionis
3897 1536 4004 1590 ele-

2431 1621 2612 1690 gantia
2636 1622 2810 1678 vincit
2847 1624 3201 1691 Sozomenus,
3244 1635 3457 1682 tantum
3501 1625 3756 1682 Socrates
3796 1625 4004 1696 judicio

2431 1712 2620 1768 vincit.
2667 1713 2803 1769 Nam
2845 1715 3099 1792 Socrates
3124 1718 3346 1787 quidem
3405 1726 3522 1774 tum
3568 1719 3636 1774 de
3690 1717 3844 1781 viris,
3885 1726 4000 1772 tum

2432 1804 2501 1859 de
2546 1806 2714 1862 rebus
2746 1822 2814 1864 ac
2845 1809 3080 1878 negotiis
3119 1811 3510 1867 ecclesiasticis
3545 1811 3750 1882 optime
3769 1810 3997 1882 judicat.

2430 1895 2578 1952 Nihil
2644 1903 2730 1952 est
2789 1899 2847 1953 in
2906 1899 2998 1954 illo
3059 1900 3162 1956 nisi
3219 1918 3383 1972 grave
3439 1919 3505 1960 ac
3583 1903 3810 1959 serium.
3852 1902 3998 1959 Nihil

2431 1980 2578 2059 quod
2603 1996 2863 2060 tanquam
2907 1993 3247 2062 superfluum
3287 1995 3461 2066 possis
3494 2010 3826 2065 expungere.
3854 1993 3999 2049 Con-

2431 2087 2513 2135 tra
2536 2094 2668 2136 vero
2689 2079 2747 2133 in
2778 2079 3082 2137 Sozomeno
3121 2084 3372 2154 quaedam
3414 2092 3713 2140 occurrunt
3752 2083 3892 2138 levia
3937 2098 4000 2138 ac

2387 2192 2389 2196 ·
2428 2171 2682 2242 puerilia.
2707 2170 3022 2243 Cuiusmodi
3045 2182 3129 2229 est
3152 2175 3205 2230 in
3230 2176 3374 2231 libro
3402 2175 3582 2246 primo
3617 2189 3874 2230 excessus
3911 2174 4000 2228 ille

2430 2261 2500 2318 de
2521 2262 2746 2318 conditu
2783 2264 2936 2321 urbis
2978 2265 3257 2332 Hemonae,
3299 2275 3357 2323 et
3401 2267 3470 2323 de
3507 2265 3859 2336 Argonautis,
3902 2267 3996 2342 qui

2428 2368 2625 2408 navem
2647 2354 2792 2425 Argo
2822 2354 3067 2410 humeris
3106 2356 3222 2411 suis
3259 2371 3359 2427 per
3394 2357 3600 2426 aliquot
3622 2355 3794 2410 stadia
3819 2362 3998 2408 trans-

2428 2452 2735 2513 portarunt.
2758 2445 2894 2500 ltem
2931 2445 3230 2518 descriptio
3273 2449 3364 2502 illa
3405 2447 3748 2518 Daplmcnsis
3796 2447 3998 2501 subur-

2429 2534 2580 2600 bani,
2616 2550 2733 2605 quae
2770 2535 3002 2592 habetur
3044 2537 3102 2592 in
3127 2538 3269 2592 libro
3309 2537 3522 2609 quinto,
3563 2553 3686 2609 pag.
3711 2537 3834 2592 209.
3864 2538 3997 2593 Item

2429 2627 2740 2684 observatio
2764 2628 2854 2686 illa
2876 2629 2944 2686 de
2978 2630 3389 2701 pulchritudine
3432 2629 3699 2700 corporis,
3750 2629 3841 2684 ubi
3889 2630 3999 2699 agit.

2431 2722 2498 2776 de
2519 2716 2728 2792 virgine
2753 2723 2840 2777 illa
2866 2723 3008 2794 apud
3032 2739 3195 2794 quam
3222 2724 3315 2778 diu
3349 2723 3583 2778 latitavit
3617 2723 3809 2777 beatus
3833 2723 4000 2776 Allia--

2429 2812 2635 2869 nasiuc.
2675 2813 2919 2884 Denique
2943 2813 3084 2868 liber
3119 2829 3299 2869 nonus
3320 2814 3458 2868 nihil
3481 2813 3594 2868 fere
3629 2812 3777 2867 aliud
3819 2813 3996 2866 conti—

2430 2911 2523 2958 net
2553 2919 2716 2973 quam
2755 2912 2985 2961 eventus
3022 2905 3268 2973 bellicos,
3310 2906 3511 2976 quibus
3540 2906 3676 2960 nihil
3707 2920 3997 2960 commune

2428 3003 2512 3050 est
2533 3010 2658 3050 cum
2681 2995 2918 3052 Historia
2938 2997 3329 3053 ecclesiastica.
3358 2997 3464 3053 Sed
3488 3005 3543 3052 et
3565 2997 3731 3052 dictio
3758 2997 3872 3066 ipsa
3901 2995 4000 3050 Sn-

2431 3087 2663 3153 zomeni,
2681 3104 2842 3159 quam
2855 3089 3081 3144 Photius
3093 3089 3318 3144 dictioni
3341 3089 3582 3144 Socratis
3596 3087 3871 3158 anteponit
3885 3129 3895 3141 .
3911 3089 3963 3140 vi
3973 3118 3996 3127 ο·

759 3151 924 3257 atque
947 3146 1498 3257 osdroenahocjim
1536 3176 1706 3230 genus
1756 3165 2136 3221 excoluisscni.
2187 3167 2326 3224 Ηίηο
2354 3196 2398 3257 c
2430 3182 2520 3235 tiis
2542 3181 2657 3236 suis
2677 3146 2788 3236 non
2813 3189 2982 3237 caret.
3007 3181 3303 3238 Observavi
3341 3182 3486 3237 enim
3528 3146 3785 3251 periodos
3818 3196 3848 3234 a
3894 3181 3996 3234 So-

757 3242 844 3288 est
868 3238 1012 3306 quod
1039 3239 1096 3295 in
1119 3243 1296 3312 primo
1319 3246 1573 3306 Historia:
1613 3252 1778 3317 libro,
1799 3270 1916 3323 cap.
1947 3256 2032 3314 12,
2068 3258 2324 3312 ambitio-

759 3339 880 3426 sum
911 3331 1300 3426 illudelogium
1324 3344 1642 3400 monasticae
1669 3346 2043 3426 philosophiae,
2070 3357 2326 3420 tanquam

760 3419 816 3471 in
840 3419 1109 3476 vestibulo
1128 3422 1415 3494 legendum
1453 3421 2004 3505 proposuitﬂQuippe
2055 3419 2325 3507 ingratum

759 3522 818 3560 se
843 3507 959 3563 fore
985 3514 1337 3584 existimavit,
1364 3520 1468 3576 nisi
1493 3521 1578 3577 his
1605 3524 1659 3578 in
1690 3543 1924 3594 quorum
1964 3531 2327 3585 contubernio

759 3598 990 3665 vixerat,
1019 3611 1073 3658 et
1097 3621 1128 3660 a
1151 3607 1351 3676 quibus
1389 3617 1496 3666 tam
1541 3599 1800 3682 praeclara
1841 3618 1996 3674 bona:
2039 3637 2329 3676 conversa-

759 3690 926 3747 tionis
967 3699 1213 3770 exempla
1255 3711 1538 3774 acceperat
1593 3707 1930 3776 adolescens,
1979 3713 2083 3768 hoc
2135 3716 2327 3769 saltem

761 3784 924 3840 modo
967 3789 1204 3858 gratiam.
1238 3793 1487 3850 referret.
1539 3797 1596 3854 ld
1643 3800 1789 3854 enim
1833 3802 1950 3872 ipse
2007 3803 2212 3860 indicat
2274 3807 2328 3861 in

760 3880 1027 3948 prooemio
1051 3881 1182 3942 libri
1211 3886 1394 3955 primi.
1434 3887 1701 3949 Caeterum
1739 3912 1849 3948 non
1893 3911 1960 3950 ex
2009 3898 2110 3951 hoc
2153 3899 2328 3954 solum

762 3968 880 4025 loco
903 3988 1064 4041 quem
1090 3977 1232 4044 dixi,
1263 3979 1634 4040 Sozomenum.
1672 3984 1828 4042 Gaza:
1867 3989 2160 4045 educatum
2207 4008 2328 4047 esse

761 4065 1052 4135 colligitur,
1077 4071 1172 4125 sed
1198 4073 1363 4128 etiam
1389 4088 1457 4130 ex
1478 4074 1584 4133 ﬁne
1614 4078 1742 4133 libri
1785 4082 1984 4147 octavi,
2032 4083 2122 4137 ubi
2165 4081 2329 4138 Sozo-

764 4170 955 4212 tnenus
976 4159 1132 4216 aitse
1155 4163 1357 4219 vidisse
1394 4166 1668 4226 Zenonem
1708 4172 2023 4243 episcopum
2060 4175 2323 4232 Maiumae.

761 4247 1048 4305 Estautem
1065 4252 1298 4312 Maiuma
1310 4260 1500 4315 navale
1523 4261 1857 4319 Gazaeorum.
1880 4265 1982 4334 Qui
2008 4267 2135 4323 licet
2157 4284 2328 4324 annos

762 4350 922 4398 natus
944 4354 1092 4403 esset
1110 4352 1505 4420 propemodum
1530 4363 1771 4422 centum,
1790 4373 1821 4413 a
1845 4360 2135 4416 matutinis.
2148 4369 2328 4417 tamen

760 4451 826 4490 ac
851 4441 1174 4508 vespertinis
1199 4442 1416 4515 hymnis
1437 4463 1715 4517 nunquam
1738 4450 2008 4516 abfuerat,
2044 4454 2157 4516 nisi.
2188 4456 2327 4509 forte

2431 3287 2659 3328 zomeno
2681 3289 2791 3328 non
2814 3272 2975 3328 aliter
2998 3274 3142 3330 inter
3164 3289 3221 3330 se
3245 3267 3512 3329 connecti'
3531 3287 3693 3342 quam
3735 3287 3833 3341 per
3870 3288 3996 3340 par-

2430 3365 2622 3418 ticulas
2665 3365 2786 3420 illas
2823 3363 2880 3418 δέ
2919 3373 2974 3418 et
3015 3365 3095 3430 τέ,
3140 3367 3338 3435 quibus
3381 3364 3519 3418 nihil
3564 3372 3648 3419 est
3689 3363 3991 3416 molestius.

2429 3458 2583 3524 Quod
2617 3460 2661 3514 si
2700 3459 2824 3529 quis
2862 3459 3146 3529 epistolam
3187 3459 3334 3513 illam
3367 3457 3628 3512 attentius
3666 3455 3860 3526 legerit
3889 3471 3996 3524 qua

2432 3556 2766 3608 Sozomenus
2813 3566 2951 3621 opus
2988 3565 3147 3606 suum
3174 3549 3385 3607 Juniori
3437 3547 3744 3604 Theodosio
3779 3562 4000 3601 nuneu~

2432 3645 2598 3714 pavit,
2625 3644 2867 3698 inveniet
2886 3642 3130 3712 profecto
3167 3642 3220 3696 id
3264 3639 3406 3712 quod
3457 3641 3588 3705 dixi,
3636 3639 3995 3696 Sozomenum

2431 3752 2540 3789 non
2564 3750 2818 3806 magnum
2840 3742 3114 3789 oratorem
3145 3733 3329 3788 fuisse.
3369 3734 3629 3804 Superest
3652 3743 3712 3788 ut
3751 3735 3996 3803 inquira—

2431 3842 2552 3881 mus
2577 3836 2697 3881 uter
2725 3813 2940 3881 illorum
2967 3827 3121 3896 prior
3144 3826 3443 3895 scripserit,
3469 3834 3523 3879 ct
3549 3833 3669 3879 uter
3711 3824 3779 3877 ab
3823 3824 3998 3876 altero

2433 3927 2732 3984 mutuatus,
2762 3933 2857 3972 seu
2882 3918 3065 3988 potius
3099 3916 3310 3971 furatus
3333 3917 3420 3971 sit.
3467 3914 3627 3970 Certe
3668 3929 3792 3968 eum
3837 3913 3998 3967 ambo

2431 4010 2497 4063 de
2523 4009 2714 4062 iisdem
2742 4008 2902 4062 rebus
2921 4024 3060 4078 pene
3105 4007 3295 4063 eadem
3343 4007 3681 4077 scripserint,
3727 4006 3886 4060 ambo
3929 4005 3997 4058 al)

2430 4101 2621 4155 eodem
2646 4100 2916 4170 principio
2955 4101 3132 4156 exorsi
3177 4102 3245 4155 ad
3292 4101 3538 4155 eamdem
3584 4108 3784 4154 metam
3828 4099 3998 4152 det-u-

2431 4193 2724 4257 currerint,
2754 4208 2785 4247 a
2820 4193 3131 4263 principatu
3160 4194 3369 4249 scilicet
3407 4193 3751 4249 Constantini
3799 4191 3867 4245 ad
3895 4207 3996 4244 xm

2431 4285 2773 4338 consulatum
2797 4283 3090 4340 Theodosii
3114 4286 3379 4349 Junioris,
3410 4300 3637 4356 prorsus
3663 4298 3886 4338 necesse
3915 4294 3999 4337 est

2432 4362 2654 4429 ut‘alter
2675 4375 2906 4430 alterius
2953 4377 3154 4430 scrinia
3196 4375 3588 4445 compilaverit.
3630 4373 3783 4440 Quod
3828 4389 4000 4444 genus

2431 4466 2591 4534 plagii
2637 4481 2666 4519 a
2724 4466 2910 4520 multis
2975 4466 3178 4521 Graecis
3227 4466 3586 4535 scriptoribus
3646 4465 3996 4518 commissum

762 4526 988 4625 mort???
1007 4529 1208 4625 _iP5“m
1250 4532 1594 4590 (Ῐθιίηιιίεδεῑο
1639 4537 1767 4593 P05t
1823 4540 1940 4595 11330
1996 4541 2330 4598 30101001105
2361 4535 2404 4589 Ῑ)
2625 4562 2855 4608 testatur
2880 4555 3218 4625 Porphyrius
3233 4526 3375 4625 apud
3397 4555 3691 4610 Eusebium
3711 4555 3764 4610 in
3796 4556 3936 4609 libro
3967 4569 3997 4605 κ

761 4620 1107 4677 causidicina:
1123 4638 1346 4693 operam
1372 4626 1542 4682 dedit.
1562 4629 1629 4682 Et
1646 4630 1736 4701 jus
1756 4632 2157 4701 quidemicivile
2182 4636 2295 4689 didi
2321 4668 2326 4674 ο

761 4709 834 4762 cit
876 4709 1078 4782 Beryti,
1107 4729 1227 4784 quae
1267 4717 1403 4772 urbs
1448 4727 1532 4774 est
1576 4720 1884 4788 Phoenices,
1933 4725 2080 4780 haud
2136 4728 2328 4797 procul

760 4799 970 4855 distans
991 4818 1024 4858 a
1046 4804 1225 4872 patria
1247 4804 1569 4875 Sozomeni;
1599 4810 1654 4866 in
1679 4827 1784 4882 qua
1809 4814 2043 4871 celebris
2082 4826 2201 4871 erat
2235 4819 2326 4888 ju-

761 4888 1144 4959 risprudentiae
1167 4894 1368 4951 schola.
1407 4896 1610 4954 Causas
1649 4911 1832 4958 autem
1871 4905 1982 4975 egit
2013 4905 2325 4962 Constanti-

761 4981 965 5050 nopoli,
991 4984 1447 5052 quemadmodum
1473 4990 1589 5060 ipse
1614 5000 1844 5048 testatur
1867 4997 1921 5048 in
1947 4997 2090 5050 libro
2113 5014 2171 5062 ll,
2206 5016 2320 5069 cap.

760 5071 813 5124 5.
856 5072 968 5128 Nec
1008 5083 1188 5131 tamen
1236 5079 1391 5136 .valde
1433 5093 1730 5154 occupatus
1775 5086 1945 5143 fuisse
1999 5089 2216 5145 videtur
2270 5091 2324 5144 in

762 5161 941 5219 causis
963 5167 1205 5236 agendis.
1230 5166 1442 5231 Etenim
1467 5191 1534 5230 eo
1577 5176 1692 5246 ipso
1726 5187 1967 5252 tempore
2012 5198 2121 5252 quo
2163 5183 2327 5237 advo-

763 5263 916 5311 catus
958 5267 1078 5312 erat
1119 5259 1610 5336 Constantinopoli,
1657 5270 2081 5329 ecclesiasticam
2143 5275 2326 5330 Histo-

764 5345 900 5438 riam
923 5352 1272 5422 conseripsit,
1302 5364 1361 5410 ut
1382 5373 1448 5412 ex
1468 5358 1640 5429 ipsius
1662 5362 1846 5418 verbis
1885 5364 2011 5420 licet
2051 5367 2323 5438 colligere.

764 5436 855 5493 Sic
877 5440 1022 5494 enim
1046 5443 1123 5497 ait
1148 5445 1203 5500 in
1227 5462 1348 5518 pag.
1375 5447 1444 5503 is
1484 5450 1646 5520 hujus
1685 5453 1984 5509 editionis:
2035 5457 2163 5522 Qua:
2184 5436 2326 5513 ὐσνυ

763 5530 1042 5585 acciderint
1081 5533 1350 5605 Aquilino,
1383 5539 1493 5593 viro
1533 5543 1622 5612 qui
1664 5543 1914 5614 hodieque
1968 5564 2169 5602 mecum
2221 5566 2328 5602 una

763 5631 1023 5686 versatur,
1053 5635 1102 5677 et
1125 5628 1179 5679 in
1202 5629 1378 5682 eodem
1414 5631 1525 5700 foro
1547 5635 1922 5689 causidicina»:
1954 5650 2175 5704 exercet,
2207 5659 2330 5710 par-

766 5717 857 5769 tim
881 5723 934 5768 ut
958 5717 1020 5770 ab
1041 5718 1150 5786 ipso
1175 5721 1371 5786 mntiri,
1402 5724 1595 5792 partim
1631 5734 1686 5779 ut
1723 5727 1830 5797 ipse
1873 5733 2134 5799 conspexi,
2159 5735 2328 5787 (licam

767 5811 1072 5865 necessario.
1099 5811 1270 5868 Porro
1297 5821 1418 5868 ante
1458 5815 1554 5871 hos
1591 5834 1781 5874 navem
1825 5823 2202 5881 ecclesiastici:
2239 5828 2330 5884 lli.-

2431 4646 2845 4716 Pmparationis
2870 4649 3213 4717 evangelicae.
3239 4647 3438 4701 Verum
3457 4655 3580 4701 uter
3597 4647 3890 4717 plagiarios
3907 4647 3996 4710 sit,

2431 4736 2750 4823 Socratesne
2772 4753 2842 4792 an
2869 4737 3222 4803 Sozomenus,
3248 4737 3464 4793 diilicile
3499 4747 3583 4793 est
3622 4738 3827 4802 dicere,
3872 4753 3997 4792 eum

2429 4829 2590 4884 ambo
2616 4829 2807 4884 iisdem
2833 4831 3173 4900 temporibus
3204 4830 3460 4895 vixerint,
3498 4830 3658 4884 ambo
3690 4831 3994 4900 principatu

2430 4921 2724 4976 Theodosii
2746 4921 2990 4976 Junioris
3017 4921 3309 4976 Historiam
3329 4937 3484 4976 suam
3507 4923 3848 4992 scripserint.
3885 4923 3995 4976 Ita-

2428 5027 2534 5081 que
2560 5012 2613 5066 in
2639 5012 2802 5083 hujus
2827 5012 3142 5082 quaestionis
3174 5012 3573 5083 disceptatione
3609 5014 3873 5069 utendum
3912 5023 3997 5068 est

2428 5107 2764 5180 conjectura.
2791 5105 2880 5160 Sic
2901 5105 3236 5178 Porphyrius
3259 5107 3313 5160 in
3326 5107 3470 5161 libro
3489 5123 3654 5177 supra
3673 5118 3992 5171 memorato,

2429 5211 2550 5250 cum
2568 5197 2837 5251 incertum
2855 5207 3002 5252 esset
3021 5198 3518 5270 utrum-Hyperides
3532 5215 3598 5254 ex
3611 5200 3992 5263 Demosthene,

2429 5303 2498 5342 an
2523 5289 2927 5346 Demosthenes“
2939 5305 3005 5344 ex
3029 5290 3300 5361 Hyperide
3323 5291 3537 5347 furatus
3559 5301 3724 5355 esset,
3742 5303 3995 5363 propter-

2428 5395 2490 5433 ea
2517 5379 2662 5448 quod
2689 5379 2850 5434 ambo
2879 5379 3071 5435 eodem
3099 5389 3341 5451 tempore
3377 5383 3660 5447 vixissent,
3686 5385 3996 5454 conjectura

2432 5469 2694 5524 utendum
2721 5485 2841 5526 esse
2865 5472 3258 5541 pronuntiavit.
3288 5473 3582 5529 Videamus
3601 5476 3811 5545 ergoin
3835 5491 3998 5545 quem

2431 5559 2588 5614 cadat
2626 5559 2865 5630 suspicio
2909 5561 3062 5616 furti.
3106 5563 3370 5632 Equidem
3417 5567 3498 5621 sic
3538 5566 3811 5628 existimo,
3863 5566 3999 5620 infe-

2433 5651 2631 5704 riorem
2667 5651 2985 5721 plerumque
3020 5653 3191 5706 furari
3218 5669 3247 5706 a
3291 5657 3690 5723 praestantiore,
3723 5665 3778 5711 et
3809 5657 3994 5726 junio-

2435 5757 2546 5795 rcm
2569 5757 2596 5795 a
2624 5744 2855 5797 seniore.
2883 5743 3045 5814 Atqui
3071 5744 3404 5800 Sozomenus
3442 5762 3564 5802 meo
3605 5748 3822 5817 quidem
3853 5748 3996 5818 judi-

2434 5833 2517 5884 cio
2557 5830 2712 5904 longe
2742 5833 2963 5890 inferior
2999 5843 3081 5891 est
3118 5835 3380 5893 Socrate:
3428 5839 3610 5909 junior
3658 5841 3785 5895 item
3833 5854 3992 5909 quam
