4514 6578
1467 449 1789 506 ΙΙΙΒΤΟΒΙΑ
1827 422 2388 505 ECCLEStASTICA.
2431 478 2500 488 —
2540 448 2668 503 Lm.
2711 447 2748 501 1.

1949 422 2388 503 .LESiAS'HCA.
2431 478 2500 488 —
2540 448 2668 503 Lm.
2711 447 2748 501 1.
3660 439 3732 497 3t

504 601 3728 630 *Ν

803 752 1189 837 ΤΟΜΟΣ
1245 745 1718 834 ΠΡΩΤΟΣ.

1015 927 1414 983 ΚΕΨΑΛΑῘΟΝ
1442 929 1500 980 A'
1528 937 1545 953 ‘

853 1044 923 1097 Τὸ
954 1043 1059 1095 τοῦ
1086 1045 1332 1106 βιϐλίου
1365 1042 1695 1110 προοίμιον.

2471 735 2826 822 LlliEll
2921 731 3409 820 PRIMUS.

2663 914 2886 969 CMT-'1'
2937 912 3220 967 PRIMUM.

2583 1029 2902 1084 I’rmcmmm
2949 1038 3105 1080 totius
3155 1025 3294 1078 libri.

552 1136 806 1198 Εὑσέΰιος
855 1139 883 1188 ὁ
918 1136 1204 1204 Παμφίλου
1266 1137 1324 1186 ὲν
1370 1135 1509 1195 ὅλοις
1538 1134 1670 1186 δέκα
1706 1131 1928 1202 βιϐλίοις
1958 1131 2055 1204 τὴν
2087 1147 2130 1204 Α
2219 1127 2335 1199 ι-ε

1958 1131 2055 1204 τὴν
2087 1147 2130 1204 Α
2219 1127 2353 1199 ι-5
2397 1124 2667 1181 Ense-nios
2712 1121 2979 1191 Paiuphili
3029 1135 3116 1172 res
3168 1116 3224 1170 in
3267 1115 3512 1171 Ecclesia
3553 1124 3731 1184 gestas

481 1227 938 1295 ἐκκλησιαστικὴν
977 1230 1218 1296 ἱστορίαν
1255 1225 1567 1295 ἐκθέμενος,
1607 1226 1952 1278 κατέπαυσεν
1979 1226 2059 1286 εἰς

479 1323 600 1382 τοὺς
636 1323 860 1390 χρόνους
885 1322 978 1372 τοῦ
1018 1319 1279 1390 βασιλέως
1307 1318 1738 1383 Κ1ι1νσταντίνου,
1769 1316 1828 1371 ὲν
1854 1311 1934 1379 οἷς
1967 1316 2058 1369 καὶ

479 1416 508 1466 ὁ
537 1416 687 1484 παρὰ
720 1414 813 1465 τοῦ
849 1413 1231 1478 Διοκλητιανοῦ
1285 1413 1422 1463 κατά
1455 1409 1795 1480 Χριττιανών
1835 1408 2061 1478 γενόμε-

479 1521 566 1566 νος
591 1505 826 1574 διωγμὸς
855 1504 930 1573 (1)
963 1506 1334 1556 ἀπεπαύσατο.
1365 1503 1591 1573 Γράφων
1635 1502 1691 1552 δὲ
1721 1502 1749 1552 ὁ
1774 1501 1934 1562 αὐτὸς
1979 1503 2059 1560 εἰς

479 1597 569 1650 τὸν
593 1599 704 1666 βίον
745 1598 1178 1657 Κωνσταντίνου,
1211 1595 1318 1648 τῶν
1339 1595 1458 1647 κατ’
1482 1596 1696 1664 Ἀρειον
1723 1593 1962 1664 μερικῶς
1981 1591 2056 1658 (2)

483 1688 703 1756 μνήμην
751 1687 1068 1754 πεποίηται,
1103 1687 1212 1738 τῶν
1247 1683 1482 1736 ἐπαίνων
1515 1683 1608 1736 τοῦ
1652 1683 1932 1751 βασιλέως,
1965 1682 2059 1734 καὶ

479 1776 575 1846 τῆς
614 1781 995 1847 πανηγυρικῆς
1023 1777 1326 1845 ὑψηγορίας
1352 1776 1463 1828 τῶν
1495 1777 1668 1842 λόγων
1717 1773 1934 1844 μᾶλλον,
1983 1773 2060 1832 ὡς

479 1870 538 1920 έν
572 1870 832 1939 ἐγκωμίῳ
857 1871 1167 1938 φροντίσας,
1205 1872 1237 1939 ἢ
1274 1869 1401 1939 περὶ
1436 1868 1527 1921 τοῦ
1558 1866 1800 1937 ἀκριϐῶς
1831 1866 2058 1934 περιλα-

479 1961 592 2013 6εἶν
619 1963 685 2013 τὰ
715 1965 1001 2032 γενόμενα.
1062 1964 1252 2032 Ἡμεῖς
1286 1962 1340 2014 δὲ
1385 1962 1708 2030 προθέμενοι
1747 1958 2058 2028 συγγράψαι

479 2054 548 2106 τὰ
596 2055 654 2118 ἐξ
703 2055 909 2106 ἐκείνου
953 2056 1114 2124 μέχρι
1163 2055 1272 2106 τῶν
1302 2054 1424 2122 τῇδε
1458 2055 1584 2121 περὶ
1621 2053 1720 2113 τὰς
1763 2050 2060 2119 ἐκκλησίας

477 2145 765 2213 γενόμενα,
800 2149 899 2214 τῆς
939 2145 1250 2208 ὑποθέσεως
1287 2145 1491 2216 ἀρχὴν,
1541 2144 1600 2208 ἐξ
1624 2137 1698 2195 ὧν
1726 2144 1928 2204 ἐκεῖνος
1954 2142 2060 2193 ἀπ-

478 2235 738 2309 έλιπε,(5>
755 2239 1112 2308 ποιησόμεθα⁸
1132 2240 1190 2290 οὐ
1211 2242 1462 2309 φράσεως
1479 2238 1643 2305 ὄγκου
1662 2233 2057 2305 φροντίζοντες,

477 2327 591 2379 ἀλλ’
627 2329 726 2380 ὅσα
756 2329 787 2399 ἢ
820 2331 1112 2401 ἐγγράφως
1144 2331 1394 2400 εὕρομεν,
1448 2330 1481 2401 ἢ
1519 2328 1670 2396 παρά
1706 2327 1816 2379 τῶν
1847 2328 2061 2396 ιστορηο

480 2418 689 2471 σάντων
755 2421 1068 2491 ἠκούσαμεν
1122 2421 1496 2492 διηγουμένων
1557 2418 1654 2489 (4).
1711 2420 1820 2474 Καὶ
1873 2418 2058 2485 ἐπειδὴ

2162 1223 2352 1278 decem
2378 1218 2534 1273 libris
2559 1215 2896 1282 complexus,
2921 1212 3233 1283 principatu
3255 1206 3601 1263 Constantini
3625 1210 3736 1258 Au-

2161 1315 2305 1386 gusti
2328 1309 2620 1367 llistoriam
2648 1324 2802 1362 suam
2821 1305 3137 1360 terminavit
3168 1321 3179 1355 :
3207 1320 3316 1371 quo
3335 1310 3577 1370 tempore
3604 1313 3732 1364 per—

2162 1408 2371 1463 Seculio
2396 1402 2721 1459 Diocletiani
2743 1399 3006 1453 adversus
3020 1396 3362 1451 Christianos
3379 1393 3540 1445 tinem
3568 1406 3699 1444 accc
3715 1416 3733 1430 -

2162 1503 2260 1570 pit.
2298 1499 2446 1554 Idem
2483 1495 2539 1549 in
2567 1494 2737 1549 'libris
2762 1507 2902 1561 quos
2925 1491 2992 1545 de
3029 1489 3153 1543 Vita
3188 1486 3542 1556 imperatoris
3587 1484 3735 1537 Con-

2161 1593 2386 1648 stantini
2419 1587 2769 1656 conscripsit.
2813 1601 2877 1637 ea
2922 1596 3045 1651 quze.
3085 1580 3152 1633 ad
3198 1580 3389 1633 Arium
3433 1576 3733 1647 pertinent,

2161 1685 2342 1736 obiter
2367 1687 2580 1732 tantum
2620 1673 2945 1746 perstrinxit
2994 1688 3007 1721 :
3052 1669 3254 1737 quippe
3287 1666 3412 1729 cui,
3442 1667 3504 1718 111
3535 1665 3592 1717 111
3633 1681 3735 1718 eu-

2160 1774 2354 1826 colniis
2371 1771 2485 1824 lieri
2511 1771 2672 1830 solet,
2693 1763 3042 1833 imperatoris
3064 1761 3254 1813 laudes
3273 1767 3330 1811 et
3355 1756 3736 1827 panegyricum

2159 1867 2465 1919 orationem
2503 1868 2797 1914 contexere
2837 1855 3010 1923 magis
3049 1867 3195 1905 cura:
3240 1857 3416 1912 esset,
3442 1864 3605 1917 quam
3648 1861 3737 1901 res

2159 1964 2340 2026 gestas
2381 1959 2635 2006 accurate
2687 1960 3138 2003 commemorare.
3189 1944 3300 1996 Nos
3357 1958 3489 1994 vero
3535 1941 3738 2008 quibus

2161 2043 2503 2115 propositum
2539 2047 2709 2094 estea
2731 2053 2853 2106 qua:
2894 2035 2964 2089 ab
3000 2035 3108 2088 illis
3149 2032 3490 2101 temporibus
3529 2031 3596 2083 ad
3634 2046 3735 2082 no-

2161 2147 2331 2192 stram
2357 2149 2528 2202 usque
2550 2139 2767 2184 aetatem
2800 2131 2855 2182 111
2884 2127 3128 2182 Ecclesia
3157 2133 3310 2194 gesta
3341 2131 3491 2184 sunt,
3516 2120 3738 2188 scriptis

2161 2230 2447 2289 mandare,
2481 2225 2551 2279 ab
2589 2224 2655 2278 iis
2691 2223 2856 2276 rebus
2894 2234 3032 2289 quas
3068 2219 3159 2271 ille
3204 2217 3437 2270 intactas
3476 2212 3733 2280 reliquit.

2160 2322 2344 2391 opeﬂs
2376 2318 2546 2372 nostri
2575 2331 2857 2369 sumemus
2883 2309 3191 2365 exordium.
3218 2307 3295 2362 Ac
3321 2306 3389 2360 de
3418 2305 3568 2358 inani
3607 2303 3735 2372 qui-

2162 2418 2286 2468 dem
2327 2413 2622 2467 verborum
2651 2421 2848 2478 pompa
2885 2417 3079 2474 parum
3117 2399 3362 2462 solliciti,
3393 2409 3735 2465 quascunque

480 2509 614 2578 πρὸς
663 2511 723 2563 τὸ
771 2489 1130 2582 προκείμενον
1190 2489 1621 2583 ουλ).αμ6ἀνεται
1667 2514 1799 2582 ἡμῖν
1818 2498 2058 2600 "evrum-
2089 2505 2132 2560 Β
2159 2517 2253 2561 11111

1952 2525 2058 2578 ιμο-
2089 2505 2132 2560 Β
2159 2517 2253 2561 11111
2279 2506 2586 2560 litterarum
2623 2496 2992 2553 monumentis
3024 2493 3240 2600 prodita
3277 2489 3608 2600 repleri-iuius,
3640 2493 3735 2584 aut

478 2601 681 2668 νεῦσαι,
708 2605 827 2656 τίνα
862 2607 1064 2674 τρόπον
1090 2607 1119 2658 ὁ
1147 2605 1398 2676 βασιλεὺς
1442 2607 1845 2664 Κωνσταντίνος
1870 2600 1970 2653 ’ἐπὶ
1992 2600 2054 2652 τὺ

480 2695 876 2764 Χριστιανὶζειν
899 2699 1150 2768 ἐλήλυθε,
1185 2699 1355 2770 μικρά
1387 2699 1513 2768 περὶ
1538 2696 1728 2748 τούτου
1758 2694 1833 2756 ὼς
1856 2685 1966 2746 οἶόν
1994 2708 2056 2743 τε

482 2805 585 2857 μνη
594 2789 964 2859 μονεύσωμεν,
981 2791 1188 2843 ἐνθένδε
1206 2790 1368 2841 ποθὲν
1379 2790 1474 2859 τὴν
1488 2787 1659 2858 ἀρχὴν
1679 2785 2052 2854 ποιησάμενοι.

2159 2597 2229 2648 ab
2263 2594 2331 2648 iis
2367 2592 2461 2661 qui
2503 2589 2668 2646 rebus
2707 2587 2840 2656 ipsis
2887 2585 3250 2637 interfuerant
3284 2577 3476 2632 auditu
3518 2576 3733 2644 accepi-

2159 2703 2302 2748 mus,
2334 2681 2648 2749 singillatim
2681 2690 3038 2747 exponemus.
3080 2674 3147 2727 Et
3177 2671 3435 2742 quoniam
3469 2669 3536 2722 ad
3573 2667 3732 2721 iusti-

2161 2785 2338 2831 tutum
2363 2782 2612 2827 nostrum
2640 2770 2938 2838 plurimum
2963 2766 3176 2819 confert
3208 2777 3367 2816 nosse
3385 2776 3494 2832 qua
3521 2761 3734 2816 ratione

481 2856 608 2949 sup.
648 2856 1042 2933 Constantinus
1065 2880 1129 2934 ad
1151 2856 1876 2948 Christianamreligionem
1905 2869 2242 2931 transivcrit,
2275 2882 2341 2920 ea
2385 2864 2453 2918 de
2489 2878 2545 2916 re
2576 2878 2676 2930 pro
2704 2859 2850 2912 virili
2883 2866 3036 2927 parte
3067 2871 3239 2925 pauca
3266 2856 3464 2910 dicam.

1084 2995 1336 3049 ΚΕΦΑΛ.
1371 2995 1445 3046 ll'.

484 3105 622 3160 ΤΙνα
676 3105 898 3172 τινὶ-τον
945 3107 978 3157 ό
999 3105 1300 3168 ,ϐασιλεὺς
1340 3103 1795 3168 Κωνσταντῖνος
1841 3103 1939 3157 ἐπὶ
1985 3101 2054 3156 τὸ

875 3174 1300 3241 Χριστιανίζειν
1330 3175 1651 3243 ἐλήλυθεν.

562 3278 750 3330 ’11νίκα
799 3279 874 3344 (Si)
904 3279 1304 3349 Διοκλητιανὸς,
1348 3279 1441 3330 καὶ
1486 3277 1825 3348 Μαξιμιανὺς
1870 3280 1899 3330 ὁ
1936 3278 2056 3329 tim-

483 3370 696 3438 κληθεὶς
745 3371 1055 3439 Ἠρκούλιος
1082 3385 1129 3433 ιι,
1175 3372 1239 3421 ἐκ
1275 3372 1607 3438 συνυὲματος
1650 3369 1747 3439 τὴν
1780 3369 2056 3438 βασιλείαν

482 3463 828 3530 ἀποθέμενοι,
895 3464 985 3513 τὸν
1046 3463 1312 3514 ἰδιωτικὸν
1356 3464 1695 3514 ἐπανείλοντο
1749 3463 1895 3529 βίον·
1958 3460 2054 3513 καὶ

482 3555 818 3624 Ναξεμιανδς
865 3558 891 3603 ὁ
924 3556 1238 3623 ἐπικληθεὶς
1280 3555 1564 3624 Γαλέριος,
1611 3555 1640 3606 ὁ
1693 3551 2054 3623 συμϐασιλεύο

485 3657 581 3708 σας
606 3647 806 3704 αὐτοῖς.
842 3648 1034 3707 επιῦἀς
1065 3647 1161 3714 τῆς
1196 3647 1444 3708 Ἰταλίας,
1476 3647 1568 3698 δύο
1596 3647 1895 3714 κατέστησε
1923 3644 2054 3696 Καί-

485 3745 673 3809 ἀιραις,
710 3739 1011 3806 Μαξῑμῐνον
1055 3739 1153 3806 μὲν
1176 3741 1234 3790 ὲν
1267 3741 1374 3798 τοῖς
1410 3742 1550 3788 κατὰ
1593 3737 1692 3805 τὴν
1727 3735 1920 3806 Ἐᾠαν,
1953 3737 2051 3787 Σε-

2808 2970 2958 3027 CAP.
3009 2971 3073 3025 ll.

2157 3090 2275 3156 Qua
2304 3089 2509 3141 ratione
2539 3087 2667 3155 imp.
2701 3086 3074 3140 Constantinus
3117 3103 3184 3138 aa
3220 3084 3579 3140 Christianam
3609 3083 3734 3140 reli-

2662 3159 2865 3227 gionem
2895 3173 2950 3208 se
2973 3158 3212 3210 contulit.

2225 3269 2488 3340 601111111-
2504 3281 2668 3336 porro
2684 3268 2754 3318 ab
2774 3267 2840 3319 iis
2865 3265 3207 3334 temporibus
3221 3263 3424 3334 quibus
3444 3264 3734 3320 Diocletia-

2156 3377 2262 3414 nus
2286 3369 2341 3413 ct
2373 3359 2731 3412 Maximianus
2760 3365 3125 3425 cognomento
3149 3357 3459 3421 llerculius,
3501 3357 3733 3426 imperio

2157 3451 2430 3520 deposito,
2447 3467 2513 3502 ex
2536 3459 2820 3518 compacto
2839 3451 3106 3519 privatam
3130 3449 3300 3505 vitam
3318 3448 3549 3517 amplexi
3570 3457 3697 3502 sunt
3715 3466 3730 3503 :

2159 3541 2519 3594 Maximianus
2542 3556 2673 3596 vero
2699 3541 2747 3594 is
2782 3541 2874 3610 qui
2896 3541 3149 3595 Galerius
3181 3540 3600 3610 cognominatus
3625 3550 3731 3604 est,

2155 3641 2213 3687 et
2253 3636 2346 3703 qui
2395 3651 2520 3690 cum
2581 3635 2778 3689 iisdem
2817 3637 2927 3689 illis
2973 3636 3373 3705 imperaverat,
3422 3637 3477 3688 in
3523 3635 3732 3690 Italiam

2156 3725 2456 3793 profectus,
2481 3727 2620 3781 duos
2667 3727 2938 3792 Catsares,
2990 3728 3345 3781 Maximinum
3384 3727 3440 3781 in
3483 3726 3730 3793 Oriente,

483 3830 647 3890 θίγον
665 3830 711 3876 ιῑὲ
824 3829 931 3888 τοῖς
960 3825 1096 3877 κατὰ
1118 3826 1214 3894 τὴν
1248 3823 1496 3878 Ἰταλίαν·
1522 3823 1677 3876 Κατὰ
1692 3823 1746 3875 δὲ
1774 3823 1870 3884 τὰς
1889 3823 2053 3893 Βρετ-
2080 3807 2122 3864 C
2157 3818 2266 3870 Seu

1947 3839 2053 3874 οετ-
2080 3807 2122 3864 C
2157 3818 2419 3871 Severum
2448 3819 2500 3872 in
2528 3819 2677 3873 Italia
2707 3821 3013 3874 constituit.
3048 3821 3107 3875 111
3130 3819 3413 3874 Britannia
3435 3836 3566 3874 vero
3583 3821 3730 3876 Con-

481 3919 665 3980 uvia;
703 3921 775 3987 μς)
814 3921 1217 3978 Κωνςταντίνος
1261 3917 1602 3987 ἀνηγορεύθη
1645 3915 1916 3985 βασιλεὺς,
1970 3917 2049 3978 εἰς

2159 3909 2434 3962 stantinus
2457 3919 2674 3964 creatus
2697 3921 2781 3965 est
2805 3911 3126 3981 imperator,
3149 3911 3206 3964 in
3233 3911 3414 3964 locum
3444 3913 3618 3981 patris
3644 3912 3732 3967 sui

1682 4024 1950 4079 VALESll
1987 4024 2536 4081 ANNUTATIOM‘ZS.

555 4145 628 4214 (1)
660 4147 992 4214 Γενόμενος
1011 4144 1290 4214 πόλεμος.
1320 4139 1410 4214 Sic
1430 4156 1497 4192 ex
1525 4139 1711 4214 codice
1737 4138 1909 4214 Regio
1923 4137 2048 4214 _etli-

481 4209 859 4268 ditllobertus
882 4209 1209 4281 Stephanus.
1241 4210 1345 4264 Sed
1372 4227 1427 4262 111
1477 4211 1700 4278 optimis
1741 4209 2042 4270 codicibus,

484 4285 794 4339 Florentino
819 4292 872 4337 et
898 4283 1197 4344 Sl'ortiauo,
1222 4282 1488 4349 scriptum
1539 4281 1850 4332 invenimus
1893 4282 2046 4345 γενό-

485 4373 641 4424 μενος
672 4353 928 4424 διωγμὸς.
977 4352 1251 4424 quomodo
1300 4353 1466 4404 etiam
1509 4349 2046 4418 Christophorsonus

483 4423 536 4479 in
563 4426 675 4478 suis
699 4423 1106 4492 exemplaribus
1133 4431 1433 4490 reperi-rat.

553 4497 629 4573 (‘2')
646 4489 938 4573 Μεμικῴβκ
966 4492 1078 4573 Hoc
1102 4489 1483 4573 loeo_p.eptxtb;
1509 4507 1616 4570 non
1641 4489 1909 4573 signiﬁcat
1936 4493 2046 4570 siri-

480 4560 857 4632 {yillatinysed
883 4566 945 4632 sy.
978 4563 1193 4632 μέρους.
1226 4561 1434 4614 llevera
1476 4562 1624 4614 enim
1658 4560 1938 4632 Eusebius
1987 4562 2042 4614 111

481 4629 638 4688 iibris
662 4636 728 4685 de
755 4633 874 4686 Vita
899 4629 1268 4695 Constantini,
1316 4632 1602 4684 historiam
1643 4629 1755 4682 Arii
1795 4647 1862 4683 ex
1886 4641 2041 4700 parte

480 4707 743 4758 duntaxat
790 4703 990 4771 attigit,
1038 4718 1148 4755 non
1193 4717 1327 4755 vero
1372 4710 1541 4755 totam
1585 4717 1685 4754 nec
1727 4700 2041 4770 singillatim

481 4781 930 4844 prosecutus_est.

556 4846 630 4914 15)
671 4844 770 4907 Ἐξ
798 4837 885 4914 ὧν
904 4842 1134 4908 ἐκεῖνος
1161 4840 1438 4914 ἀπέλιπε.
1470 4843 1750 4897 Masculus
1773 4841 1921 4895 hunc
1962 4842 2044 4896 lo-

479 4913 603 4968 cum
630 4915 702 4967 ita
727 4913 918 4966 vertit:
945 4913 1308 4966 commentarii
1335 4916 1497 4966 nostri
1525 4915 1739 4966 exordia
1786 4916 1907 4964 inde
1951 4930 2041 4965 su-

479 5002 698 5047 memus,
725 4985 809 5036 ubi
836 4983 926 5037 ille
948 4983 1116 5034 desiit.
1143 4983 1318 5050 Atque
1356 4983 1429 5036 ita
1457 4985 1569 5037 fere
1593 4984 2045 5052 Christophorso-

480 5071 618 5118 nus,
667 5055 771 5107 nisi
819 5053 962 5122 quod
1008 5054 1179 5122 magis
1221 5053 1468 5112 barbare.
1518 5066 1574 5108 et
1624 5056 1804 5108 minus
1854 5054 2044 5108 Latine

481 5126 793 5179 transtulit:
825 5140 887 5176 ex
914 5125 976 5176 iis
1003 5125 1153 5176 rebus
1203 5143 1234 5177 α
1281 5125 1462 5192 quibus
1487 5127 1550 5177 ab
1600 5142 1657 5176 co
1701 5126 1922 5177 desitum
1970 5137 2043 5178 cst

476 5196 720 5258 scribere,
748 5194 914 5248 nostri
939 5195 1106 5264 operis
1134 5195 1402 5246 ca'ordium
1433 5197 1720 5264 cupiemus.
1752 5195 1863 5265 Ego
1911 5212 2042 5250 vero

477 5267 662 5320 malim
688 5277 904 5320 vertere
935 5284 946 5318 :
977 5265 1039 5317 ab
1061 5266 1122 5317 iis
1154 5267 1300 5317 rebus
1326 5282 1458 5334 quas
1483 5267 1573 5318 ille
1619 5266 1762 5318 nobis
1808 5266 2040 5336 reliquit,

477 5337 731 5389 scribendi
758 5351 1022 5388 sumemus
1048 5336 1338 5388 exordium.
1371 5336 1493 5388 Vult
1515 5337 1660 5389 enim
1704 5336 1889 5390 dicere
1941 5339 2041 5390 So-

477 5418 677 5470 crates,
702 5422 1028 5460 exorsurum
1054 5422 1110 5458 se
1136 5405 1204 5458 ab
1230 5406 1456 5459 historia
1485 5408 1623 5469 Arii,
1673 5423 1834 5475 quam
1864 5407 2036 5461 Euse—

478 5476 602 5531 bius
654 5492 720 5530 ex
765 5487 918 5546 parte
968 5484 1178 5529 tantum
1229 5477 1484 5545 attigerat
1538 5477 1779 5530 inlibris
1820 5477 1887 5531 de
1916 5479 2037 5532 Vita

475 5548 814 5617 Constantini
843 5565 854 5598 :
882 5546 1179 5617 Eusebium
1206 5548 1351 5600 enim
1378 5548 1430 5599 in
1455 5548 1520 5599 iis
1546 5547 1700 5602 libris
1733 5551 1903 5617 magis
1927 5558 2040 5602 stu-

475 5615 658 5671 duisse
685 5627 742 5670 ut
767 5615 1113 5686 imperatoris
1138 5618 1326 5670 laudes
1367 5620 1743 5686 amplilicaret,
1789 5615 1953 5687 quam
1981 5629 2040 5672 ut

477 5702 566 5740 res
589 5689 987 5741 ecclesiasticas
1030 5698 1284 5741 accurate
1333 5689 1727 5756 perscriberet:
1779 5707 1834 5742 se
1882 5706 2036 5746 vero.

476 5759 570 5827 qui
595 5759 763 5812 resin
793 5759 1034 5811 Ecclesia
1070 5768 1248 5828 gestas
1273 5759 1494 5828 scriptis
1537 5761 1793 5812 niaudare
1840 5764 2042 5813 emisti-

2159 4143 2348 4204 tnerit,
2374 4141 2657 4195 historiam
2679 4139 2895 4192 Arianm
2911 4139 3185 4210 lia-reseas
3199 4139 3518 4210 diligentius
3535 4156 3727 4196 narra-

2156 4223 2360 4274 turum,
2383 4221 2438 4264 et
2461 4212 2529 4263 ab
2556 4212 2622 4264 iis
2652 4214 2964 4278 rebusquas
2992 4209 3262 4264 Eusebius
3277 4209 3360 4263 vel
3379 4210 3447 4264 de
3461 4211 3729 4268 industria

2151 4283 2600 4351 praetermiserat,
2626 4285 2711 4334 vel
2758 4282 2886 4350 quia
2910 4280 3047 4333 nihil
3077 4279 3144 4333 ad
3182 4282 3495 4351 institutum
3556 4283 3730 4351 ipsius

2147 4350 2407 4415 lacerent,
2432 4352 2612 4405 obiter
2639 4362 2846 4405 tantum
2874 4351 3288 4419 perstrinxerat,
3308 4350 3524 4405 initium
3544 4350 3728 4408 Histo-

2151 4439 2246 4476 rue
2275 4439 2386 4477 sua:
2410 4423 2702 4476 facturum.
2729 4424 2894 4476 Certe
2919 4421 3176 4475 Socrates
3222 4438 3329 4475 non
3366 4424 3492 4476 inde
3540 4423 3726 4477 Histo-

2150 4495 2285 4546 riam
2310 4509 2463 4546 suam
2491 4493 2788 4553 inchoavit,
2816 4493 2909 4545 ubi
2954 4491 3225 4546 Eusebius
3267 4492 3522 4546 desierat.
3553 4492 3726 4548 Euse-

2147 4563 2274 4616 bius
2296 4565 2444 4617 enim
2472 4579 2642 4631 usque
2669 4564 2736 4616 ad
2763 4563 2975 4616 obitum
3001 4561 3345 4616 Constantini
3372 4580 3510 4632 opus
3557 4581 3718 4618 suum

2149 4633 2424 4702 perduxit.
2453 4633 2978 4702 llistoriamquidem
3002 4633 3427 4687 ecclesiasticam
3449 4633 3723 4690 Eusebius

2152 4719 2325 4772 usque
2349 4703 2417 4758 ad
2445 4703 2738 4757 tumultum
2764 4705 2977 4765 Arii,et
2998 4718 3062 4756 ca
3088 4718 3209 4772 qua:
3233 4704 3510 4757 Nicaeum“
3535 4707 3724 4758 conci-

2147 4773 2282 4827 lium
2329 4789 2680 4844 praeessem,
2736 4774 2994 4828 continua
3026 4775 3558 4844 irserieppersecutus
3615 4786 3720 4830 est.

2150 4842 2389 4899 Proinde
2433 4845 2478 4898 si
2547 4843 2737 4898 decem
2805 4844 2976 4897 libros
3024 4842 3278 4897 Historia:
3339 4845 3723 4900 ecclesiasticae

2075 4951 2122 5006 Β
2149 4924 2482 5006 ενυειειιξυῆτ
2523 4914 2800 4996 Socratem
2846 4913 2971 4968 inde
2999 4914 3404 5006 incepisserubi
3455 4914 3722 5006 Eusebius

2149 4985 2426 5038 scribendi
2453 4986 2614 5038 linem
2662 4987 2888 5044 fecerat,
2936 4999 3228 5053 possumus
3263 4984 3465 5037 dicere.
3519 4987 3623 5038 Sed
3674 4988 3719 5039 si

2149 5066 2416 5122 pneterea
2473 5057 2769 5124 jungamus
2831 5057 3004 5108 libros
3068 5054 3137 5107 de
3189 5055 3311 5109 Vita
3348 5056 3718 5120 Constantini,

2147 5126 2489 5197 sicutjuuxit
2514 5125 2788 5188 Socrates,
2817 5136 2928 5178 111111
2967 5125 3109 5197 istud
3149 5141 3339 5178 verum
3381 5130 3643 5197 nouerit.

2221 5196 2318 5266 (-1)⁷
2345 5198 2772 5262 Διηγουμέϊωι·.
2821 5196 3182 5249 Seribendum
3243 5196 3466 5248 ouiuiuo
3507 5207 3592 5249 est
3638 5200 3718 5250 δι·-

2146 5269 2460 5337 ηγούμενοι,
2488 5267 2618 5319 licet
2642 5267 2830 5334 scripti
2861 5266 3078 5318 codices
3120 5267 3254 5319 nihil
3281 5276 3517 5319 mutent.

2224 5339 2298 5407 (Si)
2335 5337 2560 5390 Ἣνίκα.
2593 5337 2938 5390 llocinilium
2963 5354 3083 5390 esse.
3110 5337 3318 5406 periodi
3361 5337 3638 5391 Musculus
3659 5347 3715 5393 et

2145 5407 2684 5477 Cliristophorsonus
2711 5407 3123 5469 existimarunt,
3150 5424 3273 5460 cum
3305 5418 3482 5460 tamen
3532 5410 3713 5475 periit-

2147 5479 2250 5534 dus
2268 5477 2572 5533 inchoanda
2595 5477 2666 5530 sit
2694 5477 2762 5530 ab
2793 5478 2860 5531 iis
2889 5477 3074 5531 verbis
3096 5494 3216 5545 qua:
3241 5477 3295 5530 in
3333 5479 3438 5530 line
3465 5482 3712 5547 superiow

2150 5552 2226 5604 ris
2247 5549 2742 5620 capitisleguutur.
2786 5547 2994 5620 ἐνθένδε
3024 5549 3183 5600 ποθὲν
3215 5548 3312 5617 τὴν
3357 5550 3528 5619 ἀρχὴν
3561 5566 3708 5617 που..

2151 5617 2392 5690 σάμενοι.
2420 5619 2586 5690 quue
2609 5634 2709 5672 nos
2731 5619 2785 5690 in
2808 5617 3060 5690 versione
3084 5626 3268 5690 nostra
3305 5617 3474 5671 secuti
3505 5635 3711 5672 smnus.

2222 5687 2296 5753 16)
2323 5692 2483 5744 Κατὰ
2502 5687 2570 5741 δὲ
2597 5690 2704 5753 τὰς
2734 5687 3110 5755 Βρεττανίας.
3161 5689 3509 5742 Existimasse
3561 5690 3684 5741 \ide

2153 5772 2243 5815 tur
2267 5765 2538 5825 Socrates,
2563 5758 2986 5815 Constantinum
3009 5769 3065 5814 et
3088 5758 3418 5814 Maxentium
3446 5762 3712 5830 imperare

1920 5875 2294 5928 VARIORUM.

1920 5875 2006 5927 VA
2210 5876 2252 5927 '.\
2283 5919 2294 5928 .

553 5974 579 6004 ι
614 5962 924 6033 Stephanus
948 5970 1003 6017 et
1031 5962 1274 6018 Valesius
1295 5962 1543 6018 scribunt
1571 5979 1669 6032 per
1697 5963 1740 6017 Ε
1777 5963 1832 6020 111
1868 5875 2304 6037 1111111111311111111.
