4514 6578
436 450 512 517 '37
1429 447 1747 503 msromx
1788 421 2346 501 ecetnsiASTlcx.
2390 479 2453 484 --
2494 447 2619 502 me.
2662 447 2700 501 ι.
3632 450 3704 511 53

458 572 724 643 Ἑλλήνων
770 570 921 632 θεοὺς
953 565 1282 635 διακείμενοι
1310 580 1323 594 ’
1366 563 1627 635 ηὖρισκέν
1654 581 1712 617 τε
1750 564 1825 627 ὡς
1866 567 1894 616 ὁ
1922 562 2014 615 αὐ·
2049 564 2094 622 Α
2122 556 2241 613 colu

1923 562 2014 615 αὐ·
2049 564 2094 622 Α
2122 556 2417 629 c0|uissct,
2445 564 2656 617 nullum
2702 577 2769 616 ex
2807 576 2874 618 co
2913 562 3151 618 fructum
3177 560 3514 635 percepisse;
3555 565 3706 623 Con-

445 664 540 719 τοῦ
573 662 753 732 πατὴρ
796 658 1173 720 Κωνστάντιος
1202 655 1571 725 ἀποστραφεὶς
1616 654 1715 718 τὰς
1756 654 2023 727 Ἐλλήνων

448 752 765 829 θρησκείας,
810 747 1286 819 εὐδαιμονέστερον
1334 745 1425 799 τὸν
1461 744 1573 815 βίον
1615 745 1896 815 διήγαγεν.
1938 746 2025 798 Ἐν

446 846 669 915 τοιαύτῃ
712 843 892 897 τοίνυν
940 838 1351 912 ἀμφισϐητήσει
1394 837 1736 907 τυγχάνοντι,
1783 836 1875 890 καί
1923 853 2024 890 που

449 940 565 1011 ἃμα
610 939 721 1001 τοῖς
764 931 1126 1003 στρατιώταις
1178 924 1436 995 ὁδεύοντι,
1487 930 1683 1001 συνέϐη
1727 929 2027 1000 θαυμάσιόν

450 1045 502 1080 τι
527 1027 627 1083 καὶ
650 1026 810 1092 λόγου
855 1024 1103 1093 κρεῖττον
1142 1019 1460 1074 θεάσασθαι.
1507 1021 1640 1089 Περὶ
1668 1020 1776 1092 γὰρ
1812 1037 2015 1091 μεσημ-

439 1118 641 1192 ·6ρινὰς
691 1116 841 1187 ἡλίου
872 1114 1040 1186 ὥρας,
1086 1112 1187 1184 ἤδη
1237 1111 1337 1183 τῆς
1372 1113 1581 1184 ἡμέρας
1612 1112 2026 1183 ἀποκλινούσης,

453 1210 589 1266 εἶδεν
624 1210 680 1262 ὲν
709 1206 784 1278 τῷ
823 1204 1036 1277 οὐρανῷ
1074 1204 1264 1259 στύλον
1298 1206 1471 1275 φωτὸς
1514 1205 1852 1277 σταυροειδῆ,
1899 1207 1955 1258 ὲν
1986 1198 2031 1274 ᾧ

454 1303 756 1375 γράμματα
786 1294 853 1369 ἦν
883 1297 1129 1366 λέγοντα·
1181 1301 1281 1352 Ἐν
1324 1300 1507 1363 τούτῳ
1539 1299 1698 1353 νίκα.
1730 1298 1899 1351 Τοῦτο
1927 1315 2030 1367 φα-

456 1389 541 1442 νὲν
573 1386 633 1439 τὸ
677 1386 920 1454 σημεῖον.
968 1384 1059 1435 τύν
1103 1384 1327 1454 βασιλέα
1367 1384 1711 1457 ἐξέπληττεν.
1763 1386 1935 1451 Αὐτός
1970 1404 2031 1439 τε

453 1480 567 1542 τοῖς
610 1475 832 1537 οἰκείοις
867 1473 1053 1544 σχεδὸν
1095 1475 1338 1530 ἀπιστῶν
1367 1476 1686 1548 ὀφθαλμοῖς,
1725 1478 1911 1549 ἠρώτα
1941 1478 2035 1531 καὶ

455 1570 581 1633 τοὺς
611 1567 883 1639 παρόντας
902 1607 916 1631 ,
944 1567 992 1619 εί
1024 1567 1115 1621 καὶ
1153 1568 1306 1620 αὐτοὶ
1343 1567 1440 1639 τῆς
1479 1568 1649 1639 αὐτῆς
1673 1568 2033 1623 ἀπολαύουσιν

457 1660 651 1731 ὅψεως.
697 1659 819 1714 Τῶν
859 1659 915 1714 δὲ
964 1659 1462 1730 συμφωνησάντων,
1512 1658 1884 1729 ἀνερρώννυτο
1938 1660 2035 1731 μὲν

457 1754 486 1805 ὁ
508 1750 759 1822 βασιλεὺς
790 1752 881 1804 ἐπὶ
910 1753 975 1823 τῇ
1008 1749 1127 1822 Θείᾳ
1161 1749 1253 1803 καὶ
1279 1749 1562 1821 θαυμαστῇ
1606 1750 1892 1823 φαντασίᾳ.
1927 1751 2039 1805 Νυ-

454 1841 585 1906 κτὸς
600 1841 656 1895 δὲ
687 1840 1074 1913 ἐπιλαϐούσης,
1103 1842 1242 1895 κατὰ
1274 1842 1398 1904 τοὺς
1427 1839 1626 1905 ὕπνους
1659 1843 1761 1915 ὁρᾷ
1787 1842 1877 1895 τὸν
1906 1843 2038 1915 Χρι-

462 1932 584 1987 στὸν
627 1933 852 2002 λέγοντα
898 1932 1046 2003 αὐτῷ
1098 1933 1499 1989 κατασκευάσαι
1565 1932 1705 1986 κατὰ
1746 1931 1835 1986 τὸν
1869 1933 2038 1987 τύπον

458 2027 553 2079 τοῦ
605 2026 859 2095 ὀφθέντος
902 2025 1149 2097 σημείου,
1200 2025 1293 2078 καὶ
1339 2026 1509 2095 τούτῳ
1553 2024 1693 2079 κατὰ
1733 2024 1840 2078 τῶν
1878 2026 2039 2080 πολε-

464 2112 623 2184 μίων,
669 2114 746 2176 ὡς
791 2112 993 2183 ἑτοίμῳ
1022 2110 1326 2182 κεχρῆσθαι
1375 2111 1641 2183 τροπαίῳ.
1686 2112 1872 2184 Τούτῳ
1919 2132 2041 2167 πει-

460 2204 610 2268 σθεὶς
642 2202 719 2275 τῷ
750 2203 1005 2276 χρησμῷ,
1044 2204 1445 2269 κατασκευάζει
1481 2204 1580 2275 μὲν
1610 2203 1671 2257 τὸ
1703 2204 2041 2274 σταυροειδὲς

461 2297 740 2367 τρόπαιον,
782 2296 810 2349 ὃ
859 2296 1018 2367 μέχρι
1057 2296 1152 2350 νῦν
1199 2299 1312 2361 τοῖς
1357 2295 1648 2366 βασιλείοις
1696 2297 2038 2367 φυλάττεται.

462 2387 569 2440 Σὺν
596 2386 875 2459 προθυμίᾳ
906 2387 962 2439 δὲ
1010 2387 1215 2457 μείζονι
1262 2386 1396 2458 πρὸς
1427 2386 1524 2463 τᾲς
1568 2387 1793 2458 πράξεις
1826 2387 2038 2460 ἐχώρει.

452 2477 765 2548 ΔΣυμϐαλών
794 2495 853 2530 τε
876 2477 1023 2549 αὐτῷ
1055 2477 1159 2550 πρὸ
1181 2479 1278 2549 τῆς
1318 2477 1534 2549 Ῥώμης
1567 2478 1694 2548 περί
1719 2478 1815 2550 τὴν
1846 2480 2044 2532 καλου-

468 2571 635 2641 μένην
674 2570 955 2625 Μουλῦίαν
995 2571 1244 2640 γέφυραν
1274 2571 1437 2640 ’νικᾷ,
1487 2569 1789 2636 Μαξεντίου
1837 2573 1917 2635 είς
1954 2570 2045 2624 τὸν

466 2662 709 2733 ποταμὸν
755 2663 1166 2730 ἀποπνιγέντος.
1216 2656 1324 2715 Ἦν
1370 2662 1426 2714 δὲ
1467 2662 1624 2715 τοῦτο
1659 2662 1885 2733 ἕϐδομον
1929 2664 2046 2726 ἔτος

465 2754 567 2825 τῆς
601 2753 878 2825 βασιλείας
907 2754 1071 2807 αὐτοῦ
1110 2753 1221 2825 (ιὲ)
1254 2752 1413 2825 ἡνίκα
1451 2753 1547 2824 τὴν
1576 2755 1715 2807 κατὰ
1747 2754 2044 2820 Μὰξεντίου

458 2847 639 2917 ’ἤρατο
681 2846 861 2916 νίκην.
916 2846 1072 2899 Μετὰ
1122 2847 1295 2900 ταῦτα
1331 2846 1604 2900 Λικιννίου
1651 2846 1744 2900 τοῦ
1776 2848 2044 2917 συμϐασι-

467 2937 713 3002 λεύοντος
742 2937 919 3007 αὐτῷ,
949 2936 1041 2992 τοῦ
1074 2940 1168 3017 καὶ
1197 2939 1449 3017 γαμϐροῦ
1490 2939 1651 2992 αὐτοῦ
1691 2940 2047 3011 τυγχάνοντος

468 3030 562 3085 ἐπὶ
592 3033 657 3101 τῇ
695 3030 898 3102 ἀδελφῇ
926 3030 1090 3085 αὐτού⁹
1110 3014 1485 3105 ’Κώνσταντίᾳ
1504 3031 1530 3071 (1
1572 3032 1715 3086 κατὰ
1746 3034 1843 3106 τὴν
1878 3034 2049 3105 Ἐῴαν

457 3124 767 3192 (διάγοντος,
796 3124 957 3187 αὐτὸς
983 3123 1297 3187 ἀπολαύσας
1318 3123 1426 3199 τῶν
1463 3119 2049 3203 τηλικούτωνῗεῶργε-

2127 653 2392 707 stantium
2416 668 2547 708 vero
2572 662 2856 722 parentem
2883 669 3066 720 suum,
3094 656 3188 725 qui
3213 671 3244 710 a
3266 656 3579 712 Graecorum
3608 675 3707 713 su-

2128 744 2452 814 perstitione
2493 745 2706 799 alienus
2741 745 2963 813 fuisset,
2989 747 3159 801 vitam
3203 747 3364 817 longe
3406 748 3706 803 feliciorem

2130 836 2455 893 traduxisse.
2484 839 2656 893 Porro
2686 837 2815 892 dum
2842 838 2897 893 in
2927 847 3033 892 tam
3066 838 3292 909 ancipiti
3315 838 3709 893 deliberatione

2128 936 2400 993 versatur,
2454 928 2594 983 forte
2633 929 2707 983 illi
2737 945 2862 984 cum
2900 928 3168 984 militibus
3202 929 3306 983 iter
3346 928 3569 984 facienti
3606 929 3706 984 ad-

2131 1019 2399 1074 mirabilis
2449 1019 2718 1090 quaadam,
2766 1029 2822 1076 et
2884 1037 3004 1092 qua:
3060 1036 3281 1075 omnem
3330 1020 3550 1075 dicendi
3594 1021 3706 1074 vim

2132 1117 2387 1178 superat,
2421 1110 2560 1163 visio
2600 1110 2783 1165 oblata
2826 1118 2927 1166 est.
2978 1110 3138 1166 Horis
3177 1111 3325 1165 enim
3368 1110 3710 1177 meridianis,

2133 1216 2256 1255 cum
2294 1202 2405 1272 jam
2438 1202 2557 1257 dies
2584 1212 2834 1274 vergeret
2872 1204 2928 1257 in
2960 1219 3285 1275 vesperum,
3318 1202 3458 1257 lucis
3500 1203 3712 1257 colum-

2132 1305 2259 1343 nam
2291 1290 2461 1346 instar
2491 1293 2671 1348 crucis
2706 1294 2761 1347 in
2795 1294 2934 1349 coelo
2964 1294 3136 1359 videt,
3160 1294 3249 1349 cui
3273 1293 3532 1363 inscripta
3560 1300 3717 1347 erant

2134 1379 2251 1434 haec
2272 1381 2466 1435 verba:
2507 1382 2571 1437 In
2604 1384 2698 1436 hoc
2743 1384 2906 1437 vince.
2959 1380 3285 1453 llujusmodi
3324 1381 3479 1451 signo
3529 1380 3717 1434 statim

2136 1470 2548 1542 obstupefactus
2574 1481 2657 1528 est
2686 1474 3003 1544 imperator.
3038 1475 3150 1529 Nec
3169 1474 3279 1546 jam
3308 1473 3417 1529 suis
3448 1474 3560 1543 ipse
3585 1489 3719 1527 ocu-

2136 1562 2206 1617 lis
2246 1564 2379 1619 satis
2411 1564 2604 1631 fidens,
2642 1565 2999 1637 interrogavit
3030 1582 3125 1622 eos
3165 1566 3259 1636 qui
3287 1566 3549 1629 aderant,
3589 1581 3719 1618 mnn

2137 1658 2193 1707 et
2234 1652 2336 1723 ipsi
2390 1653 2535 1709 idem
2580 1656 2797 1727 signum
2840 1656 3128 1710 vidissent.
3176 1656 3388 1723 Quibus
3419 1649 3572 1709 idem
3618 1654 3723 1708 sili

2139 1755 2357 1815 quoque
2402 1746 2581 1803 visum
2615 1763 2737 1802 esse
2780 1748 3132 1813 testantibus,
3167 1748 3298 1818 imp.
3335 1746 3557 1817 quidem
3595 1761 3726 1798 con-

2142 1834 2390 1893 firmatus
2438 1848 2522 1895 est
2550 1840 2736 1895 divina
2776 1840 2867 1894 illa
2903 1855 2967 1894 ac
3005 1839 3245 1894 mirabili
3278 1840 3510 1894 visione.
3554 1838 3724 1891 Nocte

2140 1943 2273 1985 vero
2303 1932 2725 2001 superveniente
2761 1930 3041 1986 Christum
3083 1931 3138 1984 in
3178 1931 3386 1984 somnis
3425 1930 3597 1992 vidit,
3635 1930 3725 1999 ju-

2141 2023 2362 2078 bentem
2403 2030 2464 2078 ut
2505 2023 2720 2095 signum
2753 2023 2927 2078 instar
2961 2024 3082 2097 ejus
3119 2022 3266 2093 quod
3312 2022 3527 2076 viderat
3554 2022 3725 2076 fabri-

2142 2122 2383 2181 carctur,
2406 2131 2579 2186 eoque
2610 2121 2870 2185 tanquam
2914 2114 3224 2171 certissimo
3255 2114 3518 2169 adversus
3542 2115 3728 2168 hostes

2145 2216 2351 2279 tropazo
2400 2213 2668 2261 uteretur.
2711 2205 2827 2260 Hoc
2871 2206 3131 2261 inductus
3174 2207 3430 2270 oraculo,
3463 2214 3727 2276 tropaeum

2144 2300 2212 2355 ad
2233 2301 2415 2355 crucis
2442 2299 2860 2353 similitudinem
2888 2298 3134 2354 construi
3157 2299 3332 2370 jubet,
3352 2299 3499 2369 quod
3530 2301 3727 2353 etiam-

2145 2407 2278 2448 num
2335 2398 2586 2445 servatur
2640 2390 2695 2443 in
2756 2389 2980 2460 palatio.
3033 2390 3304 2459 Deinceps
3357 2406 3488 2444 vero
3521 2393 3729 2460 majore

2146 2481 2345 2537 ﬁducia
2373 2482 2542 2536 animi
2571 2480 2738 2535 rebus
2766 2480 2995 2551 agendis
3021 2480 3293 2535 incubuit.
3313 2481 3382 2536 Et
3412 2497 3537 2535 cum
3573 2483 3730 2536 hoste

2147 2590 2501 2647 congressus,
2536 2574 2603 2628 ad
2638 2581 2826 2644 portas
2866 2573 3020 2627 urbis
3069 2575 3257 2628 Romae
3288 2575 3433 2629 circa
3468 2575 3730 2630 Mulvium

2146 2672 2368 2735 pontem
2401 2663 2688 2717 victoriam
2719 2661 2936 2726 retulit,
2969 2662 3221 2716 demerso
3260 2664 3639 2735 exstinctoqne
3676 2665 3731 2719 in

2148 2773 2306 2811 amne
2336 2756 2630 2810 Maxentio.
2659 2754 2938 2825 Septimus
2969 2755 3059 2809 hic
3090 2763 3209 2809 erat
3241 2757 3455 2826 imperii
3485 2758 3603 2828 ejus
3633 2773 3732 2811 an-

2148 2866 2275 2914 nus,
2313 2864 2437 2903 cum
2472 2848 2538 2903 de
2574 2848 2847 2902 Maxentio
2893 2847 3182 2901 victoriam
3236 2848 3555 2917 reportavit.
3606 2849 3733 2903 Post

2149 2941 2267 2996 haec
2322 2954 2445 2994 cum
2494 2938 2740 2993 Licinius
2795 2941 2913 3010 ejus
2954 2942 3190 3010 collega,
3232 2954 3393 3009 quem
3429 2938 3593 2993 etiam
3630 2936 3735 2995 sibi

2150 3046 2414 3105 generum
2456 3029 2759 3102 asciverat,
2804 3018 2926 3085 data
2983 3032 3061 3085 illi
3114 3032 3167 3087 in
3216 3032 3501 3101 conjugem
3549 3046 3736 3087 sorore

2152 3140 2250 3203 sua
2274 3123 2613 3197 Constantia,
2648 3124 2704 3179 in
2746 3120 2971 3178 Oriente
2996 3133 3335 3193 moraretur,
3364 3127 3477 3197 ipse
3510 3133 3588 3180 tot
3617 3133 3734 3177 tan-
3759 3126 3769 3134 ’⁷

472 3213 600 3267 σιῶν
629 3211 721 3267 τοῦ
746 3212 901 3276 Θεοῦ,
935 3214 1261 3285 χαριστήρια
1302 3212 1379 3285 τῷ
1422 3214 1685 3288 εὐεργέτῃ
1719 3202 2045 3287 προσέφερε.
2078 3233 2120 3291 c
2155 3202 2255 3287 tiSq

1952 3233 2045 3286 ιρε.
2078 3233 2120 3291 c
2155 3202 2331 3287 tiSque
2356 3218 2595 3288 acceptis
2634 3234 2665 3272 a
2692 3218 2805 3289 Deo
2833 3215 3137 3282 beneficiis,
3172 3219 3383 3274 auctori
3410 3236 3509 3275 suo
3538 3217 3735 3289 gratias

471 3302 658 3359 Ταῦτα
699 3302 754 3357 δὲ
802 3298 889 3373 ἦν,
943 3303 1150 3355 ἀνεῖναι
1180 3304 1304 3366 τούς
1340 3302 1705 3374 Χριστιανοὺς
1737 3304 1830 3358 τοῦ
1861 3304 2049 3359 διώκε-

474 3400 617 3461 σθαι,
658 3398 751 3452 καὶ
789 3399 913 3461 τοὺς
953 3401 1009 3451 ὲν
1049 3394 1235 3473 ὲξορίᾳη
1275 3396 1436 3471 ὄντας.
1476 3397 1896 3452 ἀνακαλεῖσθαι·
1924 3401 2049 3463 τοὺς

466 3489 526 3543 δὲ
568 3493 627 3544 ὲν
671 3488 1028 3560 δεσμωτηρίῳ
1068 3487 1343 3557 ἀφίεσθαι,
1398 3490 1490 3541 καὶ
1541 3493 1651 3554 τοῖς
1703 3491 2051 3561 δημευθετσιν

472 3582 655 3637 αὐτῶν
699 3581 798 3644 τὰς
841 3581 1027 3644 οὐσίας
1076 3579 1564 3635 ἀποκαθίστασθαι.
1599 3582 1709 3645 Τάς
1759 3600 1815 3636 τε
1850 3584 2050 3654 ἐκκλη-

475 3675 594 3737 σίας
620 3672 885 3745 άνώρθου,
921 3672 1015 3733 καὶ
1037 3672 1213 3727 πάντα
1230 3673 1403 3726 ἐποίει
1436 3673 1530 3725 σὺν
1553 3673 1831 3747 προθυμίᾳ
1860 3677 2047 3750 πολλῇ.

486 3766 575 3820 Ἐν
610 3766 787 3837 τούτῳ
814 3765 872 3818 δὲ
898 3764 993 3819 καὶ
1014 3763 1392 3837 Διοκλητιανὸς
1422 3763 1558 3837 (15),
1590 3766 1617 3817 ὁ
1654 3765 1751 3837 τὴν
1778 3766 2052 3836 βασιλείαν

474 3858 832 3931 ἀποθέμενος,
871 3859 930 3911 ὲν
954 3855 1157 3910 Σαλῶνι
1189 3854 1289 3926 τῆς
1316 3854 1625 3927 Δαλματίας
1651 3856 1924 3918 ἐτελεύτα.
2055 3845 2059 3849 ’

2158 3306 2365 3363 retulit.
2400 3307 2743 3364 Christianos
2786 3308 3057 3379 siquidem
3100 3311 3484 3377 persecutione
3536 3310 3740 3364 libera-

2156 3398 2268 3451 vit:
2300 3400 2515 3455 exsules
2538 3399 2607 3452 ab
2638 3399 2833 3453 exsilio
2874 3399 3185 3452 revocavit:
3219 3401 3536 3454 carceribus
3562 3400 3734 3454 inclu-

2157 3510 2247 3550 sos
2270 3495 2504 3559 dimitti,
2535 3496 2860 3564 proscriptis
2898 3496 3042 3549 bona
3077 3511 3172 3549 sua
3209 3494 3422 3548 restitui
3449 3495 3633 3567 jussit.
3659 3492 3740 3547 Ad

2157 3586 2275 3640 haec
2310 3576 2569 3639 ecclesias
2599 3598 2855 3655 reparare
2886 3600 3172 3655 aggressus
3209 3592 3312 3649 est,
3349 3599 3521 3653 eaque
3545 3593 3742 3638 cuncta

2157 3676 2472 3751 smaxima
2513 3690 2638 3731 cum
2668 3675 2837 3729 animi
2879 3675 3158 3731 alacritate
3208 3675 3395 3744 gessit.
3434 3674 3548 3729 Sub
3596 3676 3740 3732 idem

2161 3778 2377 3840 tempus
2411 3769 2786 3827 Diocletianus
2809 3768 2902 3839 qui
2934 3783 2993 3823 se
3028 3769 3337 3839 principatu
3368 3769 3742 3837 abdicaverat,

2164 3861 2377 3917 Salona:
2404 3878 2525 3932 quae
2557 3861 2752 3917 civitas
2781 3870 2865 3916 est
2906 3861 3205 3927 Dalmatiae,
3249 3876 3279 3917 e
3310 3862 3450 3918 vivis
3486 3865 3741 3922 excessit.

1680 3975 1950 4032 VALESII
1988 3978 2545 4038 ANNOTATIONES.

546 4094 661 4169 (12)
689 4092 988 4169 ’Ἑόἳῗομορ⁹
1018 4090 1154 4169 ἔτος
1176 4089 1286 4169 ςῆς
1308 4089 1654 4169 ,ϐασιλείας
1670 4092 1877 4169 αὐτοῦ.
1902 4093 2053 4169 Con-

546 4107 661 4169 (12)
690 4107 988 4174 ’Ἑσζῑομογ
1018 4107 1154 4155 sror:
1176 4107 1286 4213 Ὧς
1308 4107 1654 4171 βασιλείας.
1672 4107 1877 4146 αυτου.
1906 4107 2053 4175 Con-

474 4167 751 4225 stantinus
770 4170 1059 4219 Victoriam
1084 4160 1154 4215 de
1249 4170 1470 4215 axentio
1490 4160 1685 4217 retulit
1726 4177 1871 4217 anno
1891 4164 2058 4219 Chri-

476 4239 547 4295 sti
570 4238 697 4302 512,
725 4249 850 4290 cum
875 4234 991 4303 ipse
1010 4274 1011 4277 η
1032 4239 1087 4287 et
1110 4230 1357 4284 Licinius
1380 4230 1684 4303 secundum
1706 4234 2057 4303 consulatum

528 4300 749 4364 arerent.
774 4305 874 4359 Hic
897 4300 1015 4358 erat
1041 4316 1217 4355 annus
1240 4310 1424 4355 scittus
1451 4300 1667 4370 imperil
1692 4301 2058 4360 Constantini.

524 4381 610 4436 ius
650 4376 799 4434 enim
843 4374 1059 4429 initium
1085 4372 1370 4436 consurgit
1393 4387 1459 4426 ex
1484 4381 1609 4427 ante
1633 4372 1779 4426 diem
1805 4382 2060 4431 octavum

476 4388 610 4436 E'us
650 4390 799 4434 enim
843 4388 1059 4429 imuum
1085 4388 1289 4426 consur
1330 4388 1370 4425 ιι
1393 4388 1459 4426 ex
1484 4388 1609 4427 ante
1633 4388 1779 4426 mem
1805 4388 2059 4431 octavum

476 4398 595 4506 Klal.
641 4446 1065 4517 Augusti,_anno
1087 4388 1621 4517 Cliristig306.__Q_uod
1658 4443 1703 4497 si
1724 4443 2059 4517 Maxentium

474 4520 684 4575 victum
728 4511 851 4572 ésse
893 4514 1142 4570 dicamus
1187 4519 1381 4567 octavo
1425 4513 1541 4568 Kal.
1585 4511 1862 4581 Octobris,
1906 4523 1968 4571 ut
2000 4517 2058 4573 in

476 4585 656 4646 Fastis
678 4588 834 4660 ponit
854 4584 1120 4660 Onufrius
1155 4589 1210 4637 et
1236 4580 1491 4653 Sigonius
1517 4582 1574 4636 in
1597 4582 1694 4660 lib.
1723 4580 1858 4660 n_De
1896 4586 2057 4660 O_cci_-

476 4654 958 4735 dentali'imperio,
984 4663 1117 4735 tunc
1137 4668 1333 4708 verum
1355 4668 1474 4735 esse
1498 4654 1703 4735 poterit
1806 4656 1953 4735 quod
1979 4657 2057 4712 ait

2159 4096 2250 4153 hic
2272 4097 2376 4152 sibi
2402 4098 2517 4168 ipse
2543 4105 2774 4152 constat.
2822 4096 2958 4151 Nam
3006 4111 3130 4151 cum
3158 4096 3448 4167 imperium
3473 4097 3742 4156 Constan-

2159 4168 2261 4221 tini
2288 4169 2358 4222 ab
2387 4184 2533 4223 anno
2558 4168 2761 4223 Christi
2787 4168 2892 4222 505
2922 4183 3167 4223 exorsus
3189 4170 3279 4232 sit,
3321 4176 3469 4224 recte
3494 4170 3636 4225 hanc
3656 4172 3744 4226 vi-

2162 4240 2389 4293 ctoriam
2414 4240 2584 4294 refert
2602 4255 2746 4294 anno
2768 4238 3014 4309 ejusdem
3038 4239 3255 4308 imperii
3275 4241 3529 4309 septimo.

2238 4309 2350 4381 ('15)
2382 4310 2490 4381 i’Er
2510 4311 2698 4381 τούτῳ
2717 4309 2785 4362 δὲ
2802 4308 2902 4381 καί
2922 4308 3362 4381 Διοκλητίᾳνόςί.
3392 4309 3641 4381 Mortuus
3661 4320 3747 4367 est

2166 4376 2538 4435 Diacletianus
2589 4379 2801 4435 Salonae
2838 4379 2927 4434 die
2974 4379 3139 4435 tertio
3180 4379 3366 4434 Nonas
3401 4380 3745 4449 Decembris,

2165 4463 2309 4505 anno
2330 4449 2537 4506 Christi
2568 4449 2711 4515 316,.
2739 4457 2802 4504 ut
2844 4458 2993 4505 recte
3019 4450 3075 4503 in
3100 4450 3276 4504 Fastis
3299 4450 3493 4504 scribit
3517 4451 3745 4508 Idalius.

2168 4518 2318 4574 Idem
2343 4521 2536 4576 scribit
2558 4530 2751 4576 auctor
2770 4519 3434 4592 ChroniciAlexandrini,
3462 4521 3572 4576 nisi
3599 4522 3746 4592 quod

2163 4604 2265 4658 pro
2288 4592 2627 4663 Diocletiano
2648 4607 2850 4647 nomen
2873 4590 3075 4663 Galerii
3119 4591 3431 4663 Maximiani
3455 4590 3747 4663 perperam

2164 4662 2408 4731 irrepsit.
2458 4662 2611 4717 Idem
2656 4678 2877 4732 quoque
2925 4660 3215 4716 conﬁrmat
3244 4660 3749 4720 Zosimusinlibro

478 4731 753 4805 Socrates,
786 4724 1217 4805 "Constantinum
1261 4724 1496 4805 septimo
1539 4724 1755 4805 iamperii
1799 4724 1884 4781 sui
1908 4742 2059 4783 anno
2088 4724 2129 4780 D
2168 4724 2411 4805 secundo
2434 4724 2706 4805 Historiae,
2750 4724 2845 4787 ubi
2892 4732 3086 4805 scribit
3126 4732 3525 4805 Diocletianum
3572 4734 3752 4791 tribus

476 4801 768 4857 Victoriam
813 4799 883 4853 de
926 4797 1200 4852 Maxentio
1226 4795 1501 4850 retulisse.
1539 4794 1751 4865 Quippe
1775 4811 1953 4852 annus
1976 4814 2065 4854 se—

478 4875 685 4944 ptimus
728 4866 1116 4944 ejus__imp_erii
1156 4872 1400 4935 coeperat
1439 4874 1632 4920 octavo
1676 4867 1765 4921 die
1792 4867 2064 4944 _l_{al._Au-

476 4936 814 5014 'gusti,anno
836 4936 1197 5014 5;!2ITurbat
1220 4950 1306 5014 me
1333 4944 1515 5014 tamen
1552 4952 1662 5014 non
1686 4937 2060 5014 mediocriter,

478 5005 959 5084 quod'Maxentius
981 5022 1131 5084 anno
1167 5007 1201 5061 6
1241 5005 1458 5077 imperii
1478 5007 1572 5084 sui
1596 5018 1853 5084 exeunte,
1878 5010 2062 5084 pridie

518 5099 642 5139 uam
690 5082 984 5152 septimum
1026 5076 1592 5152 ignclioare_t,__occisus
1637 5093 1758 5133 esse
1782 5076 2101 5152 diciturin'

521 5148 811 5218 anegyrico
855 5150 1093 5206 Nazarii.
1132 5148 1296 5217 Atqui
1325 5148 1633 5202 Maxentius
1655 5150 1846 5218 paucis
1870 5150 2068 5207 diebus

478 5234 602 5294 post
626 5219 1054 5294 Constantinum
1094 5220 1366 5294 imperare
1397 5234 1640 5294 exorsus
1684 5219 2065 5294 fuer_at._Quod

480 5289 524 5349 si
545 5304 737 5350 octavo
763 5294 878 5348 Kal.
904 5290 1159 5346 Octobris
1196 5305 1369 5344 caesus
1390 5289 1513 5351 fuit,
1538 5291 1852 5345 necessario
1879 5291 2067 5347 dicen-

480 5366 612 5420 dum
635 5374 720 5421 est
741 5380 867 5419 eum
891 5360 1264 5433 septimo‘Kal.
1290 5359 1543 5433 Octobris
1560 5376 1788 5431 regnare
1809 5363 2060 5432 cmpisse.

481 5439 658 5506 Atque
724 5436 797 5490 ita
864 5430 1259 5506 Constantinus
1320 5430 1537 5506 duobus
1597 5430 2065 5506 mensibus—ante

480 5502 814 5562 Maxentium
860 5506 927 5560 ad
952 5503 1243 5575 imperium
1276 5502 1634 5575 pervenisset.
1661 5502 2063 5575 Quodiquidem

482 5577 664 5633 minus
704 5576 990 5649 probabile
1030 5572 1171 5629 inihi
1215 5573 1451 5628 videtur.
1492 5572 1765 5629 Caeterum
1812 5572 2065 5632 Sbcrates

2164 4804 2325 4857 annis
2367 4812 2491 4873 post
2537 4803 2758 4859 tertium
2785 4803 3131 4858 consulatum
3153 4802 3501 4858 Constantini
3529 4812 3581 4859 et
3609 4805 3753 4861 Lici-

2164 4873 2265 4939 nii,
2313 4882 2546 4929 mortem
2578 4874 2801 4929 obiisse.
2832 4875 3125 4943 Postquam
3149 4873 3296 4927 enim
3322 4873 3480 4939 dixit,
3505 4890 3536 4929 a
3561 4874 3749 4931 (31ιὶ1οο

2104 4991 2115 5002 .
2165 4944 2253 5015 nis
2297 4953 2358 5015 et
2397 4943 2625 5001 Libonis
2656 4945 2979 5015 consulatu,
3005 4960 3116 5015 quo
3142 4944 3433 5015 smeulares
3456 4944 3573 5002 ludi
3605 4948 3750 4999 celo-

2166 5014 2311 5068 brati
2338 5014 2578 5080 fuerant,
2604 5014 2672 5068 ad
2700 5016 2926 5069 tertium
2951 5014 3297 5069 consulatum
3321 5014 3671 5069 Constantini
3697 5025 3754 5071 et

2168 5084 2388 5151 Licinii,
2413 5085 2603 5141 decem
2648 5100 2818 5154 supra
2859 5093 3081 5140 centum
3127 5099 3302 5139 annos
3345 5084 3591 5151 ﬂuxisse,
3622 5088 3756 5140 suh-

2170 5156 2386 5227 iungit:
2413 5156 2792 5225 Διοκλητιανὺς
2820 5155 2941 5227 ,μὲν
2984 5154 3214 5227 τελευτᾷ
3262 5157 3442 5227 τρισὶν
3484 5159 3752 5227 ἐνιαυτοῖς

2205 5209 2393 5297 στξρον
2427 5209 2612 5298 :quod
2637 5209 3156 5298 veris'sii‘numiest.~
3180 5209 3251 5298 Ᾱι
3271 5209 3558 5298 Jbsephus
3574 5209 3749 5282 Scali:

2202 5313 2263 5351 er
2286 5296 2345 5352 in
2369 5296 2957 5353 Animadversionibus
2997 5296 3346 5360 Eusebianis,
3374 5296 3521 5351 hunc
3547 5297 3749 5351 Zosimi

2165 5313 2347 5423 Focum
2372 5369 2512 5423 male
2537 5369 2768 5423 accenit.
2794 5369 2952 5423 quasi
2979 5367 3191 5421 diceret
3238 5367 3487 5423 Zosimus
3533 5368 3749 5422 Diocle-

2184 5367 2347 5431 Ocum
2372 5369 2512 5423 male
2537 5369 2768 5438 accepit,
2794 5369 2952 5438 quasi
2979 5367 3191 5421 diceret
3238 5367 3487 5423 Zosimus
3533 5368 3749 5422 Diocle-

2166 5439 2375 5494 tianum
2401 5439 2640 5495 triennio
2663 5448 2786 5509 post
2808 5439 3212 5493 abdicationem
3239 5438 3477 5508 imperii,
3505 5454 3602 5495 seu
3629 5447 3753 5509 post

2168 5524 2383 5566 nonum
2402 5509 2579 5583 ipsius
2598 5510 2969 5574 consulatum,
2995 5509 3193 5565 e-vivis
3218 5509 3440 5564 abiisse.

1932 5686 2295 5745 VARIORUM
2305 5729 2316 5742 .

551 5804 580 5881 ξι
612 5803 751 5881 ᾼΤαῦ
786 5803 884 5881 zeal
918 5801 1188 5881 χαμᾷροῦ
1217 5799 1402 5881 αὑτοῦ
1420 5801 1826 5881 τυγχάνοντος
1854 5799 1953 5856 ἐπὶ
1984 5799 2059 5869 τῆ
2159 5800 2329 5880 junxa

1984 5799 2059 5869 τῆ
2159 5782 2447 5881 ἀυηωςέαε,
2486 5808 2592 5855 etc.
2632 5798 2709 5853 Ita
2741 5813 2929 5881 vocem
2965 5798 3233 5881 γαμβρός,
3248 5797 3478 5881 exponit
3501 5795 3752 5881 Sch'oliaa

484 5873 718 5945 ἀδελφῇ
763 5871 947 5929 αὑτοῦ
1012 5871 1419 5937 Κωνσταντίᾳ,
1479 5871 2059 5945 νοτιθηιιιιηι,ίᾳιιετη

485 5943 644 6001 etiam
684 5947 779 6003 sibi
827 5946 1031 6019 afﬁnem
1075 5946 1351 6012 acciverat,
1400 5945 1483 6001 vel
1529 5944 1782 6014 afﬁnitate
1821 5944 1916 6000 sibi
1963 5943 2060 5998 ad-

2168 5868 2280 5926 Stes
2314 5870 2369 5924 in
2403 5870 2736 5941 Homerum:
2770 5868 3055 5941 Γαμόρός,
3084 5868 3282 5941 inquit,
3318 5868 3565 5941 καλεῖται
3594 5870 3622 5920 ὁ
3656 5869 3753 5936 γή-

2174 5958 2299 6013 μας,
2340 5941 2444 5995 ὑπὸ
2472 5940 2581 5996 τῶν
2612 5941 2823 5995 οἰκείων
2853 5937 2961 6015 ’τῆς
2997 5937 3358 6013 γαμηθείσης.
3407 5939 3491 5995 W.
3533 5937 3751 5995 Lowru.
