4514 6578
861 425 929 478 39
2316 411 2650 469 SOCRATIS
4053 418 4118 472 10

1497 539 1646 593 CAP.
1706 536 1790 592 111.

754 665 763 672 -
865 632 1133 698 Quomodo
1175 631 1301 684 dum
1338 629 1716 686 Constantinus
1758 646 1840 682 res
1872 627 2296 682 Christianorum
2321 646 2438 682 am-

931 702 1214 771 plificaret,
1242 701 1469 755 Licinius
1515 702 1628 770 ejus
1673 699 1872 770 collega
1897 699 2102 752 eosdem
2141 709 2438 768 persecutus

929 773 1021 826 sit.
2299 818 2302 822 .

935 863 1004 917 Et
1040 861 1434 917 Constantinus
1464 860 1686 931 quidem
1721 860 1850 929 imp.
1881 858 2085 914 Christi
2121 857 2438 928 religionem

865 951 1168 1021 amplexus,
1192 958 1389 1005 cuncta
1415 950 1609 1020 agebat
1643 956 1900 1018 tanquam
1925 946 2271 1002 Christianus
2296 965 2308 999 :
2345 963 2439 1002 cc-

866 1043 1066 1098 clesias
1120 1051 1489 1105 construens,
1537 1056 1740 1111 easque
1804 1039 2112 1111 magniﬁcis
2165 1055 2441 1094 exornans

867 1135 1143 1190 donariis:
1176 1134 1468 1205 gentilium
1500 1140 1685 1186 autem
1721 1132 1922 1201 templa
1958 1130 2220 1185 claudens
2255 1145 2322 1184 ac
2351 1129 2436 1184 di-

867 1244 1055 1293 rucns,
1078 1236 1135 1283 et
1155 1235 1365 1282 statuas
1403 1227 1459 1280 in
1489 1226 1595 1279 illis
1621 1225 1828 1294 positas
1857 1224 2162 1294 publicans.
2197 1223 2441 1278 Licinius

864 1339 998 1377 vero
1037 1322 1158 1392 ejus
1205 1320 1434 1389 collega,
1465 1317 1748 1388 gentilium
1786 1316 2071 1371 erroribus
2109 1315 2438 1386 implicatus,

863 1412 1058 1466 oderat
1083 1408 1445 1465 Christianos.
1478 1407 1546 1461 Et
1564 1407 1742 1476 palam
1765 1404 1986 1476 quidem
2004 1406 2442 1475 persecutionem

864 1503 1129 1558 adversus
1153 1517 1248 1556 cos
1273 1501 1552 1556 concitare
1580 1499 1807 1553 minime
1832 1497 2091 1564 audebat,
2118 1505 2267 1552 metu
2287 1497 2440 1568 prin-

866 1595 1005 1664 cipis
1031 1593 1398 1650 Constantini.
1426 1592 1610 1646 Multis
1631 1599 1812 1644 tamen
1839 1591 2052 1644 occulte
2080 1590 2328 1644 struebat
2353 1589 2440 1643 in-

866 1689 1053 1743 sidias.
1103 1686 1346 1740 Tandem
1389 1698 1522 1737 vero
1580 1697 1676 1735 eos
1718 1688 1909 1750 aperto
1964 1688 2138 1734 marte
2184 1680 2441 1750 persequi

865 1793 1152 1850 aggressus
1174 1786 1276 1832 est.
1309 1777 1486 1845 Atque
1512 1774 1630 1836 haec
1661 1774 1882 1843 quidem
1912 1773 2223 1843 persecutio
2251 1773 2444 1828 localis

865 1869 987 1923 fuit.
1011 1870 1070 1923 In
1096 1869 1163 1923 iis
1199 1868 1347 1923 enim
1373 1864 1911 1934 duntaxatpartibus
1930 1871 2172 1935 grassata
2199 1871 2284 1919 est
2321 1880 2443 1935 qua:

865 1962 972 2016 sub
1024 1961 1235 2016 ditione
1276 1967 1437 2014 erant
1485 1957 1705 2012 Licinii.
1754 1957 1879 2011 llaec
1916 1964 1973 2011 et
2012 1957 2282 2027 ejusmodi
2335 1957 2444 2012 alia

866 2055 1152 2128 tyrannice
1175 2067 1373 2123 gerens
1405 2050 1673 2112 Licinius,
1698 2048 2118 2104 Constantinum
2155 2049 2443 2120 haudqua-

864 2161 1030 2216 quam
1060 2145 1236 2198 latuit.
1260 2142 1433 2209 Quem
1464 2157 1590 2196 eum
1616 2141 1822 2195 idcirco
1847 2139 2166 2210 gravissime
2197 2155 2443 2195 commo-

867 2246 982 2291 tum
1017 2252 1136 2292 esse
1163 2235 1510 2306 intelligeret,
1535 2248 1767 2304 purgare
1806 2247 1865 2287 se
1895 2231 2040 2301 apud
2081 2231 2232 2286 illum
2279 2231 2442 2287 insti-

867 2329 992 2382 tuit.
1027 2328 1098 2382 Et
1117 2326 1336 2381 blandis
1369 2323 1841 2380 assentationibus
1872 2339 2000 2376 eum
2034 2323 2337 2389 deliuiens,
2370 2324 2451 2379 si-

866 2421 1087 2475 mulata:
1118 2417 1375 2472 amicitiae
1403 2433 1529 2472 cum
1564 2431 1632 2470 eo
1666 2414 1844 2469 foedus
1881 2415 2107 2485 pepigit,
2149 2415 2450 2471 identidem

863 2515 1056 2586 jurans
1098 2528 1157 2568 se
1192 2510 1330 2566 nihil
1359 2525 1601 2580 unquam
1639 2507 1922 2580 tyrannice
1966 2508 2307 2562 moliturum.
2343 2508 2451 2564 Sed

863 2605 1195 2682 juramentis
1231 2604 1587 2676 conjunctum
1632 2611 1754 2657 erat
1791 2601 2117 2673 perjurium.
2158 2602 2449 2672 Nunquam

864 2701 1016 2756 enim
1054 2714 1160 2754 nec
1189 2713 1220 2752 a
1249 2694 1552 2768 tyrannicis
1587 2694 1856 2749 adversus
1887 2693 2309 2749 Constantinum
2332 2709 2452 2748 ma-

867 2789 1311 2852 chinationibus,
1353 2802 1458 2841 nec
1495 2802 1526 2840 a
1575 2784 1960 2854 persecutione
2010 2784 2452 2840 Christianorum

867 2881 1153 2938 abstinuit.
1175 2878 1388 2949 Quippe
1417 2877 1536 2948 lege
1569 2877 1678 2930 lata
1701 2916 1716 2940 ,
1755 2876 2043 2946 episcopos
2075 2875 2144 2930 ad
2167 2876 2452 2946 gentilium

866 2973 1013 3028 :edes
1039 2970 1217 3027 vetuit
1239 2967 1526 3033 accedere,
1554 2982 1623 3021 ne
1651 2965 1865 3020 scilicet
1895 2964 2336 3020 Christianorum
2361 2981 2452 3020 re-

868 3064 1002 3135 ligio
1024 3061 1339 3133 huiusmodi
1373 3060 1603 3114 obtentu
1622 3065 2039 3130 propagaretur.
2074 3054 2315 3127 Eratque
2339 3057 2454 3112 haec

3160 530 3412 584 ΚΕΦΛΛ.
3448 527 3486 580 Γ
3508 567 3520 580 .

2547 621 2680 688 Πῶς
2729 622 3190 675 Κωνσταντίνου
3256 620 3329 674 τὰ
3383 621 3754 689 Χριστιανῶν
3803 622 4117 688 αὔξοντος,

2592 691 2920 812 Magnis-Hoc
2965 696 2997 744 ό
3039 693 3505 762 συμϐασιλεύων
3529 692 3690 757 αὐτῷ
3728 692 4121 761 Χριστιανοὺς

2617 777 2648 812 ε
2690 779 2886 812 ιωκεν.

2617 777 2886 816 εοιωκεν.

2630 853 2789 906 Ἀλλὰ
2818 855 3220 919 Κωνσταντῖνος
3275 858 3372 924 μὲν
3415 857 3444 909 ό
3477 853 3728 925 βασιλεὺς
3756 855 3825 907 τὰ
3856 855 3949 908 τοῦ
3984 855 4120 924 Χρι-

2549 946 2673 998 στοῦ
2719 947 2951 1018 φρονῶν,
2995 949 3171 1003 πάντα
3218 948 3293 1013 ὼς
3335 947 3658 1020 Χριστιανὸς
3701 947 3990 1019 ἔπραττεν,
4029 947 4122 1000 ἀν-

2545 1035 2774 1108 εγείρων
2815 1037 2916 1101 τὰς
2952 1038 3266 1106 ἐκκλησίας,
3307 1040 3401 1092 καὶ
3428 1039 3741 1092 πολυτελέσι
3787 1036 3963 1107 τιμῶν
3988 1038 4121 1089 ἁνα-

2547 1127 2785 1199 θήμασιν
2806 1147 2821 1159 ’
2847 1130 2928 1183 ἔτι
2955 1131 3012 1184 δὲ
3039 1132 3278 1195 καὶτοὺς
3319 1131 3584 1202 Ἑλλήνων
3613 1131 3773 1194 ναοὺς
3808 1129 4000 1182 κλείων
4029 1127 4125 1180 καὶ

2545 1218 2845 1290 καθαιρῶν,
2888 1215 2982 1273 καὶ
3009 1221 3345 1291 δημοσιεύων
3376 1223 3444 1275 τὰ
3474 1223 3532 1275 ἐν
3576 1221 3760 1284 αὐτοῖς
3803 1218 4118 1288 ἀγάλματα.

2545 1311 2816 1375 Λικίννιος
2859 1312 2916 1365 δὲ
2959 1313 2988 1364 ό
3030 1313 3443 1384 συμϐασιλεύων
3486 1313 3656 1385 αύτῷ,
3702 1313 3799 1377 τὰς
3836 1309 4122 1382 ἐλληνικᾶς

2547 1400 2686 1472 ἔχων
2725 1403 2900 1468 δόξας,
2953 1404 3134 1474 ἐμίσει
3178 1404 3553 1477 Χριστιανούς.
3587 1405 3695 1458 Καὶ
3736 1403 3975 1473 διωγμὸν
4023 1403 4124 1472 μὲν

2547 1497 2821 1567 προφανῆ,
2852 1496 3002 1567 φόϐῳ
3037 1497 3131 1550 τοῦ
3168 1497 3434 1567 βασιλέως
3472 1496 3904 1557 Κωνσταντίνου,
3953 1495 4125 1547 κινεῖν

2548 1587 2928 1646 ὑπεστέλλετο.
2980 1590 3293 1662 Λεληθότως
3354 1590 3410 1643 δέ
3460 1590 3687 1654 πολλοὺς
3741 1589 4122 1658 ἐσκευωρεῖτο.

2547 1681 2760 1752 Προϊὼν
2784 1683 2861 1749 δὲ,
2886 1683 2982 1736 καὶ
3021 1684 3269 1754 φανερῶς
3298 1683 3497 1745 αὐτοὺς
3541 1681 3798 1753 βλάπτειν
3827 1678 4121 1750 ἐπεχείρει.

2548 1775 2657 1827 Καὶ
2701 1775 2809 1847 γὰρ
2855 1769 3007 1839 οὗτος
3059 1779 3088 1830 ὁ
3119 1777 3357 1846 διωγμὸς
3407 1775 3649 1839 τοπικός.
3686 1773 3854 1827 Ἔνθα
3906 1773 4015 1844 γὰρ
4055 1768 4126 1842 ἦν

2548 1864 2840 1932 Λικίννιος,
2876 1866 2993 1920 ἐκεῖ
3021 1867 3179 1938 μόνον
3206 1867 3438 1935 ἐγένετο.
3479 1867 3630 1920 Ἐπεὶ
3660 1865 3717 1918 δὲ
3749 1864 3922 1918 ταῦτά
3945 1876 4004 1916 τε
4030 1862 4124 1916 καὶ
4163 1938 4166 1939 ν

2549 1953 2712 2010 ἄλλα⁶
2747 1959 3085 2030 τυραννικῶς
3150 1961 3338 2025 ποιῶν,
3401 1958 3654 2029 οὐδαμῶς
3718 1957 4126 2010 Κωνσταντῖνον

2549 2048 2860 2103 ἐλάνθανεν.
2894 2051 3076 2119 Ἔγνω
3102 2068 3159 2104 τε
3190 2051 3286 2105 ἐπὶ
3312 2049 3522 2114 τούτοις
3544 2049 3959 2120 χαλεπαίνοντα,
3989 2046 4125 2116 πρὸς

2549 2141 2848 2210 ἀπολογίαν
2881 2143 3160 2214 ἐτρέπετο.
3197 2143 3306 2196 Καὶ
3335 2141 3653 2214 θεραπεύων
3677 2141 3860 2206 αὐτὸν,
3883 2138 4125 2210 πλαστὴν

2550 2234 2730 2304 φιλίαν
2764 2234 3072 2298 ἐσπένδετο,
3106 2235 3334 2299 πολλοὺς
3376 2236 3571 2307 ὅρκους
3603 2235 3793 2305 ὀμνὺς,
3831 2233 3994 2305 μηδὲν
4027 2249 4125 2284 τυ-

2552 2325 2805 2396 ραννικὸν
2865 2327 3155 2397 φρονήσειν
3218 2325 3380 2380 ποτέ·
3441 2325 3561 2397 ἅμα
3627 2343 3688 2379 τε
3768 2325 3960 2396 ὀμνὺς.
4029 2324 4125 2377 καὶ

2548 2416 2842 2487 ἐπιορκῶν.
2875 2417 2950 2469 Ού
2975 2417 3083 2488 γὰρ
3117 2416 3424 2487 μετετίθετο
3456 2416 3550 2470 τοῦ
3601 2418 3817 2488 φρονεῖν
3853 2432 3912 2468 τε
3938 2413 4008 2468 τὰ
4034 2432 4127 2467 τυ-

2555 2507 2805 2579 ραννικὰ.
2825 2507 2921 2561 καὶ
2947 2508 3090 2561 κατὰ
3111 2509 3451 2580 Χριστιανῶν
3473 2512 3642 2562 κινεῖν
3668 2509 3928 2579 διωγμόν.
3957 2507 4127 2578 Νόμῳ

2549 2602 2658 2672 γὰρ
2691 2600 2962 2663 ἐκέλευσε,
2989 2601 3116 2664 τοὺς
3147 2603 3475 2666 ἐπισκόπους
3510 2602 3584 2672 μὴ
3616 2603 3805 2672 φοιτᾷν
3834 2601 3964 2672 παρ’
4000 2600 4129 2653 Ἔλ-

2551 2692 2726 2763 λησιν,
2761 2692 2836 2756 ὡς
2863 2693 2929 2748 ἂν
2955 2693 3029 2764 μὴ
3056 2692 3171 2763 ἔχοι
3200 2694 3471 2762 πρόφασιν
3500 2693 3759 2758 αὔξεσθαι
3785 2695 3853 2748 τὰ
3869 2696 4128 2766 Χριστια-

2552 2775 2678 2835 νῶν.
2707 2776 2815 2834 Ἦν
2842 2781 2899 2834 δὲ
2943 2784 2971 2834 ὁ
2997 2782 3234 2854 διωγμὸς
3269 2783 3665 2855 θρυλλούμενος
3714 2785 3773 2837 ἐν
3808 2786 3988 2857 ταύτῷ
4034 2787 4128 2839 καὶ

2554 2873 2880 2946 ἀπόρρητος.
2930 2875 3258 2945 Ἐκρύπτετό
3301 2893 3365 2928 τε
3409 2875 3485 2946 τῷ
3532 2876 3692 2946 λόγῳ,
3746 2876 3840 2930 καὶ
3873 2875 4019 2948 ἔργῳ
4059 2872 4128 2947 ἦν

2556 2965 2807 3036 φανερός.
2879 2965 3178 3035 Ἀνήκεστα
3234 2964 3340 3036 γὰρ
3365 2965 3412 3018 ot
3466 2965 3807 3037 διωκόμενοι,
3853 2965 3932 3030 εἷς
3966 2982 4026 3019 τε
4065 2965 4128 3018 τὸ

2558 3054 2737 3127 σῶμα,
2764 3057 2857 3109 καί
2882 3058 2962 3120 εἰς
2985 3055 3053 3109 τὰ
3082 3057 3338 3128 χρήματα
3369 3058 3623 3128 ἔπασχον.

869 3156 1180 3229 persecutio
1205 3160 1393 3223 aperta
1420 3151 1582 3205 simul
1607 3158 1663 3206 et
1688 3149 1921 3206 occulta.
1952 3148 2089 3202 Nam
2111 3148 2298 3202 verbis
2321 3147 2544 3217 quidem
2587 3147 3040 3204 dissimulabatur
3068 3169 3081 3202 :
3130 3151 3310 3221 reipsa
3343 3167 3473 3208 vero
3506 3160 3627 3206 erat
3664 3150 4123 3207 manifestissima.

871 3247 912 3300 li
935 3246 1084 3301 enim
1112 3245 1208 3314 qui
1238 3239 1612 3313 persecutioni
1651 3238 2029 3310 subjacebant,
2070 3235 2439 3292 intolerabilia
2479 3239 2621 3293 mala
2659 3246 2774 3294 tum
2808 3241 2864 3295 in
2897 3241 3080 3308 bonis,
3113 3251 3230 3298 tum
3266 3244 3323 3300 in
3359 3245 3682 3316 corporibus
3715 3245 3830 3300 suis
3850 3247 4127 3316 perpetie-

871 3338 1092 3392 bantur.

1522 3435 1673 3490 CAP.
1736 3435 1824 3491 IV.

945 3521 1191 3590 Qualiter
1226 3525 1368 3579 inter
1409 3525 1818 3582 Constanzinum
1873 3537 1921 3581 et
1963 3525 2222 3580 Licinium
2258 3523 2452 3577 bellum

1183 3605 1398 3667 propter
1423 3595 1750 3652 Christianos
1777 3607 2018 3651 exortum
2047 3606 2144 3650 est.

945 3686 1055 3742 llas
1082 3686 1154 3741 ob
1184 3702 1401 3755 causas,
1424 3688 1819 3745 Constantinus
1850 3690 1981 3760 imp.
2017 3688 2282 3744 adversus
2304 3686 2452 3741 Lici-

873 3777 1026 3832 nium
1075 3779 1398 3849 gravissima
1460 3781 1834 3852 indignatione
1885 3780 2120 3836 exarsit:
2181 3786 2454 3849 ruptoque

874 3869 1144 3925 simulatae
1171 3871 1424 3926 amicitia:
1463 3871 1692 3937 foedere,
1727 3873 1914 3926 hostes
1953 3871 2058 3926 sibi
2090 3879 2282 3925 mutuo
2325 3868 2454 3923 facti

874 3969 1023 4017 sunt.
1049 3962 1161 4016 Nec
1185 3962 1346 4033 longo
1367 3971 1490 4033 post
1510 3971 1756 4034 tempore
1779 3963 1923 4018 bello
1946 3978 2004 4017 se
2029 3963 2264 4016 invicem
2286 3976 2454 4031 appe-

877 4053 1108 4108 tierunt.
1146 4053 1439 4124 Multisque
1463 4055 1666 4124 praeliis
1691 4063 1838 4109 terra
1877 4053 2125 4122 marique
2163 4051 2454 4114 consertis,

879 4144 1102 4199 tandem
1149 4143 1218 4198 ad
1245 4143 1626 4215 Chrysopolim
1653 4144 1920 4215 Bithyniae
1939 4185 1952 4208 ,
1978 4143 2126 4214 quod
2159 4142 2353 4197 navale
2372 4150 2458 4197 est

878 4236 1430 4303 Chalcedonensium,
1455 4237 1705 4293 devictus
1727 4236 1994 4300 Licinius,
2014 4235 2376 4290 Constantino
2400 4252 2457 4292 se

881 4325 1111 4381 dedidit.
1143 4326 1314 4380 Porro
1350 4325 1746 4381 Constantinus
1795 4333 2015 4395 captum
2059 4324 2315 4378 tractavit
2351 4324 2459 4380 hu-

880 4418 1231 4474 manissime:
1261 4433 1364 4474 nec
1395 4419 1506 4473 ullo
1537 4417 1795 4473 aﬁ‘ectum
1837 4416 2107 4487 supplicio
2127 4457 2141 4480 ,
2163 4416 2459 4471 Thessalo-

883 4511 1020 4565 nicae
1047 4511 1234 4580 quiete
1283 4517 1340 4564 et
1376 4517 1568 4580 pacate
1613 4509 1671 4579 9
1713 4509 1910 4580 degere
1943 4507 2219 4578 praecepit.
2260 4508 2331 4562 At
2369 4508 2460 4562 ille

881 4616 1008 4658 cum
1049 4599 1448 4668 aliquantisper
1481 4598 1806 4668 quievisset,
1838 4598 2084 4653 collectis
2117 4604 2306 4668 postea
2333 4600 2458 4668 qui-

882 4691 1114 4748 busdam
1135 4688 1410 4752 barbaris,
1436 4688 1646 4743 cladem
1685 4703 1838 4743 suam
1873 4687 2140 4742 resarcire
2169 4703 2234 4742 ac
2256 4688 2458 4742 bellum

3173 3433 3427 3486 ΚΕΦΛΛ.
3457 3435 3529 3487 Δ’.

2555 3526 2684 3578 Ὀτι
2707 3526 2962 3594 πόλεμος
2981 3525 3208 3593 μεταξὺ
3227 3529 3685 3581 Κωνσταντίνου
3703 3529 3799 3582 καί
3826 3532 4129 3585 Λικιννίου

2940 3596 3040 3649 διὰ
3063 3597 3456 3664 Χριστιανοὺς
3480 3597 3739 3666 ἐγένετο.

2637 3687 2731 3740 Ἐκ
2751 3687 2809 3740 δὲ
2837 3689 3050 3753 τούτου,
3078 3689 3215 3758 πρὸς
3245 3689 3540 3759 ἀπέχθειαν
3568 3692 3832 3762 μεγίστην
3852 3692 3944 3746 τὸν
3977 3693 4129 3764 βασι-

2553 3779 2652 3833 λέα
2678 3781 3085 3833 Κωνσταντῖνον
3114 3779 3383 3850 ἐκίνησεν.
3413 3777 3593 3835 'Hoa’w
3619 3800 3679 3835 τε
3724 3783 3990 3855 πολέμιοι,
4021 3787 4130 3839 δια-

2555 3868 2816 3942 κοπείσης
2867 3871 3050 3933 αὐτοῖς
3099 3870 3199 3941 τῆς
3260 3869 3594 3924 ἐπιπλάστου
3645 3873 3842 3941 φιλίας.
3897 3876 4010 3928 Ούκ
4051 3878 4130 3938 είς

2559 3963 2777 4032 μακράν
2815 3979 2875 4014 τε
2927 3964 3007 4026 εἰς
3061 3961 3121 4014 τὸ
3173 3961 3430 4031 πολεμεῖν
3481 3962 3742 4034 ἀλλήλους
3789 3967 4126 4038 ἐτράπησαν.

2557 4056 2668 4109 Καὶ
2703 4053 2911 4108 πολλῶν
2942 4053 3247 4124 γενομένων
3291 4054 3577 4123 συμϐολῶν
3603 4058 3696 4109 καὶ
3731 4057 3872 4110 κατὰ
3904 4059 4005 4129 γῆν
4034 4060 4129 4113 καὶ

2557 4146 2700 4200 κατὰ
2724 4146 3010 4211 θάλατταν,
3041 4145 3194 4209 τέλος
3213 4145 3347 4218 πρὸς
3368 4148 3704 4218 Χρυσόπολιν
3725 4149 3826 4218 τῆς
3855 4150 4124 4216 Βιθυνίας,

2558 4234 2792 4288 ἐπίνειον
2834 4233 2890 4286 δὲ
2936 4232 3090 4287 τοῦτο
3139 4234 3237 4306 τῆς
3278 4235 3618 4306 Χαλκηδόνος
3670 4239 3836 4301 ἐστὶν,
3877 4241 4130 4311 ἡττηθεὶς

2559 4325 2816 4390 ἐξέδωκεν
2840 4325 3048 4379 ἑαυτόν.
3079 4325 3265 4380 Ζῶντα
3284 4322 3376 4380 οὖν
3397 4326 3672 4382 συλλαϐὼν
3697 4329 4128 4401 φιλανθρωπεύε-

2558 4433 2684 4471 ται⁹
2720 4417 2815 4470 καὶ
2843 4416 3042 4470 κτείνει
3092 4417 3190 4488 μὲν
3231 4418 3502 4489 οὐδαμῶς,
3544 4422 3711 4474 οἰκεῖν
3757 4422 3815 4474 δὲ
3855 4424 3956 4497 τὴν
3990 4425 4125 4478 Θεττ-

2562 4509 2847 4580 σαλονίκην
2872 4508 3202 4579 προσέταξεν
3224 4510 3581 4580 ἡσυχάζοντα.
3620 4511 3682 4568 Ὀ
3701 4513 3758 4567 δὲ
3784 4515 3919 4586 πρὸς
3949 4516 4126 4585 ὀλίγον

2559 4599 2861 4670 ἡσυχάσας.
2920 4597 3146 4669 ὕστερον
3213 4599 3518 4671 βαρϐάρους
3575 4603 3728 4667 τινὰς
3783 4607 4124 4675 συναγαγὼν,

2561 4687 3007 4759 ἀναμαχέσασθαι
3040 4687 3137 4760 τὴν
3172 4684 3342 4761 ἧτταν
3381 4691 3729 4758 ἐσπούδαζεν.
3759 4695 3928 4749 Τοῦτο
3970 4699 4129 4764 γνοὺς

884 4799 1140 4855 reparare
1177 4790 1407 4837 conatus
1430 4790 1532 4837 est.
1566 4781 1685 4848 Quo
1727 4789 2028 4850 comperto,
2064 4779 2457 4836 Constantinus
2490 4776 2532 4830 1)
2559 4783 2588 4835 ὁ
2623 4780 2667 4851 βε

2342 4781 2457 4836 inus
2490 4776 2532 4830 1)
2559 4783 2588 4835 ὀ
2623 4780 2892 4851 βασιλεὺς,
2944 4781 3296 4852 ἀναιρεθῆναι
3344 4783 3506 4836 αὐτὸν
3547 4785 3866 4856 προσέταξε.
3896 4788 4005 4841 Καὶ
4032 4807 4125 4842 κε-

884 4893 1009 4931 eum
1043 4874 1231 4930 necari
1267 4874 1585 4928 mandavit:
1625 4874 1854 4943 ejusque
1881 4874 2036 4943 jussu
2083 4872 2330 4928 Licinius
2371 4879 2457 4926 est

885 4965 1118 5019 occisus.
1142 4965 1222 5019 lta
1243 4963 1636 5018 Constantinus
1661 4963 1827 5017 totius
1847 4963 1998 5017 orbis
2025 4962 2254 5017 Romani
2281 4963 2454 5034 impe-

887 5057 1029 5110 rium
1066 5056 1317 5126 adeptus,
1343 5064 1399 5110 et
1437 5056 1566 5126 imp.
1610 5064 1772 5125 atque
1811 5056 2088 5125 Augustus
2129 5059 2454 5127 appellatus,

888 5147 1069 5202 denuo
1100 5148 1167 5201 ad
1193 5162 1282 5200 res
1306 5145 1745 5201 Christianorum
1781 5145 2187 5214 ampliﬁcandae
2215 5149 2458 5202 studium

889 5256 1050 5294 suum
1093 5239 1345 5293 contulit.
1387 5237 1543 5304 Quod
1588 5238 1810 5307 quidem
1847 5237 2016 5293 variis
2041 5239 2220 5294 modis
2257 5240 2327 5294 ab
2366 5239 2461 5293 illo

892 5340 976 5386 est
997 5331 1296 5401 pnestitum
1319 5350 1331 5384 :
1354 5331 1491 5385 adeo
1517 5338 1578 5383 ut
1606 5331 1724 5400 ejus
1741 5346 1907 5401 opera
1923 5345 2010 5385 res
2025 5329 2462 5385 Christianorum

2563 4873 2849 4936 λεύσαντος
2875 4871 3037 4926 αὐτοῦ
3060 4873 3318 4944 ἀνῃρέθη.
3347 4874 3751 4941 Κωνσταντῖνος
3777 4878 3956 4933 τοίνυν
3995 4881 4129 4935 πάν-

2562 4983 2669 5018 των
2689 4964 2974 5034 γενόμενος
2993 4963 3282 5036 ἐγκρατὴς,
3301 4965 3657 5037 αὐτοκράτωρ
3671 4985 3728 5021 τε
3748 4969 4000 5039 βασιλεὺς
4013 4973 4128 5044 (14)

2563 5054 2913 5125 ἀναδειχθεὶς,
2941 5054 3008 5109 τὰ
3033 5055 3371 5125 Χριστιανῶν
3392 5053 3548 5121 αὖθις
3571 5058 3754 5124 αύξειν
3779 5061 4124 5127 ἐσπούδαζεν.

2577 5147 2779 5199 Ἐποίει
2807 5164 2867 5199 τε
2895 5145 3051 5200 τοῦτο
3085 5146 3352 5218 διαφόρως
3377 5163 3392 5178 ο
3425 5149 3519 5202 καὶ
3546 5145 3613 5221 ἦν
3642 5153 3700 5203 ἐν
3725 5152 3914 5226 βαθείᾳ
3939 5157 4129 5228 εἰρήνῃ

2565 5237 2633 5290 τὰ
2673 5235 2764 5289 τοῦ
2805 5235 3233 5307 Χριστιανισμοῦ
3283 5237 3351 5290 δι’
3383 5238 3564 5292 αὐτόν.
3617 5241 3777 5295 Ἀλλὰ
3811 5243 3874 5312 δὴ
3902 5245 4001 5314 τὴν
4028 5263 4127 5313 τη-

2566 5328 2828 5399 λικαύτην
2853 5329 3075 5399 εἰρήνην
3108 5328 3366 5398 ἐμφύλιος
3385 5329 3494 5383 τῶν
3524 5332 3867 5401 Χριστιανῶν
3896 5336 4128 5405 πόλεμος

2087 5466 2172 5520 VA
2183 5464 2359 5521 LESll
2397 5464 2950 5521 ANNOTATIONES.

967 5583 1078 5655 (14)
1105 5583 1489 5654 Αὐτοκράτωρ
1531 5583 1628 5638 καί
1655 5584 1971 5648 βασιλεύς.
1998 5583 2056 5636 In
2083 5583 2270 5638 codice
2294 5583 2465 5655 Regio

2570 5583 2900 5662 phorsonus,
2927 5597 3132 5662 regem.
3178 5581 3385 5662 Alludit
3409 5583 3872 5662 autem_Socrates_
3895 5583 3963 5638 ad
3989 5584 4129 5662 mili-

896 5663 954 5710 et
981 5653 1315 5709 'Fl0renlino
1359 5656 1514 5709 deest
1556 5655 1826 5724 particula
1866 5656 1976 5718 καὶ,
2003 5669 2165 5722 quam
2190 5654 2466 5723 supplevit
2568 5662 2682 5706 tum
2728 5653 3166 5716 acclamationes,
3206 5654 3299 5721 qui
3342 5661 3465 5722 post
3511 5654 3779 5724 insignem
3820 5655 4126 5717 victoriam,

896 5724 1440 5796 Christophorsonus.
1487 5724 1616 5778 Mihi
1665 5739 1776 5796 non
1817 5724 2108 5796 admodum
2151 5724 2462 5796 necessaria

896 5793 1134 5851 videtur.
1159 5796 1313 5861 Quod
1341 5796 1386 5849 si
1424 5811 1544 5851 eam
1576 5795 1812 5848 retinere
1837 5795 2192 5859 voluerimus,
2219 5804 2332 5848 tum
2361 5793 2460 5862 βα-

904 5864 1080 5929 σιλεὺς
1103 5866 1402 5936 Augustum
1427 5864 1770 5937 signiﬁcabit,
1798 5881 1905 5919 non
1944 5874 2002 5918 ut
2024 5865 2188 5918 vertit
2209 5864 2457 5920 Christo-

2607 5724 3059 5792 riucipeanuum
3103 5724 3490 5795 imperatorem
3524 5733 3579 5778 et
3609 5724 3907 5795 Augustum
3940 5725 4126 5794 appel-

2584 5808 2677 5848 are
2701 5801 3115 5848 consueverant.
3143 5793 3288 5847 Idem
3315 5794 3585 5862 faciebant
3609 5793 3775 5860 cives,
3812 5810 3935 5850 cum
3977 5793 4126 5865 prin—

2563 5877 2689 5932 ceps
2712 5865 2885 5918 victor
2913 5865 2965 5917 in
3007 5865 3197 5917 urbem
3223 5865 3493 5918 introiret.
