4514 6578
401 448 462 501 ιι
1388 444 1713 502 HISTORIA
1754 433 2313 502 ECCLESIASTICA.
2354 479 2421 488 —-
2463 448 2589 501 LIB.
2633 450 2671 502 I.
3590 447 3661 501 42

402 563 716 632 διαδέχιται.
751 560 846 621 Τίς
866 559 920 612 δὲ
949 554 1017 629 ἦν
1047 552 1218 623 οὗτος,
1249 560 1340 613 καὶ
1380 561 1527 625 ὅπως
1561 561 1718 616 ἔλαϐε
1745 563 1844 634 τὴν
1875 563 1974 633 άρ-
2005 571 2049 626 Α
2082 560 2136 616 ill
2161 577 2185 617 s

1876 563 1974 633 ἁρ-
2005 571 2049 626 Α
2082 560 2136 616 in
2161 577 2374 619 summa
2399 579 2531 634 pace
2569 579 2631 617 ac
2662 562 2957 618 securitate
2984 570 3187 618 essent.
3220 563 3422 619 Verum
3468 562 3659 634 hujus;

404 656 523 727 χὴν,
550 653 623 714 ὡς
648 645 759 703 οἷόν
786 667 841 702 τε
874 650 1224 719 διηγήσομαι.

2080 652 2228 706 modi
2270 668 2457 722 pacem
2515 652 2835 707 intestinum
2884 652 3028 706 inter
3069 650 3410 707 Christianos
3457 651 3661 706 bellum

403 746 663 800 continuo
684 741 916 810 excepit.
947 740 1233 806 Quodnam
1272 755 1403 794 vero
1426 741 1591 796 fuerit
1616 744 1719 798 hoc
1749 743 1978 807 bellum,
2019 750 2073 795 ct
2122 744 2266 798 unde
2311 743 2529 796 initium
2567 743 2842 811 acceperit
2865 783 2878 807 ,
2918 742 3176 813 deinceps
3203 760 3302 814 pro
3334 744 3544 799 viribus
3563 758 3663 798 ex-

403 851 622 908 ponam.

1015 930 1267 983 ΚΕΦΛΛ.
1303 928 1374 982 Ε’.

403 1022 539 1090 Περὶ
576 1019 685 1087 τῆς
731 1017 951 1088 Ἀρείου
983 1020 1133 1086 πρὸς
1175 1018 1575 1087 Ἀλέξανδρον
1607 1020 1713 1074 τόν
1742 1020 1978 1073 ἐπίσκο-

930 1105 1048 1141 πον
1078 1090 1467 1156 φιλονεικίας.

473 1180 625 1235 Μετὰ
647 1180 851 1250 Πέτρον
881 1192 903 1217 ε
934 1180 1025 1231 τὸν
1069 1180 1360 1249 γενόμενον
1394 1182 1692 1235 ἐπίσκοπον
1737 1181 1977 1248 Ἀλεξαν-

402 1274 603 1345 δρείας,
629 1272 719 1325 τὸν
746 1274 838 1325 καὶ
864 1273 955 1325 ἐπὶ
978 1272 1359 1341 Διοκλητιανοῦ
1390 1276 1833 1345 μαρτυρήσαντα,
1864 1277 1981 1330 δια-

403 1361 614 1431 δέχεται
638 1361 735 1432 τὴν
769 1361 1074 1431 ἐπισκοπὴν
1113 1363 1359 1432 ’Λχιλλᾶς
1381 1380 1395 1393 ·
1427 1365 1563 1433 μετὰ
1596 1363 1652 1415 δὲ
1709 1364 1978 1435 Ἀχιλλᾶν,

418 1452 758 1522 Ἀλέξανδρος
809 1453 902 1503 ἐπὶ
935 1451 1033 1521 τῆς

404 1544 719 1613 ἀδεέστερον
756 1544 978 1610 διάγων,
1010 1544 1108 1613 τὴν
1153 1545 1477 1613 Ἐκκλησίαν
1512 1547 1853 1615 συνεκρότευ
1891 1549 1983 1600 καί

404 1650 535 1685 ποτε
572 1635 851 1704 παρόντων
878 1634 984 1686 τῶν
1015 1636 1105 1685 ὑπ’
1144 1636 1293 1704 αὑτῴ
1332 1636 1718 1708 πρεσϐυτέρων
1743 1638 1838 1690 καὶ
1870 1638 1978 1690 τῶν

403 1723 603 1776 λοιπῶν
657 1723 954 1793 κληρικῶν,
1009 1724 1418 1795 (μλοτιμότερον
1476 1727 1605 1796 περὶ
1667 1728 1766 1797 τῆς
1819 1728 1979 1794 ἁγίας

402 1816 650 1885 Τριάδος,
681 1816 740 1868 ἐν
772 1816 962 1885 Τριάδι
991 1816 1194 1884 μονάδα
1246 1812 1383 1870 εἶναι
1416 1818 1743 1887 φιλοσοφῶν,
1778 1819 1987 1872 ὲθεολό-

402 1924 509 1973 γει.
547 1907 811 1976 Ἀρειοςῐ
872 1907 929 1959 δέ
975 1925 1058 1968 τις
1109 1907 1477 1981 πρεσϐύτερος
1530 1911 1641 1962 τῶν
1697 1910 1787 1962 ὑπ’
1838 1910 1988 1980 αὐτῷ

401 1998 766 2066 ταττομένων,
812 1997 951 2066 ἀνὴρ
983 1997 1083 2048 οὐκ
1126 1998 1352 2066 ἄμοιρος
1392 1999 1489 2068 τῆς
1517 1999 1861 2069 διαλεκτικῆς
1902 2000 1985 2054 λέ-

1084 1454 1551 1524 μνημονευοεξσης
1582 1456 1807 1525 εἰρήνης
1827 1472 1840 1485 ·
1892 1458 1983 1509 καὶ

2732 928 2882 983 CAP.
2924 930 2986 983 ν.

2241 1019 2313 1072 De
2359 1020 2472 1073 Arii
2519 1020 2763 1073 adversus
2814 1021 3180 1074 Alexandrum
3226 1023 3523 1091 episcopum

2700 1093 3047 1145 contentione.

2153 1184 2283 1237 Post
2320 1183 2538 1237 Petrum
2578 1181 2959 1237 Alexandrina:
3003 1182 3158 1236 urbis
3181 1182 3519 1252 episcopum,
3544 1172 3662 1251 qui.

2082 1274 2423 1329 Diocletiano
2435 1281 2715 1343 regnante,
2731 1273 3048 1343 martyrium
3060 1272 3479 1333 consummavit,
3492 1272 3665 1327 Achil-

2090 1367 2174 1420 las
2206 1365 2584 1435 pontiﬁcatum
2611 1365 2731 1434 ejus
2754 1364 2858 1418 loci
2877 1363 3134 1433 suscepit.
3154 1363 3295 1418 Huic
3321 1364 3517 1418 deinde
3543 1378 3667 1418 suc-'

2090 1454 2259 1508 cessit
2291 1453 2617 1516 Alexander,
2646 1452 2861 1507 reddita
2883 1454 2994 1522 jam
3013 1452 3340 1507 Christianis
3355 1469 3488 1522 pace
3505 1457 3668 1523 quam

2094 1558 2263 1612 supra
2289 1544 2858 1598 commemoravimus.
2886 1543 2985 1596 llic
3007 1558 3139 1612 ergo
3165 1544 3414 1597 securius
3442 1543 3667 1614 degens,

2088 1633 2387 1687 Eeclcsiam
2435 1649 2589 1688 suam
2642 1634 3001 1703 gubernabat.
3066 1634 3230 1688 Forte
3267 1635 3504 1703 quodam
3553 1634 3667 1699 die,

2088 1726 2452 1795 praesentibus
2512 1726 2628 1779 suis
2691 1727 3029 1796 presbyteris
3086 1742 3195 1780 una
3263 1742 3389 1781 cum
3456 1726 3671 1796 reliquo

2085 1815 2255 1878 clero,
2302 1815 2373 1869 de
2421 1823 2787 1869 sacrosancta:
2834 1814 3124 1868 Trinitatis
3183 1814 3444 1884 mysterio
3499 1815 3674 1869 ambis

2086 1903 2284 1956 tiosius
2301 1902 2608 1971 disputans,
2626 1902 2681 1955 in
2705 1902 2973 1956 Triuitate
2997 1910 3118 1957 esse
3137 1903 3369 1958 docebat
3390 1903 3669 1959 unionem.-

2084 1995 2248 2047 Arius
2304 2004 2437 2047 vero
2487 2008 2629 2047 unus
2683 2008 2714 2047 e
2780 2009 3011 2047 numero
3076 1994 3523 2065 presbyterorum
3576 1997 3674 2065 qui

404 2090 558 2156 σχης,
614 2086 857 2155 οἰόμενος
914 2087 974 2138 τὸ
1032 2087 1319 2140 Σαϐελλίου
1369 2088 1461 2140 τοῦ
1512 2089 1709 2152 Λίϐυος
1755 2090 1981 2160 δόγμαε
2016 2109 2055 2161 Β
2085 2085 2181 2137 Alc

1890 2110 1930 2143 ,α
1956 2092 1981 2132 ε
2016 2109 2055 2161 Β
2085 2084 2395 2137 Alexandro
2448 2082 2733 2152 parebant,
2792 2082 2878 2134 vir
2919 2082 3054 2135 artis
3098 2081 3399 2135 dialecticae
3447 2080 3673 2136 minime

404 2178 738 2245 εἰσηγεῖσθαι
773 2179 861 2229 τδν
890 2177 1207 2243 ἐπίσκοπον,
1242 2180 1306 2231 ὲκ
1338 2179 1666 2246 φιλονεικίας
1701 2182 1843 2234 κατὰ
1872 2182 1984 2235 διά-

405 2285 601 2337 μετρον
639 2268 717 2329 εἰς
765 2267 824 2318 τὸ
868 2268 1109 2320 ἐναντίον
1158 2270 1254 2337 τῆς
1292 2269 1386 2321 τοῦ
1442 2270 1641 2335 Λίϐυος
1681 2272 1837 2341 δόξης
1882 2274 1986 2326 ὰπ-

403 2361 604 2420 έκλινε,
636 2359 728 2411 καὶ
750 2358 823 2421 ὡς
862 2358 1061 2422 ἐδόκει,
1112 2360 1327 2431 γοργῶς
1370 2363 1726 2433 ὑπαπήντησε
1758 2364 1893 2433 πρὸς
1921 2363 1988 2416 τὰ

406 2451 559 2517 παρὰ
586 2450 678 2501 τοῦ
728 2449 1025 2502 ἐπισκόπου
1068 2450 1324 2520 λεχθέντα
1351 2468 1364 2482 ⁸
1396 2455 1485 2505 καί
1520 2471 1705 2522 φησιν,
1734 2455 1796 2507 Εἰ
1826 2457 1854 2506 ό
1882 2457 1990 2507 Πα-

404 2543 507 2612 τὴρ
537 2543 791 2609 ἐγέννησε
821 2541 911 2594 τὸν
943 2543 1089 2605 Υἱὸν,
1131 2544 1306 2613 ἀρχὴν
1340 2544 1627 2614 ὑπάρξεως
1655 2545 1767 2613 ἔχει
1812 2547 1841 2596 ὀ
1865 2562 1987 2612 γεν-

406 2631 620 2701 νηθείς·
667 2632 764 2684 καὶ
814 2634 878 2683 ἐκ
912 2631 1101 2684 τούτου
1149 2632 1326 2702 δῆλον,
1371 2635 1453 2687 ὅτι
1492 2630 1559 2704 ἦν
1603 2637 1691 2687 ὅτε
1730 2636 1829 2688 οὐκ
1856 2632 1923 2705 ἦν
1960 2638 1989 2687 ὁ

408 2722 533 2785 Υἱός
623 2721 910 2775 ἀκολουθεῖ
938 2738 999 2773 τε
1028 2722 1086 2787 ἐξ
1129 2722 1395 2793 ἀνάγκης,
1435 2725 1493 2789 ἐξ
1524 2726 1621 2776 οὐκ
1653 2725 1820 2778 ὄντων
1848 2725 1991 2794 ἔχειν

410 2813 570 2866 αὑτὸν
605 2811 703 2880 τὴν
744 2810 1063 2864 ὑπόστασιν.

1011 2987 1261 3041 ΚΕΦΑΛ.
1292 2992 1380 3056 (τ’.

422 3100 517 3165 Ὠς
546 3100 613 3153 ἐκ
644 3098 753 3166 τῆς
787 3099 1160 3168 φιλονεικίας
1190 3098 1387 3166 ἀρχὴν
1412 3096 1754 3165 διαιρέσεως
1780 3102 1819 3167 ἡ
1867 3100 1991 3152 Ἐκ-

482 3171 708 3237 minoia
758 3170 970 3222 ἔλαϐε·
1036 3171 1133 3219 καὶ
1183 3168 1263 3231 ὡς
1318 3168 1706 3236 Ἀλέξανδρος
1754 3171 1786 3219 ὁ
1841 3170 1993 3237 Ἀλετ

487 3234 793 3325 ξαιέδρείας
857 3237 1135 3293 καθεῖλεν
1189 3238 1425 3305 Ἀρειον
1494 3234 1609 3291 καὶ*
1668 3238 1808 3303 τοὺς
1855 3234 1986 3305 περὶ

491 3325 686 3362 auter.

483 3400 667 3452 Ταῦτα
688 3400 764 3470 τῷ
785 3402 1142 3470 καινοπρεπεῖ
1160 3399 1301 3469 λόγῳ
1324 3399 1792 3470 συλλογισάμενος,
1829 3401 1994 3470 άναρ-
2023 3451 2063 3470 η

415 3492 617 3564 ῥιπίζει
647 3492 772 3554 τοὺς
805 3491 1031 3554 πολλοὺς
1073 3491 1207 3562 πρὸς
1246 3492 1304 3543 τὸ
1348 3492 1587 3563 ζήτημα.
1622 3494 1731 3545 Καὶ
1759 3491 1995 3546 ἀνάπτεο

413 3601 499 3637 ται
541 3584 647 3636 ἀπὸ
694 3582 929 3653 σμικροῦ
966 3582 1259 3653 σπινθῆρος
1311 3583 1452 3653 μέγα
1484 3583 1617 3654 πῦρ.
1664 3583 1995 3655 Ἀρξάμενόν

413 3694 470 3727 τε
531 3676 586 3727 τὸ
637 3674 804 3727 κακὸν
863 3674 972 3726 ἀπὸ
1025 3674 1125 3744 τῆς
1191 3674 1582 3745 Ἀλεξανδρέων
1645 3674 1992 3745 Ἐκκλησίας,

414 3768 653 3837 διέτρεχε
684 3766 782 3836 τὴν
812 3765 1108 3836 σύμπασαν
1129 3765 1401 3833 Αἴγυπτόν
1428 3782 1488 3817 τε
1518 3766 1614 3818 καὶ
1644 3766 1874 3837 Λιϐύην,
1904 3770 1999 3819 καὶ

416 3856 513 3927 τὴν
545 3857 655 3908 άνω
681 3856 958 3925 Θηϐαΐδαο
1002 3856 1103 3925 ἤδη
1130 3855 1186 3907 δὲ
1220 3856 1315 3908 καὶ
1354 3856 1451 3918 τὰς
1482 3856 1674 3919 λοιπὰς
1702 3857 2001 3927 ἐπενέμετο

419 3946 684 4015 ἐπαρχίας
712 3962 769 3997 τε
801 3946 893 3999 καὶ
933 3947 1137 4008 πόλεις.
1168 3945 1638 4015 Συνελαμϐάνοντο
1675 3948 1741 4016 τῇ
1784 3947 1996 4017 Ἀρείου

417 4038 543 4108 δόξῃ
572 4038 753 4090 πολλοὶ
786 4039 882 4107 μὲν
909 4038 1002 4090 καὶ
1030 4038 1200 4101 ἄλλοι,
1226 4038 1459 4107 μάλιστα
1488 4038 1544 4090 δὲ
1574 4039 1830 4101 Εὐσέϐιος
1852 4040 1877 4079 ιι
1903 4040 1998 4092 αὐ-

414 4128 516 4191 τῑπς
562 4129 838 4197 ἀντείχετο
863 4170 876 4192 ,
930 4129 1027 4198 οὐχ
1069 4130 1096 4179 ό
1133 4129 1445 4198 Καισαρεὺς
1469 4170 1484 4195 ,
1537 4127 1649 4181 ἀλλ’
1675 4130 1702 4179 ὁ
1733 4129 1998 4199 πρότερον

2088 2172 2330 2240 ignarus,
2390 2179 2545 2224 ratus
2594 2171 2910 2239 episcopum
2973 2169 3193 2223 Sabellii
3253 2168 3441 2239 Libyci
3479 2169 3675 2238 dogma

2089 2263 2373 2323 inducere,
2396 2261 2463 2315 ad
2488 2261 2801 2331 opinionem
2855 2276 2975 2329 quae
3009 2275 3133 2314 cum
3160 2259 3383 2316 Sabellii
3420 2260 3675 2330 dogmate

2088 2368 2155 2407 ex
2173 2353 2403 2407 adverso
2417 2361 2641 2422 pugnat,
2662 2351 3033 2406 contentionis
3048 2352 3231 2406 studio
3243 2351 3484 2416 deﬂexit,
3500 2351 3676 2419 iisque

2091 2462 2211 2515 quae
2244 2446 2313 2499 ab
2344 2445 2602 2513 episcopo
2626 2444 2776 2497 dicta
2805 2443 3043 2506 fuerant,
3069 2444 3341 2506 acerbius,
3375 2452 3437 2497 ut
3456 2443 3678 2497 videba-

2094 2543 2202 2598 tur,
2231 2533 2495 2595 oceurrit,
2535 2534 2609 2585 ita
2633 2533 2951 2601 disputans:
2979 2533 3033 2587 Si
3060 2533 3219 2586 I’ater
3242 2532 3433 2602 genuit
3456 2532 3676 2594 Filium,

2091 2624 2390 2679 exsistcndi
2416 2623 2633 2677 initium
2664 2624 2830 2676 habet
2855 2623 2901 2677 is
2932 2624 3025 2693 qui
3064 2623 3283 2693 genitus
3318 2630 3420 2677 est.
3462 2623 3538 2676 Ex
3571 2638 3680 2690 quo

2094 2714 2379 2768 manifeste
2411 2713 2604 2783 liquet,
2644 2713 2812 2767 fuisse
2846 2714 3142 2782 aliquando
3172 2723 3389 2783 tempus
3416 2730 3540 2767 cum
3570 2729 3679 2766 non

2093 2814 2239 2859 esset
2272 2804 2469 2858 Filius:
2528 2813 2584 2857 et
2620 2804 2933 2859 necessario
2967 2804 3278 2869 conﬁcitur,
3316 2805 3571 2859 eumdem
3612 2820 3680 2858 ex

2096 2897 2271 2950 nihilo
2293 2896 2611 2950 subsistere.

2658 3010 2762 3079 ιο
2796 3009 2947 3064 CAP.
2992 3000 3075 3063 vi.

2099 3099 2370 3163 Quomodo
2405 3115 2468 3153 ea:
2505 3101 2833 3153 contentione
2866 3110 3039 3153 ortum
3068 3110 3143 3153 est
3177 3101 3233 3153 in
3272 3100 3507 3154 Ecclesia
3532 3089 3683 3154 (lissi:

2168 3172 2313 3222 (lium
2331 3188 2347 3233 ;
2366 3179 2414 3222 et
2428 3170 2688 3239 quomodo
2725 3169 3028 3241 Alexander
3048 3169 3390 3224 Alexandria?
3409 3172 3680 3241 episcopus

2167 3242 2354 3295 Arium
2378 3248 2764 3310 sectatoresque
2787 3241 2901 3309 ejus
2936 3239 3191 3309 deposuit.

2172 3389 2296 3444 Ilaec
2316 3392 2405 3446 ille
2422 3391 2578 3444 novis
2593 3398 2757 3459 atque
2782 3389 3044 3445 inauditis
3060 3392 3458 3447 assertionibus
3470 3408 3593 3448 eum
3609 3392 3685 3447 ita

2099 3483 2482 3547 conclusisset,
2510 3483 2713 3536 multos
2744 3481 2813 3535 ad
2836 3497 2958 3536 eam
3005 3482 3364 3552 quaestionem
3402 3486 3679 3539 excitavit:

2064 3608 2068 3617 ι
2097 3576 2274 3643 Atque
2309 3590 2378 3628 ex
2413 3574 2626 3627 modica
2656 3572 2893 3628 scintilla
2931 3589 3186 3644 magnum
3228 3574 3414 3629 subito
3470 3574 3685 3630 exstitit

2097 3666 2434 3720 incendium.
2471 3665 2667 3720 Ortum
2703 3666 2907 3736 quippe
2944 3666 3011 3720 ab
3046 3667 3415 3721 Alexandrina
3442 3668 3687 3723 Ecclesia

2098 3759 2300 3812 malum
2354 3774 2451 3827 per
2493 3756 2804 3811 universam
2842 3757 3135 3828 [Egyptum
3169 3770 3227 3813 et
3254 3759 3479 3829 Libyam
3511 3775 3573 3813 ac
3597 3775 3688 3813 su;

2102 3855 2377 3925 pcriorem
2416 3852 2753 3907 Thebaidem
2806 3854 3079 3921 pervasit:
3124 3852 3342 3905 tandem
3388 3867 3517 3905 vero
3562 3852 3690 3907 relis

2105 3961 2242 4015 quas
2282 3945 2591 4014 provincias
2633 3960 2697 3998 ac
2738 3944 2991 3999 civitates
3031 3944 3319 4014 depastum
3365 3952 3469 3999 est.
3513 3944 3687 3999 Porro

2105 4038 2351 4106 opinioni
2384 4036 2496 4090 Arii
2536 4038 2849 4106 complures
2896 4036 3119 4106 quidem
3155 4037 3247 4090 alii
3276 4024 3689 4092 favebant:sed

2109 4145 2219 4199 pne
2268 4130 2484 4184 cmteris
2509 4145 2628 4183 eam
2669 4130 2923 4185 tuebatur
2970 4129 3271 4193 Eusebius,
3297 4144 3407 4183 non
3442 4129 3532 4183 ille
3563 4129 3689 4197 qui—-

1592 4284 1947 4340 VARIORUM
1989 4284 2537 4341 ANNOTATIONES.

493 4413 517 4435 ⁸³
542 4401 701 4453 Μετὰ
741 4396 1006 4479 "crpore.
1024 4396 1327 4477 S..Petrus,
1352 4396 1643 4479 episcopus
1671 4398 1997 4479 Alexandri—

420 4486 543 4530 nus,
569 4483 712 4523 anno
737 4474 1137 4537 persecutionis
1162 4481 1306 4537 nono
1331 4474 1651 4537 martyrium
1676 4474 1827 4530 fecit,
1858 4476 1999 4524 teste

421 4539 657 4595 Eusebio
710 4538 765 4590 in
805 4536 910 4589 line
938 4536 1064 4589 libri
1108 4551 1203 4598 vii,
1252 4536 1486 4604 ideoque
1530 4536 1663 4590 illud
1689 4538 1757 4591 ad
1795 4555 1998 4592 annum

2106 4399 2246 4453 buit.
2298 4398 2464 4468 (Guil.
2494 4399 2707 4455 Caveus
2750 4400 2818 4455 ad
2862 4416 2991 4468 ann.
3038 4399 3188 4468 515.)
3239 4399 3687 4455 Famosissimum

2107 4469 2257 4541 hunc
2280 4465 2708 4524 liacresiarchum
2753 4470 2834 4525 sic
2869 4465 3118 4541 depingit
3140 4465 3478 4541 Epiphanius
3507 4488 3519 4523 :
3548 4470 3688 4536 Fuit,

2108 4540 2311 4609 inquit,
2364 4542 2661 4611 proceriore
2709 4540 3218 4611 statura,demisso
3258 4540 3429 4603 vultu,
3478 4544 3694 4611 totaque

418 4610 620 4663 Christi
647 4608 743 4679 Sl‘l
773 4605 1139 4679 revocandum
1161 4586 1265 4669 est,
1293 4586 1547 4679 diemque
1569 4607 1901 4679 Novembris
1911 4608 1997 4679 25.
2038 4586 2084 4643 Ῑ)
2109 4586 2341 4679 corporis
2364 4586 2804 4679 Eon/iguratione,
2850 4586 3056 4664 subdoli
3100 4612 3357 4679 serpentis
3406 4586 3693 4676 instar,'ad

422 4681 567 4745 (Ant.
590 4677 740 4745 Pagi,
763 4675 830 4728 ad
851 4691 980 4729 ann.
1002 4675 1258 4748 3l0,eap.
1286 4678 1339 4737 4,
1357 4686 1413 4729 et
1435 4692 1562 4748 ann.
1589 4678 1713 4739 5H,
1739 4677 2000 4748 cap.20.)

421 4750 477 4803 S.
520 4748 760 4802 Achillas
784 4761 927 4799 anno
950 4754 1161 4799 tantum
1210 4746 1314 4798 512
1358 4748 1413 4799 in
1456 4747 1633 4799 locum
1661 4748 1780 4815 ejus
1805 4746 2002 4801 subro-

421 4826 599 4888 gatus,
626 4817 909 4888 mensibus
932 4823 1142 4888 tantum
1163 4817 1413 4888 quinque
1439 4817 1597 4888 sedit.
1620 4817 1759 4888 IIuic
1786 4832 2004 4888 succes-

422 4886 494 4943 sit
517 4887 845 4946 Alexander,
892 4887 1049 4954 cujus
1096 4887 1314 4939 initium
1338 4887 1609 4941 Eusebius
1636 4887 1689 4940 in
1716 4886 1997 4941 Chronico

422 4958 488 5012 ad
514 4973 717 5011 annum
740 4956 845 5009 515
870 4957 1122 5010 collocat.
1164 4956 1311 5009 Idem
1335 4957 1468 5010 ibid.

524 5028 537 5065 ί
576 5030 825 5093 Ἄρειος.
852 5025 1015 5080 Arius
1054 5035 1214 5095 gente
1253 5034 1374 5080 erat
1411 5026 1562 5087 Libs,
1587 5027 1724 5090 sive,
1750 5033 1812 5080 ut
1839 5028 2005 5083 habet

423 5096 673 5155 Pliotius.
701 5104 827 5149 ortu
854 5096 1273 5159 Alexandrinus,
1300 5097 1573 5151 Ammonii
1600 5098 1763 5150 Illius.
1793 5098 2002 5153 Proba-

425 5168 530 5221 bile
578 5175 663 5221 est
705 5167 858 5219 illum
901 5181 969 5219 ex
1013 5166 1239 5219 Luciani
1286 5167 1614 5221 Antiocheni
1660 5168 1845 5221 schola
1871 5184 2003 5222 nro-

422 5238 619 5301 diisse;
646 5236 850 5290 diserte
876 5237 1021 5290 enim
1050 5236 1347 5290 Eusebium
1370 5236 1843 5291 Nicomediensem
1869 5236 2005 5293 Con-

424 5308 760 5361 lucianistant
810 5306 1067 5375 appellat.
1120 5305 1254 5360 Orto
1321 5308 1611 5361 Melctiano
1660 5306 1956 5362 schismate
1986 5350 1999 5372 ,

426 5379 665 5447 primum
710 5386 897 5447 partes
939 5377 1139 5430 Meletii
1193 5378 1482 5442 tuebatur;
1530 5393 1640 5446 quo
1681 5376 1879 5431 deinde
1903 5378 1999 5431 de-

424 5446 592 5510 serto,
618 5447 684 5500 ad
710 5446 931 5517 Petrum
955 5446 1296 5501 Alexandria:
1320 5447 1638 5517 episcopum
1665 5462 1722 5501 se
1745 5447 2000 5511 contulit,

425 5519 494 5571 ab
516 5534 582 5571 eo
627 5518 681 5570 in
721 5516 1080 5570 diaconorum
1130 5532 1419 5571 numerum
1452 5522 1679 5579 ascitus,
1705 5525 1761 5572 et
1791 5517 1863 5571 ob
1890 5526 2005 5571 tur-

425 5588 710 5642 bulentum
754 5587 1030 5656 ingenium
1076 5589 1276 5641 iterum
1313 5588 1540 5657 ejectus.
1591 5589 1720 5642 Post
1766 5597 2000 5642 mortem

425 5657 574 5711 Petri
596 5657 971 5728 penitentiam
1016 5658 1312 5721 simulavit,
1340 5666 1396 5713 et
1417 5659 1485 5711 ab
1512 5659 1721 5712 Achilla
1742 5659 2002 5727 episcopo

426 5729 639 5782 veniam
685 5735 960 5798 precatus,
1006 5728 1074 5780 ab
1120 5744 1188 5782 eo
1231 5729 1298 5781 ad
1324 5730 1627 5799 presbyteri
1677 5728 1999 5799 dignitatem

428 5806 711 5865 promotus
750 5805 869 5861 est;
917 5812 1191 5865 unamque
1228 5812 1291 5851 ex
1316 5798 1562 5853 ecclesiis
1587 5798 1995 5861 Alexandrinis,

428 5882 549 5934 quae
591 5866 836 5921 Baucalis
861 5867 1167 5933 dicebatur,
1215 5883 1360 5922 cura:
1386 5885 1499 5923 sua:
1521 5870 1867 5925 commissam
1892 5869 1994 5923 ba-

754 5966 1025 6027 ΡΑτεοι.
1066 5968 1175 6027 Gn.
1237 5968 1487 6029 LXI’Il.

2107 4679 2347 4747 fraudem
2396 4689 2443 4733 et
2490 4680 2781 4751 fallaciam,
2809 4682 3133 4751 composita;
3158 4681 3233 4733 ita
3273 4689 3330 4732 ut
3364 4680 3559 4734 callido
3598 4682 3693 4735 illo

2108 4757 2430 4820 externoque
2452 4751 2631 4802 habitu
2658 4750 2812 4820 facile
2852 4750 3256 4820 simplicioribus
3303 4752 3494 4804 animis
3539 4752 3692 4805 obre-

2104 4827 2268 4889 petet.
2318 4819 2457 4872 Nam
2506 4819 2888 4889 lzemiphorium
2933 4819 2981 4872 et
3026 4820 3307 4873 collobium
3355 4821 3592 4883 indutus,
3634 4822 3691 4875 in

2102 4888 2374 4959 colloquiis
2422 4906 2483 4941 ac
2527 4890 2934 4944 salutationibus
2980 4891 3205 4943 blandus
3252 4897 3368 4959 erat
3410 4891 3691 4959 imprimis,-

2105 4967 2265 5079 alquf
2310 4960 2543 5081 omnium
2591 4962 2795 5014 animos
2822 4961 3191 5014 adulationum
3234 4958 3493 5013 illecebris
3517 4961 3697 5015 devius

2105 5037 2212 5080 ctos
2259 5045 2352 5080 ene
2389 5039 2461 5081 at.

2103 5037 2212 5080 ctos
2236 5037 2461 5081 tenebat.

2180 5100 2205 5137 ε
2239 5098 2310 5151 Τὸ
2338 5098 2738 5169 Σιιϐελλίου...
2767 5098 2976 5169 δόγμα.
3003 5100 3290 5169 Σαϐέλλιος
3324 5104 3381 5157 δὲ
3414 5103 3441 5153 ὁ
3467 5101 3638 5164 Λίϐυς
3666 5103 3696 5153 ὁ

2105 5168 2529 5241 Πενταπολίτης.
2560 5168 2822 5241 Sabellius
2851 5168 2905 5225 VA
2916 5171 2993 5241 fer
3017 5168 3455 5241 I’entopolitonus
3502 5172 3693 5239 hujus-

2106 5238 2247 5312 rn‘odi
2291 5240 2531 5312 hwres_in_
2557 5240 2840 5312 inchoauit.
2873 5238 3043 5295 Unam
3094 5238 3399 5312 [typostasin
3427 5257 3536 5293 esse
3560 5238 3695 5294 dixit

2105 5306 2324 5380 Patrem
2353 5318 2400 5359 ct
2427 5308 2625 5361 Filium
2668 5318 2719 5362 et
2747 5309 3003 5380 Spiritum
3031 5306 3295 5376 sanctum,
3324 5324 3369 5365 et
3400 5329 3563 5364 unam
3588 5314 3691 5365 tri-

2105 5377 2253 5445 plicis
2278 5380 2501 5431 nominis
2526 5377 2807 5451 personam
2833 5382 3206 5451 :eumdemque
3230 5399 3365 5435 nunc
3393 5391 3447 5435 ut
3477 5381 3693 5434 Putrem

2106 5458 2276 5521 uocat,
2305 5465 2442 5521 nunc
2471 5458 2525 5521 ut
2555 5448 2771 5521 Filium,
2800 5468 2937 5503 nunc
2962 5461 3016 5504 ut
3041 5448 3300 5521 Spiritum
3327 5461 3592 5507 sanctum.
3622 5453 3695 5505 Αιι

2104 5518 2160 5593 in
2182 5517 2352 5593 Veteri
2376 5520 2585 5588 quidem
2609 5520 2935 5593 Test_ar_nento
2957 5532 3011 5574 ut
3028 5517 3264 5586 Patrem,
3291 5522 3456 5593 legem
3483 5522 3695 5593 tulisse;

2104 5588 2158 5640 in
2208 5587 2353 5640 Novo
2379 5587 2555 5641 autem
2600 5600 2657 5643 ut
2703 5590 2915 5653 Filium,
2966 5607 3075 5645 esse
3117 5587 3498 5655 incarna'lum;
3548 5602 3595 5644 ct
3641 5589 3697 5643 ul

2106 5656 2376 5730 Spiritum
2416 5669 2682 5723 sanctum,
2722 5662 2791 5713 ad
2818 5662 3081 5730 apostolos
3107 5665 3327 5718 venisse.
3357 5662 3693 5717 Theodorei:

2106 5728 2302 5781 liceret.
2333 5728 2459 5781 Fab.
2489 5731 2587 5783 lib.
2618 5746 2674 5794 ll,
2704 5747 2825 5800 cap.
2855 5728 2909 5785 9.

2180 5800 2204 5836 ιι
2232 5800 2540 5864 Εὐσέϐιος.
2573 5800 2864 5861 Eusebius.
2912 5802 3314 5858 Nicomediensis
3359 5803 3558 5863 dictus,
3599 5802 3695 5856 .l'u‘

2105 5869 2312 5924 lianum
2339 5869 2753 5939 imperatorem,
2783 5872 2876 5942 qui
2902 5890 3036 5943 puer
3060 5874 3239 5929 adhuc
3265 5875 3367 5928 sub
3396 5892 3461 5928 eo
3484 5873 3590 5927 edu
3604 5868 3700 5924 ειν

3285 5974 3320 6014 ς)

3285 6014 3320 6029 ιν
