4514 6578
466 487 540 545 45
1458 478 1782 538 HISTORIA
1820 463 2249 533 ECCLESIAST‘

1943 463 2376 536 LLESIASTICA.
2418 514 2486 524 _
2526 483 2653 540 LlB.
2703 486 2740 540 ι.
3302 530 3307 536 .
3652 494 3726 551 ιο

468 626 559 664 ται
584 608 677 661 καὶ
704 605 905 658 τούτων
927 602 1037 657 τῶν
1060 600 1405 664 ἀποστατῶν,
1436 600 1529 664 καὶ
1561 598 1791 671 γράφειν
1830 594 2042 667 ὲπεχεί-
2071 601 2116 658 Α
2145 612 2251 654 sem

1936 594 2042 667 χεί-
2071 601 2116 658 Α
2145 612 2261 654 sem
2301 599 2693 670 episcopatum.
2717 600 2869 656 nullo
2904 600 3222 667 uleiscente,
3270 604 3491 675 impune
3544 618 3719 666 trans-

468 716 602 774 ρησε
627 694 918 765 πανταχοῦ,
956 693 1217 747 συνιστῶν
1242 692 1457 756 αὐτοὺς,
1475 692 1641 753 εῐπως
1660 687 1906 759 ὑποσύρῃ
1929 688 2040 756 (l9)

466 790 620 854 τινὰς
652 787 980 857 ἀγνοοῦντας
1009 789 1089 850 εἰς
1125 785 1224 857 τὴν
1272 784 1506 853 ἐσχάτην
1548 782 1642 836 καὶ
1678 781 2043 851 χριστομάχον

450 885 679 955 ἀἵρεσιν
701 899 715 913 ⁸
759 881 1005 949 ἀνάγκην
1058 878 1236 948 ἔσχον,
1282 876 1437 940 εἰδὼς
1466 874 1527 929 τὸ
1572 877 1629 927 ὲν
1658 873 1734 944 τῷ
1763 874 1913 943 νόμῳ
1946 887 2037 940 γε·

468 973 807 1047 γραμμένον,
860 971 1056 1043 μηκέτι
1105 970 1202 1040 μὲν
1262 967 1560 1037 σιωπῆσαι,
1614 964 1934 1041 ἀναγγεῖλαι
1986 962 2042 1015 δὲ

469 1068 635 1121 πᾶσιν
666 1065 813 1136 ὑμῖν,
849 1064 935 1117 ἵνα
964 1060 1270 1132 γινώσκητε
1296 1058 1420 1122 τούς
1449 1074 1507 1111 τε
1534 1058 1844 1118 ἀποστάτας
1890 1068 2043 1123 γενο-

472 1159 687 1230 μένους,
710 1155 886 1211 καὶτὰ
908 1154 1009 1225 τῆς
1030 1153 1293 1224 αἱρέσεως
1317 1149 1497 1204 αὐτῶν
1521 1148 1754 1219 δύστηνα
1777 1146 2041 1219 ῥημάτια,

468 1252 562 1305 καὶ
590 1251 682 1305 ἐὰν
725 1251 911 1321 γράφῃ
943 1246 1220 1310 Εὐσέϐιος,
1269 1244 1342 1316 μὴ
1386 1242 1713 1315 προσέχητε.
1740 1240 1850 1311 Τὴν
1877 1239 2043 1294 πάλαι

467 1344 577 1415 γὰρ
614 1342 778 1398 αὑτοῦ
822 1340 1116 1397 κακόνοιαν
1145 1338 1244 1409 τὴν
1274 1336 1452 1407 χρόνῳ
1506 1333 1895 1405 σιωπηοεῐσαν,
1948 1331 2044 1385 νῦν

467 1434 555 1491 διὰ
582 1434 788 1510 τούτων
815 1428 1119 1487 άνανεῶσαι
1144 1426 1487 1498 βουλόμενος,
1519 1422 1912 1494 σχηματίζεται
1944 1421 2043 1492 μὲν

468 1528 545 1590 ὼς
589 1527 732 1596 ὑπὲρ
777 1524 984 1579 τούτων
1035 1524 1293 1595 γράφων·
1344 1521 1490 1595 ἔργῳ
1532 1521 1588 1574 δὲ
1628 1520 1918 1581 δείκνυσιν,
1968 1516 2045 1582 ὡς

466 1619 550 1673 ὅτι
599 1619 739 1689 ὑπὲρ
790 1615 985 1671 ἑαυτοῦ
1037 1614 1373 1680 σπουδάζων,
1425 1610 1584 1687 τοῦτο
1622 1613 1784 1665 ποιεῖ.
1828 1608 1891 1664 Οἱ
1944 1608 2043 1679 μὲν

465 1707 561 1766 οὖν
600 1710 903 1765 ἀποστάται
949 1705 1231 1778 γενόμενοί
1275 1708 1446 1759 εἰσινο
1493 1705 1729 1775 ¹Ἄρειος,
1771 1702 2040 1772 Ἀχιλλᾶς,

480 1801 763 1873 Ἀειθαλὴς
816 1802 911 1855 καὶ
950 1798 1283 1868 Καρπὼνης,
1319 1798 1413 1851 καὶ
1458 1797 1644 1864 ἔτερος
1677 1795 1912 1865 ¹Ἀρειος,
1952 1793 2044 1847 καὶ

465 1892 763 1963 Σαρμάτης
795 1890 852 1953 ιι,
905 1891 998 1942 καὶ
1040 1887 1301 1951 Εὑξώῖος,
1338 1885 1431 1939 καὶ
1470 1884 1719 1948 Λούκιος,
1771 1884 1866 1935 καὶ
1915 1884 2043 1935 ἰου-

2146 706 2366 762 gressus
2390 700 2492 754 est,
2520 692 2717 746 horum
2741 700 3108 761 apostatarum
3153 697 3518 765 patrocinium
3545 703 3721 756 susei-

2145 785 2245 854 pit,
2296 790 2352 835 et
2394 782 2605 837 litteras
2647 796 3058 851 quaquaversus
3115 796 3404 841 aususest
3456 788 3720 857 scribere,

2145 872 2539 928 commendans
2564 873 2707 936 illos,
2734 882 2795 927 ut
2821 874 3106 945 imperitos
3151 876 3404 932 homines
3449 880 3516 934 ad
3544 882 3720 951 pessi-

2144 978 2288 1017 mam
2334 962 2663 1033 Christoque
2708 964 2974 1020 infensam
3002 967 3253 1023 haaresim
3300 968 3591 1026 traducat:
3626 988 3724 1029 ne-

2144 1057 2441 1115 cessarium
2468 1056 2597 1111 duxi
2624 1057 2904 1112 silentium
2932 1059 3280 1131 abrumpere,
3308 1070 3496 1132 utpote
3536 1064 3723 1119 sciens

2145 1147 2201 1204 id
2226 1149 2371 1219 quod
2420 1150 2474 1203 in
2524 1148 2641 1220 lege
2691 1152 2958 1221 scriptum
3005 1163 3111 1215 est,
3151 1154 3418 1225 vobisque
3464 1156 3722 1214 omnibus

2144 1243 2482 1307 renuntiare,
2532 1258 2642 1313 quo
2665 1252 2722 1299 et
2767 1253 3039 1315 apostatas
3067 1245 3214 1322 ipsos
3245 1255 3301 1302 et
3345 1247 3722 1305 infelicissima

2143 1336 2349 1391 erroris
2396 1336 2544 1390 illius
2591 1335 2758 1390 verba
2808 1336 3168 1407 cognoscatis,
3217 1353 3282 1393 ac
3304 1339 3351 1393 si
3378 1338 3517 1395 forte
3552 1341 3726 1397 Euseo

2144 1427 2270 1485 bius
2319 1426 2627 1499 scripserit,
2684 1427 2735 1482 ei
2782 1428 3009 1483 minime
3058 1429 3373 1506 attendatis.
3425 1431 3721 1487 Pristinam

2144 1520 2290 1576 enim
2318 1518 2754 1576 malevolentiam
2778 1535 2954 1584 suam,
2980 1535 3102 1589 quae
3134 1521 3534 1593 longinquitate
3585 1533 3722 1579 tem-

2144 1610 2421 1681 porisjam
2473 1608 2736 1664 oblivioni
2780 1624 2844 1665 ac
2889 1610 3110 1666 silentio
3156 1612 3359 1667 tradita
3402 1613 3716 1680 videbatur,

2122 1711 2243 1770 per
2271 1700 2405 1754 istos
2431 1714 2697 1755 renovare
2723 1714 2871 1754 nunc
2893 1700 3139 1765 studens,
3169 1702 3390 1757 simulat
3412 1704 3634 1773 quidem
3659 1720 3718 1761 se

2142 1807 2335 1847 eorum
2362 1806 2523 1846 causa
2550 1792 2763 1847 litteras
2792 1792 3035 1851 scribere
3064 1811 3075 1846 :
3105 1794 3285 1865 reipsa
3332 1802 3514 1850 tamen
3540 1796 3721 1851 decla-

2144 1891 2246 1946 rat,
2274 1897 2333 1937 se
2360 1897 2458 1937 sua
2483 1896 2648 1937 causa
2674 1882 3011 1937 laborantem
3037 1883 3092 1938 id
3118 1899 3298 1954 agere.
3325 1885 3530 1955 Eorum
3556 1901 3719 1957 porro

465 1981 665 2045 λιανὸς,
719 1980 815 2033 καὶ
843 1980 1055 2051 Μηνᾶς,
1107 1977 1203 2030 καὶ
1244 1975 1531 2037 Ἐλλάδιος,
1580 1974 1672 2027 καὶ
1720 1972 1897 2036 Γάϊος,
1950 1974 2042 2027 καὶ
2074 1972 2115 2026 Β
2142 1976 2234 2045 qui

1950 1974 2042 2027 καὶ
2074 1972 2115 2026 Β
2142 1976 2234 2045 qui
2254 1976 2323 2032 ab
2347 1976 2587 2031 Ecclesia
2611 1974 2931 2031 defecerunt
2957 1977 3073 2032 hare
3098 1987 3227 2032 sunt
3251 1979 3506 2034 nomina:
3529 1978 3715 2046 Arius,

467 2074 564 2128 σὺν
598 2074 780 2135 αὐτοῖς
807 2069 1097 2132 Σεκοῦνδος
1127 2069 1223 2127 καὶ
1253 2067 1490 2131 Θεωνᾶς,
1522 2067 1571 2119 oi
1601 2064 1733 2118 ποτὲ
1764 2064 2041 2134 λεχθέντες

464 2167 775 2222 ἐπίσκοποι.
835 2164 970 2216 Ποῖα
1025 2162 1083 2214 δὲ
1128 2158 1281 2231 παρὰ
1330 2159 1429 2223 τὰς
1473 2158 1696 2230 Γραφὰς
1724 2158 2042 2229 ἐφευρόντες

464 2256 735 2317 λαλοῦσιν,
795 2255 909 2307 ἔστι
942 2254 1114 2307 ταῦτα
1151 2251 1285 2323 (20)·
1323 2251 1436 2305 Οὐκ
1486 2250 1574 2303 ἀεὶ
1612 2251 1640 2302 ό
1685 2249 1817 2313 Θεὸς
1857 2250 2041 2320 πατὴρ

463 2344 533 2420 ἦν
562 2346 612 2387 1'
660 2346 774 2400 ἀλλ’
808 2342 876 2416 ἦν
915 2345 1002 2399 ὅτε
1052 2347 1079 2396 ό
1110 2343 1240 2406 Θεὸς
1284 2342 1465 2417 πατὴρ
1512 2343 1613 2395 οὐκ
1669 2336 1757 2413 ἦν.
1810 2339 1925 2395 Οὐκ
1955 2341 2042 2395 ἀεὶ

461 2438 531 2514 ἦν
565 2444 593 2495 ό
617 2441 715 2496 τοῦ
745 2440 880 2494 Θεοῦ
914 2440 1108 2508 Λόγος,
1135 2436 1250 2490 ἀλλ’
1274 2436 1332 2504 ἐξ
1356 2437 1456 2490 οὐκ
1501 2436 1668 2489 ὄντων
1701 2435 1939 2505 γέγονεν.
1983 2436 2040 2490 Ὀ

463 2534 573 2604 γὰρ
603 2532 677 2586 ὣν
704 2532 856 2595 Θεὸς,
878 2530 969 2584 τὸν
1003 2529 1077 2601 μὴ
1103 2530 1231 2582 ὄντα
1264 2529 1329 2580 ἐκ
1352 2526 1444 2581 τοῦ
1474 2527 1547 2598 μὴ
1569 2528 1719 2589 ὄντος
1748 2526 2035 2597 πεποίηκε.

463 2624 556 2678 Διὸ
588 2624 685 2678 καὶ
725 2620 793 2695 ἦν
825 2639 978 2686 ποτε,
1028 2622 1118 2675 ὅτε
1157 2621 1257 2673 οὐκ
1277 2615 1365 2691 ἦν.
1394 2613 1614 2689 Κτίσμα
1646 2618 1753 2689 γάρ
1781 2618 1895 2671 ἐστι
1944 2620 2041 2673 καὶ

464 2716 678 2788 ποίημα
704 2717 733 2768 ό
766 2715 914 2779 Υἱός.
944 2712 1083 2767 υῦτε
1113 2712 1169 2765 δὲ
1201 2713 1387 2783 ὅμοιος
1413 2711 1533 2765 κατ’
1558 2710 1743 2765 οὐσίαν
1768 2712 1844 2783 τῷ
1866 2711 2042 2782 Πατρί

462 2812 635 2876 ἑστιν,
690 2810 811 2863 οὔτε
844 2809 1097 2880 ἀληθινὸς
1146 2810 1238 2863 καὶ
1287 2808 1446 2879 φύσει
1494 2804 1585 2863 τοῦ
1629 2809 1841 2881 Πατρὸς
1872 2808 2042 2879 Λόγος

462 2919 630 2980 ἐστὶν,
674 2915 797 2971 οὔτε
836 2916 1065 2988 ἀληθινὴ
1105 2915 1263 2985 σοφία
1299 2914 1463 2969 αὑτοῦ
1494 2916 1609 2969 ἐστι
1635 2914 1777 2986 (21)·
1813 2915 1930 2970 ἀλλ’
1962 2912 2041 2982 εἷς

467 3023 564 3095 μὲν
600 3021 710 3075 τῶν
739 3021 1059 3092 ποιημάτων
1086 3021 1179 3073 καὶ
1218 3020 1461 3091 γενητῶν
1490 3022 1604 3074 ἐστι
1624 3036 1637 3051 ·
1668 3036 2039 3093 καταχρηστι-

462 3130 572 3193 κῶς
624 3128 679 3181 δὲ
730 3129 902 3197 Λόγος
952 3126 1049 3181 καὶ
1094 3124 1287 3196 Σοφία,
1327 3125 1614 3196 γενόμενος
1651 3124 1746 3179 καὶ
1784 3124 1946 3188 αὐτὸς
1983 3126 2041 3180 δὲ

461 3234 540 3303 τῷ
564 3234 674 3305 (22)
703 3234 814 3304 ἰδίῳ
842 3232 932 3286 τοῦ
952 3231 1088 3286 Θεοῦ
1114 3232 1276 3303 λόγῳ,
1300 3233 1393 3286 καὶ
1417 3234 1481 3302 τῇ
1507 3231 1565 3283 ὲν
1601 3229 1679 3301 τῷ
1699 3230 1815 3301 Θεῷ
1857 3230 2036 3302 σοφίᾳ,

2140 2064 2403 2129 Achillas,
2428 2064 2692 2128 Aithales,
2718 2064 3016 2136 Garpones,
3045 2067 3183 2121 alter
3208 2067 3392 2133 Arius,
3421 2068 3716 2136 Sarmates,

2141 2156 2398 2221 Euzoius,
2418 2156 2643 2222 Lucius,
2668 2157 2941 2223 Julianus,
2964 2159 3169 2224 Menas,
3190 2159 3491 2227 Helladius,
3508 2160 3676 2215 Gaius
3701 2177 3716 2214 :

2141 2265 2374 2319 cumque
2420 2248 2506 2306 his
2546 2248 2831 2306 Secundus
2875 2266 2940 2307 ac
2986 2249 3259 2316 Theonas,
3284 2253 3375 2322 qui
3421 2253 3551 2307 olim
3596 2253 3718 2323 epi—

2141 2342 2291 2411 se0pi
2316 2351 2444 2397 sunt
2466 2342 2743 2413 appellati.
2771 2341 2847 2397 Ea
2868 2358 3006 2398 vero
3031 2358 3153 2412 qua:
3176 2344 3296 2397 sine
3335 2343 3443 2397 ulla
3472 2343 3720 2415 Scriptu-

2141 2450 2328 2503 rarum
2353 2436 2680 2490 auctoritate
2703 2434 2995 2489 commenti
3036 2443 3239 2490 temere
3265 2434 3543 2501 ell'utiunt,
3590 2447 3715 2492 sunt

2141 2525 2455 2598 bujusmodi
2482 2543 2494 2579 :
2521 2525 2685 2589 Deus,
2713 2526 2986 2596 inquiunt,
3014 2542 3125 2581 non
3147 2541 3363 2597 semper
3399 2526 3503 2583 fuit
3543 2538 3716 2596 pater,

2141 2618 2238 2673 sed
2272 2629 2489 2689 tempus
2531 2617 2743 2675 exstitit
2781 2632 2905 2672 cum
2950 2618 3096 2673 Deus
3123 2618 3347 2673 minime
3371 2629 3518 2674 esset
3542 2630 3717 2690 pater.

2141 2710 2382 2765 Verbum
2406 2711 2501 2765 Dei
2527 2726 2637 2767 non
2662 2726 2877 2780 semper
2899 2708 3022 2775 fuit,
3063 2710 3159 2764 sed
3208 2718 3388 2765 ortum
3411 2720 3586 2766 estex
3631 2713 3719 2767 ni—

2143 2803 2274 2858 hilo.
2303 2804 2449 2859 Deus
2470 2804 2618 2858 enim
2644 2804 2736 2873 qui
2770 2811 2873 2868 est,
2902 2802 3054 2856 illum
3082 2802 3176 2873 qui
3202 2818 3310 2857 non
3355 2812 3493 2868 erat,
3542 2820 3610 2859 ex
3653 2819 3720 2861 eo

2141 2898 2287 2968 quod
2311 2903 2421 2951 non
2444 2906 2531 2952 est
2550 2896 2878 2967 procreavit.
2920 2894 3157 2951 Proinde
3184 2904 3403 2967 tempus
3427 2897 3720 2967 aliquando

2143 2989 2248 3044 fuit
2286 3004 2411 3043 cum
2461 3004 2570 3045 non
2610 2997 2755 3043 esset
2786 2985 2818 3041 ἐ
2872 2989 3075 3057 quippe
3122 2986 3293 3043 Filius
3338 2998 3588 3043 creatura
3636 2998 3716 3045 est

2143 3096 2412 3153 opusque.
2458 3080 2647 3151 Neque
2693 3096 2825 3135 vero
2875 3081 3073 3135 similis
3116 3088 3202 3135 est
3226 3081 3371 3136 Patri
3416 3081 3717 3137 secundum

2144 3174 2525 3238 substantiam,
2575 3189 2755 3243 neque
2808 3188 2997 3227 verum
3039 3189 3102 3229 ac
3128 3174 3422 3244 genuinum
3446 3174 3540 3229 Dei
3588 3175 3717 3228 Ver-

2144 3268 2297 3331 bum,
2326 3282 2429 3322 nec
2452 3281 2581 3320 vera
2604 3265 2846 3336 ejusdem
2875 3264 3161 3335 sapientia.
3189 3264 3293 3320 Sed
3328 3281 3470 3319 unus
3494 3265 3715 3336 quidem

463 3339 523 3391 ὲν
618 3339 710 3391 καὶ
734 3337 801 3391 τὰ
827 3338 1003 3391 πάντα
1049 3338 1146 3391 καὶ
1170 3337 1330 3391 αὑτὸν
1368 3336 1667 3405 πεποίηκεν
1692 3336 1719 3388 ό
1752 3335 1903 3399 Θεός.
1942 3335 2034 3388 Διὸ
2064 3333 2105 3389 C
2144 3369 2229 3415 ρει

1942 3335 2034 3388 Διὸ
2064 3333 2105 3389 C
2144 3369 2317 3415 estex
2343 3358 2605 3429 operibus
2647 3367 2702 3410 et
2740 3355 3011 3410 creaturis
3040 3372 3053 3409 :
3082 3356 3307 3411 abusive
3354 3365 3536 3411 autem
3583 3357 3702 3411 Ver-

464 3446 557 3498 καὶ
585 3446 817 3516 τρεπτός
861 3445 976 3497 ἐστι
1011 3443 1104 3496 καὶ
1153 3443 1440 3506 ἀλλοιωτὸς
1463 3441 1560 3513 τὴν
1595 3441 1777 3511 φύσιν,
1838 3441 1914 3503 ὡς
1942 3442 2037 3495 καὶ

462 3549 639 3604 πάντα
684 3548 752 3603 τὰ
790 3548 1002 3620 λογικά.
1028 3546 1187 3610 Ξένος
1222 3563 1281 3599 τε
1309 3547 1402 3599 καὶ
1427 3544 1728 3615 ἀλλότριος,
1784 3545 1878 3598 καλ⁹
1928 3546 2034 3599 άπ-

2144 3450 2275 3505 bum
2302 3450 2504 3505 dicitur
2528 3458 2691 3518 atque
2741 3446 3048 3516 Sapientia,
3078 3446 3279 3516 quippe
3325 3462 3449 3501 cum
3496 3457 3552 3503 et
3601 3449 3712 3519 ipse

2141 3541 2417 3597 exstiterit
2442 3555 2541 3611 per
2561 3538 2844 3610 proprium
2874 3538 2976 3624 ιζ
3019 3538 3115 3593 Dei
3142 3537 3370 3593 verbum
3393 3549 3449 3595 et
3488 3556 3586 3612 per
3632 3557 3711 3597 sa-

1655 3658 1922 3714 VALESII
1975 3656 2524 3715 ANNOTATIONES.

531 3748 640 3816 (l9)
675 3752 845 3814 Ἴσως
886 3750 1185 3817 ὐποσύρῃ.
1223 3750 1378 3820 Apud
1416 3747 1691 3804 Gelasium
1716 3749 1769 3802 in
1787 3748 2036 3820 historia

460 3821 675 3874 concilii
705 3820 907 3874 Nicatni
932 3822 1081 3891 libro
1116 3837 1173 3884 ιι,
1219 3818 1417 3891 legitur
1458 3820 1603 3883 ὅπως
1630 3818 1895 3891 ὑποσύρῃ.
1930 3818 2036 3891 Sed

460 3891 516 3943 in
560 3892 753 3961 codice
789 3890 989 3945 Leonis
1026 3890 1209 3945 Allatii
1251 3888 1515 3961 scriptum
1554 3897 1637 3943 est
1677 3888 1875 3953 εἴπωςζ
1892 3888 2037 3961 quod

459 3960 856 4031 prmferendum
884 3972 1034 4031 puto.

530 4031 638 4101 (20)
670 4033 834 4083 Ἔστι
861 4028 1065 4085 cauta.
1108 4032 1236 4086 Post
1264 4031 1379 4085 haec
1405 4030 1570 4101 verba
1598 4030 1652 4084 in
1677 4028 1865 4101 codice
1912 4029 2036 4101 Flo-

458 4098 677 4171 rentino
699 4101 812 4155 haec
835 4101 1126 4167 habentur,
1146 4102 1259 4164 πῶς
1290 4100 1578 4171 φρονοῦσιν
1605 4098 2035 4171 Ἀρειανοίιριιω

456 4170 524 4223 ad
549 4171 850 4241 marginem
877 4172 1061 4241 potius
1102 4166 1313 4228 ascribi
1334 4166 1678 4226 debuerant.
1699 4169 1855 4240 Apud
1877 4166 2035 4241 Gela-

454 4241 601 4312 sium
619 4240 1169 4312 siiniliter’scriptum
1207 4250 1292 4298 est
1318 4242 1421 4297 hoc
1444 4242 1565 4296 loco
1590 4241 1854 4312 adﬁxam
1866 4240 2027 4312 petae.

526 4311 637 4383 (21)
664 4312 816 4383 οὔτε
839 4310 1097 4383 «unua»;
1122 4314 1309 4381 σοφία
1334 4312 1519 4365 αὐτοῦ
1546 4312 1735 4364 ἐστιν.
1763 4310 1892 4365 Post
1908 4310 2031 4383 haec

454 4382 621 4454 verba
645 4382 834 4438 deerat
875 4381 1093 4453 integra
1131 4384 1412 4454 perieope,
1437 4398 1601 4454 quam
1628 4396 1730 4436 nos
1751 4395 1825 4454 ex
1853 4381 2033 4454 tribus

454 4452 737 4506 codicibus
762 4452 1354 4517 nostris,'Flor_entino,
1395 4452 1689 4515 Sl‘ortiano,
1734 4452 2026 4514 Allatiano,

452 4530 509 4595 et
531 4538 595 4577 ex
614 4522 834 4595 Gelasio
857 4523 1125 4595 Cyziceno
1149 4524 1525 4595 supplcvimus
1565 4523 1670 4577 hoc
1703 4521 1885 4595 modo,
1914 4522 2029 4574 ἀλλ’

452 4587 669 4665 εἷςᾴμὲν
694 4594 802 4645 τῶν
842 4587 1163 4665 ποιημάτων
1191 4587 1284 4647 καὶ
1322 4594 1561 4665 γενητῶν
1593 4598 1730 4665 ἐστι.
1754 4590 2029 4665 Qum_ver-

452 4662 520 4717 ha
544 4663 598 4716 in
624 4678 725 4717 suo
749 4666 913 4718 etiam
939 4662 1127 4720 codice
1152 4666 1357 4732 legerat
1404 4664 1601 4733 Epiph.
1630 4662 2023 4726 Scholastieus,

2140 3748 2388 3803 codicem
2413 3746 2655 3802 Socratis
2678 3762 2787 3817 quo
2812 3761 2947 3802 usus
2968 3754 3053 3803 est
3074 3746 3273 3818 Epiph.
3322 3747 3710 3818 Schulastieus,

2139 3834 2169 3873 a
2197 3819 2397 3873 nostris
2423 3818 2585 3887 paulo
2612 3818 2888 3873 diversum
2935 3818 3123 3873 fuisse.
3148 3820 3331 3875 Codex
3367 3828 3545 3877 tamen
3572 3822 3709 3877 Leo-

2138 3890 2224 3963 nis
2248 3888 2831 3963 A‘llatiiplane'similis
2851 3898 2930 3944 est
2956 3890 3005 3945 ei
3029 3906 3207 3963 quem
3232 3898 3453 3963 secutus
3474 3900 3554 3946 est
3583 3894 3709 3963 Epi-

2138 3959 2392 4029 phanius.
2429 3958 2520 4014 Sic
2555 3958 2702 4013 enim
2745 3960 2951 4015 habet:
2994 3958 3129 4014 υῦτε
3167 3961 3219 4013 δὲ
3254 3958 3501 4029 ἀληθινός
3542 3958 3710 4026 ὲστίν,

2136 4010 2515 4098 gamma,
2544 4010 2705 4101 εἱόῷἐᾶ
2744 4010 2909 4085 ἇῦἑᾶΰ
2940 4010 3131 4084 tota:
3162 4010 3598 4101 ὀέτξᾶλῆὀῖνᾶξ
3616 4010 3712 4088 ἐξειὶί

2136 4101 2294 4169 φύσει
2321 4101 2412 4153 τοῦ
2439 4098 2650 4170 [ἰατρὸς
2678 4101 2847 4171 Λόγος
2881 4102 3047 4155 ἐστίν’
3079 4101 3195 4154 ἀλλ’
3218 4098 3297 4163 εἷς
3335 4098 3434 4171 μὲν
3463 4103 3570 4153 τῶν
3590 4120 3711 4171 γεν-

2134 4171 2390 4242 νημάτων
2421 4171 2514 4223 καὶ
2547 4170 2791 4242 ποιητῶν
2808 4172 2958 4242 ὲστιέ
2998 4170 3447 4242 καταχρηστικῶς
3470 4172 3528 4225 δὲ
3555 4170 3711 4241 λέγε-

2134 4239 2222 4293 ται
2256 4241 2447 4305 Λόγος,
2490 4239 2603 4302 καί,
2638 4239 2743 4294 ete.
2770 4241 2919 4295 Adeo
2945 4241 3087 4295 inter
3113 4239 3186 4295 se
3222 4239 3575 4296 consentiunt
3607 4239 3708 4298 au-

2135 4320 2316 4365 etores
2338 4310 2591 4364 Historia:
2610 4311 2897 4381 tripertita:
2918 4308 3120 4366 Graeca:
3147 4328 3211 4366 ac
3234 4312 3460 4377 Latinae,
3487 4322 3547 4367 ut
3569 4314 3711 4370 alter

2130 4381 2199 4437 ab
2222 4382 2394 4436 altero
2418 4388 2702 4436 mutuatus
2725 4382 2898 4437 videri
2922 4382 3113 4451 possit.
3760 4432 3766 4439 ,

2200 4451 2312 4525 (2.2)
2338 4453 2672 4525 [ardyerjog
2701 4452 2801 4525 atat
2823 4452 3003 4525 atque
3029 4451 3307 4525 6é_z(,7)._ln
3333 4454 3709 4525 manuscripto

2129 4522 2327 4595 codice
2353 4521 2760 4595 LeonisAAllatii
2791 4522 3057 4595 hic_loe_us
3104 4522 3177 4595 ita
3228 4523 3452 4595 legitur,
3481 4521 3710 4595 γενόμε-

2127 4609 2217 4654 νος
2250 4594 2342 4644 καὶ
2370 4591 2530 4662 αὐτὸς
2560 4592 2614 4643 δὲ
2644 4592 2716 4643 ὦν
2751 4594 2808 4645 ὲν
2836 4591 2911 4660 τῷ
2955 4592 3067 4662 ἰδίῳ
3093 4593 3186 4645 τοῦ
3235 4591 3370 4647 ε)έοῦ
3414 4594 3575 4662 λόγῳ,
3614 4591 3707 4650 imi

2128 4646 2275 4730 ἐν’τῇ
2312 4663 2406 4715 τοῦ
2435 4646 2570 4713 Θεοῦ
2606 4662 2785 4730 σοφίᾳ.
2828 4646 3001 4729 Quam
3040 4646 3706 4722 iectionemisecut'iis

451 4734 593 4820 sicut
613 4748 679 4788 ex
703 4736 955 4820 versione
996 4718 1120 4805 ejus
1155 4718 1630 4820 apparet."i‘o'tum
1656 4734 1803 4820 enim
1843 4718 2023 4820 locum
2057 4758 2101 4813 ι)
2129 4718 2295 4787 etiam
2320 4732 2516 4814 Epiph.
2546 4718 2817 4815 Seliolast.
2835 4718 2935 4820 Elui
2981 4734 3062 4820 sie
3080 4735 3247 4788 vertit
3267 4753 3285 4817 ,ε
3312 4718 3503 4820 Fartus
3527 4718 3705 4820 είξρἇέ

452 4804 525 4858 ita
567 4806 844 4859 transtulit
874 4823 885 4857 :
913 4802 1171 4860 Creatura
1190 4802 1291 4857 est
1339 4807 1476 4859 enim
1503 4813 1551 4857 et
1578 4805 1787 4873 factum
1832 4802 2019 4866 Filius,

450 4890 613 4945 neque
634 4875 820 4929 similis
849 4884 922 4929 est
948 4876 1102 4930 Patri
1140 4875 1425 4929 secundant
1450 4876 1833 4939 substantiam;
1860 4890 2022 4945 neque

447 4960 597 4999 verus
621 4953 716 5016 est,
744 4962 907 5016 neque
931 4964 1053 5016 vera
1076 4947 1339 5015 sapientia
1367 4947 1480 5016 ejus
1507 4955 1601 5009 est,
1632 4960 1796 5016 neque
1840 4960 2020 4998 verum

449 5014 769 5069 naturaliter
794 5012 971 5071 Patris
999 5012 1218 5071 Verbum
1242 5022 1338 5077 est,
1366 5012 1457 5070 sed
1480 5032 1613 5069 unus
1640 5012 1849 5085 quidem
1870 5031 2019 5068 crea-

450 5094 692 5141 turarum
731 5095 778 5140 et
824 5088 1153 5156 facturarum
1178 5094 1273 5140 est.
1300 5086 1379 5141 Ex
1406 5086 1492 5140 his
1515 5084 1744 5157 apparet
1770 5084 2020 5139 Grmcum

2130 4814 2178 4877 et
2226 4804 2474 4877 exsistam;
2499 4804 2554 4855 in
2579 4806 2793 4877 proprio
2828 4803 2918 4877 Dei
2954 4804 3216 4877 verbo,_et
3244 4806 3312 4858 'in
3356 4806 3451 4859 Dei
3492 4803 3705 4877 sapien-

2132 4873 2498 4946 tia,ete.hNos
2544 4888 2676 4946 vero
2720 4874 3010 4946 lectionem
3059 4874 3311 4946 codicum
3363 4873 3703 4943 nostrorum,

2129 4944 2305 5017 Regii,
2335 4942 2634 5017 Florentini
2658 4951 2713 4997 et
2737 4944 2994 5017 Sfortiani
3022 4942 3175 5014 sequi
3205 4947 3514 5012 maluimus,
3540 4942 3702 5017 quam

2127 5022 2183 5069 et
2208 5015 2457 5070 Gelasius
2480 5014 2800 5085 conﬁrmat;
2828 5015 2931 5069 nisi
2977 5017 3123 5083 quod
3164 5018 3489 5085 particulam
3515 5014 3571 5072 δέ
3594 5035 3701 5074 non

2127 5086 2394 5156 agnoscit,
2420 5101 2541 5155 quae
2565 5100 2663 5154 pro
2686 5084 2749 5155 δὴ
2775 5085 2952 5154 posita
2976 5084 3209 5141 videtur.

1898 5196 2109 5253 VARIO
2116 5197 2205 5254 RU
2214 5198 2283 5253 M.

445 5295 815 5367 subjeeerunt.
841 5295 1063 5366 Legitur
1085 5294 1236 5367 item,
1262 5291 1702 5367 inquiunt,_apud
1726 5290 2024 5367 Gelasium,

446 5361 562 5421 ιιδί
590 5382 648 5431 ιι,
698 5383 817 5436 cap.
868 5361 946 5428 ὃς
969 5381 1093 5419 cum
1140 5361 2025 5436 subscriptionibus,_sedmendis

444 5437 606 5490 ctiam
650 5433 848 5492 obsita.
895 5437 1137 5490 [labetur
1184 5435 1418 5503 denique
1468 5433 1611 5503 apud
1655 5433 2021 5503 Epiphaniam

445 5506 861 5571 Scholastieum,
888 5506 1137 5561 Historia:
1162 5506 1449 5572 tripertitae
1480 5505 1575 5558 lib.
1606 5519 1643 5565 ι,
1670 5519 1789 5572 cap.
1816 5503 1902 5555 15.

516 5579 542 5617 κ
566 5579 676 5631 Καὶ
703 5576 1034 5645 Σαρμάτης.
1066 5578 1193 5631 Post
1220 5572 1511 5645 Σαρμάτης
1538 5574 1691 5629 addit
1736 5572 2017 5643 exemplar

444 5644 923 5706 Benediclinorum
961 5649 1010 5700 οι
1056 5648 1185 5701 ποτὲ
1232 5644 1620 5718 πρεσϐύτεροι·
1651 5652 1707 5698 et
1733 5660 1859 5703 mox
1895 5652 2019 5714 post

444 5719 622 5783 Γάῖος,
652 5721 699 5772 οἱ
734 5721 864 5772 ποτὲ
896 5719 1150 5772 διάκονοι.

575 5792 696 5844 Οὐκ
724 5789 815 5843 ἀεὶ
839 5792 870 5843 ό
895 5789 1037 5854 Θεὸς
1064 5787 1258 5855 πατὴρ
1280 5783 1372 5856 ἦν.
1398 5786 1479 5842 Gl.
1505 5785 1769 5856 Georgius
1803 5783 2013 5848 Bullus,

443 5859 499 5915 in
520 5860 636 5915 haec
661 5860 912 5929 dogmata
935 5858 1260 5929 Arianorum
1302 5856 1765 5920 animadverteris,
1791 5856 1890 5929 ait,
1920 5871 2017 5910 eos

440 5930 609 6000 Λόγον
634 5926 931 6002 duplicem,
961 5939 1020 5984 ut
1061 5938 1115 5983 et
1167 5928 1441 5999 duplicem
1470 5930 1666 5997 Σοφίαν
1713 5926 2009 5992 statuisse;

2130 5291 2365 5345 alterum
2392 5291 2447 5345 in
2484 5291 2602 5361 ipso
2627 5292 2787 5347 Patre
2818 5292 3152 5347 residentem
3181 5293 3370 5359 Λόγον,
3398 5293 3697 5348 naturalem

2129 5362 2301 5431 ipsius
2323 5373 2378 5418 ct
2403 5365 2713 5431 proprium;
2746 5379 2841 5432 per
2866 5378 3049 5432 quem,
3076 5371 3131 5417 et
3169 5364 3578 5417 universitatem
3619 5379 3705 5419 re-

2129 5446 2251 5487 rum
2274 5442 2327 5486 et
2356 5436 2523 5499 Λόγον
2544 5434 2709 5488 alium
2734 5434 3271 5497 condidit;‘alterum
3295 5450 3323 5487 a
3352 5435 3509 5488 Patre
3536 5442 3593 5487 et
3614 5434 3703 5490 in-

2120 5503 2227 5575 sito
2244 5505 2400 5572 Λόγῳ
2424 5515 2790 5571 procreatum,
2809 5504 2900 5575 qui
2921 5504 3092 5571 Λόγος
3114 5506 3429 5559 nominetur
3452 5505 3705 5570 abusive,
3729 5564 3736 5572 ,

2115 5574 2316 5643 quippe
2342 5578 2434 5643 qui
2479 5575 2903 5650 neegenuinum
2947 5576 3067 5650 ejus
3089 5576 3328 5650 Yerhum
3355 5576 3445 5639 sit,
3476 5576 3703 5650 nee‘ipsi

2115 5655 2471 5705 comternum,
2502 5647 2597 5698 sed
2625 5646 2682 5709 ἐξ
2704 5648 2801 5698 οὐκ
2843 5647 3009 5699 ὄντων
3035 5646 3065 5699 a
3094 5646 3203 5699 Deo
3244 5648 3391 5700 hunc
3432 5646 3694 5705 mundam

2114 5716 2405 5785 conditum
2430 5718 2606 5770 factus
2631 5717 2834 5777 fuerit:
2876 5726 2931 5770 et
2968 5717 3113 5770 hunc
3140 5719 3501 5785 posteriorem
3528 5718 3697 5782 Λόγον

2115 5784 2454 5925 gli1121)Dei
2499 5788 2772 5843 dicebant.
2803 5788 3037 5858 (Defens.
3070 5784 3214 5842 Fidei
3255 5788 3395 5853 Nic,
3445 5795 3579 5843 sect.
3605 5786 3691 5855 ιιι,

2179 5872 2235 5925 p.
2305 5899 2316 5910 .

2113 5870 2235 5927 cap.
2260 5870 2316 5912 4.
