4514 6578
864 420 932 472 39
2317 407 2652 466 SUCRATIS
2835 473 2839 477 I
4053 416 4120 470 ιο

1501 534 1650 589 CAP.
1711 532 1795 588 Ill.

757 659 766 666 -
867 627 1136 692 Quomodo
1178 627 1303 680 dum
1341 624 1720 682 Constantinus
1761 642 1845 678 ros
1877 623 2298 678 Christianorum
2323 643 2440 678 am-

934 697 1216 778 pli/itaret,
1245 697 1472 750 Licinius
1519 698 1630 765 ejus
1675 695 1875 766 collega
1900 696 2105 748 eosdem
2144 706 2440 766 persecutus

931 774 1022 820 sit.
2297 815 2302 819 .

937 858 1005 912 Et
1041 856 1436 912 Constantinus
1465 856 1688 926 quidem
1723 856 1852 925 imp.
1883 854 2086 910 Christi
2123 854 2440 925 religionem

866 946 1169 1016 amplexus,
1193 953 1390 1000 cuncta
1416 945 1611 1014 agebat
1645 952 1901 1013 tanquam
1926 943 2273 998 Christianus
2296 961 2308 996 :
2345 960 2440 998 ec-

867 1038 1068 1093 clesias
1121 1046 1490 1100 construens,
1538 1052 1742 1106 easque
1806 1035 2112 1106 magniﬁcis
2166 1051 2442 1091 exornans

868 1130 1144 1185 donariis:
1177 1129 1469 1199 gentilium
1501 1136 1686 1182 autem
1723 1128 1923 1197 templa
1959 1127 2221 1181 claudens
2257 1141 2322 1181 ac
2352 1127 2438 1180 di-

868 1239 1056 1288 ruens,
1079 1230 1136 1278 et
1156 1230 1366 1277 statuas
1404 1221 1460 1275 in
1490 1221 1596 1275 illis
1622 1221 1829 1290 positas
1858 1220 2164 1290 publicans.
2197 1219 2442 1274 Licinius

865 1333 999 1371 vero
1038 1317 1159 1386 ejus
1205 1315 1434 1385 collega,
1465 1313 1750 1384 gentilium
1787 1312 2071 1367 erroribus
2109 1312 2440 1382 implicatus,

863 1407 1058 1461 oderat
1083 1403 1446 1460 Christianos.
1479 1403 1547 1457 Et
1564 1403 1743 1472 palam
1766 1401 1986 1472 quidem
2004 1402 2442 1471 persecutionem

864 1498 1129 1553 adversus
1153 1513 1249 1551 eos
1274 1496 1553 1551 concitare
1582 1495 1808 1549 minime
1833 1493 2091 1560 audebat,
2119 1502 2268 1548 metu
2287 1495 2440 1564 prin-

866 1591 1005 1660 cipis
1031 1589 1399 1645 Constantini.
1427 1588 1610 1642 Multis
1632 1595 1813 1640 tamcn
1839 1587 2052 1640 occulte
2080 1587 2329 1640 struebat
2354 1587 2440 1640 in-

866 1683 1052 1737 sidias.
1103 1681 1347 1736 Tandem
1389 1693 1522 1732 vero
1580 1693 1677 1731 eos
1719 1684 1909 1747 aperto
1964 1685 2138 1731 marte
2184 1676 2442 1747 persequi

865 1789 1152 1844 aggressus
1174 1781 1277 1827 est.
1310 1772 1486 1841 Atque
1513 1769 1629 1830 hare
1661 1769 1883 1838 quidem
1913 1769 2224 1840 persecutio
2251 1770 2444 1825 localis

865 1863 988 1918 fuit.
1011 1865 1070 1918 lu
1096 1864 1163 1918 iis
1199 1864 1347 1918 enim
1373 1860 1911 1930 duntaxatpartibus
1930 1867 2172 1931 grassata
2199 1868 2285 1916 est
2322 1877 2444 1932 qua:

865 1957 972 2010 sub
1023 1957 1234 2010 ditione
1276 1963 1437 2009 erant
1486 1953 1705 2008 Licinii.
1754 1953 1879 2007 Hmc
1915 1961 1973 2007 et
2012 1953 2283 2024 ejusmodi
2336 1953 2444 2008 alia

867 2050 1152 2122 tyranuice
1175 2063 1373 2119 gerens
1404 2046 1672 2108 Licinius,
1697 2045 2118 2100 Constantinum
2155 2045 2444 2116 haudqua-

864 2155 1030 2211 quam
1059 2140 1236 2194 latuit.
1260 2137 1432 2204 Quem
1464 2153 1590 2192 cum
1616 2137 1822 2191 idcirco
1847 2136 2166 2207 gravissime
2197 2152 2443 2192 commo-

865 2240 982 2286 tum
1016 2247 1136 2287 esse
1163 2230 1511 2301 intelligeret,
1535 2243 1766 2300 purgare
1805 2243 1864 2283 se
1895 2227 2040 2298 apud
2081 2227 2232 2282 illum
2279 2229 2442 2284 insti-

867 2323 992 2377 tuit.
1028 2323 1098 2377 Et
1118 2321 1336 2376 blandis
1369 2318 1841 2376 assentationibus
1872 2335 1999 2372 cum
2033 2320 2336 2386 deliniens,
2370 2321 2451 2376 si-

866 2417 1087 2470 mulata:
1118 2413 1374 2468 amicitia;
1402 2428 1529 2467 eum
1563 2426 1632 2466 eo
1666 2410 1844 2465 fmdus
1881 2411 2107 2482 pepigit,
2149 2412 2449 2468 identidem

862 2510 1055 2581 jurans
1098 2523 1156 2563 se
1191 2506 1330 2560 nihil
1359 2520 1600 2576 unquam
1638 2504 1922 2576 tyrannice
1966 2504 2307 2559 moliturum.
2343 2504 2451 2560 Sed

863 2601 1194 2677 iuramentis
1231 2600 1587 2671 eonjunctum
1631 2607 1754 2653 erat
1791 2597 2116 2669 perjurium.
2157 2599 2448 2668 Nunquam

863 2696 1015 2751 enim
1054 2709 1158 2748 nec
1187 2708 1219 2747 a
1248 2690 1551 2763 tyrannicis
1586 2690 1855 2745 adversus
1886 2689 2309 2745 Constantinum
2331 2706 2452 2744 ma-

866 2784 1309 2848 ehinationibus,
1352 2798 1457 2836 nec
1494 2797 1525 2836 a
1575 2781 1959 2850 persecutione
2009 2780 2451 2837 Christianorum

865 2876 1152 2932 abstinuit.
1175 2874 1387 2944 Quippe
1417 2873 1535 2944 lege
1568 2873 1678 2926 lata
1700 2912 1715 2936 ,
1755 2872 2042 2942 episcopos
2075 2871 2142 2926 ad
2166 2872 2451 2942 gentilium

865 2968 1012 3022 :edes
1039 2966 1216 3022 vetuit
1237 2963 1524 3028 accedere,
1553 2978 1622 3017 ne
1650 2961 1864 3017 scilicet
1895 2961 2336 3016 Christianorum
2360 2978 2450 3017 re-

867 3059 1001 3130 ligio
1023 3056 1339 3128 huiusmodi
1371 3055 1602 3110 obtentu
1621 3062 2038 3126 propagaretur.
2074 3050 2314 3123 Eratque
2339 3053 2453 3108 hmc

3161 529 3414 582 ΚΕΦΑΔ.
3450 525 3487 578 Γ
3509 565 3522 578 .

2549 617 2682 684 Πῶς
2731 619 3192 673 Κωνστιιντίνου
3257 618 3330 672 τὰ
3384 617 3756 687 Χριστιανῶν
3805 619 4117 686 αὔξοντος.

2595 688 2922 809 ’ᾼὲξιίννιος
2967 693 2998 741 ό
3041 690 3506 760 συμϐασιλεύων
3529 688 3692 754 αὐτῷ
3729 689 4120 759 Χριστιανοὺς

2619 775 2649 809 ε·
2691 776 2888 809 ιωκεν.

2619 775 2888 813 ιιόιωκεν.

2631 851 2791 903 Ἀλλά
2819 853 3222 916 Κωνσταντίνος
3276 856 3374 922 μὲν
3416 855 3445 906 6
3478 851 3729 923 βασιλεὺς
3757 852 3826 905 τὰ
3857 852 3950 906 τοῦ
3985 853 4118 923 Χρε-

2550 943 2675 995 στοῦ
2720 944 2952 1015 φρονῶν,
2997 947 3172 1000 πάντα
3219 945 3295 1010 ὠς
3336 945 3658 1016 Χριστιανὸς
3701 944 3990 1016 ἔπραττεν,
4029 946 4120 998 ἀν-

2547 1032 2776 1104 εγείρων
2817 1035 2917 1098 τὰς
2953 1035 3267 1103 ἐκκλησίας,
3308 1038 3402 1089 καί¹
3429 1037 3742 1090 πολυτελέσι
3788 1035 3964 1105 τιμῶν
3989 1035 4120 1088 ἀνα-

2547 1124 2786 1196 θήμασιν
2807 1143 2822 1156 °
2849 1127 2930 1180 ἔτι
2955 1128 3012 1181 δὲ
3040 1129 3280 1192 καὶτοὺς
3320 1128 3584 1199 Ἑλλήνων
3614 1129 3773 1192 ναοὺς
3808 1127 4001 1180 κλείων
4029 1125 4123 1179 καὶ

2546 1215 2847 1287 καθαιρῶν,
2889 1209 2983 1270 καὶ
3010 1217 3345 1288 δημοσιεύων
3377 1219 3445 1273 τὰ
3475 1221 3533 1272 ἐν
3577 1219 3760 1282 αὐτοῖς
3803 1216 4116 1287 ἀγάλματα.

2546 1308 2818 1372 Λικίννιος
2859 1309 2916 1362 δὲ
2959 1311 2989 1362 ό
3031 1311 3444 1381 συμϐασιλεύων
3487 1312 3656 1383 αὐτῷ,
3702 1311 3799 1375 τὰς
3837 1308 4121 1379 ὲλληνικάς

2547 1397 2687 1469 ἔχων
2726 1399 2901 1466 δόξας,
2953 1401 3135 1471 ἐμίσει
3178 1401 3554 1474 Χριστιανούς.
3588 1403 3696 1456 Καὶ
3737 1401 3975 1472 διωγμὸν
4023 1401 4123 1471 μὲν

2548 1494 2822 1564 προφανῆ,
2853 1493 3003 1564 φόϐῳ
3037 1494 3132 1547 τοῦ
3168 1494 3434 1565 βασιλέως
3473 1494 3904 1556 Κωνσταντίνου,
3952 1494 4124 1545 κινεῖν

2549 1585 2928 1642 ὑπεστέλλετο.
2980 1588 3294 1658 Λεληθότως
3355 1588 3412 1641 δὲ
3460 1588 3687 1651 πολλοὺς
3742 1587 4122 1656 ἐσκευωρεῖτο.

2548 1678 2761 1750 Προῖὼν
2784 1679 2862 1747 δὲ,
2886 1681 2983 1733 καὶ
3021 1681 3269 1752 φανερῶς
3299 1681 3498 1743 αὐτοὺς
3541 1679 3798 1751 βλάπτειν
3827 1677 4120 1748 ἐπεχείρει.

2548 1771 2657 1824 Καὶ
2701 1771 2809 1844 γὰρ
2855 1766 3008 1836 οὗτος
3059 1776 3088 1828 6
3119 1774 3358 1844 διωγμὸς
3406 1773 3648 1838 τοπικός.
3686 1771 3855 1825 Ἔνθα
3906 1771 4015 1842 γὰρ
4055 1766 4125 1840 ἦν

2548 1861 2840 1928 Λικίννιος,
2876 1863 2994 1916 ἐκεῖ
3021 1864 3179 1935 μόνον
3207 1864 3438 1933 ἐγένετο.
3481 1864 3630 1918 Ἐπεὶ
3661 1863 3718 1916 δέ
3749 1862 3922 1916 ταῦτά
3945 1875 4004 1914 τε
4030 1861 4122 1914 καὶ

2549 1951 2712 2007 ἄλλα⁶
2747 1957 3085 2026 τυραννικῶς
3151 1958 3338 2022 ποιῶν,
3401 1956 3654 2027 οὐδαμῶς
3718 1956 4124 2008 Κωνσταντῖνον

2549 2045 2859 2100 ἐλάνθανεν.
2895 2048 3076 2116 Ἔγνω
3102 2065 3159 2101 τε
3190 2049 3286 2102 ἐπὶ
3312 2047 3522 2111 τούτοις
3544 2047 3960 2118 χαλεπαίνοντα,
3987 2045 4124 2115 πρὸς

2549 2137 2848 2207 ἀπολογίαν
2881 2140 3160 2211 ἐτρέπετο.
3197 2140 3306 2194 Καὶ
3335 2139 3653 2212 θεραπεύων
3677 2139 3860 2204 αὐτὸν,
3883 2136 4124 2209 πλαστὴν

2550 2231 2730 2302 φιλίαν
2764 2231 3072 2296 ἐσπένδετο,
3106 2232 3334 2296 πολλοὺς
3376 2233 3571 2305 ὅρκους
3603 2233 3793 2303 ὀμνὺς,
3831 2230 3994 2302 μηδὲν
4027 2247 4124 2282 τυ-

2552 2321 2805 2392 ραννικὸν
2865 2324 3155 2394 φρονήσειν
3218 2323 3380 2377 ποτέ’
3441 2323 3561 2394 ἅμα
3627 2340 3688 2376 τε
3768 2323 3960 2394 όμνὺς.
4029 2322 4125 2375 καὶ

2548 2413 2841 2484 ἐπιορκῶν.
2875 2414 2950 2466 Ού
2975 2413 3083 2485 γάρ
3117 2413 3424 2484 μετετίθετο
3456 2413 3550 2468 τοῦ
3601 2416 3816 2485 φρονεῖν
3853 2430 3911 2466 τε
3938 2411 4008 2466 τά
4033 2430 4126 2465 τυ-

2554 2504 2805 2576 ραννικὰ.
2825 2504 2920 2558 καὶ
2947 2506 3090 2559 κατά
3109 2506 3451 2577 Χριστιανῶν
3473 2510 3642 2560 κινεῖν
3667 2506 3928 2578 διωγμόν.
3957 2506 4126 2576 Νόμῳ

2549 2599 2658 2668 γὰρ
2691 2597 2961 2660 ἐκέλευσε,
2989 2599 3115 2662 τοὺς
3146 2600 3474 2664 ἐπισκόπους
3509 2599 3584 2669 μὴ
3615 2601 3804 2670 φοιτᾷν
3834 2600 3963 2670 παρ’
3999 2599 4128 2651 Ἔλ-

2549 2688 2726 2760 λησιν,
2761 2689 2835 2754 ὼς
2863 2691 2929 2745 ἂν
2953 2691 3029 2761 μὴ
3055 2689 3170 2760 ἔχοι
3199 2692 3471 2760 πρόφασιν
3500 2691 3758 2756 αὔξεσθαι
3785 2693 3853 2747 τὰ
3869 2694 4128 2764 Χριστια-

2552 2773 2678 2832 νῶν.
2706 2773 2814 2831 Ἦν
2841 2779 2898 2832 δὲ
2941 2781 2970 2832 ὁ
2996 2779 3233 2851 διωγμὸς
3268 2781 3664 2853 θρυλλούμενος
3714 2783 3773 2836 ἐν
3808 2784 3988 2854 ταύτῷ
4034 2785 4128 2837 καὶ

2553 2870 2880 2943 ἀπόρρητος.
2930 2872 3258 2943 Ἐκρύπτετό
3305 2891 3364 2926 τε
3409 2873 3485 2945 τῷ
3531 2874 3692 2944 λόγῳ,
3745 2874 3840 2928 καὶ
3873 2874 4018 2946 ἔργῳ
4058 2870 4127 2946 ἦν

2555 2961 2807 3033 φανερός.
2878 2961 3177 3032 Ἀνήκεστα
3233 2962 3340 3034 γὰρ
3364 2963 3412 3016 οἰ
3465 2963 3806 3034 διωκόμενοι,
3852 2963 3931 3028 εἰς
3966 2981 4026 3017 τε
4064 2963 4127 3017 τὸ

2557 3051 2736 3124 σῶμα,
2763 3055 2857 3106 καὶ
2881 3055 2960 3118 εἰς
2985 3053 3052 3107 τά
3080 3055 3337 3126 χρήματα
3367 3055 3622 3126 ἔπασχον.

867 3151 1179 3223 persecutio
1203 3155 1392 3219 aperta
1418 3147 1580 3201 simul
1606 3154 1662 3202 et
1686 3146 1920 3202 occulta.
1951 3144 2087 3198 Nam
2111 3144 2296 3198 verbis
2321 3143 2543 3213 quidem
2586 3144 3038 3201 dissimulabatur
3067 3165 3080 3200 :
3130 3148 3309 3219 reipsa
3342 3165 3472 3205 vero
3505 3159 3626 3204 erat
3663 3148 4122 3206 manifestissima.

869 3242 909 3295 li
933 3241 1082 3296 enim
1110 3241 1207 3310 qui
1236 3234 1610 3309 perseeutioni
1649 3233 2028 3306 subjacebant,
2069 3232 2438 3288 intolerabilia
2478 3235 2620 3290 mala
2658 3243 2774 3291 tum
2807 3238 2864 3292 in
2897 3239 3078 3306 bonis,
3112 3248 3228 3296 tum
3265 3242 3322 3298 in
3357 3243 3680 3314 corporibus
3714 3244 3828 3298 suis
3849 3245 4126 3314 perpetie-

870 3333 1090 3388 bantur.

1519 3431 1670 3486 CAP.
1734 3431 1822 3486 IV.

943 3517 1190 3585 Qualiter
1224 3521 1366 3574 inter
1407 3521 1816 3578 Constantinum
1871 3534 1918 3577 et
1962 3522 2220 3577 Licinium
2257 3520 2451 3574 bellum

1181 3602 1396 3663 propter
1421 3592 1748 3648 Christianos
1775 3604 2016 3648 exortum
2045 3602 2142 3646 est.

943 3681 1053 3738 llas
1080 3683 1152 3737 ob
1183 3699 1399 3751 causas,
1422 3685 1817 3742 Constantinus
1849 3687 1979 3757 imp.
2015 3685 2281 3740 adversus
2303 3683 2451 3738 Lici-

871 3773 1024 3828 nium
1073 3775 1397 3845 gravissima
1458 3777 1832 3848 indignatione
1883 3777 2117 3832 exarsit:
2179 3783 2452 3846 ruptoque

873 3865 1142 3921 simulata:
1169 3867 1422 3922 amicitia!
1460 3868 1690 3933 fmdere,
1725 3869 1912 3922 hostes
1951 3868 2057 3922 sibi
2089 3876 2281 3922 mutuo
2324 3865 2452 3920 facti

872 3965 1021 4013 sunt.
1047 3959 1158 4013 Nec
1182 3959 1344 4029 longo
1364 3968 1488 4029 post
1508 3967 1753 4030 tempore
1776 3960 1922 4014 bello
1944 3975 2002 4013 se
2027 3959 2262 4013 invicem
2284 3973 2452 4028 appe-

876 4049 1105 4104 tierunt.
1143 4050 1436 4120 Multisque
1461 4051 1664 4120 praeliis
1689 4059 1835 4105 terra
1875 4049 2122 4119 marique
2161 4047 2452 4110 consertis,

877 4140 1099 4195 tandem
1146 4140 1215 4194 ad
1242 4140 1624 4211 Chrysopolim
1650 4141 1917 4212 Bithynize
1936 4181 1950 4204 ,
1975 4140 2124 4210 quod
2157 4139 2352 4194 navale
2370 4146 2456 4193 est

875 4233 1427 4299 Chalcedonensium,
1453 4233 1703 4290 devictus
1725 4232 1992 4297 Licinius,
2012 4231 2374 4287 Constantino
2398 4249 2455 4288 se

878 4321 1108 4377 dedidit.
1141 4322 1311 4377 Porro
1347 4321 1743 4378 Constantinus
1793 4329 2012 4391 captum
2057 4321 2313 4375 tractavit
2350 4321 2457 4377 hu-

878 4414 1228 4470 manissime:
1258 4429 1360 4470 nec
1392 4415 1504 4469 ullo
1534 4413 1793 4469 affectum
1833 4413 2104 4484 supplicio
2124 4453 2139 4477 ,
2161 4413 2456 4468 Thessalo-

880 4506 1017 4561 nica:
1044 4507 1231 4576 quiete
1281 4514 1337 4560 et
1373 4514 1566 4576 pacate
1611 4505 1668 4576 9
1711 4506 1908 4576 degere
1941 4505 2216 4575 praecepit.
2257 4504 2328 4559 At
2365 4505 2457 4559 ille

879 4613 1005 4654 cum
1047 4595 1444 4665 aliquantisper
1478 4595 1804 4664 quievisset,
1835 4594 2082 4650 collectis
2115 4601 2302 4665 postea
2329 4597 2455 4665 qui-

879 4687 1110 4744 busdam
1132 4685 1406 4749 barbaris,
1433 4685 1643 4739 cladem
1682 4700 1836 4740 suam
1870 4684 2136 4739 resarcire
2167 4700 2231 4740 ac
2253 4685 2456 4740 bellum

3171 3431 3425 3484 ΚΕΦΛΛ.
3455 3433 3528 3484 Δ’.

2555 3523 2683 3575 Ὀτι
2705 3523 2961 3590 πόλεμος
2980 3523 3206 3590 μεταξὺ
3226 3526 3684 3579 Κωνσταντίνου
3701 3527 3798 3580 καί
3825 3531 4128 3584 Λικιννίου

2939 3593 3038 3647 διὰ
3062 3595 3454 3661 Χριστιανοὺς
3479 3595 3738 3663 ἐγένετο.

2636 3683 2730 3737 Ἑκ
2750 3684 2808 3738 δὲ
2835 3686 3049 3750 τούτου,
3077 3687 3214 3756 πρὸς
3243 3686 3539 3757 ἀπέχθειαν
3566 3690 3830 3761 μεγίστην
3851 3691 3942 3744 τὸν
3975 3691 4127 3763 βασι-

2552 3776 2650 3830 λέα
2677 3778 3084 3830 Κωνσταντῖνον
3113 3777 3381 3847 ἐκίνησεν.
3412 3775 3591 3833 Ἧσάν
3617 3798 3677 3833 τε
3723 3782 3990 3854 πολέμιοι,
4020 3785 4127 3837 δια-

2553 3865 2814 3938 κοπείσης
2866 3868 3049 3931 αὐτοῖς
3097 3867 3197 3939 τῆς
3258 3867 3592 3922 ἐπιπλάστου
3643 3871 3840 3939 φιλίας.
3895 3875 4008 3927 Ούκ
4049 3875 4127 3937 εἰς

2557 3961 2775 4029 μακράν
2814 3976 2874 4012 τε
2925 3961 3006 4023 εἰς
3059 3959 3120 4012 τὸ
3171 3959 3428 4029 πολεμεῖν
3479 3961 3740 4031 ἀλλήλους
3786 3965 4124 4036 ἐτράπησαν.

2556 4054 2666 4106 Καὶ
2701 4051 2910 4106 πολλῶν
2941 4051 3245 4122 γενομένων
3290 4052 3576 4121 συμϐολῶν
3601 4056 3695 4108 καὶ
3728 4056 3870 4108 κατὰ
3902 4057 4004 4127 γῆν
4033 4058 4126 4112 καὶ

2555 4143 2698 4197 κατὰ
2723 4144 3009 4209 θάλατταν,
3040 4143 3192 4206 τέλος
3211 4143 3344 4215 πρὸς
3366 4145 3702 4216 Χρυσόπολιν
3723 4147 3824 4217 τῆς
3853 4148 4123 4214 Βιθυνίας,

2556 4231 2790 4286 ἐπίνειον
2832 4230 2889 4284 δὲ
2934 4230 3088 4284 τοῦτο
3137 4231 3235 4303 τῆς
3276 4233 3616 4304 Χαλκηδόνος
3668 4237 3834 4299 ἐστὶν,
3875 4240 4128 4310 ἡττηθεὶς

2557 4323 2814 4387 ἐξέδωκεν
2838 4323 3046 4376 ἑαυτόν.
3077 4323 3262 4377 Ζῶντα
3283 4319 3374 4377 οὖν
3395 4324 3670 4380 συλλαϐὼν
3695 4328 3885 4395 φιλανθ
3893 4331 4126 4399 ρωπεύε-

2556 4431 2682 4468 ται’
2719 4414 2814 4467 καὶ
2841 4414 3040 4468 κτείνει
3090 4415 3188 4485 μὲν
3229 4416 3500 4487 οὐδαμῶς,
3542 4420 3709 4472 οἰκεῖν
3755 4420 3813 4473 δὲ
3852 4422 3953 4496 τὴν
3989 4423 4123 4476 Geo-

2561 4506 2846 4576 σαλονίκην
2871 4505 3200 4576 προσέταξεν
3222 4507 3579 4577 ἡσυχάζοντα.
3618 4510 3680 4566 Ὀ
3699 4511 3756 4565 δὲ
3781 4513 3916 4584 πρὸς
3947 4515 4124 4584 ὀλίγον

2557 4597 2860 4667 ἡσυχάσας.
2918 4595 3144 4667 ὕστερον
3211 4596 3516 4668 βαρϐάρους
3572 4601 3726 4664 τινὰς
3780 4605 4122 4673 συναγαγὼν,

2558 4685 3005 4756 ἀναμαχέσασθαι
3038 4685 3135 4757 τὴν
3170 4681 3340 4758 ἧτταν
3379 4689 3726 4756 ἐσπούδαζεν.
3757 4693 3926 4747 Τοῦτο
3968 4699 4126 4763 γνοὺς

881 4795 1136 4851 reparare
1174 4787 1404 4834 conatus
1426 4787 1529 4833 est.
1563 4777 1682 4844 Quo
1724 4786 2026 4846 comperto,
2061 4775 2454 4834 Constantinus
2488 4773 2530 4828 D
2557 4779 2586 4832 6
2620 4777 2664 4849 β(

2340 4779 2454 4834 inus
2488 4773 2530 4828 ι)
2557 4779 2586 4832 ό
2620 4777 2890 4849 βασιλεὺς,
2942 4778 3294 4849 ἀναιρεθῆναι
3342 4781 3503 4834 αὐτὸν
3545 4783 3863 4854 προσέταξε.
3893 4787 4002 4839 Καὶ
4029 4805 4123 4840 κε-

881 4889 1005 4927 eum
1040 4871 1228 4927 necari
1265 4871 1583 4925 mandavit:
1623 4871 1851 4940 ejusque
1878 4870 2033 4940 jussu
2081 4869 2327 4925 Licinius
2369 4876 2454 4923 est

881 4961 1114 5015 occisus.
1139 4961 1218 5015 lta
1240 4959 1634 5015 Constantinus
1658 4960 1823 5014 totius
1845 4959 1995 5014 orbis
2022 4960 2252 5014 Romani
2278 4960 2451 5030 impe-

884 5053 1026 5107 rium
1063 5052 1314 5122 adeptus,
1339 5061 1396 5106 et
1433 5052 1562 5122 imp.
1606 5060 1770 5121 atque
1809 5052 2084 5121 Augustus
2126 5056 2452 5124 appellatus,

884 5143 1066 5198 denuo
1097 5144 1164 5197 ad
1189 5159 1278 5196 res
1303 5141 1742 5198 Christianorum
1778 5141 2184 5210 ampliﬁcandas
2211 5145 2455 5199 studium

886 5252 1046 5290 suum
1089 5235 1342 5289 contulit.
1384 5234 1539 5300 Quod
1585 5235 1806 5303 quidem
1845 5234 2014 5290 variis
2038 5236 2216 5291 modis
2254 5237 2324 5291 ab
2363 5237 2458 5290 illo

888 5336 972 5383 est
993 5327 1292 5397 pnestitum
1316 5346 1327 5380 :
1351 5327 1488 5381 adeo
1513 5334 1574 5380 ut
1602 5327 1721 5397 ejus
1737 5343 1904 5398 opera
1920 5342 2006 5382 res
2021 5326 2458 5382 Christianorum

2560 4871 2846 4933 λεύσαντος
2873 4869 3034 4924 αὑτοῦ
3058 4870 3316 4942 ἀνῃρέθη.
3345 4872 3749 4938 Κωνσταντίνος
3775 4877 3954 4932 τοίνυν
3992 4880 4126 4934 πάν-

2559 4980 2666 5015 των
2686 4962 2972 5031 γενόμενος
2990 4961 3280 5033 ἐγκρατὴς,
3299 4963 3654 5035 αὐτοκράτωρ
3668 4983 3726 5019 τε
3745 4967 4125 5041 βασιλεὺςυὸὶ

2559 5052 2910 5122 ἀναδειχθεὶς,
2939 5053 3006 5106 τά
3031 5053 3369 5123 Χριστιανῶν
3390 5051 3546 5119 αὖθις
3567 5057 3694 5122 αὕξε
3705 5075 3752 5110 ιν
3776 5058 4120 5124 ἐσπούδαζεν.

2574 5143 2776 5197 Ἐποίει
2803 5161 2863 5196 τε
2892 5143 3048 5197 τοῦτο
3082 5144 3350 5216 διαφόρως
3375 5162 3389 5176 ⁸
3423 5147 3517 5200 καὶ
3543 5143 3610 5219 ἦν
3639 5151 3697 5201 ὲν
3721 5150 3911 5224 βαθείᾳ
3935 5153 4126 5226 εἰρήνῃ

2562 5235 2631 5288 τὰ
2670 5233 2762 5288 τοῦ
2802 5233 3230 5304 Χριστιανισμοῦ
3281 5234 3349 5288 δι’
3381 5236 3561 5290 αὐτόν.
3615 5239 3774 5293 Ἀλλὰ
3807 5241 3870 5310 δὴ
3899 5243 3999 5312 τὴν
4025 5261 4124 5311 τη-

2563 5325 2825 5396 λικαύτην
2850 5327 3072 5397 εἰρήνην
3104 5325 3363 5396 ἐμφύλιος
3383 5327 3490 5381 τῶν
3521 5330 3864 5400 Χριστιανῶν
3893 5334 4126 5404 πόλεμος

2084 5463 2168 5518 νΑ
2179 5461 2356 5519 LESII
2393 5461 2946 5519 ANNOTATIONES.

963 5580 1074 5651 (1
1101 5579 1485 5650 Αὐτοκράτωρ
1527 5579 1624 5634 καὶ
1652 5581 1967 5643 βασιλεύς.
1995 5580 2052 5634 In
2079 5581 2266 5636 codice
2291 5580 2462 5650 Regio

893 5659 950 5706 et
977 5650 1312 5706 Florentino
1356 5652 1510 5705 deest
1553 5651 1822 5720 particula
1862 5653 1973 5715 καὶ,
1999 5666 2161 5719 quam
2186 5651 2463 5720 supplevit

893 5720 1436 5792 Christophorsonus.
1484 5721 1612 5774 Mihi
1662 5736 1773 5792 non
1814 5721 2104 5792 admodum
2148 5721 2458 5792 necessaria

892 5790 1130 5847 videtur.
1155 5792 1309 5857 Quod
1337 5793 1382 5845 si
1420 5807 1540 5847 eam
1571 5791 1808 5845 retinere
1834 5791 2188 5855 voluerimus,
2215 5801 2328 5845 tum
2357 5790 2456 5859 βα-

901 5860 1076 5925 σιλεὺς
1099 5861 1398 5933 Augustum
1423 5861 1767 5933 signiﬁcabit,
1795 5877 1901 5916 non
1940 5871 1998 5915 ut
2020 5863 2184 5916 vertit
2205 5861 2453 5916 Christo-

2566 5580 2897 5660 phorsonus,
2924 5595 3128 5660 regem.
3175 5579 3382 5660 Alludit
3407 5580 3868 5660 autemSocrates
3891 5582 3958 5636 ad
3986 5583 4126 5660 mili-

2566 5660 2679 5704 tum
2725 5650 3163 5714 acclamationes,
3203 5652 3296 5718 qui
3339 5659 3461 5720 post
3508 5651 3775 5720 insignem
3817 5653 4122 5714 victoriam,

2603 5721 3055 5789 rineipem,suum
3100 5721 3487 5792 imperatorem
3520 5731 3576 5775 et
3605 5721 3904 5792 Augustum
3936 5724 4122 5792 appel-

2580 5805 2673 5846 are
2697 5799 3111 5864 consueverant.
3139 5791 3285 5864 Idem
3311 5791 3581 5864 faciebant
3605 5791 3771 5858 cives,
3808 5808 3931 5847 cum
3972 5791 4122 5864 prin-

2559 5875 2686 5930 ccps
2710 5863 2882 5916 victor
2910 5862 2962 5915 in
3003 5863 3193 5915 urbem
3220 5863 3490 5915 introiret.
