  <div class='ocr_page' id='page_1' title='image "/cluster/home/n/w/nwhite01/storage/ocr_20150623/67/pst.000009865921/028.png"; bbox 0 0 4514 6578; ppageno 0'>
   <div class='ocr_carea' id='block_1_1' title="bbox 368 443 3627 511">
    <p class='ocr_par' dir='ltr' id='par_1_1' title="bbox 368 443 3627 511">
     <span class='ocr_line' id='line_1_1' title="bbox 368 443 3627 511; baseline -0.002 -1"><span class='ocrx_word' id='word_1_1' title='bbox 368 456 429 510; x_wconf 75' lang='grc' dir='ltr'>Η</span> <span class='ocrx_word' id='word_1_2' title='bbox 1356 453 1682 511; x_wconf 79' lang='lat' dir='ltr'><strong>HISTORIA</strong></span> <span class='ocrx_word' id='word_1_3' title='bbox 1723 443 2281 508; x_wconf 78' lang='lat' dir='ltr'><strong>ECCLESIASTICA.</strong></span> <span class='ocrx_word' id='word_1_4' title='bbox 2324 486 2390 495; x_wconf 89' lang='lat'><strong>-——</strong></span> <span class='ocrx_word' id='word_1_5' title='bbox 2432 455 2556 508; x_wconf 80' lang='lat' dir='ltr'><strong>LIB.</strong></span> <span class='ocrx_word' id='word_1_6' title='bbox 2601 456 2639 508; x_wconf 94' lang='grc'><strong>1.</strong></span> <span class='ocrx_word' id='word_1_7' title='bbox 3557 451 3627 505; x_wconf 69' lang='grc'><strong>42</strong></span> 
     </span>
    </p>
   </div>
   <div class='ocr_carea' id='block_1_2' title="bbox 368 562 2151 641">
    <p class='ocr_par' dir='ltr' id='par_1_2' title="bbox 368 562 2151 641">
     <span class='ocr_line' id='line_1_2' title="bbox 368 562 2151 641; baseline -0.002 -15"><span class='ocrx_word' id='word_1_8' title='bbox 368 573 684 641; x_wconf 66' lang='grc' dir='ltr'>διαδέχιται.</span> <span class='ocrx_word' id='word_1_9' title='bbox 718 570 813 629; x_wconf 75' lang='grc' dir='ltr'>Τίς</span> <span class='ocrx_word' id='word_1_10' title='bbox 834 568 887 621; x_wconf 78' lang='grc' dir='ltr'>δὲ</span> <span class='ocrx_word' id='word_1_11' title='bbox 918 563 985 638; x_wconf 81' lang='grc' dir='ltr'><strong>ἦν</strong></span> <span class='ocrx_word' id='word_1_12' title='bbox 1015 562 1186 631; x_wconf 69' lang='grc' dir='ltr'>οὗτος,</span> <span class='ocrx_word' id='word_1_13' title='bbox 1217 569 1308 622; x_wconf 71' lang='grc' dir='ltr'>καὶ</span> <span class='ocrx_word' id='word_1_14' title='bbox 1348 570 1495 634; x_wconf 84' lang='grc' dir='ltr'>ὅπως</span> <span class='ocrx_word' id='word_1_15' title='bbox 1529 570 1686 623; x_wconf 78' lang='grc' dir='ltr'>ἔλασε</span> <span class='ocrx_word' id='word_1_16' title='bbox 1713 570 1812 641; x_wconf 85' lang='grc' dir='ltr'>τὴν</span> <span class='ocrx_word' id='word_1_17' title='bbox 1843 571 1941 641; x_wconf 82' lang='grc' dir='ltr'><strong>ἀρ-</strong></span> <span class='ocrx_word' id='word_1_18' title='bbox 1974 579 2017 633; x_wconf 83' lang='grc' dir='ltr'><strong>Α</strong></span> <span class='ocrx_word' id='word_1_19' title='bbox 2049 571 2103 625; x_wconf 89' lang='lat' dir='ltr'><strong>in</strong></span> <span class='ocrx_word' id='word_1_20' title='bbox 2129 582 2151 623; x_wconf 92' lang='lat' dir='ltr'><strong>s</strong></span> 
     </span>
    </p>
   </div>
   <div class='ocr_carea' id='block_1_3' title="bbox 1843 562 3626 641">
    <p class='ocr_par' dir='ltr' id='par_1_3' title="bbox 1843 567 3626 641">
     <span class='ocr_line' id='line_1_3' title="bbox 1843 567 3626 641; baseline -0.002 -18"><span class='ocrx_word' id='word_1_21' title='bbox 1843 571 1941 641; x_wconf 82' lang='grc' dir='ltr'><strong>ἀρ-</strong></span> <span class='ocrx_word' id='word_1_22' title='bbox 1974 579 2017 633; x_wconf 83' lang='grc' dir='ltr'><strong>Α</strong></span> <span class='ocrx_word' id='word_1_23' title='bbox 2049 571 2103 625; x_wconf 92' lang='lat' dir='ltr'><strong>in</strong></span> <span class='ocrx_word' id='word_1_24' title='bbox 2129 582 2341 625; x_wconf 88' lang='lat' dir='ltr'><strong>summa</strong></span> <span class='ocrx_word' id='word_1_25' title='bbox 2367 585 2499 640; x_wconf 88' lang='lat' dir='ltr'><strong>pace</strong></span> <span class='ocrx_word' id='word_1_26' title='bbox 2537 585 2599 623; x_wconf 89' lang='lat' dir='ltr'><strong>ac</strong></span> <span class='ocrx_word' id='word_1_27' title='bbox 2630 568 2925 623; x_wconf 89' lang='lat' dir='ltr'><strong>securitate</strong></span> <span class='ocrx_word' id='word_1_28' title='bbox 2951 576 3154 623; x_wconf 89' lang='lat' dir='ltr'><strong>essent.</strong></span> <span class='ocrx_word' id='word_1_29' title='bbox 3188 568 3389 623; x_wconf 81' lang='lat' dir='ltr'><strong>Verum</strong></span> <span class='ocrx_word' id='word_1_30' title='bbox 3434 567 3626 638; x_wconf 52' lang='lat' dir='ltr'><strong>hujuss</strong></span> 
     </span>
    </p>
   </div>
   <div class='ocr_carea' id='block_1_4' title="bbox 370 655 1193 735">
    <p class='ocr_par' dir='ltr' id='par_1_4' title="bbox 370 655 1193 735">
     <span class='ocr_line' id='line_1_4' title="bbox 370 655 1193 735; baseline -0.007 -18"><span class='ocrx_word' id='word_1_31' title='bbox 370 666 490 735; x_wconf 84' lang='grc' dir='ltr'><strong>χὴν,</strong></span> <span class='ocrx_word' id='word_1_32' title='bbox 518 662 591 723; x_wconf 77' lang='grc' dir='ltr'>ὡς</span> <span class='ocrx_word' id='word_1_33' title='bbox 616 655 726 711; x_wconf 71' lang='grc' dir='ltr'>οἷόν</span> <span class='ocrx_word' id='word_1_34' title='bbox 753 676 809 711; x_wconf 89' lang='grc' dir='ltr'><strong>τε</strong></span> <span class='ocrx_word' id='word_1_35' title='bbox 842 658 1193 729; x_wconf 77' lang='grc' dir='ltr'>διηγήσομαι.</span> 
     </span>
    </p>
   </div>
   <div class='ocr_carea' id='block_1_5' title="bbox 2048 656 3627 729">
    <p class='ocr_par' dir='ltr' id='par_1_5' title="bbox 2048 656 3627 729">
     <span class='ocr_line' id='line_1_5' title="bbox 2048 656 3627 729; baseline -0.003 -16"><span class='ocrx_word' id='word_1_36' title='bbox 2048 658 2195 713; x_wconf 90' lang='lat' dir='ltr'><strong>modi</strong></span> <span class='ocrx_word' id='word_1_37' title='bbox 2238 675 2424 729; x_wconf 89' lang='lat' dir='ltr'><strong>pacem</strong></span> <span class='ocrx_word' id='word_1_38' title='bbox 2482 658 2802 712; x_wconf 88' lang='lat' dir='ltr'><strong>intestinum</strong></span> <span class='ocrx_word' id='word_1_39' title='bbox 2850 658 2995 711; x_wconf 88' lang='lat' dir='ltr'><strong>inter</strong></span> <span class='ocrx_word' id='word_1_40' title='bbox 3036 656 3377 712; x_wconf 88' lang='lat' dir='ltr'><strong>Christianos</strong></span> <span class='ocrx_word' id='word_1_41' title='bbox 3424 656 3627 711; x_wconf 89' lang='lat' dir='ltr'><strong>bellum</strong></span> 
     </span>
    </p>
   </div>
   <div class='ocr_carea' id='block_1_6' title="bbox 370 748 3630 819">
    <p class='ocr_par' dir='ltr' id='par_1_6' title="bbox 370 748 3630 819">
     <span class='ocr_line' id='line_1_6' title="bbox 370 748 3630 819; baseline -0.002 -10"><span class='ocrx_word' id='word_1_42' title='bbox 370 754 631 809; x_wconf 86' lang='lat' dir='ltr'><strong>continuo</strong></span> <span class='ocrx_word' id='word_1_43' title='bbox 652 750 884 819; x_wconf 73' lang='lat' dir='ltr'><strong>excepit.</strong></span> <span class='ocrx_word' id='word_1_44' title='bbox 915 749 1201 815; x_wconf 81' lang='lat' dir='ltr'><strong>Quodnam</strong></span> <span class='ocrx_word' id='word_1_45' title='bbox 1241 764 1372 803; x_wconf 89' lang='lat' dir='ltr'><strong>vero</strong></span> <span class='ocrx_word' id='word_1_46' title='bbox 1394 749 1558 804; x_wconf 82' lang='lat' dir='ltr'><strong>fuerit</strong></span> <span class='ocrx_word' id='word_1_47' title='bbox 1584 751 1687 805; x_wconf 89' lang='lat' dir='ltr'><strong>hoc</strong></span> <span class='ocrx_word' id='word_1_48' title='bbox 1717 751 1946 813; x_wconf 84' lang='lat' dir='ltr'><strong>bellum,</strong></span> <span class='ocrx_word' id='word_1_49' title='bbox 1987 758 2041 802; x_wconf 89' lang='lat' dir='ltr'><strong>et</strong></span> <span class='ocrx_word' id='word_1_50' title='bbox 2090 750 2234 804; x_wconf 92' lang='lat' dir='ltr'><strong>unde</strong></span> <span class='ocrx_word' id='word_1_51' title='bbox 2280 750 2496 803; x_wconf 87' lang='lat' dir='ltr'><strong>initium</strong></span> <span class='ocrx_word' id='word_1_52' title='bbox 2535 748 2847 817; x_wconf 85' lang='lat' dir='ltr'><strong>acceperit,</strong></span> <span class='ocrx_word' id='word_1_53' title='bbox 2886 748 3144 818; x_wconf 84' lang='lat' dir='ltr'><strong>deinceps</strong></span> <span class='ocrx_word' id='word_1_54' title='bbox 3170 765 3269 818; x_wconf 91' lang='lat' dir='ltr'><strong>pro</strong></span> <span class='ocrx_word' id='word_1_55' title='bbox 3302 749 3512 803; x_wconf 86' lang='lat' dir='ltr'><strong>viribus</strong></span> <span class='ocrx_word' id='word_1_56' title='bbox 3531 762 3630 803; x_wconf 44' lang='lat' dir='ltr'><strong>exe</strong></span> 
     </span>
    </p>
   </div>
   <div class='ocr_carea' id='block_1_7' title="bbox 370 860 590 917">
    <p class='ocr_par' dir='ltr' id='par_1_7' title="bbox 370 860 590 917">
     <span class='ocr_line' id='line_1_7' title="bbox 370 860 590 917; baseline -0.023 -18"><span class='ocrx_word' id='word_1_57' title='bbox 370 860 590 917; x_wconf 86' lang='lat' dir='ltr'><strong>ponam.</strong></span> 
     </span>
    </p>
   </div>
   <div class='ocr_carea' id='block_1_8' title="bbox 984 936 1343 991">
    <p class='ocr_par' dir='ltr' id='par_1_8' title="bbox 984 936 1343 991">
     <span class='ocr_line' id='line_1_8' title="bbox 984 936 1343 991; baseline -0.003 0"><span class='ocrx_word' id='word_1_58' title='bbox 984 938 1236 991; x_wconf 72' lang='grc' dir='ltr'><strong>ΚΕΦΛΛ.</strong></span> <span class='ocrx_word' id='word_1_59' title='bbox 1272 936 1343 990; x_wconf 83' lang='grc' dir='ltr'>Ε’.</span> 
     </span>
    </p>
   </div>
   <div class='ocr_carea' id='block_1_9' title="bbox 372 1026 1945 1099">
    <p class='ocr_par' dir='ltr' id='par_1_9' title="bbox 372 1026 1945 1099">
     <span class='ocr_line' id='line_1_9' title="bbox 372 1026 1945 1099; baseline -0.003 -14"><span class='ocrx_word' id='word_1_60' title='bbox 372 1031 508 1099; x_wconf 72' lang='grc' dir='ltr'>Περὶ</span> <span class='ocrx_word' id='word_1_61' title='bbox 544 1028 653 1095; x_wconf 83' lang='grc' dir='ltr'>τῆς</span> <span class='ocrx_word' id='word_1_62' title='bbox 700 1026 920 1096; x_wconf 79' lang='grc' dir='ltr'><strong>Ἀρείου</strong></span> <span class='ocrx_word' id='word_1_63' title='bbox 952 1028 1102 1093; x_wconf 68' lang='grc' dir='ltr'>πρὸς</span> <span class='ocrx_word' id='word_1_64' title='bbox 1143 1026 1543 1099; x_wconf 66' lang='grc' dir='ltr'>Ἀλέξανδρον</span> <span class='ocrx_word' id='word_1_65' title='bbox 1575 1028 1681 1081; x_wconf 75' lang='grc' dir='ltr'><strong>τὸν</strong></span> <span class='ocrx_word' id='word_1_66' title='bbox 1709 1027 1945 1080; x_wconf 82' lang='grc' dir='ltr'>ἐπίσκο-</span> 
     </span>
    </p>
   </div>
   <div class='ocr_carea' id='block_1_10' title="bbox 900 1098 1435 1164">
    <p class='ocr_par' dir='ltr' id='par_1_10' title="bbox 900 1098 1435 1164">
     <span class='ocr_line' id='line_1_10' title="bbox 900 1098 1435 1164; baseline 0 -16"><span class='ocrx_word' id='word_1_67' title='bbox 900 1114 1017 1149; x_wconf 77' lang='grc' dir='ltr'>πον</span> <span class='ocrx_word' id='word_1_68' title='bbox 1048 1098 1435 1164; x_wconf 67' lang='grc' dir='ltr'><strong>φιλονεικίας.</strong></span> 
     </span>
    </p>
   </div>
   <div class='ocr_carea' id='block_1_11' title="bbox 441 1187 1945 1259">
    <p class='ocr_par' dir='ltr' id='par_1_11' title="bbox 441 1187 1945 1259">
     <span class='ocr_line' id='line_1_11' title="bbox 441 1187 1945 1259; baseline -0.001 -16"><span class='ocrx_word' id='word_1_69' title='bbox 441 1189 593 1244; x_wconf 86' lang='grc' dir='ltr'><strong>Μετὰ</strong></span> <span class='ocrx_word' id='word_1_70' title='bbox 615 1189 820 1259; x_wconf 81' lang='grc' dir='ltr'><strong>Πέτρον</strong></span> <span class='ocrx_word' id='word_1_71' title='bbox 849 1200 872 1226; x_wconf 73' lang='grc' dir='ltr'><strong>θ</strong></span> <span class='ocrx_word' id='word_1_72' title='bbox 903 1188 994 1240; x_wconf 74' lang='grc' dir='ltr'>τὸν</span> <span class='ocrx_word' id='word_1_73' title='bbox 1038 1187 1329 1256; x_wconf 87' lang='grc' dir='ltr'>γενόμενον</span> <span class='ocrx_word' id='word_1_74' title='bbox 1362 1190 1661 1242; x_wconf 73' lang='grc' dir='ltr'>ἐπίσκοπον</span> <span class='ocrx_word' id='word_1_75' title='bbox 1705 1189 1945 1255; x_wconf 74' lang='grc' dir='ltr'>Ἀλεξανο</span> 
     </span>
    </p>
   </div>
   <div class='ocr_carea' id='block_1_12' title="bbox 370 1280 1949 1354">
    <p class='ocr_par' dir='ltr' id='par_1_12' title="bbox 370 1280 1949 1354">
     <span class='ocr_line' id='line_1_12' title="bbox 370 1280 1949 1354; baseline 0.001 -18"><span class='ocrx_word' id='word_1_76' title='bbox 370 1282 571 1354; x_wconf 87' lang='grc' dir='ltr'>δρείας,</span> <span class='ocrx_word' id='word_1_77' title='bbox 598 1281 689 1333; x_wconf 75' lang='grc' dir='ltr'>τὸν</span> <span class='ocrx_word' id='word_1_78' title='bbox 715 1282 807 1335; x_wconf 71' lang='grc' dir='ltr'>καὶ</span> <span class='ocrx_word' id='word_1_79' title='bbox 833 1282 924 1333; x_wconf 73' lang='grc' dir='ltr'><strong>ἐπὶ</strong></span> <span class='ocrx_word' id='word_1_80' title='bbox 947 1280 1328 1349; x_wconf 81' lang='grc' dir='ltr'>Διοκλητιανοῦ</span> <span class='ocrx_word' id='word_1_81' title='bbox 1358 1283 1802 1352; x_wconf 80' lang='grc' dir='ltr'><strong>μαρτυρήσαντα,</strong></span> <span class='ocrx_word' id='word_1_82' title='bbox 1832 1284 1949 1338; x_wconf 88' lang='grc' dir='ltr'>δια-</span> 
     </span>
    </p>
   </div>
   <div class='ocr_carea' id='block_1_13' title="bbox 371 1370 1947 1441">
    <p class='ocr_par' dir='ltr' id='par_1_13' title="bbox 371 1370 1947 1441">
     <span class='ocr_line' id='line_1_13' title="bbox 371 1370 1947 1441; baseline 0 -17"><span class='ocrx_word' id='word_1_83' title='bbox 371 1370 583 1440; x_wconf 76' lang='grc' dir='ltr'><strong>δέχεται</strong></span> <span class='ocrx_word' id='word_1_84' title='bbox 606 1370 704 1441; x_wconf 84' lang='grc' dir='ltr'>τὴν</span> <span class='ocrx_word' id='word_1_85' title='bbox 738 1370 1043 1440; x_wconf 68' lang='grc' dir='ltr'>ἐπισκοπὴν</span> <span class='ocrx_word' id='word_1_86' title='bbox 1082 1371 1328 1440; x_wconf 77' lang='grc' dir='ltr'>’Λχιλλᾶς</span> <span class='ocrx_word' id='word_1_87' title='bbox 1350 1388 1364 1402; x_wconf 75' lang='grc'><strong><em>⁸</em></strong></span> <span class='ocrx_word' id='word_1_88' title='bbox 1396 1372 1531 1440; x_wconf 75' lang='grc' dir='ltr'>μετὰ</span> <span class='ocrx_word' id='word_1_89' title='bbox 1565 1371 1621 1422; x_wconf 81' lang='grc' dir='ltr'>δὲ</span> <span class='ocrx_word' id='word_1_90' title='bbox 1678 1371 1947 1441; x_wconf 80' lang='grc' dir='ltr'><strong>Ἀχιλλᾶν,</strong></span> 
     </span>
    </p>
   </div>
   <div class='ocr_carea' id='block_1_14' title="bbox 386 1460 1003 1530">
    <p class='ocr_par' dir='ltr' id='par_1_14' title="bbox 386 1460 1003 1530">
     <span class='ocr_line' id='line_1_14' title="bbox 386 1460 1003 1530; baseline -0.003 -15"><span class='ocrx_word' id='word_1_91' title='bbox 386 1461 727 1530; x_wconf 77' lang='grc' dir='ltr'>Ἀλέξανδρος</span> <span class='ocrx_word' id='word_1_92' title='bbox 779 1462 872 1512; x_wconf 78' lang='grc' dir='ltr'><strong>ἐπὶ</strong></span> <span class='ocrx_word' id='word_1_93' title='bbox 905 1460 1003 1530; x_wconf 82' lang='grc' dir='ltr'>τῆς</span> 
     </span>
    </p>
   </div>
   <div class='ocr_carea' id='block_1_15' title="bbox 374 1552 1952 1622">
    <p class='ocr_par' dir='ltr' id='par_1_15' title="bbox 374 1552 1952 1622">
     <span class='ocr_line' id='line_1_15' title="bbox 374 1552 1952 1622; baseline 0.001 -17"><span class='ocrx_word' id='word_1_94' title='bbox 374 1554 688 1622; x_wconf 74' lang='grc' dir='ltr'><strong>ἀδεέστερον</strong></span> <span class='ocrx_word' id='word_1_95' title='bbox 724 1552 947 1619; x_wconf 76' lang='grc' dir='ltr'>διάγων,</span> <span class='ocrx_word' id='word_1_96' title='bbox 980 1553 1078 1621; x_wconf 83' lang='grc' dir='ltr'>τὴν</span> <span class='ocrx_word' id='word_1_97' title='bbox 1123 1553 1447 1621; x_wconf 83' lang='grc' dir='ltr'><strong>Ἐκκλησίαν</strong></span> <span class='ocrx_word' id='word_1_98' title='bbox 1481 1554 1823 1622; x_wconf 75' lang='grc' dir='ltr'>συνεκρότειο</span> <span class='ocrx_word' id='word_1_99' title='bbox 1859 1556 1952 1607; x_wconf 87' lang='grc' dir='ltr'><strong>καί</strong></span> 
     </span>
    </p>
   </div>
   <div class='ocr_carea' id='block_1_16' title="bbox 374 1643 1947 1715">
    <p class='ocr_par' dir='ltr' id='par_1_16' title="bbox 374 1643 1947 1715">
     <span class='ocr_line' id='line_1_16' title="bbox 374 1643 1947 1715; baseline 0.002 -21"><span class='ocrx_word' id='word_1_100' title='bbox 374 1659 503 1695; x_wconf 87' lang='grc' dir='ltr'>ποτε</span> <span class='ocrx_word' id='word_1_101' title='bbox 540 1643 821 1713; x_wconf 76' lang='grc' dir='ltr'>παρόντων</span> <span class='ocrx_word' id='word_1_102' title='bbox 848 1643 954 1695; x_wconf 81' lang='grc' dir='ltr'>τῶν</span> <span class='ocrx_word' id='word_1_103' title='bbox 985 1645 1074 1694; x_wconf 81' lang='grc' dir='ltr'><strong>ὑπ’</strong></span> <span class='ocrx_word' id='word_1_104' title='bbox 1114 1644 1261 1712; x_wconf 73' lang='grc' dir='ltr'>αὐτῷ</span> <span class='ocrx_word' id='word_1_105' title='bbox 1300 1643 1687 1715; x_wconf 79' lang='grc' dir='ltr'>πρεσϐυτέρων</span> <span class='ocrx_word' id='word_1_106' title='bbox 1712 1645 1807 1697; x_wconf 74' lang='grc' dir='ltr'><strong>καὶ</strong></span> <span class='ocrx_word' id='word_1_107' title='bbox 1839 1645 1947 1697; x_wconf 82' lang='grc' dir='ltr'><strong>τῶν</strong></span> 
     </span>
    </p>
   </div>
   <div class='ocr_carea' id='block_1_17' title="bbox 372 1732 1948 1805">
    <p class='ocr_par' dir='ltr' id='par_1_17' title="bbox 372 1732 1948 1805">
     <span class='ocr_line' id='line_1_17' title="bbox 372 1732 1948 1805; baseline 0.003 -22"><span class='ocrx_word' id='word_1_108' title='bbox 372 1732 573 1785; x_wconf 80' lang='grc' dir='ltr'>λοιπῶν</span> <span class='ocrx_word' id='word_1_109' title='bbox 626 1732 923 1802; x_wconf 80' lang='grc' dir='ltr'>κληρικῶν,</span> <span class='ocrx_word' id='word_1_110' title='bbox 979 1733 1388 1803; x_wconf 68' lang='grc' dir='ltr'><strong>φιλοτιμότερον</strong></span> <span class='ocrx_word' id='word_1_111' title='bbox 1446 1735 1575 1804; x_wconf 78' lang='grc' dir='ltr'>περὶ</span> <span class='ocrx_word' id='word_1_112' title='bbox 1636 1735 1735 1805; x_wconf 84' lang='grc' dir='ltr'><strong>τῆς</strong></span> <span class='ocrx_word' id='word_1_113' title='bbox 1788 1736 1948 1802; x_wconf 83' lang='grc' dir='ltr'><strong>ἁγίας</strong></span> 
     </span>
    </p>
   </div>
   <div class='ocr_carea' id='block_1_18' title="bbox 373 1820 1956 1895">
    <p class='ocr_par' dir='ltr' id='par_1_18' title="bbox 373 1820 1956 1895">
     <span class='ocr_line' id='line_1_18' title="bbox 373 1820 1956 1895; baseline 0.001 -19"><span class='ocrx_word' id='word_1_114' title='bbox 373 1825 620 1894; x_wconf 81' lang='grc' dir='ltr'>Τριάδος,</span> <span class='ocrx_word' id='word_1_115' title='bbox 651 1826 709 1877; x_wconf 80' lang='grc' dir='ltr'>ἐν</span> <span class='ocrx_word' id='word_1_116' title='bbox 742 1824 931 1895; x_wconf 81' lang='grc' dir='ltr'>Τριάδι</span> <span class='ocrx_word' id='word_1_117' title='bbox 959 1825 1163 1893; x_wconf 80' lang='grc' dir='ltr'>μονάδα</span> <span class='ocrx_word' id='word_1_118' title='bbox 1215 1820 1353 1878; x_wconf 86' lang='grc' dir='ltr'>εἶναι</span> <span class='ocrx_word' id='word_1_119' title='bbox 1386 1826 1712 1895; x_wconf 59' lang='grc' dir='ltr'>φιλοσοφῶν,</span> <span class='ocrx_word' id='word_1_120' title='bbox 1748 1826 1956 1879; x_wconf 83' lang='grc' dir='ltr'>ὲοεολό-</span> 
     </span>
    </p>
   </div>
   <div class='ocr_carea' id='block_1_19' title="bbox 1054 1462 1951 1532">
    <p class='ocr_par' dir='ltr' id='par_1_19' title="bbox 1054 1462 1951 1532">
     <span class='ocr_line' id='line_1_19' title="bbox 1054 1462 1951 1532; baseline 0.003 -21"><span class='ocrx_word' id='word_1_121' title='bbox 1054 1462 1521 1532; x_wconf 78' lang='grc' dir='ltr'>μνημονευθείσης</span> <span class='ocrx_word' id='word_1_122' title='bbox 1551 1464 1776 1532; x_wconf 85' lang='grc' dir='ltr'><strong>εἰρήνης</strong></span> <span class='ocrx_word' id='word_1_123' title='bbox 1796 1480 1809 1492; x_wconf 78' lang='grc'><strong>⁸</strong></span> <span class='ocrx_word' id='word_1_124' title='bbox 1860 1466 1951 1516; x_wconf 77' lang='grc' dir='ltr'><strong>καὶ</strong></span> 
     </span>
    </p>
   </div>
   <div class='ocr_carea' id='block_1_20' title="bbox 2700 934 2955 988">
    <p class='ocr_par' dir='ltr' id='par_1_20' title="bbox 2700 934 2955 988">
     <span class='ocr_line' id='line_1_20' title="bbox 2700 934 2955 988; baseline 0.004 -1"><span class='ocrx_word' id='word_1_125' title='bbox 2700 934 2850 988; x_wconf 85' lang='lat' dir='ltr'><strong>CAP.</strong></span> <span class='ocrx_word' id='word_1_126' title='bbox 2893 936 2955 988; x_wconf 79' lang='grc' dir='ltr'><strong>ν.</strong></span> 
     </span>
    </p>
   </div>
   <div class='ocr_carea' id='block_1_21' title="bbox 2209 1026 3491 1095">
    <p class='ocr_par' dir='ltr' id='par_1_21' title="bbox 2209 1026 3491 1095">
     <span class='ocr_line' id='line_1_21' title="bbox 2209 1026 3491 1095; baseline 0.001 -17"><span class='ocrx_word' id='word_1_127' title='bbox 2209 1026 2282 1078; x_wconf 86' lang='lat' dir='ltr'><strong>De</strong></span> <span class='ocrx_word' id='word_1_128' title='bbox 2327 1026 2441 1079; x_wconf 82' lang='lat' dir='ltr'><strong>Arii</strong></span> <span class='ocrx_word' id='word_1_129' title='bbox 2488 1026 2731 1078; x_wconf 81' lang='lat' dir='ltr'><strong>adversus</strong></span> <span class='ocrx_word' id='word_1_130' title='bbox 2782 1026 3149 1079; x_wconf 72' lang='lat' dir='ltr'><strong>Alexanarum</strong></span> <span class='ocrx_word' id='word_1_131' title='bbox 3194 1028 3491 1095; x_wconf 80' lang='lat' dir='ltr'><strong>episcopum</strong></span> 
     </span>
    </p>
   </div>
   <div class='ocr_carea' id='block_1_22' title="bbox 2668 1098 3015 1150">
    <p class='ocr_par' dir='ltr' id='par_1_22' title="bbox 2668 1098 3015 1150">
     <span class='ocr_line' id='line_1_22' title="bbox 2668 1098 3015 1150; baseline 0.006 -3"><span class='ocrx_word' id='word_1_132' title='bbox 2668 1098 3015 1150; x_wconf 74' lang='lat' dir='ltr'><strong>contentione.</strong></span> 
     </span>
    </p>
   </div>
   <div class='ocr_carea' id='block_1_23' title="bbox 2122 1176 3631 1256">
    <p class='ocr_par' dir='ltr' id='par_1_23' title="bbox 2122 1176 3631 1256">
     <span class='ocr_line' id='line_1_23' title="bbox 2122 1176 3631 1256; baseline -0.003 -12"><span class='ocrx_word' id='word_1_133' title='bbox 2122 1191 2251 1244; x_wconf 89' lang='lat' dir='ltr'><strong>Post</strong></span> <span class='ocrx_word' id='word_1_134' title='bbox 2289 1190 2506 1244; x_wconf 88' lang='lat' dir='ltr'><strong>Petrum</strong></span> <span class='ocrx_word' id='word_1_135' title='bbox 2547 1186 2927 1241; x_wconf 73' lang='lat' dir='ltr'><strong>Alexandrina:</strong></span> <span class='ocrx_word' id='word_1_136' title='bbox 2972 1187 3126 1241; x_wconf 82' lang='lat' dir='ltr'><strong>urbis</strong></span> <span class='ocrx_word' id='word_1_137' title='bbox 3148 1187 3488 1256; x_wconf 81' lang='lat' dir='ltr'><strong>episcopum,</strong></span> <span class='ocrx_word' id='word_1_138' title='bbox 3513 1176 3631 1255; x_wconf 67' lang='lat' dir='ltr'><strong>qui,</strong></span> 
     </span>
    </p>
   </div>
   <div class='ocr_carea' id='block_1_24' title="bbox 2050 1276 3634 1349">
    <p class='ocr_par' dir='ltr' id='par_1_24' title="bbox 2050 1276 3634 1349">
     <span class='ocr_line' id='line_1_24' title="bbox 2050 1276 3634 1349; baseline -0.006 -12"><span class='ocrx_word' id='word_1_139' title='bbox 2050 1280 2391 1337; x_wconf 79' lang='lat' dir='ltr'><strong>Diocletiano</strong></span> <span class='ocrx_word' id='word_1_140' title='bbox 2404 1287 2684 1349; x_wconf 86' lang='lat' dir='ltr'><strong>regnante,</strong></span> <span class='ocrx_word' id='word_1_141' title='bbox 2699 1278 3016 1348; x_wconf 88' lang='lat' dir='ltr'><strong>martyrium</strong></span> <span class='ocrx_word' id='word_1_142' title='bbox 3028 1276 3447 1337; x_wconf 80' lang='lat' dir='ltr'><strong>consummavit,</strong></span> <span class='ocrx_word' id='word_1_143' title='bbox 3461 1276 3634 1332; x_wconf 64' lang='lat' dir='ltr'><strong>Achil-</strong></span> 
     </span>
    </p>
   </div>
   <div class='ocr_carea' id='block_1_25' title="bbox 2059 1368 3635 1441">
    <p class='ocr_par' dir='ltr' id='par_1_25' title="bbox 2059 1368 3635 1441">
     <span class='ocr_line' id='line_1_25' title="bbox 2059 1368 3635 1441; baseline -0.004 -14"><span class='ocrx_word' id='word_1_144' title='bbox 2059 1373 2143 1427; x_wconf 88' lang='lat' dir='ltr'><strong>las</strong></span> <span class='ocrx_word' id='word_1_145' title='bbox 2175 1371 2552 1441; x_wconf 83' lang='lat' dir='ltr'><strong>pontiﬁcatum</strong></span> <span class='ocrx_word' id='word_1_146' title='bbox 2579 1371 2699 1439; x_wconf 92' lang='lat' dir='ltr'><strong>ejus</strong></span> <span class='ocrx_word' id='word_1_147' title='bbox 2722 1370 2827 1423; x_wconf 91' lang='lat' dir='ltr'><strong>loci</strong></span> <span class='ocrx_word' id='word_1_148' title='bbox 2846 1369 3103 1438; x_wconf 82' lang='lat' dir='ltr'><strong>suscepit.</strong></span> <span class='ocrx_word' id='word_1_149' title='bbox 3122 1368 3263 1423; x_wconf 82' lang='lat' dir='ltr'><strong>Huic</strong></span> <span class='ocrx_word' id='word_1_150' title='bbox 3289 1368 3486 1422; x_wconf 91' lang='lat' dir='ltr'><strong>deinde</strong></span> <span class='ocrx_word' id='word_1_151' title='bbox 3512 1382 3635 1422; x_wconf 86' lang='lat' dir='ltr'><strong>suc-</strong></span> 
     </span>
    </p>
   </div>
   <div class='ocr_carea' id='block_1_26' title="bbox 2058 1457 3637 1527">
    <p class='ocr_par' dir='ltr' id='par_1_26' title="bbox 2058 1457 3637 1527">
     <span class='ocr_line' id='line_1_26' title="bbox 2058 1457 3637 1527; baseline -0.003 -13"><span class='ocrx_word' id='word_1_152' title='bbox 2058 1460 2227 1514; x_wconf 89' lang='lat' dir='ltr'><strong>cessit</strong></span> <span class='ocrx_word' id='word_1_153' title='bbox 2260 1459 2586 1522; x_wconf 77' lang='lat' dir='ltr'><strong>Alexander,</strong></span> <span class='ocrx_word' id='word_1_154' title='bbox 2615 1457 2829 1513; x_wconf 91' lang='lat' dir='ltr'><strong>reddita</strong></span> <span class='ocrx_word' id='word_1_155' title='bbox 2852 1458 2963 1527; x_wconf 88' lang='lat' dir='ltr'><strong>jam</strong></span> <span class='ocrx_word' id='word_1_156' title='bbox 2982 1457 3309 1512; x_wconf 83' lang='lat' dir='ltr'><strong>Christianis</strong></span> <span class='ocrx_word' id='word_1_157' title='bbox 3324 1473 3457 1527; x_wconf 89' lang='lat' dir='ltr'><strong>pace</strong></span> <span class='ocrx_word' id='word_1_158' title='bbox 3474 1461 3637 1527; x_wconf 82' lang='lat' dir='ltr'><strong>quam</strong></span> 
     </span>
    </p>
   </div>
   <div class='ocr_carea' id='block_1_27' title="bbox 2062 1548 3636 1619">
    <p class='ocr_par' dir='ltr' id='par_1_27' title="bbox 2062 1548 3636 1619">
     <span class='ocr_line' id='line_1_27' title="bbox 2062 1548 3636 1619; baseline -0.001 -15"><span class='ocrx_word' id='word_1_159' title='bbox 2062 1565 2231 1619; x_wconf 86' lang='lat' dir='ltr'><strong>supra</strong></span> <span class='ocrx_word' id='word_1_160' title='bbox 2258 1549 2827 1604; x_wconf 87' lang='lat' dir='ltr'><strong>commemoravimus.</strong></span> <span class='ocrx_word' id='word_1_161' title='bbox 2855 1548 2953 1602; x_wconf 92' lang='lat' dir='ltr'><strong>llic</strong></span> <span class='ocrx_word' id='word_1_162' title='bbox 2976 1564 3108 1617; x_wconf 89' lang='lat' dir='ltr'><strong>ergo</strong></span> <span class='ocrx_word' id='word_1_163' title='bbox 3134 1548 3383 1602; x_wconf 90' lang='lat' dir='ltr'><strong>securius</strong></span> <span class='ocrx_word' id='word_1_164' title='bbox 3411 1548 3636 1618; x_wconf 65' lang='lat' dir='ltr'><strong>degens.</strong></span> 
     </span>
    </p>
   </div>
   <div class='ocr_carea' id='block_1_28' title="bbox 2056 1638 3635 1709">
    <p class='ocr_par' dir='ltr' id='par_1_28' title="bbox 2056 1638 3635 1709">
     <span class='ocr_line' id='line_1_28' title="bbox 2056 1638 3635 1709; baseline 0.001 -16"><span class='ocrx_word' id='word_1_165' title='bbox 2056 1639 2356 1694; x_wconf 85' lang='lat' dir='ltr'><strong>Eeclesiam</strong></span> <span class='ocrx_word' id='word_1_166' title='bbox 2404 1655 2558 1693; x_wconf 88' lang='lat' dir='ltr'><strong>suam</strong></span> <span class='ocrx_word' id='word_1_167' title='bbox 2611 1639 2972 1708; x_wconf 79' lang='lat' dir='ltr'><strong>gubernabat.</strong></span> <span class='ocrx_word' id='word_1_168' title='bbox 3036 1639 3198 1693; x_wconf 90' lang='lat' dir='ltr'><strong>Forte</strong></span> <span class='ocrx_word' id='word_1_169' title='bbox 3236 1639 3473 1709; x_wconf 90' lang='lat' dir='ltr'><strong>quodam</strong></span> <span class='ocrx_word' id='word_1_170' title='bbox 3521 1638 3635 1703; x_wconf 65' lang='lat' dir='ltr'><strong>die.</strong></span> 
     </span>
    </p>
   </div>
   <div class='ocr_carea' id='block_1_29' title="bbox 2058 1731 3641 1802">
    <p class='ocr_par' dir='ltr' id='par_1_29' title="bbox 2058 1731 3641 1802">
     <span class='ocr_line' id='line_1_29' title="bbox 2058 1731 3641 1802; baseline -0.001 -16"><span class='ocrx_word' id='word_1_171' title='bbox 2058 1732 2421 1802; x_wconf 63' lang='lat' dir='ltr'><strong>praesentibus</strong></span> <span class='ocrx_word' id='word_1_172' title='bbox 2482 1732 2597 1785; x_wconf 85' lang='lat' dir='ltr'><strong>suis</strong></span> <span class='ocrx_word' id='word_1_173' title='bbox 2660 1732 2998 1801; x_wconf 85' lang='lat' dir='ltr'><strong>presbyteris</strong></span> <span class='ocrx_word' id='word_1_174' title='bbox 3055 1747 3164 1785; x_wconf 90' lang='lat' dir='ltr'><strong>una</strong></span> <span class='ocrx_word' id='word_1_175' title='bbox 3232 1746 3358 1786; x_wconf 89' lang='lat' dir='ltr'><strong>eum</strong></span> <span class='ocrx_word' id='word_1_176' title='bbox 3425 1731 3641 1801; x_wconf 83' lang='lat' dir='ltr'><strong>reliquo</strong></span> 
     </span>
    </p>
   </div>
   <div class='ocr_carea' id='block_1_30' title="bbox 2053 1819 3644 1890">
    <p class='ocr_par' dir='ltr' id='par_1_30' title="bbox 2053 1819 3644 1890">
     <span class='ocr_line' id='line_1_30' title="bbox 2053 1819 3644 1890; baseline 0 -17"><span class='ocrx_word' id='word_1_177' title='bbox 2053 1822 2224 1884; x_wconf 89' lang='lat' dir='ltr'><strong>clero,</strong></span> <span class='ocrx_word' id='word_1_178' title='bbox 2272 1821 2342 1875; x_wconf 93' lang='lat' dir='ltr'><strong>de</strong></span> <span class='ocrx_word' id='word_1_179' title='bbox 2390 1828 2757 1875; x_wconf 75' lang='lat' dir='ltr'><strong>sacrosancta:</strong></span> <span class='ocrx_word' id='word_1_180' title='bbox 2804 1819 3093 1873; x_wconf 86' lang='lat' dir='ltr'><strong>Trinitatis</strong></span> <span class='ocrx_word' id='word_1_181' title='bbox 3153 1820 3413 1890; x_wconf 83' lang='lat' dir='ltr'><strong>mysterio</strong></span> <span class='ocrx_word' id='word_1_182' title='bbox 3468 1820 3644 1873; x_wconf 62' lang='lat' dir='ltr'><strong>ambis</strong></span> 
     </span>
    </p>
   </div>
   <div class='ocr_carea' id='block_1_31' title="bbox 373 1908 2156 1988">
    <p class='ocr_par' dir='ltr' id='par_1_31' title="bbox 373 1909 2156 1988">
     <span class='ocr_line' id='line_1_31' title="bbox 373 1909 2156 1988; baseline -0.002 -18"><span class='ocrx_word' id='word_1_183' title='bbox 373 1934 479 1983; x_wconf 88' lang='grc' dir='ltr'>γει.</span> <span class='ocrx_word' id='word_1_184' title='bbox 517 1916 780 1985; x_wconf 70' lang='grc' dir='ltr'><strong>’Ἄρειοςῐ</strong></span> <span class='ocrx_word' id='word_1_185' title='bbox 842 1916 898 1968; x_wconf 77' lang='grc' dir='ltr'>δέ</span> <span class='ocrx_word' id='word_1_186' title='bbox 945 1933 1028 1977; x_wconf 84' lang='grc' dir='ltr'><strong>τις</strong></span> <span class='ocrx_word' id='word_1_187' title='bbox 1079 1916 1447 1988; x_wconf 77' lang='grc' dir='ltr'>πρεσϐύτερος</span> <span class='ocrx_word' id='word_1_188' title='bbox 1500 1918 1611 1969; x_wconf 79' lang='grc' dir='ltr'><strong>τῶν</strong></span> <span class='ocrx_word' id='word_1_189' title='bbox 1666 1917 1757 1970; x_wconf 86' lang='grc' dir='ltr'><strong>ὑπ’</strong></span> <span class='ocrx_word' id='word_1_190' title='bbox 1808 1918 1957 1987; x_wconf 79' lang='grc' dir='ltr'>αὐτῷ</span> <span class='ocrx_word' id='word_1_191' title='bbox 2056 1909 2156 1961; x_wconf 76' lang='lat' dir='ltr'><strong>tios</strong></span> 
     </span>
    </p>
   </div>
   <div class='ocr_carea' id='block_1_32' title="bbox 1855 1908 3638 1988">
    <p class='ocr_par' dir='ltr' id='par_1_32' title="bbox 1855 1908 3638 1987">
     <span class='ocr_line' id='line_1_32' title="bbox 1855 1908 3638 1987; baseline -0.003 -18"><span class='ocrx_word' id='word_1_192' title='bbox 1855 1918 1957 1987; x_wconf 65' lang='grc' dir='ltr'>δτῷ</span> <span class='ocrx_word' id='word_1_193' title='bbox 2056 1909 2254 1963; x_wconf 90' lang='lat' dir='ltr'><strong>tiosius</strong></span> <span class='ocrx_word' id='word_1_194' title='bbox 2271 1909 2578 1977; x_wconf 89' lang='lat' dir='ltr'><strong>disputans,</strong></span> <span class='ocrx_word' id='word_1_195' title='bbox 2596 1908 2651 1961; x_wconf 94' lang='lat' dir='ltr'><strong>in</strong></span> <span class='ocrx_word' id='word_1_196' title='bbox 2674 1908 2942 1962; x_wconf 85' lang='lat' dir='ltr'><strong>Trinitate</strong></span> <span class='ocrx_word' id='word_1_197' title='bbox 2967 1922 3088 1962; x_wconf 88' lang='lat' dir='ltr'><strong>esse</strong></span> <span class='ocrx_word' id='word_1_198' title='bbox 3107 1908 3339 1963; x_wconf 87' lang='lat' dir='ltr'><strong>docebat</strong></span> <span class='ocrx_word' id='word_1_199' title='bbox 3360 1908 3638 1964; x_wconf 71' lang='lat' dir='ltr'><strong>unionem.</strong></span> 
     </span>
    </p>
   </div>
   <div class='ocr_carea' id='block_1_33' title="bbox 372 2005 1955 2076">
    <p class='ocr_par' dir='ltr' id='par_1_33' title="bbox 372 2005 1955 2076">
     <span class='ocr_line' id='line_1_33' title="bbox 372 2005 1955 2076; baseline 0.002 -19"><span class='ocrx_word' id='word_1_200' title='bbox 372 2006 737 2075; x_wconf 77' lang='grc' dir='ltr'>ταττομένων,</span> <span class='ocrx_word' id='word_1_201' title='bbox 783 2006 921 2075; x_wconf 74' lang='grc' dir='ltr'>ἀνὴρ</span> <span class='ocrx_word' id='word_1_202' title='bbox 953 2005 1052 2056; x_wconf 70' lang='grc' dir='ltr'>οὐκ</span> <span class='ocrx_word' id='word_1_203' title='bbox 1096 2007 1322 2074; x_wconf 77' lang='grc' dir='ltr'>ἄμοιρος</span> <span class='ocrx_word' id='word_1_204' title='bbox 1362 2007 1458 2076; x_wconf 82' lang='grc' dir='ltr'>τῆς</span> <span class='ocrx_word' id='word_1_205' title='bbox 1487 2006 1832 2076; x_wconf 78' lang='grc' dir='ltr'><strong>διαλεκτικῆς</strong></span> <span class='ocrx_word' id='word_1_206' title='bbox 1872 2007 1955 2061; x_wconf 88' lang='grc' dir='ltr'><strong>λέ-</strong></span> 
     </span>
    </p>
   </div>
   <div class='ocr_carea' id='block_1_34' title="bbox 2054 1999 3643 2070">
    <p class='ocr_par' dir='ltr' id='par_1_34' title="bbox 2054 1999 3643 2070">
     <span class='ocr_line' id='line_1_34' title="bbox 2054 1999 3643 2070; baseline 0.001 -18"><span class='ocrx_word' id='word_1_207' title='bbox 2054 2001 2217 2054; x_wconf 91' lang='lat' dir='ltr'><strong>Arius</strong></span> <span class='ocrx_word' id='word_1_208' title='bbox 2274 2009 2406 2053; x_wconf 92' lang='lat' dir='ltr'><strong>vero</strong></span> <span class='ocrx_word' id='word_1_209' title='bbox 2456 2014 2599 2053; x_wconf 93' lang='lat' dir='ltr'><strong>unus</strong></span> <span class='ocrx_word' id='word_1_210' title='bbox 2652 2014 2684 2053; x_wconf 90' lang='lat' dir='ltr'><strong>e</strong></span> <span class='ocrx_word' id='word_1_211' title='bbox 2751 2014 2981 2053; x_wconf 87' lang='lat' dir='ltr'><strong>numero</strong></span> <span class='ocrx_word' id='word_1_212' title='bbox 3046 1999 3492 2070; x_wconf 85' lang='lat' dir='ltr'><strong>presbyterorum</strong></span> <span class='ocrx_word' id='word_1_213' title='bbox 3546 2002 3643 2069; x_wconf 85' lang='lat' dir='ltr'><strong>qui</strong></span> 
     </span>
    </p>
   </div>
   <div class='ocr_carea' id='block_1_35' title="bbox 374 2086 2157 2168">
    <p class='ocr_par' dir='ltr' id='par_1_35' title="bbox 374 2092 2151 2168">
     <span class='ocr_line' id='line_1_35' title="bbox 374 2092 2151 2168; baseline -0.003 -20"><span class='ocrx_word' id='word_1_214' title='bbox 374 2113 528 2165; x_wconf 78' lang='grc' dir='ltr'>σχης,</span> <span class='ocrx_word' id='word_1_215' title='bbox 585 2096 827 2164; x_wconf 80' lang='grc' dir='ltr'>οἰόμενος</span> <span class='ocrx_word' id='word_1_216' title='bbox 884 2095 944 2146; x_wconf 85' lang='grc' dir='ltr'>τὸ</span> <span class='ocrx_word' id='word_1_217' title='bbox 1002 2096 1289 2148; x_wconf 74' lang='grc' dir='ltr'>Σαϐελλίου</span> <span class='ocrx_word' id='word_1_218' title='bbox 1339 2096 1431 2148; x_wconf 80' lang='grc' dir='ltr'>τοῦ</span> <span class='ocrx_word' id='word_1_219' title='bbox 1482 2097 1678 2159; x_wconf 75' lang='grc' dir='ltr'>Λίϐυος</span> <span class='ocrx_word' id='word_1_220' title='bbox 1724 2098 1951 2167; x_wconf 75' lang='grc' dir='ltr'>δόγμαε</span> <span class='ocrx_word' id='word_1_221' title='bbox 1986 2115 2024 2168; x_wconf 71' lang='grc' dir='ltr'><strong>Β</strong></span> <span class='ocrx_word' id='word_1_222' title='bbox 2055 2092 2151 2143; x_wconf 89' lang='lat' dir='ltr'><strong>Alc</strong></span> 
     </span>
    </p>
   </div>
   <div class='ocr_carea' id='block_1_36' title="bbox 1860 2086 3643 2168">
    <p class='ocr_par' dir='ltr' id='par_1_36' title="bbox 1860 2086 3643 2168">
     <span class='ocr_line' id='line_1_36' title="bbox 1860 2086 3643 2168; baseline 0.001 -29"><span class='ocrx_word' id='word_1_223' title='bbox 1860 2117 1900 2150; x_wconf 74' lang='grc' dir='ltr'><strong>,α</strong></span> <span class='ocrx_word' id='word_1_224' title='bbox 1926 2099 1951 2139; x_wconf 81' lang='lat' dir='ltr'><strong>s</strong></span> <span class='ocrx_word' id='word_1_225' title='bbox 1986 2115 2024 2168; x_wconf 70' lang='grc' dir='ltr'><strong><em>Β</em></strong></span> <span class='ocrx_word' id='word_1_226' title='bbox 2055 2090 2366 2144; x_wconf 79' lang='lat' dir='ltr'><strong>Alexandro</strong></span> <span class='ocrx_word' id='word_1_227' title='bbox 2418 2088 2704 2158; x_wconf 87' lang='lat' dir='ltr'><strong>parebant,</strong></span> <span class='ocrx_word' id='word_1_228' title='bbox 2763 2087 2848 2140; x_wconf 78' lang='lat' dir='ltr'><strong>vir</strong></span> <span class='ocrx_word' id='word_1_229' title='bbox 2888 2087 3025 2141; x_wconf 91' lang='lat' dir='ltr'><strong>artis</strong></span> <span class='ocrx_word' id='word_1_230' title='bbox 3068 2086 3368 2141; x_wconf 81' lang='lat' dir='ltr'><strong>dialecticae</strong></span> <span class='ocrx_word' id='word_1_231' title='bbox 3416 2086 3643 2141; x_wconf 87' lang='lat' dir='ltr'><strong>minime</strong></span> 
     </span>
    </p>
   </div>
   <div class='ocr_carea' id='block_1_37' title="bbox 374 2186 1955 2255">
    <p class='ocr_par' dir='ltr' id='par_1_37' title="bbox 374 2186 1955 2255">
     <span class='ocr_line' id='line_1_37' title="bbox 374 2186 1955 2255; baseline 0.002 -17"><span class='ocrx_word' id='word_1_232' title='bbox 374 2187 709 2255; x_wconf 76' lang='grc' dir='ltr'>εἰσηγεῖσθαι</span> <span class='ocrx_word' id='word_1_233' title='bbox 743 2188 831 2239; x_wconf 76' lang='grc' dir='ltr'>τὸν</span> <span class='ocrx_word' id='word_1_234' title='bbox 861 2186 1177 2251; x_wconf 79' lang='grc' dir='ltr'>ἐπίσκοπον,</span> <span class='ocrx_word' id='word_1_235' title='bbox 1212 2188 1275 2239; x_wconf 76' lang='grc' dir='ltr'>ἐκ</span> <span class='ocrx_word' id='word_1_236' title='bbox 1308 2187 1636 2254; x_wconf 82' lang='grc' dir='ltr'>φιλονεικίας</span> <span class='ocrx_word' id='word_1_237' title='bbox 1671 2188 1813 2241; x_wconf 77' lang='grc' dir='ltr'>κατὰ</span> <span class='ocrx_word' id='word_1_238' title='bbox 1841 2188 1955 2241; x_wconf 84' lang='grc' dir='ltr'>διά-</span> 
     </span>
    </p>
   </div>
   <div class='ocr_carea' id='block_1_38' title="bbox 377 2276 1957 2348">
    <p class='ocr_par' dir='ltr' id='par_1_38' title="bbox 377 2276 1957 2348">
     <span class='ocr_line' id='line_1_38' title="bbox 377 2276 1957 2348; baseline 0.001 -19"><span class='ocrx_word' id='word_1_239' title='bbox 377 2295 572 2346; x_wconf 81' lang='grc' dir='ltr'>μετρον</span> <span class='ocrx_word' id='word_1_240' title='bbox 610 2278 688 2338; x_wconf 81' lang='grc' dir='ltr'>εἰς</span> <span class='ocrx_word' id='word_1_241' title='bbox 736 2276 795 2327; x_wconf 80' lang='grc' dir='ltr'>τὸ</span> <span class='ocrx_word' id='word_1_242' title='bbox 838 2276 1079 2329; x_wconf 78' lang='grc' dir='ltr'>ἐναντίον</span> <span class='ocrx_word' id='word_1_243' title='bbox 1128 2278 1224 2345; x_wconf 85' lang='grc' dir='ltr'>τῆς</span> <span class='ocrx_word' id='word_1_244' title='bbox 1262 2277 1357 2329; x_wconf 82' lang='grc' dir='ltr'>τοῦ</span> <span class='ocrx_word' id='word_1_245' title='bbox 1412 2278 1610 2341; x_wconf 76' lang='grc' dir='ltr'>Λίϐυος</span> <span class='ocrx_word' id='word_1_246' title='bbox 1652 2279 1807 2348; x_wconf 81' lang='grc' dir='ltr'>δόξης</span> <span class='ocrx_word' id='word_1_247' title='bbox 1852 2281 1957 2333; x_wconf 84' lang='grc' dir='ltr'><strong>ἁπ-</strong></span> 
     </span>
    </p>
   </div>
   <div class='ocr_carea' id='block_1_39' title="bbox 2058 2173 3645 2247">
    <p class='ocr_par' dir='ltr' id='par_1_39' title="bbox 2058 2173 3645 2247">
     <span class='ocr_line' id='line_1_39' title="bbox 2058 2173 3645 2247; baseline -0.002 -17"><span class='ocrx_word' id='word_1_248' title='bbox 2058 2180 2300 2247; x_wconf 86' lang='lat' dir='ltr'><strong>ignarus,</strong></span> <span class='ocrx_word' id='word_1_249' title='bbox 2360 2186 2515 2230; x_wconf 89' lang='lat' dir='ltr'><strong>ratus</strong></span> <span class='ocrx_word' id='word_1_250' title='bbox 2564 2177 2880 2245; x_wconf 87' lang='lat' dir='ltr'><strong>episcopum</strong></span> <span class='ocrx_word' id='word_1_251' title='bbox 2942 2174 3164 2229; x_wconf 90' lang='lat' dir='ltr'><strong>Sabellii</strong></span> <span class='ocrx_word' id='word_1_252' title='bbox 3224 2173 3411 2243; x_wconf 79' lang='lat' dir='ltr'><strong>Libyci</strong></span> <span class='ocrx_word' id='word_1_253' title='bbox 3449 2173 3645 2243; x_wconf 81' lang='lat' dir='ltr'><strong>dogma</strong></span> 
     </span>
    </p>
   </div>
   <div class='ocr_carea' id='block_1_40' title="bbox 2060 2264 3645 2336">
    <p class='ocr_par' dir='ltr' id='par_1_40' title="bbox 2060 2264 3645 2336">
     <span class='ocr_line' id='line_1_40' title="bbox 2060 2264 3645 2336; baseline -0.002 -14"><span class='ocrx_word' id='word_1_254' title='bbox 2060 2269 2343 2330; x_wconf 86' lang='lat' dir='ltr'><strong>inducere,</strong></span> <span class='ocrx_word' id='word_1_255' title='bbox 2366 2268 2433 2320; x_wconf 85' lang='lat' dir='ltr'><strong>ad</strong></span> <span class='ocrx_word' id='word_1_256' title='bbox 2458 2266 2771 2336; x_wconf 92' lang='lat' dir='ltr'><strong>opinionem</strong></span> <span class='ocrx_word' id='word_1_257' title='bbox 2825 2281 2945 2335; x_wconf 79' lang='lat' dir='ltr'><strong>qua:</strong></span> <span class='ocrx_word' id='word_1_258' title='bbox 2980 2281 3103 2319; x_wconf 91' lang='lat' dir='ltr'><strong>eum</strong></span> <span class='ocrx_word' id='word_1_259' title='bbox 3130 2264 3353 2321; x_wconf 88' lang='lat' dir='ltr'><strong>Sabellii</strong></span> <span class='ocrx_word' id='word_1_260' title='bbox 3390 2264 3645 2334; x_wconf 85' lang='lat' dir='ltr'><strong>dogmate</strong></span> 
     </span>
    </p>
   </div>
   <div class='ocr_carea' id='block_1_41' title="bbox 375 2355 2158 2441">
    <p class='ocr_par' dir='ltr' id='par_1_41' title="bbox 375 2367 2158 2441">
     <span class='ocr_line' id='line_1_41' title="bbox 375 2367 2158 2441; baseline 0.001 -20"><span class='ocrx_word' id='word_1_261' title='bbox 375 2371 575 2430; x_wconf 77' lang='grc' dir='ltr'>ἑκλινε,</span> <span class='ocrx_word' id='word_1_262' title='bbox 606 2368 699 2419; x_wconf 80' lang='grc' dir='ltr'>καὶ</span> <span class='ocrx_word' id='word_1_263' title='bbox 720 2367 793 2430; x_wconf 83' lang='grc' dir='ltr'>ὡς</span> <span class='ocrx_word' id='word_1_264' title='bbox 834 2367 1031 2430; x_wconf 75' lang='grc' dir='ltr'>ἐδόκει,</span> <span class='ocrx_word' id='word_1_265' title='bbox 1083 2368 1297 2439; x_wconf 87' lang='grc' dir='ltr'>γοργῶς</span> <span class='ocrx_word' id='word_1_266' title='bbox 1340 2370 1696 2440; x_wconf 79' lang='grc' dir='ltr'>ὑπαπήντησε</span> <span class='ocrx_word' id='word_1_267' title='bbox 1728 2371 1864 2441; x_wconf 70' lang='grc' dir='ltr'>πρὸς</span> <span class='ocrx_word' id='word_1_268' title='bbox 1891 2370 1959 2423; x_wconf 82' lang='grc' dir='ltr'>τὰ</span> <span class='ocrx_word' id='word_1_269' title='bbox 2058 2376 2158 2414; x_wconf 65' lang='lat'><strong>(‘15</strong></span> 
     </span>
    </p>
   </div>
   <div class='ocr_carea' id='block_1_42' title="bbox 1862 2355 3645 2441">
    <p class='ocr_par' dir='ltr' id='par_1_42' title="bbox 1862 2355 3645 2428">
     <span class='ocr_line' id='line_1_42' title="bbox 1862 2355 3645 2428; baseline -0.002 -14"><span class='ocrx_word' id='word_1_270' title='bbox 1862 2389 1864 2397; x_wconf 61' lang='grc' dir='ltr'>ν</span> <span class='ocrx_word' id='word_1_271' title='bbox 1891 2370 1959 2423; x_wconf 73' lang='grc' dir='ltr'><strong>τὰ</strong></span> <span class='ocrx_word' id='word_1_272' title='bbox 2058 2376 2125 2414; x_wconf 80' lang='lat' dir='ltr'><strong>ex</strong></span> <span class='ocrx_word' id='word_1_273' title='bbox 2143 2360 2372 2414; x_wconf 80' lang='lat' dir='ltr'><strong>adverso</strong></span> <span class='ocrx_word' id='word_1_274' title='bbox 2388 2367 2611 2428; x_wconf 79' lang='lat' dir='ltr'><strong>pugnat,</strong></span> <span class='ocrx_word' id='word_1_275' title='bbox 2633 2357 3004 2412; x_wconf 91' lang='lat' dir='ltr'><strong>contentionis</strong></span> <span class='ocrx_word' id='word_1_276' title='bbox 3019 2357 3201 2410; x_wconf 85' lang='lat' dir='ltr'><strong>studio</strong></span> <span class='ocrx_word' id='word_1_277' title='bbox 3214 2356 3454 2419; x_wconf 79' lang='lat' dir='ltr'><strong>deﬂexit,</strong></span> <span class='ocrx_word' id='word_1_278' title='bbox 3470 2355 3645 2424; x_wconf 84' lang='lat' dir='ltr'><strong>iisque</strong></span> 
     </span>
    </p>
   </div>
   <div class='ocr_carea' id='block_1_43' title="bbox 378 2458 1960 2529">
    <p class='ocr_par' dir='ltr' id='par_1_43' title="bbox 378 2458 1960 2529">
     <span class='ocr_line' id='line_1_43' title="bbox 378 2458 1960 2529; baseline 0.001 -17"><span class='ocrx_word' id='word_1_279' title='bbox 378 2460 530 2526; x_wconf 69' lang='grc' dir='ltr'>παρὰ</span> <span class='ocrx_word' id='word_1_280' title='bbox 557 2459 649 2511; x_wconf 83' lang='grc' dir='ltr'>τοῦ</span> <span class='ocrx_word' id='word_1_281' title='bbox 698 2458 995 2510; x_wconf 74' lang='grc' dir='ltr'>ἐπισκόπου</span> <span class='ocrx_word' id='word_1_282' title='bbox 1039 2458 1295 2529; x_wconf 69' lang='grc' dir='ltr'>λεχθέντα</span> <span class='ocrx_word' id='word_1_283' title='bbox 1322 2477 1334 2490; x_wconf 90' lang='grc'><strong>·</strong></span> <span class='ocrx_word' id='word_1_284' title='bbox 1366 2462 1455 2513; x_wconf 88' lang='grc' dir='ltr'><strong>καί</strong></span> <span class='ocrx_word' id='word_1_285' title='bbox 1490 2478 1676 2529; x_wconf 79' lang='grc' dir='ltr'>φησιν,</span> <span class='ocrx_word' id='word_1_286' title='bbox 1704 2462 1767 2514; x_wconf 82' lang='grc' dir='ltr'><strong>Εἰ</strong></span> <span class='ocrx_word' id='word_1_287' title='bbox 1796 2464 1824 2513; x_wconf 87' lang='lat'><strong>6</strong></span> <span class='ocrx_word' id='word_1_288' title='bbox 1852 2463 1960 2514; x_wconf 85' lang='grc' dir='ltr'><strong>Πα-</strong></span> 
     </span>
    </p>
   </div>
   <div class='ocr_carea' id='block_1_44' title="bbox 376 2550 1957 2622">
    <p class='ocr_par' dir='ltr' id='par_1_44' title="bbox 376 2550 1957 2622">
     <span class='ocr_line' id='line_1_44' title="bbox 376 2550 1957 2622; baseline -0.001 -18"><span class='ocrx_word' id='word_1_289' title='bbox 376 2553 478 2622; x_wconf 77' lang='grc' dir='ltr'>τὴρ</span> <span class='ocrx_word' id='word_1_290' title='bbox 508 2552 761 2618; x_wconf 74' lang='grc' dir='ltr'>ἐγέννησε</span> <span class='ocrx_word' id='word_1_291' title='bbox 792 2550 882 2603; x_wconf 82' lang='grc' dir='ltr'><strong>τὸν</strong></span> <span class='ocrx_word' id='word_1_292' title='bbox 914 2552 1059 2613; x_wconf 82' lang='grc' dir='ltr'>Υίὸν,</span> <span class='ocrx_word' id='word_1_293' title='bbox 1101 2552 1276 2620; x_wconf 79' lang='grc' dir='ltr'>ἀρχὴν</span> <span class='ocrx_word' id='word_1_294' title='bbox 1310 2552 1597 2622; x_wconf 77' lang='grc' dir='ltr'>ὑπάρξεως</span> <span class='ocrx_word' id='word_1_295' title='bbox 1626 2553 1737 2621; x_wconf 82' lang='grc' dir='ltr'>ἔχει</span> <span class='ocrx_word' id='word_1_296' title='bbox 1782 2554 1811 2603; x_wconf 97' lang='lat'><strong>6</strong></span> <span class='ocrx_word' id='word_1_297' title='bbox 1836 2568 1957 2619; x_wconf 87' lang='grc' dir='ltr'>γεν-</span> 
     </span>
    </p>
   </div>
   <div class='ocr_carea' id='block_1_45' title="bbox 378 2638 1960 2712">
    <p class='ocr_par' dir='ltr' id='par_1_45' title="bbox 378 2638 1960 2712">
     <span class='ocr_line' id='line_1_45' title="bbox 378 2638 1960 2712; baseline 0.001 -21"><span class='ocrx_word' id='word_1_298' title='bbox 378 2641 591 2710; x_wconf 70' lang='grc' dir='ltr'>νηθεί;”</span> <span class='ocrx_word' id='word_1_299' title='bbox 638 2642 734 2693; x_wconf 72' lang='grc' dir='ltr'>καὶ</span> <span class='ocrx_word' id='word_1_300' title='bbox 785 2642 849 2691; x_wconf 84' lang='grc' dir='ltr'>ὲκ</span> <span class='ocrx_word' id='word_1_301' title='bbox 882 2640 1071 2692; x_wconf 86' lang='grc' dir='ltr'>τούτου</span> <span class='ocrx_word' id='word_1_302' title='bbox 1120 2641 1297 2710; x_wconf 79' lang='grc' dir='ltr'>δῆλον,</span> <span class='ocrx_word' id='word_1_303' title='bbox 1342 2642 1424 2694; x_wconf 85' lang='grc' dir='ltr'>ὅτι</span> <span class='ocrx_word' id='word_1_304' title='bbox 1462 2638 1530 2712; x_wconf 82' lang='grc' dir='ltr'>ἦν</span> <span class='ocrx_word' id='word_1_305' title='bbox 1573 2644 1663 2695; x_wconf 78' lang='grc' dir='ltr'>ὅτε</span> <span class='ocrx_word' id='word_1_306' title='bbox 1700 2643 1799 2694; x_wconf 83' lang='grc' dir='ltr'>οὐκ</span> <span class='ocrx_word' id='word_1_307' title='bbox 1826 2639 1893 2712; x_wconf 82' lang='grc' dir='ltr'><strong>ἦν</strong></span> <span class='ocrx_word' id='word_1_308' title='bbox 1932 2644 1960 2693; x_wconf 89' lang='lat'><strong>6</strong></span> 
     </span>
    </p>
   </div>
   <div class='ocr_carea' id='block_1_46' title="bbox 380 2730 1961 2802">
    <p class='ocr_par' dir='ltr' id='par_1_46' title="bbox 380 2730 1961 2802">
     <span class='ocr_line' id='line_1_46' title="bbox 380 2730 1961 2802; baseline 0.001 -18"><span class='ocrx_word' id='word_1_309' title='bbox 380 2732 505 2794; x_wconf 77' lang='grc' dir='ltr'>Υἱός</span> <span class='ocrx_word' id='word_1_310' title='bbox 594 2730 881 2784; x_wconf 83' lang='grc' dir='ltr'>ἀκολουθεῖ</span> <span class='ocrx_word' id='word_1_311' title='bbox 909 2747 970 2782; x_wconf 88' lang='grc' dir='ltr'><strong>τε</strong></span> <span class='ocrx_word' id='word_1_312' title='bbox 999 2731 1057 2796; x_wconf 79' lang='grc' dir='ltr'>ἐξ</span> <span class='ocrx_word' id='word_1_313' title='bbox 1100 2731 1366 2800; x_wconf 81' lang='grc' dir='ltr'><strong>ἀνάγκης,</strong></span> <span class='ocrx_word' id='word_1_314' title='bbox 1405 2732 1463 2797; x_wconf 80' lang='grc' dir='ltr'>ἐξ</span> <span class='ocrx_word' id='word_1_315' title='bbox 1495 2733 1591 2783; x_wconf 70' lang='grc' dir='ltr'>οὐκ</span> <span class='ocrx_word' id='word_1_316' title='bbox 1624 2733 1791 2785; x_wconf 76' lang='grc' dir='ltr'>ὄντων</span> <span class='ocrx_word' id='word_1_317' title='bbox 1818 2732 1961 2802; x_wconf 81' lang='grc' dir='ltr'>ἔχειν</span> 
     </span>
    </p>
   </div>
   <div class='ocr_carea' id='block_1_47' title="bbox 381 2819 1033 2890">
    <p class='ocr_par' dir='ltr' id='par_1_47' title="bbox 381 2819 1033 2890">
     <span class='ocr_line' id='line_1_47' title="bbox 381 2819 1033 2890; baseline -0.005 -15"><span class='ocrx_word' id='word_1_318' title='bbox 381 2822 542 2875; x_wconf 72' lang='grc' dir='ltr'>αὑτὸν</span> <span class='ocrx_word' id='word_1_319' title='bbox 575 2820 673 2890; x_wconf 77' lang='grc' dir='ltr'>τὴν</span> <span class='ocrx_word' id='word_1_320' title='bbox 715 2819 1033 2872; x_wconf 79' lang='grc' dir='ltr'>ὑπόστασιν.</span> 
     </span>
    </p>
   </div>
   <div class='ocr_carea' id='block_1_48' title="bbox 982 2996 1352 3065">
    <p class='ocr_par' dir='ltr' id='par_1_48' title="bbox 982 2996 1352 3065">
     <span class='ocr_line' id='line_1_48' title="bbox 982 2996 1352 3065; baseline 0.005 -16"><span class='ocrx_word' id='word_1_321' title='bbox 982 2996 1233 3049; x_wconf 65' lang='grc' dir='ltr'><strong>ιςΕψΑΑ.</strong></span> <span class='ocrx_word' id='word_1_322' title='bbox 1263 3000 1352 3065; x_wconf 74' lang='lat' dir='ltr'><strong>q&#39;.</strong></span> 
     </span>
    </p>
   </div>
   <div class='ocr_carea' id='block_1_49' title="bbox 393 3104 1963 3177">
    <p class='ocr_par' dir='ltr' id='par_1_49' title="bbox 393 3104 1963 3177">
     <span class='ocr_line' id='line_1_49' title="bbox 393 3104 1963 3177; baseline -0.001 -16"><span class='ocrx_word' id='word_1_323' title='bbox 393 3110 488 3174; x_wconf 85' lang='grc' dir='ltr'>Ὠς</span> <span class='ocrx_word' id='word_1_324' title='bbox 517 3110 583 3163; x_wconf 78' lang='grc' dir='ltr'>ἐκ</span> <span class='ocrx_word' id='word_1_325' title='bbox 615 3107 724 3175; x_wconf 80' lang='grc' dir='ltr'>τῆς</span> <span class='ocrx_word' id='word_1_326' title='bbox 759 3108 1131 3177; x_wconf 70' lang='grc' dir='ltr'>φιλονεικίας</span> <span class='ocrx_word' id='word_1_327' title='bbox 1162 3106 1358 3174; x_wconf 79' lang='grc' dir='ltr'>ἀρχὴν</span> <span class='ocrx_word' id='word_1_328' title='bbox 1384 3104 1726 3177; x_wconf 68' lang='grc' dir='ltr'>διαιρέσεως</span> <span class='ocrx_word' id='word_1_329' title='bbox 1752 3110 1790 3173; x_wconf 70' lang='grc' dir='ltr'>τὶ</span> <span class='ocrx_word' id='word_1_330' title='bbox 1838 3108 1963 3159; x_wconf 81' lang='grc' dir='ltr'><strong>Ἐκ-</strong></span> 
     </span>
    </p>
   </div>
   <div class='ocr_carea' id='block_1_50' title="bbox 453 3176 1964 3246">
    <p class='ocr_par' dir='ltr' id='par_1_50' title="bbox 453 3176 1964 3246">
     <span class='ocr_line' id='line_1_50' title="bbox 453 3176 1964 3246; baseline -0.002 -15"><span class='ocrx_word' id='word_1_331' title='bbox 453 3180 679 3246; x_wconf 56' lang='lat' dir='ltr'><strong>uincla</strong></span> <span class='ocrx_word' id='word_1_332' title='bbox 729 3176 942 3231; x_wconf 70' lang='grc' dir='ltr'>ἔλαϐε·</span> <span class='ocrx_word' id='word_1_333' title='bbox 1007 3180 1105 3228; x_wconf 73' lang='lat' dir='ltr'><strong>xui</strong></span> <span class='ocrx_word' id='word_1_334' title='bbox 1154 3177 1235 3239; x_wconf 86' lang='grc' dir='ltr'>ὼς</span> <span class='ocrx_word' id='word_1_335' title='bbox 1289 3176 1678 3243; x_wconf 65' lang='grc' dir='ltr'>Ἀλέξανδρος</span> <span class='ocrx_word' id='word_1_336' title='bbox 1722 3178 1758 3246; x_wconf 10' lang='lat' dir='ltr'><strong>id</strong></span> <span class='ocrx_word' id='word_1_337' title='bbox 1813 3178 1964 3246; x_wconf 66' lang='grc' dir='ltr'>Ἀλετ</span> 
     </span>
    </p>
   </div>
   <div class='ocr_carea' id='block_1_51' title="bbox 458 3242 1957 3334">
    <p class='ocr_par' dir='ltr' id='par_1_51' title="bbox 458 3242 1957 3334">
     <span class='ocr_line' id='line_1_51' title="bbox 458 3242 1957 3334; baseline -0.001 -34"><span class='ocrx_word' id='word_1_338' title='bbox 458 3242 764 3334; x_wconf 68' lang='grc' dir='ltr'>ξαιλδρείας</span> <span class='ocrx_word' id='word_1_339' title='bbox 829 3246 1107 3302; x_wconf 79' lang='grc' dir='ltr'>καθεῖλεν</span> <span class='ocrx_word' id='word_1_340' title='bbox 1160 3246 1395 3314; x_wconf 73' lang='grc' dir='ltr'>’Λρειον</span> <span class='ocrx_word' id='word_1_341' title='bbox 1466 3242 1579 3298; x_wconf 70' lang='grc' dir='ltr'><strong>καί</strong></span> <span class='ocrx_word' id='word_1_342' title='bbox 1640 3245 1781 3311; x_wconf 84' lang='grc' dir='ltr'>τοὺς</span> <span class='ocrx_word' id='word_1_343' title='bbox 1826 3242 1957 3312; x_wconf 70' lang='grc' dir='ltr'>περὶ</span> 
     </span>
    </p>
   </div>
   <div class='ocr_carea' id='block_1_52' title="bbox 463 3334 657 3371">
    <p class='ocr_par' dir='ltr' id='par_1_52' title="bbox 463 3334 657 3371">
     <span class='ocr_line' id='line_1_52' title="bbox 463 3334 657 3371; baseline 0.005 -2"><span class='ocrx_word' id='word_1_344' title='bbox 463 3334 657 3371; x_wconf 72' lang='lat' dir='ltr'><strong>auter.</strong></span> 
     </span>
    </p>
   </div>
   <div class='ocr_carea' id='block_1_53' title="bbox 454 3407 2035 3479">
    <p class='ocr_par' dir='ltr' id='par_1_53' title="bbox 454 3407 2035 3479">
     <span class='ocr_line' id='line_1_53' title="bbox 454 3407 2035 3479; baseline -0.003 -18"><span class='ocrx_word' id='word_1_345' title='bbox 454 3410 638 3462; x_wconf 78' lang='grc' dir='ltr'>Ταῦτα</span> <span class='ocrx_word' id='word_1_346' title='bbox 660 3409 735 3479; x_wconf 84' lang='grc' dir='ltr'>τῷ</span> <span class='ocrx_word' id='word_1_347' title='bbox 757 3411 1113 3479; x_wconf 87' lang='grc' dir='ltr'>καινοπρεπεί</span> <span class='ocrx_word' id='word_1_348' title='bbox 1131 3407 1273 3477; x_wconf 82' lang='grc' dir='ltr'>λόγῳ</span> <span class='ocrx_word' id='word_1_349' title='bbox 1295 3407 1764 3477; x_wconf 73' lang='grc' dir='ltr'>συλλογισάμενος,</span> <span class='ocrx_word' id='word_1_350' title='bbox 1801 3408 1966 3477; x_wconf 79' lang='grc' dir='ltr'>ἀναῤ-</span> <span class='ocrx_word' id='word_1_351' title='bbox 1994 3458 2035 3479; x_wconf 56' lang='grc' dir='ltr'>η</span> 
     </span>
    </p>
   </div>
   <div class='ocr_carea' id='block_1_54' title="bbox 386 3499 1967 3574">
    <p class='ocr_par' dir='ltr' id='par_1_54' title="bbox 386 3499 1967 3574">
     <span class='ocr_line' id='line_1_54' title="bbox 386 3499 1967 3574; baseline -0.001 -20"><span class='ocrx_word' id='word_1_352' title='bbox 386 3501 589 3574; x_wconf 73' lang='grc' dir='ltr'>ῥιπίζει</span> <span class='ocrx_word' id='word_1_353' title='bbox 619 3502 744 3564; x_wconf 80' lang='grc' dir='ltr'>τοὺς</span> <span class='ocrx_word' id='word_1_354' title='bbox 777 3500 1003 3563; x_wconf 78' lang='grc' dir='ltr'>πολλοὺς</span> <span class='ocrx_word' id='word_1_355' title='bbox 1045 3500 1179 3570; x_wconf 72' lang='grc' dir='ltr'>πρὸς</span> <span class='ocrx_word' id='word_1_356' title='bbox 1218 3500 1276 3552; x_wconf 80' lang='grc' dir='ltr'>τὸ</span> <span class='ocrx_word' id='word_1_357' title='bbox 1320 3500 1559 3570; x_wconf 75' lang='grc' dir='ltr'>ζήτημα.</span> <span class='ocrx_word' id='word_1_358' title='bbox 1594 3501 1703 3553; x_wconf 78' lang='grc' dir='ltr'><strong>Καὶ</strong></span> <span class='ocrx_word' id='word_1_359' title='bbox 1731 3499 1967 3553; x_wconf 79' lang='grc' dir='ltr'>ἀνάπτε-</span> 
     </span>
    </p>
   </div>
   <div class='ocr_carea' id='block_1_55' title="bbox 384 3591 1968 3663">
    <p class='ocr_par' dir='ltr' id='par_1_55' title="bbox 384 3591 1968 3663">
     <span class='ocr_line' id='line_1_55' title="bbox 384 3591 1968 3663; baseline -0.003 -16"><span class='ocrx_word' id='word_1_360' title='bbox 384 3612 471 3647; x_wconf 84' lang='grc' dir='ltr'><strong>ται</strong></span> <span class='ocrx_word' id='word_1_361' title='bbox 513 3593 619 3646; x_wconf 72' lang='grc' dir='ltr'>ἀπὸ</span> <span class='ocrx_word' id='word_1_362' title='bbox 666 3592 901 3663; x_wconf 83' lang='grc' dir='ltr'>σμικροῦ</span> <span class='ocrx_word' id='word_1_363' title='bbox 940 3591 1231 3662; x_wconf 79' lang='grc' dir='ltr'>σπινθῆρος</span> <span class='ocrx_word' id='word_1_364' title='bbox 1283 3592 1424 3661; x_wconf 84' lang='grc' dir='ltr'>μέγα</span> <span class='ocrx_word' id='word_1_365' title='bbox 1456 3591 1590 3662; x_wconf 83' lang='grc' dir='ltr'>πῦρ.</span> <span class='ocrx_word' id='word_1_366' title='bbox 1637 3591 1968 3663; x_wconf 77' lang='grc' dir='ltr'>Ἀρξάμενόν</span> 
     </span>
    </p>
   </div>
   <div class='ocr_carea' id='block_1_56' title="bbox 384 3682 1964 3754">
    <p class='ocr_par' dir='ltr' id='par_1_56' title="bbox 384 3682 1964 3754">
     <span class='ocr_line' id='line_1_56' title="bbox 384 3682 1964 3754; baseline -0.003 -17"><span class='ocrx_word' id='word_1_367' title='bbox 384 3704 441 3737; x_wconf 83' lang='grc' dir='ltr'><strong>τε</strong></span> <span class='ocrx_word' id='word_1_368' title='bbox 502 3685 558 3737; x_wconf 74' lang='grc' dir='ltr'><strong>τό</strong></span> <span class='ocrx_word' id='word_1_369' title='bbox 609 3683 777 3736; x_wconf 74' lang='grc' dir='ltr'>κακὸν</span> <span class='ocrx_word' id='word_1_370' title='bbox 836 3683 945 3735; x_wconf 71' lang='grc' dir='ltr'><strong>ἀπὸ</strong></span> <span class='ocrx_word' id='word_1_371' title='bbox 997 3682 1098 3752; x_wconf 79' lang='grc' dir='ltr'>τῆς</span> <span class='ocrx_word' id='word_1_372' title='bbox 1163 3682 1555 3754; x_wconf 82' lang='grc' dir='ltr'>Ἀλεξανδρέων</span> <span class='ocrx_word' id='word_1_373' title='bbox 1617 3682 1964 3753; x_wconf 82' lang='grc' dir='ltr'>Ἐκκλησίας,</span> 
     </span>
    </p>
   </div>
   <div class='ocr_carea' id='block_1_57' title="bbox 385 3773 1972 3847">
    <p class='ocr_par' dir='ltr' id='par_1_57' title="bbox 385 3773 1972 3847">
     <span class='ocr_line' id='line_1_57' title="bbox 385 3773 1972 3847; baseline -0.003 -18"><span class='ocrx_word' id='word_1_374' title='bbox 385 3779 626 3847; x_wconf 80' lang='grc' dir='ltr'>διέτρεχε</span> <span class='ocrx_word' id='word_1_375' title='bbox 656 3776 754 3846; x_wconf 79' lang='grc' dir='ltr'>τὴν</span> <span class='ocrx_word' id='word_1_376' title='bbox 786 3775 1080 3845; x_wconf 76' lang='grc' dir='ltr'>σύμπασαν</span> <span class='ocrx_word' id='word_1_377' title='bbox 1101 3774 1373 3843; x_wconf 69' lang='grc' dir='ltr'>Αἴγυπτόν</span> <span class='ocrx_word' id='word_1_378' title='bbox 1400 3791 1460 3826; x_wconf 91' lang='grc' dir='ltr'><strong>τε</strong></span> <span class='ocrx_word' id='word_1_379' title='bbox 1491 3774 1586 3827; x_wconf 73' lang='grc' dir='ltr'><strong>καὶ</strong></span> <span class='ocrx_word' id='word_1_380' title='bbox 1617 3773 1847 3845; x_wconf 78' lang='grc' dir='ltr'>Λιϐύην,</span> <span class='ocrx_word' id='word_1_381' title='bbox 1876 3777 1972 3827; x_wconf 77' lang='grc' dir='ltr'>καὶ</span> 
     </span>
    </p>
   </div>
   <div class='ocr_carea' id='block_1_58' title="bbox 388 3864 1974 3936">
    <p class='ocr_par' dir='ltr' id='par_1_58' title="bbox 388 3864 1974 3936">
     <span class='ocr_line' id='line_1_58' title="bbox 388 3864 1974 3936; baseline 0.001 -20"><span class='ocrx_word' id='word_1_382' title='bbox 388 3867 485 3936; x_wconf 70' lang='grc' dir='ltr'>τὴν</span> <span class='ocrx_word' id='word_1_383' title='bbox 517 3867 627 3918; x_wconf 80' lang='grc' dir='ltr'>ἅνω</span> <span class='ocrx_word' id='word_1_384' title='bbox 653 3864 931 3935; x_wconf 79' lang='grc' dir='ltr'>Θηϐαΐδα·</span> <span class='ocrx_word' id='word_1_385' title='bbox 974 3865 1075 3934; x_wconf 66' lang='grc' dir='ltr'>ἤδη</span> <span class='ocrx_word' id='word_1_386' title='bbox 1102 3864 1159 3916; x_wconf 84' lang='grc' dir='ltr'>δὲ</span> <span class='ocrx_word' id='word_1_387' title='bbox 1192 3864 1288 3917; x_wconf 65' lang='grc' dir='ltr'><strong>καλ⁸</strong></span> <span class='ocrx_word' id='word_1_388' title='bbox 1326 3864 1424 3927; x_wconf 82' lang='grc' dir='ltr'>τὰς</span> <span class='ocrx_word' id='word_1_389' title='bbox 1454 3864 1647 3927; x_wconf 79' lang='grc' dir='ltr'>λοιπὰς</span> <span class='ocrx_word' id='word_1_390' title='bbox 1675 3865 1974 3934; x_wconf 73' lang='grc' dir='ltr'>ἐπενέμετο</span> 
     </span>
    </p>
   </div>
   <div class='ocr_carea' id='block_1_59' title="bbox 391 3953 1969 4025">
    <p class='ocr_par' dir='ltr' id='par_1_59' title="bbox 391 3953 1969 4025">
     <span class='ocr_line' id='line_1_59' title="bbox 391 3953 1969 4025; baseline -0.001 -18"><span class='ocrx_word' id='word_1_391' title='bbox 391 3956 657 4025; x_wconf 84' lang='grc' dir='ltr'>ἐπαρχίας</span> <span class='ocrx_word' id='word_1_392' title='bbox 684 3972 742 4007; x_wconf 87' lang='grc' dir='ltr'><strong>τε</strong></span> <span class='ocrx_word' id='word_1_393' title='bbox 774 3955 866 4008; x_wconf 73' lang='grc' dir='ltr'>καὶ</span> <span class='ocrx_word' id='word_1_394' title='bbox 906 3956 1109 4017; x_wconf 81' lang='grc' dir='ltr'>πόλεις.</span> <span class='ocrx_word' id='word_1_395' title='bbox 1140 3953 1611 4023; x_wconf 81' lang='grc' dir='ltr'>Συνελαμϐάνοντο</span> <span class='ocrx_word' id='word_1_396' title='bbox 1648 3956 1714 4024; x_wconf 81' lang='grc' dir='ltr'>τῇ</span> <span class='ocrx_word' id='word_1_397' title='bbox 1757 3955 1969 4024; x_wconf 80' lang='grc' dir='ltr'>Ἀρείου</span> 
     </span>
    </p>
   </div>
   <div class='ocr_carea' id='block_1_60' title="bbox 390 4045 1970 4118">
    <p class='ocr_par' dir='ltr' id='par_1_60' title="bbox 390 4045 1970 4118">
     <span class='ocr_line' id='line_1_60' title="bbox 390 4045 1970 4118; baseline -0.001 -18"><span class='ocrx_word' id='word_1_398' title='bbox 390 4048 515 4118; x_wconf 75' lang='grc' dir='ltr'>δόξῃ</span> <span class='ocrx_word' id='word_1_399' title='bbox 545 4048 725 4099; x_wconf 64' lang='grc' dir='ltr'>πολλοὶ</span> <span class='ocrx_word' id='word_1_400' title='bbox 760 4049 854 4117; x_wconf 79' lang='grc' dir='ltr'>μὲν</span> <span class='ocrx_word' id='word_1_401' title='bbox 882 4047 974 4099; x_wconf 67' lang='grc' dir='ltr'><strong>κα)⁵</strong></span> <span class='ocrx_word' id='word_1_402' title='bbox 1003 4047 1173 4110; x_wconf 79' lang='grc' dir='ltr'>ἄλλοι,</span> <span class='ocrx_word' id='word_1_403' title='bbox 1200 4046 1433 4116; x_wconf 82' lang='grc' dir='ltr'>μάλιστα</span> <span class='ocrx_word' id='word_1_404' title='bbox 1461 4045 1518 4098; x_wconf 83' lang='grc' dir='ltr'>δὲ</span> <span class='ocrx_word' id='word_1_405' title='bbox 1548 4046 1803 4109; x_wconf 75' lang='grc' dir='ltr'>Εὐσέϐιος</span> <span class='ocrx_word' id='word_1_406' title='bbox 1826 4048 1850 4086; x_wconf 74' lang='grc' dir='ltr'>Ιι</span> <span class='ocrx_word' id='word_1_407' title='bbox 1876 4048 1970 4099; x_wconf 80' lang='grc' dir='ltr'><strong>αὐ-</strong></span> 
     </span>
    </p>
   </div>
   <div class='ocr_carea' id='block_1_61' title="bbox 387 4136 1971 4207">
    <p class='ocr_par' dir='ltr' id='par_1_61' title="bbox 387 4136 1971 4207">
     <span class='ocr_line' id='line_1_61' title="bbox 387 4136 1971 4207; baseline 0 -18"><span class='ocrx_word' id='word_1_408' title='bbox 387 4139 489 4201; x_wconf 66' lang='grc' dir='ltr'><strong>τῖπς</strong></span> <span class='ocrx_word' id='word_1_409' title='bbox 535 4138 811 4206; x_wconf 76' lang='grc' dir='ltr'>ἀντείχετο</span> <span class='ocrx_word' id='word_1_410' title='bbox 836 4179 849 4202; x_wconf 82' lang='grc'><strong><em>,</em></strong></span> <span class='ocrx_word' id='word_1_411' title='bbox 903 4138 1000 4207; x_wconf 80' lang='grc' dir='ltr'>οὐχ</span> <span class='ocrx_word' id='word_1_412' title='bbox 1042 4139 1069 4188; x_wconf 80' lang='grc' dir='ltr'><strong>ό</strong></span> <span class='ocrx_word' id='word_1_413' title='bbox 1106 4137 1418 4206; x_wconf 76' lang='grc' dir='ltr'>Καισαρεὺς</span> <span class='ocrx_word' id='word_1_414' title='bbox 1443 4178 1458 4203; x_wconf 86' lang='grc'><em>,</em></span> <span class='ocrx_word' id='word_1_415' title='bbox 1509 4136 1622 4189; x_wconf 85' lang='grc' dir='ltr'>ἀλλ’</span> <span class='ocrx_word' id='word_1_416' title='bbox 1648 4138 1676 4187; x_wconf 88' lang='grc' dir='ltr'>ὁ</span> <span class='ocrx_word' id='word_1_417' title='bbox 1706 4137 1971 4206; x_wconf 84' lang='grc' dir='ltr'>πρότερον</span> 
     </span>
    </p>
   </div>
   <div class='ocr_carea' id='block_1_62' title="bbox 2061 2447 3648 2521">
    <p class='ocr_par' dir='ltr' id='par_1_62' title="bbox 2061 2447 3648 2521">
     <span class='ocr_line' id='line_1_62' title="bbox 2061 2447 3648 2521; baseline -0.003 -16"><span class='ocrx_word' id='word_1_418' title='bbox 2061 2468 2181 2521; x_wconf 74' lang='lat' dir='ltr'><strong>quae</strong></span> <span class='ocrx_word' id='word_1_419' title='bbox 2215 2452 2284 2505; x_wconf 91' lang='lat' dir='ltr'><strong>ab</strong></span> <span class='ocrx_word' id='word_1_420' title='bbox 2315 2451 2573 2519; x_wconf 90' lang='lat' dir='ltr'><strong>episeopo</strong></span> <span class='ocrx_word' id='word_1_421' title='bbox 2597 2450 2746 2503; x_wconf 90' lang='lat' dir='ltr'><strong>dicta</strong></span> <span class='ocrx_word' id='word_1_422' title='bbox 2775 2448 3013 2511; x_wconf 80' lang='lat' dir='ltr'><strong>fuerant,</strong></span> <span class='ocrx_word' id='word_1_423' title='bbox 3039 2448 3311 2510; x_wconf 92' lang='lat' dir='ltr'><strong>acerbius,</strong></span> <span class='ocrx_word' id='word_1_424' title='bbox 3346 2457 3407 2501; x_wconf 91' lang='lat' dir='ltr'><strong>ut</strong></span> <span class='ocrx_word' id='word_1_425' title='bbox 3426 2447 3648 2501; x_wconf 86' lang='lat' dir='ltr'><strong>videba-</strong></span> 
     </span>
    </p>
   </div>
   <div class='ocr_carea' id='block_1_63' title="bbox 2064 2536 3647 2607">
    <p class='ocr_par' dir='ltr' id='par_1_63' title="bbox 2064 2536 3647 2607">
     <span class='ocr_line' id='line_1_63' title="bbox 2064 2536 3647 2607; baseline -0.003 -15"><span class='ocrx_word' id='word_1_426' title='bbox 2064 2550 2173 2603; x_wconf 89' lang='lat' dir='ltr'><strong>tur,</strong></span> <span class='ocrx_word' id='word_1_427' title='bbox 2202 2539 2466 2601; x_wconf 89' lang='lat' dir='ltr'><strong>oeeurrit,</strong></span> <span class='ocrx_word' id='word_1_428' title='bbox 2506 2540 2580 2591; x_wconf 88' lang='lat' dir='ltr'><strong>ita</strong></span> <span class='ocrx_word' id='word_1_429' title='bbox 2604 2539 2922 2607; x_wconf 86' lang='lat' dir='ltr'><strong>disputans:</strong></span> <span class='ocrx_word' id='word_1_430' title='bbox 2950 2538 3003 2592; x_wconf 88' lang='lat' dir='ltr'><strong>Si</strong></span> <span class='ocrx_word' id='word_1_431' title='bbox 3030 2539 3189 2591; x_wconf 84' lang='lat' dir='ltr'><strong>Pater</strong></span> <span class='ocrx_word' id='word_1_432' title='bbox 3213 2537 3403 2606; x_wconf 78' lang='lat' dir='ltr'><strong>genuit</strong></span> <span class='ocrx_word' id='word_1_433' title='bbox 3426 2536 3647 2597; x_wconf 88' lang='lat' dir='ltr'><strong>Filium,</strong></span> 
     </span>
    </p>
   </div>
   <div class='ocr_carea' id='block_1_64' title="bbox 2062 2628 3651 2698">
    <p class='ocr_par' dir='ltr' id='par_1_64' title="bbox 2062 2628 3651 2698">
     <span class='ocr_line' id='line_1_64' title="bbox 2062 2628 3651 2698; baseline -0.005 -15"><span class='ocrx_word' id='word_1_434' title='bbox 2062 2630 2361 2685; x_wconf 74' lang='lat' dir='ltr'><strong>exsistendi</strong></span> <span class='ocrx_word' id='word_1_435' title='bbox 2387 2630 2604 2683; x_wconf 89' lang='lat' dir='ltr'><strong>initium</strong></span> <span class='ocrx_word' id='word_1_436' title='bbox 2635 2630 2800 2682; x_wconf 85' lang='lat' dir='ltr'><strong>habet</strong></span> <span class='ocrx_word' id='word_1_437' title='bbox 2826 2628 2871 2683; x_wconf 88' lang='lat' dir='ltr'><strong>is</strong></span> <span class='ocrx_word' id='word_1_438' title='bbox 2902 2630 2996 2697; x_wconf 92' lang='lat' dir='ltr'><strong>qui</strong></span> <span class='ocrx_word' id='word_1_439' title='bbox 3035 2628 3254 2698; x_wconf 87' lang='lat' dir='ltr'><strong>genitus</strong></span> <span class='ocrx_word' id='word_1_440' title='bbox 3289 2636 3392 2682; x_wconf 91' lang='lat' dir='ltr'><strong>est.</strong></span> <span class='ocrx_word' id='word_1_441' title='bbox 3433 2628 3509 2681; x_wconf 72' lang='lat' dir='ltr'><strong>Ex</strong></span> <span class='ocrx_word' id='word_1_442' title='bbox 3542 2643 3651 2695; x_wconf 87' lang='lat' dir='ltr'><strong>quo</strong></span> 
     </span>
    </p>
   </div>
   <div class='ocr_carea' id='block_1_65' title="bbox 2066 2719 3649 2789">
    <p class='ocr_par' dir='ltr' id='par_1_65' title="bbox 2066 2719 3649 2789">
     <span class='ocr_line' id='line_1_65' title="bbox 2066 2719 3649 2789; baseline -0.003 -15"><span class='ocrx_word' id='word_1_443' title='bbox 2066 2720 2351 2775; x_wconf 82' lang='lat' dir='ltr'><strong>manifeste</strong></span> <span class='ocrx_word' id='word_1_444' title='bbox 2383 2720 2575 2789; x_wconf 86' lang='lat' dir='ltr'><strong>liquet,</strong></span> <span class='ocrx_word' id='word_1_445' title='bbox 2615 2719 2783 2773; x_wconf 83' lang='lat' dir='ltr'><strong>fuisse</strong></span> <span class='ocrx_word' id='word_1_446' title='bbox 2816 2720 3112 2788; x_wconf 89' lang='lat' dir='ltr'><strong>aliquando</strong></span> <span class='ocrx_word' id='word_1_447' title='bbox 3143 2728 3360 2787; x_wconf 82' lang='lat' dir='ltr'><strong>tempus</strong></span> <span class='ocrx_word' id='word_1_448' title='bbox 3387 2734 3511 2772; x_wconf 88' lang='lat' dir='ltr'><strong>cum</strong></span> <span class='ocrx_word' id='word_1_449' title='bbox 3541 2734 3649 2771; x_wconf 88' lang='lat' dir='ltr'><strong>non</strong></span> 
     </span>
    </p>
   </div>
   <div class='ocr_carea' id='block_1_66' title="bbox 2064 2810 3650 2873">
    <p class='ocr_par' dir='ltr' id='par_1_66' title="bbox 2064 2810 3650 2873">
     <span class='ocr_line' id='line_1_66' title="bbox 2064 2810 3650 2873; baseline -0.001 -9"><span class='ocrx_word' id='word_1_450' title='bbox 2064 2820 2210 2865; x_wconf 88' lang='lat' dir='ltr'><strong>esset</strong></span> <span class='ocrx_word' id='word_1_451' title='bbox 2243 2811 2441 2864; x_wconf 86' lang='lat' dir='ltr'><strong>Filius:</strong></span> <span class='ocrx_word' id='word_1_452' title='bbox 2499 2820 2555 2864; x_wconf 92' lang='lat' dir='ltr'><strong>et</strong></span> <span class='ocrx_word' id='word_1_453' title='bbox 2591 2810 2904 2864; x_wconf 86' lang='lat' dir='ltr'><strong>necessario</strong></span> <span class='ocrx_word' id='word_1_454' title='bbox 2938 2810 3250 2873; x_wconf 81' lang='lat' dir='ltr'><strong>coniicitur,</strong></span> <span class='ocrx_word' id='word_1_455' title='bbox 3287 2810 3541 2863; x_wconf 90' lang='lat' dir='ltr'><strong>eumdem</strong></span> <span class='ocrx_word' id='word_1_456' title='bbox 3583 2824 3650 2862; x_wconf 78' lang='lat' dir='ltr'><strong>e1</strong></span> 
     </span>
    </p>
   </div>
   <div class='ocr_carea' id='block_1_67' title="bbox 2068 2903 2582 2957">
    <p class='ocr_par' dir='ltr' id='par_1_67' title="bbox 2068 2903 2582 2957">
     <span class='ocr_line' id='line_1_67' title="bbox 2068 2903 2582 2957; baseline -0.008 0"><span class='ocrx_word' id='word_1_457' title='bbox 2068 2904 2242 2957; x_wconf 88' lang='lat' dir='ltr'><strong>nihilo</strong></span> <span class='ocrx_word' id='word_1_458' title='bbox 2264 2903 2582 2957; x_wconf 84' lang='lat' dir='ltr'><strong>subsistere.</strong></span> 
     </span>
    </p>
   </div>
   <div class='ocr_carea' id='block_1_68' title="bbox 2629 3005 3045 3085">
    <p class='ocr_par' dir='ltr' id='par_1_68' title="bbox 2629 3005 3045 3085">
     <span class='ocr_line' id='line_1_68' title="bbox 2629 3005 3045 3085; baseline -0.005 -16"><span class='ocrx_word' id='word_1_459' title='bbox 2629 3016 2732 3085; x_wconf 87' lang='grc' dir='ltr'><strong>ιο</strong></span> <span class='ocrx_word' id='word_1_460' title='bbox 2767 3014 2918 3069; x_wconf 88' lang='lat' dir='ltr'><strong>CAP.</strong></span> <span class='ocrx_word' id='word_1_461' title='bbox 2963 3005 3045 3068; x_wconf 83' lang='lat' dir='ltr'><strong>vt.</strong></span> 
     </span>
    </p>
   </div>
   <div class='ocr_carea' id='block_1_69' title="bbox 2071 3092 3655 3170">
    <p class='ocr_par' dir='ltr' id='par_1_69' title="bbox 2071 3092 3655 3170">
     <span class='ocr_line' id='line_1_69' title="bbox 2071 3092 3655 3170; baseline -0.002 -10"><span class='ocrx_word' id='word_1_462' title='bbox 2071 3106 2342 3170; x_wconf 85' lang='lat' dir='ltr'><strong>Quomodo</strong></span> <span class='ocrx_word' id='word_1_463' title='bbox 2377 3122 2440 3159; x_wconf 79' lang='lat' dir='ltr'><strong>ea:</strong></span> <span class='ocrx_word' id='word_1_464' title='bbox 2477 3107 2804 3159; x_wconf 78' lang='lat' dir='ltr'><strong>contentione</strong></span> <span class='ocrx_word' id='word_1_465' title='bbox 2838 3115 3009 3157; x_wconf 87' lang='lat' dir='ltr'><strong>ortum</strong></span> <span class='ocrx_word' id='word_1_466' title='bbox 3039 3115 3114 3158; x_wconf 88' lang='lat' dir='ltr'><strong>est</strong></span> <span class='ocrx_word' id='word_1_467' title='bbox 3148 3106 3204 3158; x_wconf 89' lang='lat' dir='ltr'><strong>in</strong></span> <span class='ocrx_word' id='word_1_468' title='bbox 3244 3104 3479 3158; x_wconf 77' lang='lat' dir='ltr'><strong>Ecclesia</strong></span> <span class='ocrx_word' id='word_1_469' title='bbox 3504 3092 3655 3158; x_wconf 55' lang='lat' dir='ltr'><strong>dissié</strong></span> 
     </span>
    </p>
   </div>
   <div class='ocr_carea' id='block_1_70' title="bbox 2140 3174 3652 3246">
    <p class='ocr_par' dir='ltr' id='par_1_70' title="bbox 2140 3174 3652 3246">
     <span class='ocr_line' id='line_1_70' title="bbox 2140 3174 3652 3246; baseline -0.001 -18"><span class='ocrx_word' id='word_1_470' title='bbox 2140 3178 2318 3240; x_wconf 89' lang='lat' dir='ltr'><strong>dium;</strong></span> <span class='ocrx_word' id='word_1_471' title='bbox 2338 3186 2385 3229; x_wconf 90' lang='lat' dir='ltr'><strong>et</strong></span> <span class='ocrx_word' id='word_1_472' title='bbox 2400 3175 2659 3245; x_wconf 85' lang='lat' dir='ltr'><strong>quomodo</strong></span> <span class='ocrx_word' id='word_1_473' title='bbox 2696 3174 2999 3246; x_wconf 68' lang='lat' dir='ltr'><strong>Alexander</strong></span> <span class='ocrx_word' id='word_1_474' title='bbox 3019 3174 3362 3228; x_wconf 58' lang='lat' dir='ltr'><strong>Alexandria?</strong></span> <span class='ocrx_word' id='word_1_475' title='bbox 3381 3177 3652 3246; x_wconf 78' lang='lat' dir='ltr'><strong>episwpus</strong></span> 
     </span>
    </p>
   </div>
   <div class='ocr_carea' id='block_1_71' title="bbox 2139 3245 3162 3329">
    <p class='ocr_par' dir='ltr' id='par_1_71' title="bbox 2139 3245 3162 3315">
     <span class='ocr_line' id='line_1_71' title="bbox 2139 3245 3162 3315; baseline -0.004 -14"><span class='ocrx_word' id='word_1_476' title='bbox 2139 3248 2326 3301; x_wconf 83' lang='lat' dir='ltr'><strong>Arium</strong></span> <span class='ocrx_word' id='word_1_477' title='bbox 2350 3254 2735 3315; x_wconf 83' lang='lat' dir='ltr'><strong>sectatoresque</strong></span> <span class='ocrx_word' id='word_1_478' title='bbox 2759 3246 2873 3314; x_wconf 85' lang='lat' dir='ltr'><strong>ejus</strong></span> <span class='ocrx_word' id='word_1_479' title='bbox 2907 3245 3162 3314; x_wconf 76' lang='lat' dir='ltr'><strong>deposuit.</strong></span> 
     </span>
    </p>
   </div>
   <div class='ocr_carea' id='block_1_72' title="bbox 2144 3395 3657 3465">
    <p class='ocr_par' dir='ltr' id='par_1_72' title="bbox 2144 3395 3657 3465">
     <span class='ocr_line' id='line_1_72' title="bbox 2144 3395 3657 3465; baseline 0 -15"><span class='ocrx_word' id='word_1_480' title='bbox 2144 3396 2269 3451; x_wconf 83' lang='lat' dir='ltr'><strong>llaec</strong></span> <span class='ocrx_word' id='word_1_481' title='bbox 2287 3398 2377 3451; x_wconf 92' lang='lat' dir='ltr'><strong>ille</strong></span> <span class='ocrx_word' id='word_1_482' title='bbox 2394 3397 2550 3451; x_wconf 87' lang='lat' dir='ltr'><strong>novis</strong></span> <span class='ocrx_word' id='word_1_483' title='bbox 2565 3404 2728 3465; x_wconf 91' lang='lat' dir='ltr'><strong>atque</strong></span> <span class='ocrx_word' id='word_1_484' title='bbox 2754 3395 3015 3450; x_wconf 89' lang='lat' dir='ltr'><strong>inauditis</strong></span> <span class='ocrx_word' id='word_1_485' title='bbox 3032 3397 3430 3452; x_wconf 86' lang='lat' dir='ltr'><strong>assertionibus</strong></span> <span class='ocrx_word' id='word_1_486' title='bbox 3442 3412 3565 3453; x_wconf 91' lang='lat' dir='ltr'><strong>cum</strong></span> <span class='ocrx_word' id='word_1_487' title='bbox 3581 3396 3657 3451; x_wconf 79' lang='lat' dir='ltr'><strong>ita</strong></span> 
     </span>
    </p>
   </div>
   <div class='ocr_carea' id='block_1_73' title="bbox 2071 3486 3652 3557">
    <p class='ocr_par' dir='ltr' id='par_1_73' title="bbox 2071 3486 3652 3557">
     <span class='ocr_line' id='line_1_73' title="bbox 2071 3486 3652 3557; baseline 0.001 -14"><span class='ocrx_word' id='word_1_488' title='bbox 2071 3490 2454 3553; x_wconf 89' lang='lat' dir='ltr'><strong>conclusisset,</strong></span> <span class='ocrx_word' id='word_1_489' title='bbox 2483 3489 2685 3542; x_wconf 90' lang='lat' dir='ltr'><strong>multos</strong></span> <span class='ocrx_word' id='word_1_490' title='bbox 2716 3486 2785 3541; x_wconf 88' lang='lat' dir='ltr'><strong>ad</strong></span> <span class='ocrx_word' id='word_1_491' title='bbox 2808 3502 2930 3541; x_wconf 92' lang='lat' dir='ltr'><strong>eam</strong></span> <span class='ocrx_word' id='word_1_492' title='bbox 2977 3488 3337 3557; x_wconf 59' lang='lat' dir='ltr'><strong>quastionem</strong></span> <span class='ocrx_word' id='word_1_493' title='bbox 3374 3490 3652 3544; x_wconf 71' lang='lat' dir='ltr'><strong>excitavit;</strong></span> 
     </span>
    </p>
   </div>
   <div class='ocr_carea' id='block_1_74' title="bbox 2036 3578 3658 3650">
    <p class='ocr_par' dir='ltr' id='par_1_74' title="bbox 2036 3578 3658 3650">
     <span class='ocr_line' id='line_1_74' title="bbox 2036 3578 3658 3650; baseline -0.002 -14"><span class='ocrx_word' id='word_1_494' title='bbox 2036 3617 2040 3623; x_wconf 68' lang='grc' dir='ltr'><strong>ι</strong></span> <span class='ocrx_word' id='word_1_495' title='bbox 2070 3582 2247 3650; x_wconf 80' lang='lat' dir='ltr'><strong>Atque</strong></span> <span class='ocrx_word' id='word_1_496' title='bbox 2281 3596 2350 3635; x_wconf 83' lang='lat' dir='ltr'><strong>ex</strong></span> <span class='ocrx_word' id='word_1_497' title='bbox 2386 3579 2598 3633; x_wconf 91' lang='lat' dir='ltr'><strong>modica</strong></span> <span class='ocrx_word' id='word_1_498' title='bbox 2628 3578 2864 3633; x_wconf 85' lang='lat' dir='ltr'><strong>scintilla</strong></span> <span class='ocrx_word' id='word_1_499' title='bbox 2902 3594 3158 3649; x_wconf 81' lang='lat' dir='ltr'><strong>magnum</strong></span> <span class='ocrx_word' id='word_1_500' title='bbox 3200 3579 3387 3634; x_wconf 88' lang='lat' dir='ltr'><strong>subito</strong></span> <span class='ocrx_word' id='word_1_501' title='bbox 3443 3580 3658 3635; x_wconf 77' lang='lat' dir='ltr'><strong>exstitit</strong></span> 
     </span>
    </p>
   </div>
   <div class='ocr_carea' id='block_1_75' title="bbox 2070 3670 3660 3741">
    <p class='ocr_par' dir='ltr' id='par_1_75' title="bbox 2070 3670 3660 3741">
     <span class='ocr_line' id='line_1_75' title="bbox 2070 3670 3660 3741; baseline -0.001 -14"><span class='ocrx_word' id='word_1_502' title='bbox 2070 3672 2406 3727; x_wconf 88' lang='lat' dir='ltr'><strong>incendium.</strong></span> <span class='ocrx_word' id='word_1_503' title='bbox 2444 3670 2639 3726; x_wconf 91' lang='lat' dir='ltr'><strong>Ortum</strong></span> <span class='ocrx_word' id='word_1_504' title='bbox 2676 3672 2878 3741; x_wconf 92' lang='lat' dir='ltr'><strong>quippe</strong></span> <span class='ocrx_word' id='word_1_505' title='bbox 2916 3671 2984 3726; x_wconf 90' lang='lat' dir='ltr'><strong>ab</strong></span> <span class='ocrx_word' id='word_1_506' title='bbox 3019 3672 3387 3727; x_wconf 75' lang='lat' dir='ltr'><strong>Alexandrina</strong></span> <span class='ocrx_word' id='word_1_507' title='bbox 3414 3672 3660 3727; x_wconf 74' lang='lat' dir='ltr'><strong>Ecclesia</strong></span> 
     </span>
    </p>
   </div>
   <div class='ocr_carea' id='block_1_76' title="bbox 2071 3762 3661 3835">
    <p class='ocr_par' dir='ltr' id='par_1_76' title="bbox 2071 3762 3661 3835">
     <span class='ocr_line' id='line_1_76' title="bbox 2071 3762 3661 3835; baseline 0 -17"><span class='ocrx_word' id='word_1_508' title='bbox 2071 3766 2273 3819; x_wconf 86' lang='lat' dir='ltr'><strong>malum</strong></span> <span class='ocrx_word' id='word_1_509' title='bbox 2326 3780 2423 3833; x_wconf 90' lang='lat' dir='ltr'><strong>per</strong></span> <span class='ocrx_word' id='word_1_510' title='bbox 2466 3762 2776 3817; x_wconf 85' lang='lat' dir='ltr'><strong>universam</strong></span> <span class='ocrx_word' id='word_1_511' title='bbox 2815 3762 3107 3833; x_wconf 66' lang='lat' dir='ltr'><strong>[Egyptum</strong></span> <span class='ocrx_word' id='word_1_512' title='bbox 3142 3774 3199 3818; x_wconf 90' lang='lat' dir='ltr'><strong>et</strong></span> <span class='ocrx_word' id='word_1_513' title='bbox 3226 3764 3451 3835; x_wconf 79' lang='lat' dir='ltr'><strong>Libyam</strong></span> <span class='ocrx_word' id='word_1_514' title='bbox 3483 3780 3545 3817; x_wconf 86' lang='lat' dir='ltr'><strong>ac</strong></span> <span class='ocrx_word' id='word_1_515' title='bbox 3570 3780 3661 3818; x_wconf 80' lang='lat' dir='ltr'><strong>su-&#39;</strong></span> 
     </span>
    </p>
   </div>
   <div class='ocr_carea' id='block_1_77' title="bbox 2075 3856 3662 3932">
    <p class='ocr_par' dir='ltr' id='par_1_77' title="bbox 2075 3856 3662 3932">
     <span class='ocr_line' id='line_1_77' title="bbox 2075 3856 3662 3932; baseline -0.003 -17"><span class='ocrx_word' id='word_1_516' title='bbox 2075 3862 2349 3932; x_wconf 90' lang='lat' dir='ltr'><strong>periorem</strong></span> <span class='ocrx_word' id='word_1_517' title='bbox 2389 3859 2726 3914; x_wconf 87' lang='lat' dir='ltr'><strong>Thebaidem</strong></span> <span class='ocrx_word' id='word_1_518' title='bbox 2778 3859 3052 3927; x_wconf 85' lang='lat' dir='ltr'><strong>pervasit:</strong></span> <span class='ocrx_word' id='word_1_519' title='bbox 3097 3858 3315 3911; x_wconf 91' lang='lat' dir='ltr'><strong>tandem</strong></span> <span class='ocrx_word' id='word_1_520' title='bbox 3361 3872 3490 3910; x_wconf 78' lang='lat' dir='ltr'><strong>vero</strong></span> <span class='ocrx_word' id='word_1_521' title='bbox 3534 3856 3662 3911; x_wconf 76' lang='lat' dir='ltr'><strong>reli-‘-</strong></span> 
     </span>
    </p>
   </div>
   <div class='ocr_carea' id='block_1_78' title="bbox 2078 3949 3660 4022">
    <p class='ocr_par' dir='ltr' id='par_1_78' title="bbox 2078 3949 3660 4022">
     <span class='ocr_line' id='line_1_78' title="bbox 2078 3949 3660 4022; baseline -0.003 -16"><span class='ocrx_word' id='word_1_522' title='bbox 2078 3968 2214 4022; x_wconf 89' lang='lat' dir='ltr'><strong>quas</strong></span> <span class='ocrx_word' id='word_1_523' title='bbox 2255 3952 2563 4021; x_wconf 89' lang='lat' dir='ltr'><strong>provincias</strong></span> <span class='ocrx_word' id='word_1_524' title='bbox 2606 3966 2671 4005; x_wconf 92' lang='lat' dir='ltr'><strong>ac</strong></span> <span class='ocrx_word' id='word_1_525' title='bbox 2711 3950 2964 4005; x_wconf 89' lang='lat' dir='ltr'><strong>civitates</strong></span> <span class='ocrx_word' id='word_1_526' title='bbox 3004 3950 3291 4020; x_wconf 87' lang='lat' dir='ltr'><strong>depastum</strong></span> <span class='ocrx_word' id='word_1_527' title='bbox 3338 3957 3443 4004; x_wconf 91' lang='lat' dir='ltr'><strong>est.</strong></span> <span class='ocrx_word' id='word_1_528' title='bbox 3485 3949 3660 4004; x_wconf 82' lang='lat' dir='ltr'><strong>Porro</strong></span> 
     </span>
    </p>
   </div>
   <div class='ocr_carea' id='block_1_79' title="bbox 2079 4029 3661 4113">
    <p class='ocr_par' dir='ltr' id='par_1_79' title="bbox 2079 4029 3661 4113">
     <span class='ocr_line' id='line_1_79' title="bbox 2079 4029 3661 4113; baseline 0 -18"><span class='ocrx_word' id='word_1_529' title='bbox 2079 4044 2323 4113; x_wconf 89' lang='lat' dir='ltr'><strong>opinioni</strong></span> <span class='ocrx_word' id='word_1_530' title='bbox 2358 4042 2469 4097; x_wconf 89' lang='lat' dir='ltr'><strong>Arii</strong></span> <span class='ocrx_word' id='word_1_531' title='bbox 2509 4044 2821 4112; x_wconf 89' lang='lat' dir='ltr'><strong>complures</strong></span> <span class='ocrx_word' id='word_1_532' title='bbox 2869 4042 3092 4112; x_wconf 90' lang='lat' dir='ltr'><strong>quidem</strong></span> <span class='ocrx_word' id='word_1_533' title='bbox 3128 4043 3219 4096; x_wconf 90' lang='lat' dir='ltr'><strong>alii</strong></span> <span class='ocrx_word' id='word_1_534' title='bbox 3250 4029 3661 4096; x_wconf 76' lang='lat' dir='ltr'><strong>favebant:sed</strong></span> 
     </span>
    </p>
   </div>
   <div class='ocr_carea' id='block_1_80' title="bbox 2083 4133 3663 4205">
    <p class='ocr_par' dir='ltr' id='par_1_80' title="bbox 2083 4133 3663 4205">
     <span class='ocr_line' id='line_1_80' title="bbox 2083 4133 3663 4205; baseline -0.001 -18"><span class='ocrx_word' id='word_1_535' title='bbox 2083 4152 2193 4205; x_wconf 77' lang='lat' dir='ltr'><strong>pne</strong></span> <span class='ocrx_word' id='word_1_536' title='bbox 2241 4136 2457 4190; x_wconf 70' lang='lat' dir='ltr'><strong>earteris</strong></span> <span class='ocrx_word' id='word_1_537' title='bbox 2482 4151 2600 4189; x_wconf 86' lang='lat' dir='ltr'><strong>eam</strong></span> <span class='ocrx_word' id='word_1_538' title='bbox 2641 4136 2895 4190; x_wconf 86' lang='lat' dir='ltr'><strong>tuebatur</strong></span> <span class='ocrx_word' id='word_1_539' title='bbox 2942 4134 3244 4199; x_wconf 84' lang='lat' dir='ltr'><strong>Eusebius,</strong></span> <span class='ocrx_word' id='word_1_540' title='bbox 3270 4149 3380 4189; x_wconf 92' lang='lat' dir='ltr'><strong>non</strong></span> <span class='ocrx_word' id='word_1_541' title='bbox 3415 4134 3505 4188; x_wconf 89' lang='lat' dir='ltr'><strong>ille</strong></span> <span class='ocrx_word' id='word_1_542' title='bbox 3536 4133 3663 4201; x_wconf 74' lang='lat' dir='ltr'><strong>qui:-</strong></span> 
     </span>
    </p>
   </div>
   <div class='ocr_carea' id='block_1_81' title="bbox 1566 4290 2511 4348">
    <p class='ocr_par' dir='ltr' id='par_1_81' title="bbox 1566 4290 2511 4348">
     <span class='ocr_line' id='line_1_81' title="bbox 1566 4290 2511 4348; baseline -0.001 -5"><span class='ocrx_word' id='word_1_543' title='bbox 1566 4292 1921 4348; x_wconf 79' lang='lat' dir='ltr'><strong>VARIORUM</strong></span> <span class='ocrx_word' id='word_1_544' title='bbox 1963 4290 2511 4348; x_wconf 70' lang='lat' dir='ltr'><strong>ANNOTATIONES.</strong></span> 
     </span>
    </p>
   </div>
   <div class='ocr_carea' id='block_1_82' title="bbox 467 4404 1970 4486">
    <p class='ocr_par' dir='ltr' id='par_1_82' title="bbox 467 4404 1970 4486">
     <span class='ocr_line' id='line_1_82' title="bbox 467 4404 1970 4486; baseline -0.011 -23"><span class='ocrx_word' id='word_1_545' title='bbox 467 4422 490 4445; x_wconf 66' lang='grc' dir='ltr'>θ</span> <span class='ocrx_word' id='word_1_546' title='bbox 516 4411 675 4463; x_wconf 87' lang='grc' dir='ltr'>Μετὰ</span> <span class='ocrx_word' id='word_1_547' title='bbox 715 4406 979 4486; x_wconf 40' lang='grc' dir='ltr'>Πέτρον..</span> <span class='ocrx_word' id='word_1_548' title='bbox 998 4405 1300 4485; x_wconf 87' lang='lat' dir='ltr'><strong>S._Petrus,</strong></span> <span class='ocrx_word' id='word_1_549' title='bbox 1325 4404 1617 4486; x_wconf 84' lang='lat' dir='ltr'><strong>episcopus</strong></span> <span class='ocrx_word' id='word_1_550' title='bbox 1645 4405 1970 4486; x_wconf 39' lang='lat' dir='ltr'><strong>Alexandri-</strong></span> 
     </span>
    </p>
   </div>
   <div class='ocr_carea' id='block_1_83' title="bbox 394 4482 1973 4545">
    <p class='ocr_par' dir='ltr' id='par_1_83' title="bbox 394 4482 1973 4545">
     <span class='ocr_line' id='line_1_83' title="bbox 394 4482 1973 4545; baseline -0.003 -10"><span class='ocrx_word' id='word_1_551' title='bbox 394 4496 516 4541; x_wconf 87' lang='lat' dir='ltr'><strong>nus,</strong></span> <span class='ocrx_word' id='word_1_552' title='bbox 543 4493 685 4532; x_wconf 84' lang='lat' dir='ltr'><strong>anno</strong></span> <span class='ocrx_word' id='word_1_553' title='bbox 712 4482 1111 4545; x_wconf 89' lang='lat' dir='ltr'><strong>persecutionis</strong></span> <span class='ocrx_word' id='word_1_554' title='bbox 1136 4490 1279 4527; x_wconf 94' lang='lat' dir='ltr'><strong>nono</strong></span> <span class='ocrx_word' id='word_1_555' title='bbox 1304 4482 1625 4545; x_wconf 71' lang='lat' dir='ltr'><strong>martyrium</strong></span> <span class='ocrx_word' id='word_1_556' title='bbox 1650 4482 1801 4537; x_wconf 73' lang='lat' dir='ltr'><strong>fecit,</strong></span> <span class='ocrx_word' id='word_1_557' title='bbox 1832 4484 1973 4531; x_wconf 89' lang='lat' dir='ltr'><strong>teste</strong></span> 
     </span>
    </p>
   </div>
   <div class='ocr_carea' id='block_1_84' title="bbox 395 4544 1972 4613">
    <p class='ocr_par' dir='ltr' id='par_1_84' title="bbox 395 4544 1972 4613">
     <span class='ocr_line' id='line_1_84' title="bbox 395 4544 1972 4613; baseline -0.004 -9"><span class='ocrx_word' id='word_1_558' title='bbox 395 4549 631 4605; x_wconf 86' lang='lat' dir='ltr'><strong>Eusebio</strong></span> <span class='ocrx_word' id='word_1_559' title='bbox 685 4544 739 4599; x_wconf 86' lang='lat' dir='ltr'><strong>in</strong></span> <span class='ocrx_word' id='word_1_560' title='bbox 780 4546 884 4598; x_wconf 81' lang='lat' dir='ltr'><strong>line</strong></span> <span class='ocrx_word' id='word_1_561' title='bbox 912 4545 1037 4597; x_wconf 91' lang='lat' dir='ltr'><strong>libri</strong></span> <span class='ocrx_word' id='word_1_562' title='bbox 1081 4560 1176 4607; x_wconf 83' lang='lat' dir='ltr'><strong>vn,</strong></span> <span class='ocrx_word' id='word_1_563' title='bbox 1226 4545 1461 4613; x_wconf 88' lang='lat' dir='ltr'><strong>ideoque</strong></span> <span class='ocrx_word' id='word_1_564' title='bbox 1504 4544 1636 4598; x_wconf 91' lang='lat' dir='ltr'><strong>illud</strong></span> <span class='ocrx_word' id='word_1_565' title='bbox 1662 4546 1731 4599; x_wconf 85' lang='lat' dir='ltr'><strong>ad</strong></span> <span class='ocrx_word' id='word_1_566' title='bbox 1769 4562 1972 4599; x_wconf 88' lang='lat' dir='ltr'><strong>annum</strong></span> 
     </span>
    </p>
   </div>
   <div class='ocr_carea' id='block_1_85' title="bbox 2080 4404 3661 4473">
    <p class='ocr_par' dir='ltr' id='par_1_85' title="bbox 2080 4404 3661 4473">
     <span class='ocr_line' id='line_1_85' title="bbox 2080 4404 3661 4473; baseline -0.001 -13"><span class='ocrx_word' id='word_1_567' title='bbox 2080 4406 2220 4460; x_wconf 91' lang='lat' dir='ltr'><strong>buit.</strong></span> <span class='ocrx_word' id='word_1_568' title='bbox 2271 4405 2437 4473; x_wconf 86' lang='lat' dir='ltr'><strong>(Guil.</strong></span> <span class='ocrx_word' id='word_1_569' title='bbox 2467 4405 2680 4460; x_wconf 87' lang='lat' dir='ltr'><strong>Caveus</strong></span> <span class='ocrx_word' id='word_1_570' title='bbox 2724 4406 2791 4461; x_wconf 90' lang='lat' dir='ltr'><strong>ad</strong></span> <span class='ocrx_word' id='word_1_571' title='bbox 2835 4421 2965 4473; x_wconf 82' lang='lat' dir='ltr'><strong>ann.</strong></span> <span class='ocrx_word' id='word_1_572' title='bbox 3012 4404 3162 4473; x_wconf 79' lang='grc'><strong>515.)</strong></span> <span class='ocrx_word' id='word_1_573' title='bbox 3213 4404 3661 4460; x_wconf 87' lang='lat' dir='ltr'><strong>Famosissimum</strong></span> 
     </span>
    </p>
   </div>
   <div class='ocr_carea' id='block_1_86' title="bbox 2082 4471 3661 4545">
    <p class='ocr_par' dir='ltr' id='par_1_86' title="bbox 2082 4471 3661 4545">
     <span class='ocr_line' id='line_1_86' title="bbox 2082 4471 3661 4545; baseline -0.001 -16"><span class='ocrx_word' id='word_1_574' title='bbox 2082 4476 2229 4530; x_wconf 89' lang='lat' dir='ltr'><strong>hunc</strong></span> <span class='ocrx_word' id='word_1_575' title='bbox 2254 4471 2681 4529; x_wconf 57' lang='lat' dir='ltr'><strong>hatresiarebum</strong></span> <span class='ocrx_word' id='word_1_576' title='bbox 2727 4476 2807 4531; x_wconf 91' lang='lat' dir='ltr'><strong>sic</strong></span> <span class='ocrx_word' id='word_1_577' title='bbox 2843 4471 3091 4545; x_wconf 76' lang='lat' dir='ltr'><strong>depingit</strong></span> <span class='ocrx_word' id='word_1_578' title='bbox 3113 4471 3452 4544; x_wconf 87' lang='lat' dir='ltr'><strong>Epiphanius</strong></span> <span class='ocrx_word' id='word_1_579' title='bbox 3482 4492 3493 4527; x_wconf 92' lang='lat'><strong>:</strong></span> <span class='ocrx_word' id='word_1_580' title='bbox 3521 4474 3661 4539; x_wconf 79' lang='lat' dir='ltr'><strong>Fuit,</strong></span> 
     </span>
    </p>
   </div>
   <div class='ocr_carea' id='block_1_87' title="bbox 2083 4545 3668 4616">
    <p class='ocr_par' dir='ltr' id='par_1_87' title="bbox 2083 4545 3668 4616">
     <span class='ocr_line' id='line_1_87' title="bbox 2083 4545 3668 4616; baseline -0.001 -17"><span class='ocrx_word' id='word_1_581' title='bbox 2083 4547 2284 4615; x_wconf 87' lang='lat' dir='ltr'><strong>inquit,</strong></span> <span class='ocrx_word' id='word_1_582' title='bbox 2337 4548 2635 4616; x_wconf 80' lang='lat' dir='ltr'><strong>proceriore</strong></span> <span class='ocrx_word' id='word_1_583' title='bbox 2682 4555 2916 4607; x_wconf 86' lang='lat' dir='ltr'><strong>statura,</strong></span> <span class='ocrx_word' id='word_1_584' title='bbox 2967 4546 3192 4598; x_wconf 87' lang='lat' dir='ltr'><strong>demisso</strong></span> <span class='ocrx_word' id='word_1_585' title='bbox 3232 4545 3403 4607; x_wconf 82' lang='lat' dir='ltr'><strong>vultu,</strong></span> <span class='ocrx_word' id='word_1_586' title='bbox 3452 4550 3668 4616; x_wconf 69' lang='lat' dir='ltr'><strong>totaque</strong></span> 
     </span>
    </p>
   </div>
   <div class='ocr_carea' id='block_1_88' title="bbox 392 4593 3667 4755">
    <p class='ocr_par' dir='ltr' id='par_1_88' title="bbox 392 4593 3667 4755">
     <span class='ocr_line' id='line_1_88' title="bbox 392 4593 3667 4685; baseline -0.001 -13"><span class='ocrx_word' id='word_1_587' title='bbox 392 4593 1972 4682; x_wconf 48' lang='grc' dir='ltr'><strong>ὄὶἱέἷᾷἵδιῖὶέἐνόςξιὶῖἁὲιηἷὲεὲιζἱῐίὲῦἷᾱυῶῐᾶνὲἦιιῖἐίξέἑζ</strong></span> <span class='ocrx_word' id='word_1_588' title='bbox 2011 4593 2058 4649; x_wconf 81' lang='grc' dir='ltr'>ί)</span> <span class='ocrx_word' id='word_1_589' title='bbox 2082 4593 2315 4685; x_wconf 61' lang='grc' dir='ltr'><strong>ἓὶὶῖτιῖόὲἓε</strong></span> <span class='ocrx_word' id='word_1_590' title='bbox 2337 4593 2784 4683; x_wconf 39' lang='lat' dir='ltr'><strong>Eduini-hac};</strong></span> <span class='ocrx_word' id='word_1_591' title='bbox 2797 4593 3667 4682; x_wconf 54' lang='grc' dir='ltr'><strong>ἶιῖιὶάὸιῖἓέἦνεῖιιιξἳηέῐάιῖῖἇιὶ</strong></span> 
     </span>
     <span class='ocr_line' id='line_1_89' title="bbox 396 4633 3667 4755; baseline -0.001 -13"><span class='ocrx_word' id='word_1_592' title='bbox 396 4691 542 4755; x_wconf 81' lang='lat' dir='ltr'><strong>(Ant.</strong></span> <span class='ocrx_word' id='word_1_593' title='bbox 564 4687 715 4753; x_wconf 80' lang='lat' dir='ltr'><strong>Pagi,</strong></span> <span class='ocrx_word' id='word_1_594' title='bbox 737 4685 804 4738; x_wconf 88' lang='lat' dir='ltr'><strong>ad</strong></span> <span class='ocrx_word' id='word_1_595' title='bbox 826 4700 953 4738; x_wconf 88' lang='lat' dir='ltr'><strong>ann.</strong></span> <span class='ocrx_word' id='word_1_596' title='bbox 976 4684 1232 4754; x_wconf 55' lang='grc' dir='ltr'>δηλοίη).</span> <span class='ocrx_word' id='word_1_597' title='bbox 1260 4686 1387 4745; x_wconf 76' lang='grc' dir='ltr'><strong>4,οι</strong></span> <span class='ocrx_word' id='word_1_598' title='bbox 1410 4701 1536 4738; x_wconf 90' lang='lat' dir='ltr'><strong>ann.</strong></span> <span class='ocrx_word' id='word_1_599' title='bbox 1563 4686 1687 4747; x_wconf 81' lang='grc'><strong>511,</strong></span> <span class='ocrx_word' id='word_1_600' title='bbox 1713 4701 1832 4753; x_wconf 90' lang='lat' dir='ltr'><strong>cap.</strong></span> <span class='ocrx_word' id='word_1_601' title='bbox 1852 4684 1973 4755; x_wconf 73' lang='lat'><strong>20.)</strong></span> <span class='ocrx_word' id='word_1_602' title='bbox 2080 4686 2321 4754; x_wconf 80' lang='lat' dir='ltr'><strong>fraudem</strong></span> <span class='ocrx_word' id='word_1_603' title='bbox 2370 4695 2417 4739; x_wconf 90' lang='lat' dir='ltr'><strong>et</strong></span> <span class='ocrx_word' id='word_1_604' title='bbox 2463 4633 2739 4755; x_wconf 49' lang='lat' dir='ltr'><strong>fallaciam</strong></span> <span class='ocrx_word' id='word_1_605' title='bbox 2783 4687 3107 4755; x_wconf 85' lang='lat' dir='ltr'><strong>composita;</strong></span> <span class='ocrx_word' id='word_1_606' title='bbox 3132 4686 3207 4737; x_wconf 90' lang='lat' dir='ltr'><strong>ita</strong></span> <span class='ocrx_word' id='word_1_607' title='bbox 3248 4693 3304 4737; x_wconf 89' lang='lat' dir='ltr'><strong>ut</strong></span> <span class='ocrx_word' id='word_1_608' title='bbox 3338 4685 3533 4739; x_wconf 88' lang='lat' dir='ltr'><strong>callido</strong></span> <span class='ocrx_word' id='word_1_609' title='bbox 3572 4686 3667 4739; x_wconf 83' lang='lat' dir='ltr'><strong>illa</strong></span> 
     </span>
    </p>
   </div>
   <div class='ocr_carea' id='block_1_89' title="bbox 396 4684 1973 4755">
    <p class='ocr_par' dir='ltr' id='par_1_89' title="bbox 396 4684 1973 4755">
     <span class='ocr_line' id='line_1_90' title="bbox 396 4684 1973 4755; baseline -0.003 -13"><span class='ocrx_word' id='word_1_610' title='bbox 396 4691 542 4755; x_wconf 81' lang='lat' dir='ltr'><strong>(Ant.</strong></span> <span class='ocrx_word' id='word_1_611' title='bbox 564 4687 715 4753; x_wconf 81' lang='lat' dir='ltr'><strong>Pagi,</strong></span> <span class='ocrx_word' id='word_1_612' title='bbox 737 4685 804 4738; x_wconf 90' lang='lat' dir='ltr'><strong>ad</strong></span> <span class='ocrx_word' id='word_1_613' title='bbox 826 4700 953 4738; x_wconf 88' lang='lat' dir='ltr'><strong>ann.</strong></span> <span class='ocrx_word' id='word_1_614' title='bbox 976 4684 1232 4754; x_wconf 77' lang='lat' dir='ltr'><strong>3l0,eap.</strong></span> <span class='ocrx_word' id='word_1_615' title='bbox 1260 4686 1313 4745; x_wconf 79' lang='grc'><strong>4,</strong></span> <span class='ocrx_word' id='word_1_616' title='bbox 1331 4694 1387 4737; x_wconf 89' lang='lat' dir='ltr'><strong>et</strong></span> <span class='ocrx_word' id='word_1_617' title='bbox 1410 4701 1536 4738; x_wconf 89' lang='lat' dir='ltr'><strong>ann.</strong></span> <span class='ocrx_word' id='word_1_618' title='bbox 1563 4686 1687 4747; x_wconf 80' lang='grc'><strong>511,</strong></span> <span class='ocrx_word' id='word_1_619' title='bbox 1713 4701 1832 4753; x_wconf 91' lang='lat' dir='ltr'><strong>cap.</strong></span> <span class='ocrx_word' id='word_1_620' title='bbox 1852 4684 1973 4755; x_wconf 74' lang='lat'><strong>20.)</strong></span> 
     </span>
    </p>
   </div>
   <div class='ocr_carea' id='block_1_90' title="bbox 395 4755 1976 4822">
    <p class='ocr_par' dir='ltr' id='par_1_90' title="bbox 395 4755 1976 4822">
     <span class='ocr_line' id='line_1_91' title="bbox 395 4755 1976 4822; baseline -0.004 -9"><span class='ocrx_word' id='word_1_621' title='bbox 395 4760 451 4813; x_wconf 88' lang='lat' dir='ltr'><strong>S.</strong></span> <span class='ocrx_word' id='word_1_622' title='bbox 495 4758 734 4812; x_wconf 82' lang='lat' dir='ltr'><strong>Achillas</strong></span> <span class='ocrx_word' id='word_1_623' title='bbox 757 4770 901 4809; x_wconf 91' lang='lat' dir='ltr'><strong>anno</strong></span> <span class='ocrx_word' id='word_1_624' title='bbox 924 4763 1135 4808; x_wconf 86' lang='lat' dir='ltr'><strong>tantum</strong></span> <span class='ocrx_word' id='word_1_625' title='bbox 1184 4755 1289 4807; x_wconf 71' lang='grc'><strong>512</strong></span> <span class='ocrx_word' id='word_1_626' title='bbox 1332 4756 1387 4807; x_wconf 93' lang='lat' dir='ltr'><strong>in</strong></span> <span class='ocrx_word' id='word_1_627' title='bbox 1430 4755 1607 4807; x_wconf 89' lang='lat' dir='ltr'><strong>locum</strong></span> <span class='ocrx_word' id='word_1_628' title='bbox 1635 4756 1754 4822; x_wconf 87' lang='lat' dir='ltr'><strong>ejus</strong></span> <span class='ocrx_word' id='word_1_629' title='bbox 1778 4755 1976 4808; x_wconf 90' lang='lat' dir='ltr'><strong>subro-</strong></span> 
     </span>
    </p>
   </div>
   <div class='ocr_carea' id='block_1_91' title="bbox 395 4825 1978 4899">
    <p class='ocr_par' dir='ltr' id='par_1_91' title="bbox 395 4825 1978 4899">
     <span class='ocr_line' id='line_1_92' title="bbox 395 4825 1978 4899; baseline -0.003 -17"><span class='ocrx_word' id='word_1_630' title='bbox 395 4837 574 4899; x_wconf 82' lang='lat' dir='ltr'><strong>gatus,</strong></span> <span class='ocrx_word' id='word_1_631' title='bbox 601 4826 883 4899; x_wconf 86' lang='lat' dir='ltr'><strong>mensibus</strong></span> <span class='ocrx_word' id='word_1_632' title='bbox 906 4833 1116 4899; x_wconf 80' lang='lat' dir='ltr'><strong>tantum</strong></span> <span class='ocrx_word' id='word_1_633' title='bbox 1134 4826 1387 4899; x_wconf 77' lang='lat' dir='ltr'><strong>quinque</strong></span> <span class='ocrx_word' id='word_1_634' title='bbox 1413 4825 1571 4899; x_wconf 79' lang='lat' dir='ltr'><strong>sedit.</strong></span> <span class='ocrx_word' id='word_1_635' title='bbox 1594 4825 1978 4899; x_wconf 81' lang='lat' dir='ltr'><strong>l_lui_e_suce_es-</strong></span> 
     </span>
    </p>
   </div>
   <div class='ocr_carea' id='block_1_92' title="bbox 396 4893 1971 4964">
    <p class='ocr_par' dir='ltr' id='par_1_92' title="bbox 396 4893 1971 4964">
     <span class='ocr_line' id='line_1_93' title="bbox 396 4893 1971 4964; baseline -0.003 -12"><span class='ocrx_word' id='word_1_636' title='bbox 396 4893 467 4952; x_wconf 72' lang='lat' dir='ltr'><strong>sit</strong></span> <span class='ocrx_word' id='word_1_637' title='bbox 492 4896 820 4956; x_wconf 77' lang='lat' dir='ltr'><strong>Alexander,</strong></span> <span class='ocrx_word' id='word_1_638' title='bbox 866 4896 1023 4964; x_wconf 89' lang='lat' dir='ltr'><strong>cujus</strong></span> <span class='ocrx_word' id='word_1_639' title='bbox 1070 4896 1289 4947; x_wconf 90' lang='lat' dir='ltr'><strong>initium</strong></span> <span class='ocrx_word' id='word_1_640' title='bbox 1311 4895 1584 4949; x_wconf 82' lang='lat' dir='ltr'><strong>Eusebius</strong></span> <span class='ocrx_word' id='word_1_641' title='bbox 1610 4895 1663 4948; x_wconf 93' lang='lat' dir='ltr'><strong>in</strong></span> <span class='ocrx_word' id='word_1_642' title='bbox 1690 4893 1971 4949; x_wconf 82' lang='lat' dir='ltr'><strong>Chronico</strong></span> 
     </span>
    </p>
   </div>
   <div class='ocr_carea' id='block_1_93' title="bbox 396 4965 1443 5022">
    <p class='ocr_par' dir='ltr' id='par_1_93' title="bbox 396 4965 1443 5022">
     <span class='ocr_line' id='line_1_94' title="bbox 396 4965 1443 5022; baseline -0.005 0"><span class='ocrx_word' id='word_1_643' title='bbox 396 4969 462 5022; x_wconf 88' lang='lat' dir='ltr'><strong>ad</strong></span> <span class='ocrx_word' id='word_1_644' title='bbox 488 4982 691 5021; x_wconf 90' lang='lat' dir='ltr'><strong>annum</strong></span> <span class='ocrx_word' id='word_1_645' title='bbox 715 4966 819 5017; x_wconf 77' lang='grc'><strong>515</strong></span> <span class='ocrx_word' id='word_1_646' title='bbox 845 4966 1096 5020; x_wconf 88' lang='lat' dir='ltr'><strong>collocat.</strong></span> <span class='ocrx_word' id='word_1_647' title='bbox 1138 4965 1285 5018; x_wconf 85' lang='lat' dir='ltr'><strong>Idem</strong></span> <span class='ocrx_word' id='word_1_648' title='bbox 1310 4965 1443 5018; x_wconf 86' lang='lat' dir='ltr'><strong>ibid.</strong></span> 
     </span>
    </p>
   </div>
   <div class='ocr_carea' id='block_1_94' title="bbox 499 5034 1979 5103">
    <p class='ocr_par' dir='ltr' id='par_1_94' title="bbox 499 5034 1979 5103">
     <span class='ocr_line' id='line_1_95' title="bbox 499 5034 1979 5103; baseline 0.001 -15"><span class='ocrx_word' id='word_1_649' title='bbox 499 5038 511 5074; x_wconf 80' lang='grc' dir='ltr'><strong>ί</strong></span> <span class='ocrx_word' id='word_1_650' title='bbox 551 5040 799 5102; x_wconf 75' lang='grc' dir='ltr'>Ἄρειος.</span> <span class='ocrx_word' id='word_1_651' title='bbox 827 5034 990 5089; x_wconf 91' lang='lat' dir='ltr'><strong>Arius</strong></span> <span class='ocrx_word' id='word_1_652' title='bbox 1029 5044 1188 5103; x_wconf 78' lang='lat' dir='ltr'><strong>gente</strong></span> <span class='ocrx_word' id='word_1_653' title='bbox 1227 5042 1348 5089; x_wconf 90' lang='lat' dir='ltr'><strong>erat</strong></span> <span class='ocrx_word' id='word_1_654' title='bbox 1386 5035 1536 5094; x_wconf 87' lang='lat' dir='ltr'><strong>Libs.</strong></span> <span class='ocrx_word' id='word_1_655' title='bbox 1562 5034 1698 5096; x_wconf 89' lang='lat' dir='ltr'><strong>sive,</strong></span> <span class='ocrx_word' id='word_1_656' title='bbox 1726 5040 1787 5087; x_wconf 93' lang='lat' dir='ltr'><strong>ut</strong></span> <span class='ocrx_word' id='word_1_657' title='bbox 1813 5035 1979 5089; x_wconf 89' lang='lat' dir='ltr'><strong>habet</strong></span> 
     </span>
    </p>
   </div>
   <div class='ocr_carea' id='block_1_95' title="bbox 398 5105 1977 5167">
    <p class='ocr_par' dir='ltr' id='par_1_95' title="bbox 398 5105 1977 5167">
     <span class='ocr_line' id='line_1_96' title="bbox 398 5105 1977 5167; baseline -0.001 -7"><span class='ocrx_word' id='word_1_658' title='bbox 398 5106 648 5167; x_wconf 78' lang='lat' dir='ltr'><strong>Photius.</strong></span> <span class='ocrx_word' id='word_1_659' title='bbox 676 5114 801 5158; x_wconf 92' lang='lat' dir='ltr'><strong>ortu</strong></span> <span class='ocrx_word' id='word_1_660' title='bbox 828 5106 1247 5167; x_wconf 86' lang='lat' dir='ltr'><strong>Alexandrinus,</strong></span> <span class='ocrx_word' id='word_1_661' title='bbox 1275 5106 1547 5159; x_wconf 90' lang='lat' dir='ltr'><strong>Ammonii</strong></span> <span class='ocrx_word' id='word_1_662' title='bbox 1574 5105 1737 5158; x_wconf 77' lang='lat' dir='ltr'><strong>illius.</strong></span> <span class='ocrx_word' id='word_1_663' title='bbox 1767 5105 1977 5161; x_wconf 89' lang='lat' dir='ltr'><strong>Proba-</strong></span> 
     </span>
    </p>
   </div>
   <div class='ocr_carea' id='block_1_96' title="bbox 400 5175 1977 5231">
    <p class='ocr_par' dir='ltr' id='par_1_96' title="bbox 400 5175 1977 5231">
     <span class='ocr_line' id='line_1_97' title="bbox 400 5175 1977 5231; baseline 0 -2"><span class='ocrx_word' id='word_1_664' title='bbox 400 5177 506 5231; x_wconf 89' lang='lat' dir='ltr'><strong>bile</strong></span> <span class='ocrx_word' id='word_1_665' title='bbox 553 5186 638 5231; x_wconf 89' lang='lat' dir='ltr'><strong>est</strong></span> <span class='ocrx_word' id='word_1_666' title='bbox 680 5176 833 5229; x_wconf 89' lang='lat' dir='ltr'><strong>illum</strong></span> <span class='ocrx_word' id='word_1_667' title='bbox 876 5190 943 5228; x_wconf 81' lang='lat' dir='ltr'><strong>ex</strong></span> <span class='ocrx_word' id='word_1_668' title='bbox 988 5175 1213 5228; x_wconf 88' lang='lat' dir='ltr'><strong>Luciani</strong></span> <span class='ocrx_word' id='word_1_669' title='bbox 1261 5175 1588 5229; x_wconf 90' lang='lat' dir='ltr'><strong>Antiocheni</strong></span> <span class='ocrx_word' id='word_1_670' title='bbox 1635 5175 1819 5228; x_wconf 87' lang='lat' dir='ltr'><strong>schola</strong></span> <span class='ocrx_word' id='word_1_671' title='bbox 1846 5191 1977 5231; x_wconf 86' lang='lat' dir='ltr'><strong>nro-</strong></span> 
     </span>
    </p>
   </div>
   <div class='ocr_carea' id='block_1_97' title="bbox 398 5244 1979 5309">
    <p class='ocr_par' dir='ltr' id='par_1_97' title="bbox 398 5244 1979 5309">
     <span class='ocr_line' id='line_1_98' title="bbox 398 5244 1979 5309; baseline -0.001 -9"><span class='ocrx_word' id='word_1_672' title='bbox 398 5247 594 5309; x_wconf 86' lang='lat' dir='ltr'><strong>diisse;</strong></span> <span class='ocrx_word' id='word_1_673' title='bbox 621 5246 825 5300; x_wconf 90' lang='lat' dir='ltr'><strong>diserte</strong></span> <span class='ocrx_word' id='word_1_674' title='bbox 850 5246 995 5299; x_wconf 91' lang='lat' dir='ltr'><strong>enim</strong></span> <span class='ocrx_word' id='word_1_675' title='bbox 1025 5245 1320 5298; x_wconf 84' lang='lat' dir='ltr'><strong>Eusebium</strong></span> <span class='ocrx_word' id='word_1_676' title='bbox 1344 5244 1817 5299; x_wconf 86' lang='lat' dir='ltr'><strong>Nieomediensem</strong></span> <span class='ocrx_word' id='word_1_677' title='bbox 1843 5244 1979 5300; x_wconf 84' lang='lat' dir='ltr'><strong>Con-</strong></span> 
     </span>
    </p>
   </div>
   <div class='ocr_carea' id='block_1_98' title="bbox 400 5314 1973 5385">
    <p class='ocr_par' dir='ltr' id='par_1_98' title="bbox 400 5314 1973 5385">
     <span class='ocr_line' id='line_1_99' title="bbox 400 5314 1973 5385; baseline -0.001 -15"><span class='ocrx_word' id='word_1_678' title='bbox 400 5318 736 5370; x_wconf 84' lang='lat' dir='ltr'><strong>lucianistam</strong></span> <span class='ocrx_word' id='word_1_679' title='bbox 785 5316 1043 5385; x_wconf 88' lang='lat' dir='ltr'><strong>appellat.</strong></span> <span class='ocrx_word' id='word_1_680' title='bbox 1094 5314 1228 5369; x_wconf 89' lang='lat' dir='ltr'><strong>Orto</strong></span> <span class='ocrx_word' id='word_1_681' title='bbox 1296 5316 1586 5369; x_wconf 84' lang='lat' dir='ltr'><strong>Meletiano</strong></span> <span class='ocrx_word' id='word_1_682' title='bbox 1634 5314 1931 5385; x_wconf 87' lang='lat' dir='ltr'><strong>schismate</strong></span> <span class='ocrx_word' id='word_1_683' title='bbox 1961 5357 1973 5379; x_wconf 91' lang='lat'><strong>,</strong></span> 
     </span>
    </p>
   </div>
   <div class='ocr_carea' id='block_1_99' title="bbox 402 5384 1974 5456">
    <p class='ocr_par' dir='ltr' id='par_1_99' title="bbox 402 5384 1974 5456">
     <span class='ocr_line' id='line_1_100' title="bbox 402 5384 1974 5456; baseline -0.001 -16"><span class='ocrx_word' id='word_1_684' title='bbox 402 5389 640 5456; x_wconf 89' lang='lat' dir='ltr'><strong>primum</strong></span> <span class='ocrx_word' id='word_1_685' title='bbox 685 5384 873 5456; x_wconf 88' lang='lat' dir='ltr'><strong>partes</strong></span> <span class='ocrx_word' id='word_1_686' title='bbox 914 5386 1114 5439; x_wconf 87' lang='lat' dir='ltr'><strong>Melctii</strong></span> <span class='ocrx_word' id='word_1_687' title='bbox 1167 5386 1457 5449; x_wconf 88' lang='lat' dir='ltr'><strong>tuebatur;</strong></span> <span class='ocrx_word' id='word_1_688' title='bbox 1504 5401 1614 5454; x_wconf 87' lang='lat' dir='ltr'><strong>quo</strong></span> <span class='ocrx_word' id='word_1_689' title='bbox 1656 5384 1854 5439; x_wconf 89' lang='lat' dir='ltr'><strong>deinde</strong></span> <span class='ocrx_word' id='word_1_690' title='bbox 1878 5386 1974 5456; x_wconf 85' lang='lat' dir='ltr'><strong>de-</strong></span> 
     </span>
    </p>
   </div>
   <div class='ocr_carea' id='block_1_100' title="bbox 400 5455 1975 5524">
    <p class='ocr_par' dir='ltr' id='par_1_100' title="bbox 400 5455 1975 5524">
     <span class='ocr_line' id='line_1_101' title="bbox 400 5455 1975 5524; baseline -0.002 -14"><span class='ocrx_word' id='word_1_691' title='bbox 400 5455 568 5520; x_wconf 58' lang='grc' dir='ltr'>εει-ιο,</span> <span class='ocrx_word' id='word_1_692' title='bbox 594 5457 659 5509; x_wconf 89' lang='lat' dir='ltr'><strong>ad</strong></span> <span class='ocrx_word' id='word_1_693' title='bbox 687 5455 906 5509; x_wconf 87' lang='lat' dir='ltr'><strong>Petrum</strong></span> <span class='ocrx_word' id='word_1_694' title='bbox 930 5456 1271 5510; x_wconf 72' lang='lat' dir='ltr'><strong>Alexandria:</strong></span> <span class='ocrx_word' id='word_1_695' title='bbox 1295 5455 1613 5524; x_wconf 89' lang='lat' dir='ltr'><strong>episcopum</strong></span> <span class='ocrx_word' id='word_1_696' title='bbox 1640 5469 1697 5508; x_wconf 91' lang='lat' dir='ltr'><strong>se</strong></span> <span class='ocrx_word' id='word_1_697' title='bbox 1720 5455 1975 5517; x_wconf 88' lang='lat' dir='ltr'><strong>contulit,</strong></span> 
     </span>
    </p>
   </div>
   <div class='ocr_carea' id='block_1_101' title="bbox 401 5524 1980 5587">
    <p class='ocr_par' dir='ltr' id='par_1_101' title="bbox 401 5524 1980 5587">
     <span class='ocr_line' id='line_1_102' title="bbox 401 5524 1980 5587; baseline -0.001 -7"><span class='ocrx_word' id='word_1_698' title='bbox 401 5529 559 5581; x_wconf 85' lang='lat' dir='ltr'><strong>abeo</strong></span> <span class='ocrx_word' id='word_1_699' title='bbox 603 5528 657 5580; x_wconf 94' lang='lat' dir='ltr'><strong>in</strong></span> <span class='ocrx_word' id='word_1_700' title='bbox 697 5525 1055 5580; x_wconf 89' lang='lat' dir='ltr'><strong>diaeonorum</strong></span> <span class='ocrx_word' id='word_1_701' title='bbox 1105 5541 1394 5579; x_wconf 91' lang='lat' dir='ltr'><strong>numerum</strong></span> <span class='ocrx_word' id='word_1_702' title='bbox 1428 5530 1654 5587; x_wconf 85' lang='lat' dir='ltr'><strong>asellus,</strong></span> <span class='ocrx_word' id='word_1_703' title='bbox 1680 5533 1736 5579; x_wconf 91' lang='lat' dir='ltr'><strong>et</strong></span> <span class='ocrx_word' id='word_1_704' title='bbox 1767 5524 1837 5579; x_wconf 90' lang='lat' dir='ltr'><strong>ob</strong></span> <span class='ocrx_word' id='word_1_705' title='bbox 1865 5533 1980 5578; x_wconf 89' lang='lat' dir='ltr'><strong>tur-</strong></span> 
     </span>
    </p>
   </div>
   <div class='ocr_carea' id='block_1_102' title="bbox 402 5596 1975 5665">
    <p class='ocr_par' dir='ltr' id='par_1_102' title="bbox 402 5596 1975 5665">
     <span class='ocr_line' id='line_1_103' title="bbox 402 5596 1975 5665; baseline -0.001 -15"><span class='ocrx_word' id='word_1_706' title='bbox 402 5597 686 5651; x_wconf 90' lang='lat' dir='ltr'><strong>bulentum</strong></span> <span class='ocrx_word' id='word_1_707' title='bbox 729 5596 1005 5665; x_wconf 89' lang='lat' dir='ltr'><strong>ingenium</strong></span> <span class='ocrx_word' id='word_1_708' title='bbox 1052 5598 1250 5650; x_wconf 88' lang='lat' dir='ltr'><strong>iterum</strong></span> <span class='ocrx_word' id='word_1_709' title='bbox 1288 5597 1516 5665; x_wconf 85' lang='lat' dir='ltr'><strong>ejeetns.</strong></span> <span class='ocrx_word' id='word_1_710' title='bbox 1566 5597 1695 5650; x_wconf 83' lang='lat' dir='ltr'><strong>Post</strong></span> <span class='ocrx_word' id='word_1_711' title='bbox 1741 5604 1975 5649; x_wconf 91' lang='lat' dir='ltr'><strong>mortem</strong></span> 
     </span>
    </p>
   </div>
   <div class='ocr_carea' id='block_1_103' title="bbox 402 5666 1977 5737">
    <p class='ocr_par' dir='ltr' id='par_1_103' title="bbox 402 5666 1977 5737">
     <span class='ocr_line' id='line_1_104' title="bbox 402 5666 1977 5737; baseline 0 -17"><span class='ocrx_word' id='word_1_712' title='bbox 402 5667 550 5720; x_wconf 88' lang='lat' dir='ltr'><strong>Petri</strong></span> <span class='ocrx_word' id='word_1_713' title='bbox 572 5666 946 5737; x_wconf 80' lang='lat' dir='ltr'><strong>pamitentiam</strong></span> <span class='ocrx_word' id='word_1_714' title='bbox 991 5666 1287 5737; x_wconf 83' lang='lat' dir='ltr'><strong>simulavit,</strong></span> <span class='ocrx_word' id='word_1_715' title='bbox 1315 5675 1370 5721; x_wconf 92' lang='lat' dir='ltr'><strong>et</strong></span> <span class='ocrx_word' id='word_1_716' title='bbox 1392 5668 1460 5720; x_wconf 92' lang='lat' dir='ltr'><strong>ab</strong></span> <span class='ocrx_word' id='word_1_717' title='bbox 1487 5667 1695 5737; x_wconf 82' lang='lat' dir='ltr'><strong>Achilla</strong></span> <span class='ocrx_word' id='word_1_718' title='bbox 1717 5666 1977 5737; x_wconf 89' lang='lat' dir='ltr'><strong>episcopo</strong></span> 
     </span>
    </p>
   </div>
   <div class='ocr_carea' id='block_1_104' title="bbox 403 5736 1975 5808">
    <p class='ocr_par' dir='ltr' id='par_1_104' title="bbox 403 5736 1975 5808">
     <span class='ocr_line' id='line_1_105' title="bbox 403 5736 1975 5808; baseline 0 -19"><span class='ocrx_word' id='word_1_719' title='bbox 403 5736 615 5791; x_wconf 82' lang='lat' dir='ltr'><strong>veniam</strong></span> <span class='ocrx_word' id='word_1_720' title='bbox 661 5744 935 5807; x_wconf 90' lang='lat' dir='ltr'><strong>precatus,</strong></span> <span class='ocrx_word' id='word_1_721' title='bbox 981 5736 1050 5789; x_wconf 89' lang='lat' dir='ltr'><strong>ab</strong></span> <span class='ocrx_word' id='word_1_722' title='bbox 1096 5752 1163 5790; x_wconf 89' lang='lat' dir='ltr'><strong>eo</strong></span> <span class='ocrx_word' id='word_1_723' title='bbox 1206 5737 1273 5789; x_wconf 90' lang='lat' dir='ltr'><strong>ad</strong></span> <span class='ocrx_word' id='word_1_724' title='bbox 1299 5737 1602 5808; x_wconf 81' lang='lat' dir='ltr'><strong>presbyteri</strong></span> <span class='ocrx_word' id='word_1_725' title='bbox 1652 5736 1975 5808; x_wconf 83' lang='lat' dir='ltr'><strong>dignitatem</strong></span> 
     </span>
    </p>
   </div>
   <div class='ocr_carea' id='block_1_105' title="bbox 405 5806 1971 5874">
    <p class='ocr_par' dir='ltr' id='par_1_105' title="bbox 405 5806 1971 5874">
     <span class='ocr_line' id='line_1_106' title="bbox 405 5806 1971 5874; baseline 0.001 -17"><span class='ocrx_word' id='word_1_726' title='bbox 405 5806 688 5874; x_wconf 80' lang='lat' dir='ltr'><strong>promotus</strong></span> <span class='ocrx_word' id='word_1_727' title='bbox 727 5814 844 5869; x_wconf 85' lang='lat' dir='ltr'><strong>est;</strong></span> <span class='ocrx_word' id='word_1_728' title='bbox 892 5820 1167 5874; x_wconf 88' lang='lat' dir='ltr'><strong>unamque</strong></span> <span class='ocrx_word' id='word_1_729' title='bbox 1203 5820 1267 5859; x_wconf 74' lang='lat' dir='ltr'><strong>ex</strong></span> <span class='ocrx_word' id='word_1_730' title='bbox 1291 5806 1538 5861; x_wconf 87' lang='lat' dir='ltr'><strong>ecclesiis</strong></span> <span class='ocrx_word' id='word_1_731' title='bbox 1563 5806 1971 5869; x_wconf 83' lang='lat' dir='ltr'><strong>Alexandrinis,</strong></span> 
     </span>
    </p>
   </div>
   <div class='ocr_carea' id='block_1_106' title="bbox 406 5875 1969 5944">
    <p class='ocr_par' dir='ltr' id='par_1_106' title="bbox 406 5875 1969 5944">
     <span class='ocr_line' id='line_1_107' title="bbox 406 5875 1969 5944; baseline 0.003 -19"><span class='ocrx_word' id='word_1_732' title='bbox 406 5891 526 5944; x_wconf 67' lang='lat' dir='ltr'><strong>qua:</strong></span> <span class='ocrx_word' id='word_1_733' title='bbox 568 5875 812 5929; x_wconf 85' lang='lat' dir='ltr'><strong>Baucalis</strong></span> <span class='ocrx_word' id='word_1_734' title='bbox 837 5876 1143 5940; x_wconf 86' lang='lat' dir='ltr'><strong>dicebatur,</strong></span> <span class='ocrx_word' id='word_1_735' title='bbox 1190 5892 1335 5930; x_wconf 69' lang='lat' dir='ltr'><strong>eum</strong></span> <span class='ocrx_word' id='word_1_736' title='bbox 1362 5893 1474 5931; x_wconf 64' lang='lat' dir='ltr'><strong>sua:</strong></span> <span class='ocrx_word' id='word_1_737' title='bbox 1497 5878 1843 5933; x_wconf 87' lang='lat' dir='ltr'><strong>commissam</strong></span> <span class='ocrx_word' id='word_1_738' title='bbox 1868 5876 1969 5931; x_wconf 87' lang='lat' dir='ltr'><strong>ha-</strong></span> 
     </span>
    </p>
   </div>
   <div class='ocr_carea' id='block_1_107' title="bbox 730 5975 1463 6037">
    <p class='ocr_par' dir='ltr' id='par_1_107' title="bbox 730 5975 1463 6037">
     <span class='ocr_line' id='line_1_108' title="bbox 730 5975 1463 6037; baseline 0.003 -3"><span class='ocrx_word' id='word_1_739' title='bbox 730 5975 1001 6035; x_wconf 63' lang='grc' dir='ltr'>ΡΑτεοι..</span> <span class='ocrx_word' id='word_1_740' title='bbox 1042 5976 1151 6035; x_wconf 84' lang='lat' dir='ltr'><strong>Gn.</strong></span> <span class='ocrx_word' id='word_1_741' title='bbox 1213 5976 1463 6037; x_wconf 73' lang='lat' dir='ltr'><strong>LXl’ll.</strong></span> 
     </span>
    </p>
   </div>
   <div class='ocr_carea' id='block_1_108' title="bbox 2080 4685 3667 4755">
    <p class='ocr_par' dir='ltr' id='par_1_108' title="bbox 2080 4685 3667 4755">
     <span class='ocr_line' id='line_1_109' title="bbox 2080 4685 3667 4755; baseline 0.001 -18"><span class='ocrx_word' id='word_1_742' title='bbox 2080 4686 2321 4754; x_wconf 79' lang='lat' dir='ltr'><strong>fraudem</strong></span> <span class='ocrx_word' id='word_1_743' title='bbox 2370 4695 2417 4739; x_wconf 91' lang='lat' dir='ltr'><strong>et</strong></span> <span class='ocrx_word' id='word_1_744' title='bbox 2463 4685 2739 4755; x_wconf 83' lang='lat' dir='ltr'><strong>fallaciam</strong></span> <span class='ocrx_word' id='word_1_745' title='bbox 2783 4687 3107 4755; x_wconf 85' lang='lat' dir='ltr'><strong>composita;</strong></span> <span class='ocrx_word' id='word_1_746' title='bbox 3132 4686 3207 4737; x_wconf 90' lang='lat' dir='ltr'><strong>ita</strong></span> <span class='ocrx_word' id='word_1_747' title='bbox 3248 4693 3304 4737; x_wconf 89' lang='lat' dir='ltr'><strong>ut</strong></span> <span class='ocrx_word' id='word_1_748' title='bbox 3338 4685 3533 4739; x_wconf 88' lang='lat' dir='ltr'><strong>callido</strong></span> <span class='ocrx_word' id='word_1_749' title='bbox 3572 4686 3667 4739; x_wconf 83' lang='lat' dir='ltr'><strong>illa</strong></span> 
     </span>
    </p>
   </div>
   <div class='ocr_carea' id='block_1_109' title="bbox 2082 4755 3667 4825">
    <p class='ocr_par' dir='ltr' id='par_1_109' title="bbox 2082 4755 3667 4825">
     <span class='ocr_line' id='line_1_110' title="bbox 2082 4755 3667 4825; baseline 0.002 -19"><span class='ocrx_word' id='word_1_750' title='bbox 2082 4764 2404 4823; x_wconf 70' lang='lat' dir='ltr'><strong>externoque</strong></span> <span class='ocrx_word' id='word_1_751' title='bbox 2426 4757 2605 4808; x_wconf 85' lang='lat' dir='ltr'><strong>habitu</strong></span> <span class='ocrx_word' id='word_1_752' title='bbox 2631 4756 2786 4825; x_wconf 78' lang='lat' dir='ltr'><strong>facile</strong></span> <span class='ocrx_word' id='word_1_753' title='bbox 2826 4755 3231 4825; x_wconf 76' lang='lat' dir='ltr'><strong>simplicioribus</strong></span> <span class='ocrx_word' id='word_1_754' title='bbox 3277 4756 3469 4809; x_wconf 86' lang='lat' dir='ltr'><strong>animis</strong></span> <span class='ocrx_word' id='word_1_755' title='bbox 3514 4756 3667 4809; x_wconf 87' lang='lat' dir='ltr'><strong>obre-</strong></span> 
     </span>
    </p>
   </div>
   <div class='ocr_carea' id='block_1_110' title="bbox 2078 4825 3666 4895">
    <p class='ocr_par' dir='ltr' id='par_1_110' title="bbox 2078 4825 3666 4895">
     <span class='ocr_line' id='line_1_111' title="bbox 2078 4825 3666 4895; baseline 0.002 -19"><span class='ocrx_word' id='word_1_756' title='bbox 2078 4834 2242 4895; x_wconf 77' lang='lat' dir='ltr'><strong>peret.</strong></span> <span class='ocrx_word' id='word_1_757' title='bbox 2292 4825 2431 4878; x_wconf 88' lang='lat' dir='ltr'><strong>Nam</strong></span> <span class='ocrx_word' id='word_1_758' title='bbox 2480 4826 2863 4895; x_wconf 85' lang='lat' dir='ltr'><strong>hemiphorium</strong></span> <span class='ocrx_word' id='word_1_759' title='bbox 2907 4836 2956 4877; x_wconf 85' lang='lat' dir='ltr'><strong>et</strong></span> <span class='ocrx_word' id='word_1_760' title='bbox 3000 4825 3282 4878; x_wconf 87' lang='lat' dir='ltr'><strong>collobium</strong></span> <span class='ocrx_word' id='word_1_761' title='bbox 3329 4826 3567 4888; x_wconf 84' lang='lat' dir='ltr'><strong>indutus,</strong></span> <span class='ocrx_word' id='word_1_762' title='bbox 3608 4827 3666 4879; x_wconf 82' lang='lat' dir='ltr'><strong>irt</strong></span> 
     </span>
    </p>
   </div>
   <div class='ocr_carea' id='block_1_111' title="bbox 2076 4894 3666 4965">
    <p class='ocr_par' dir='ltr' id='par_1_111' title="bbox 2076 4894 3666 4965">
     <span class='ocr_line' id='line_1_112' title="bbox 2076 4894 3666 4965; baseline 0.002 -19"><span class='ocrx_word' id='word_1_763' title='bbox 2076 4894 2348 4965; x_wconf 80' lang='lat' dir='ltr'><strong>colloquiis</strong></span> <span class='ocrx_word' id='word_1_764' title='bbox 2396 4912 2457 4948; x_wconf 86' lang='lat' dir='ltr'><strong>ac</strong></span> <span class='ocrx_word' id='word_1_765' title='bbox 2501 4894 2908 4949; x_wconf 75' lang='lat' dir='ltr'><strong>salutationibus</strong></span> <span class='ocrx_word' id='word_1_766' title='bbox 2954 4896 3178 4949; x_wconf 87' lang='lat' dir='ltr'><strong>blandus</strong></span> <span class='ocrx_word' id='word_1_767' title='bbox 3227 4902 3341 4965; x_wconf 82' lang='lat' dir='ltr'><strong>erat</strong></span> <span class='ocrx_word' id='word_1_768' title='bbox 3372 4896 3666 4965; x_wconf 67' lang='lat' dir='ltr'><strong>imprimis,</strong></span> 
     </span>
    </p>
   </div>
   <div class='ocr_carea' id='block_1_112' title="bbox 2079 4964 3672 5087">
    <p class='ocr_par' dir='ltr' id='par_1_112' title="bbox 2079 4964 3672 5087">
     <span class='ocr_line' id='line_1_113' title="bbox 2079 4964 3672 5087; baseline 0.001 -70"><span class='ocrx_word' id='word_1_769' title='bbox 2079 4964 2239 5034; x_wconf 87' lang='lat' dir='ltr'><strong>atque</strong></span> <span class='ocrx_word' id='word_1_770' title='bbox 2284 4966 2517 5087; x_wconf 46' lang='lat' dir='ltr'><strong>omnium</strong></span> <span class='ocrx_word' id='word_1_771' title='bbox 2565 4968 2769 5020; x_wconf 88' lang='lat' dir='ltr'><strong>animos</strong></span> <span class='ocrx_word' id='word_1_772' title='bbox 2796 4966 3166 5019; x_wconf 83' lang='lat' dir='ltr'><strong>adulationum</strong></span> <span class='ocrx_word' id='word_1_773' title='bbox 3209 4964 3467 5018; x_wconf 84' lang='lat' dir='ltr'><strong>illecebris</strong></span> <span class='ocrx_word' id='word_1_774' title='bbox 3492 4965 3672 5019; x_wconf 65' lang='lat' dir='ltr'><strong>devin—</strong></span> 
     </span>
     <span class='ocr_line' id='line_1_114' title="bbox 2079 5043 2435 5087; baseline 0.003 -1"><span class='ocrx_word' id='word_1_775' title='bbox 2079 5044 2186 5087; x_wconf 86' lang='lat' dir='ltr'><strong>ctos</strong></span> <span class='ocrx_word' id='word_1_776' title='bbox 2211 5043 2326 5087; x_wconf 86' lang='lat' dir='ltr'><strong>tene</strong></span> <span class='ocrx_word' id='word_1_777' title='bbox 2362 5045 2435 5087; x_wconf 87' lang='lat' dir='ltr'><strong>at.</strong></span> 
     </span>
    </p>
   </div>
   <div class='ocr_carea' id='block_1_113' title="bbox 2077 5043 2435 5087">
    <p class='ocr_par' dir='ltr' id='par_1_113' title="bbox 2077 5043 2435 5087">
     <span class='ocr_line' id='line_1_115' title="bbox 2077 5043 2435 5087; baseline 0.003 -1"><span class='ocrx_word' id='word_1_778' title='bbox 2077 5044 2186 5087; x_wconf 86' lang='lat' dir='ltr'><strong>ctos</strong></span> <span class='ocrx_word' id='word_1_779' title='bbox 2211 5043 2435 5087; x_wconf 86' lang='lat' dir='ltr'><strong>tenebat.</strong></span> 
     </span>
    </p>
   </div>
   <div class='ocr_carea' id='block_1_114' title="bbox 2154 5104 3671 5175">
    <p class='ocr_par' dir='ltr' id='par_1_114' title="bbox 2154 5104 3671 5175">
     <span class='ocr_line' id='line_1_116' title="bbox 2154 5104 3671 5175; baseline 0 -18"><span class='ocrx_word' id='word_1_780' title='bbox 2154 5107 2179 5144; x_wconf 72' lang='grc' dir='ltr'><strong><em>ε</em></strong></span> <span class='ocrx_word' id='word_1_781' title='bbox 2214 5106 2285 5158; x_wconf 87' lang='grc' dir='ltr'><strong>Τὸ</strong></span> <span class='ocrx_word' id='word_1_782' title='bbox 2313 5106 2713 5175; x_wconf 72' lang='grc' dir='ltr'>Σιιόελλιόυ...</span> <span class='ocrx_word' id='word_1_783' title='bbox 2741 5104 2951 5175; x_wconf 78' lang='grc' dir='ltr'>δόγμα.</span> <span class='ocrx_word' id='word_1_784' title='bbox 2978 5105 3265 5175; x_wconf 78' lang='grc' dir='ltr'>Σαόἑλλιος</span> <span class='ocrx_word' id='word_1_785' title='bbox 3299 5108 3356 5161; x_wconf 83' lang='grc' dir='ltr'>δὲ</span> <span class='ocrx_word' id='word_1_786' title='bbox 3388 5108 3416 5157; x_wconf 88' lang='lat'><strong>6</strong></span> <span class='ocrx_word' id='word_1_787' title='bbox 3442 5105 3614 5168; x_wconf 70' lang='grc' dir='ltr'>Λίϐυς</span> <span class='ocrx_word' id='word_1_788' title='bbox 3642 5107 3671 5157; x_wconf 88' lang='lat'><strong>6</strong></span> 
     </span>
    </p>
   </div>
   <div class='ocr_carea' id='block_1_115' title="bbox 2080 5173 3669 5245">
    <p class='ocr_par' dir='ltr' id='par_1_115' title="bbox 2080 5173 3669 5245">
     <span class='ocr_line' id='line_1_117' title="bbox 2080 5173 3669 5245; baseline 0.001 -18"><span class='ocrx_word' id='word_1_789' title='bbox 2080 5175 2503 5243; x_wconf 78' lang='grc' dir='ltr'>Πενταπολίτης.</span> <span class='ocrx_word' id='word_1_790' title='bbox 2535 5174 2796 5229; x_wconf 84' lang='lat' dir='ltr'><strong>Sabellius</strong></span> <span class='ocrx_word' id='word_1_791' title='bbox 2825 5173 2968 5245; x_wconf 20' lang='lat' dir='ltr'><strong>’Afer</strong></span> <span class='ocrx_word' id='word_1_792' title='bbox 2992 5173 3430 5245; x_wconf 75' lang='lat' dir='ltr'><strong>I’entopolitanus</strong></span> <span class='ocrx_word' id='word_1_793' title='bbox 3478 5176 3669 5244; x_wconf 81' lang='lat' dir='ltr'><strong>hujus-</strong></span> 
     </span>
    </p>
   </div>
   <div class='ocr_carea' id='block_1_116' title="bbox 2080 5245 3670 5317">
    <p class='ocr_par' dir='ltr' id='par_1_116' title="bbox 2080 5245 3670 5317">
     <span class='ocr_line' id='line_1_118' title="bbox 2080 5245 3670 5317; baseline 0 -20"><span class='ocrx_word' id='word_1_794' title='bbox 2080 5245 2222 5317; x_wconf 72' lang='lat' dir='ltr'><strong>m‘odi</strong></span> <span class='ocrx_word' id='word_1_795' title='bbox 2266 5246 2486 5317; x_wconf 42' lang='grc' dir='ltr'><strong>ᾖον-βέῃ</strong></span> <span class='ocrx_word' id='word_1_796' title='bbox 2532 5246 2815 5317; x_wconf 64' lang='lat' dir='ltr'><strong>inchoauit.</strong></span> <span class='ocrx_word' id='word_1_797' title='bbox 2848 5246 3018 5300; x_wconf 91' lang='lat' dir='ltr'><strong>Unam</strong></span> <span class='ocrx_word' id='word_1_798' title='bbox 3070 5247 3374 5317; x_wconf 73' lang='lat' dir='ltr'><strong>liypostasin</strong></span> <span class='ocrx_word' id='word_1_799' title='bbox 3403 5262 3511 5298; x_wconf 83' lang='lat' dir='ltr'><strong>esse</strong></span> <span class='ocrx_word' id='word_1_800' title='bbox 3535 5246 3670 5299; x_wconf 72' lang='lat' dir='ltr'><strong>dixit</strong></span> 
     </span>
    </p>
   </div>
   <div class='ocr_carea' id='block_1_117' title="bbox 2080 5314 3667 5385">
    <p class='ocr_par' dir='ltr' id='par_1_117' title="bbox 2080 5314 3667 5385">
     <span class='ocr_line' id='line_1_119' title="bbox 2080 5314 3667 5385; baseline 0.001 -19"><span class='ocrx_word' id='word_1_801' title='bbox 2080 5314 2299 5367; x_wconf 76' lang='lat' dir='ltr'><strong>Patrem</strong></span> <span class='ocrx_word' id='word_1_802' title='bbox 2328 5324 2375 5366; x_wconf 83' lang='lat' dir='ltr'><strong>ct</strong></span> <span class='ocrx_word' id='word_1_803' title='bbox 2402 5314 2599 5367; x_wconf 85' lang='lat' dir='ltr'><strong>Filium</strong></span> <span class='ocrx_word' id='word_1_804' title='bbox 2643 5324 2694 5368; x_wconf 89' lang='lat' dir='ltr'><strong>et</strong></span> <span class='ocrx_word' id='word_1_805' title='bbox 2721 5315 2977 5385; x_wconf 86' lang='lat' dir='ltr'><strong>Spiritum</strong></span> <span class='ocrx_word' id='word_1_806' title='bbox 3006 5314 3269 5381; x_wconf 65' lang='lat' dir='ltr'><strong>sanctum,</strong></span> <span class='ocrx_word' id='word_1_807' title='bbox 3298 5328 3344 5370; x_wconf 85' lang='lat' dir='ltr'><strong>et</strong></span> <span class='ocrx_word' id='word_1_808' title='bbox 3376 5333 3538 5368; x_wconf 90' lang='lat' dir='ltr'><strong>unam</strong></span> <span class='ocrx_word' id='word_1_809' title='bbox 3563 5318 3667 5368; x_wconf 92' lang='lat' dir='ltr'><strong>tri-</strong></span> 
     </span>
    </p>
   </div>
   <div class='ocr_carea' id='block_1_118' title="bbox 2080 5384 3669 5454">
    <p class='ocr_par' dir='ltr' id='par_1_118' title="bbox 2080 5384 3669 5454">
     <span class='ocr_line' id='line_1_120' title="bbox 2080 5384 3669 5454; baseline 0.002 -19"><span class='ocrx_word' id='word_1_810' title='bbox 2080 5384 2229 5453; x_wconf 79' lang='lat' dir='ltr'><strong>plicis</strong></span> <span class='ocrx_word' id='word_1_811' title='bbox 2253 5387 2476 5437; x_wconf 84' lang='lat' dir='ltr'><strong>nominis</strong></span> <span class='ocrx_word' id='word_1_812' title='bbox 2501 5384 2782 5454; x_wconf 81' lang='lat' dir='ltr'><strong>personam</strong></span> <span class='ocrx_word' id='word_1_813' title='bbox 2808 5387 3181 5454; x_wconf 82' lang='lat' dir='ltr'><strong>:eumdemque</strong></span> <span class='ocrx_word' id='word_1_814' title='bbox 3205 5404 3340 5440; x_wconf 75' lang='lat' dir='ltr'><strong>nunc</strong></span> <span class='ocrx_word' id='word_1_815' title='bbox 3368 5396 3422 5439; x_wconf 87' lang='grc' dir='ltr'><strong>ιιι</strong></span> <span class='ocrx_word' id='word_1_816' title='bbox 3452 5385 3669 5438; x_wconf 83' lang='lat' dir='ltr'><strong>Patrem</strong></span> 
     </span>
    </p>
   </div>
   <div class='ocr_carea' id='block_1_119' title="bbox 2080 5453 3671 5526">
    <p class='ocr_par' dir='ltr' id='par_1_119' title="bbox 2080 5453 3671 5526">
     <span class='ocr_line' id='line_1_121' title="bbox 2080 5453 3671 5526; baseline -0.001 -22"><span class='ocrx_word' id='word_1_817' title='bbox 2080 5463 2251 5526; x_wconf 66' lang='lat' dir='ltr'><strong>vocat,</strong></span> <span class='ocrx_word' id='word_1_818' title='bbox 2280 5472 2417 5506; x_wconf 87' lang='lat' dir='ltr'><strong>nunc</strong></span> <span class='ocrx_word' id='word_1_819' title='bbox 2446 5464 2501 5507; x_wconf 90' lang='grc' dir='ltr'><strong>ιιι</strong></span> <span class='ocrx_word' id='word_1_820' title='bbox 2530 5453 2746 5517; x_wconf 81' lang='lat' dir='ltr'><strong>Filium,</strong></span> <span class='ocrx_word' id='word_1_821' title='bbox 2774 5474 2912 5508; x_wconf 86' lang='lat' dir='ltr'><strong>nunc</strong></span> <span class='ocrx_word' id='word_1_822' title='bbox 2936 5466 2990 5509; x_wconf 88' lang='lat' dir='ltr'><strong>ut</strong></span> <span class='ocrx_word' id='word_1_823' title='bbox 3015 5453 3275 5526; x_wconf 78' lang='lat' dir='ltr'><strong>Spiritum</strong></span> <span class='ocrx_word' id='word_1_824' title='bbox 3302 5465 3568 5511; x_wconf 65' lang='lat' dir='ltr'><strong>sanctum.</strong></span> <span class='ocrx_word' id='word_1_825' title='bbox 3598 5457 3671 5509; x_wconf 67' lang='grc' dir='ltr'><strong>Αιῖ</strong></span> 
     </span>
    </p>
   </div>
   <div class='ocr_carea' id='block_1_120' title="bbox 2079 5524 3670 5597">
    <p class='ocr_par' dir='ltr' id='par_1_120' title="bbox 2079 5524 3670 5597">
     <span class='ocr_line' id='line_1_122' title="bbox 2079 5524 3670 5597; baseline 0.001 -22"><span class='ocrx_word' id='word_1_826' title='bbox 2079 5526 2135 5597; x_wconf 81' lang='lat' dir='ltr'><strong>in</strong></span> <span class='ocrx_word' id='word_1_827' title='bbox 2158 5524 2327 5597; x_wconf 63' lang='lat' dir='ltr'><strong>Veteri</strong></span> <span class='ocrx_word' id='word_1_828' title='bbox 2351 5526 2559 5594; x_wconf 85' lang='lat' dir='ltr'><strong>quidem</strong></span> <span class='ocrx_word' id='word_1_829' title='bbox 2585 5526 2911 5597; x_wconf 58' lang='lat' dir='ltr'><strong>Testamento</strong></span> <span class='ocrx_word' id='word_1_830' title='bbox 2934 5536 2986 5579; x_wconf 91' lang='lat' dir='ltr'><strong>ut</strong></span> <span class='ocrx_word' id='word_1_831' title='bbox 3003 5524 3240 5591; x_wconf 86' lang='lat' dir='ltr'><strong>Patrem,</strong></span> <span class='ocrx_word' id='word_1_832' title='bbox 3266 5528 3432 5597; x_wconf 81' lang='lat' dir='ltr'><strong>legem</strong></span> <span class='ocrx_word' id='word_1_833' title='bbox 3459 5526 3670 5597; x_wconf 53' lang='lat' dir='ltr'><strong>tulisse;</strong></span> 
     </span>
    </p>
   </div>
   <div class='ocr_carea' id='block_1_121' title="bbox 2079 5594 3672 5660">
    <p class='ocr_par' dir='ltr' id='par_1_121' title="bbox 2079 5594 3672 5660">
     <span class='ocr_line' id='line_1_123' title="bbox 2079 5594 3672 5660; baseline -0.001 -13"><span class='ocrx_word' id='word_1_834' title='bbox 2079 5596 2134 5647; x_wconf 84' lang='lat' dir='ltr'><strong>in</strong></span> <span class='ocrx_word' id='word_1_835' title='bbox 2182 5594 2327 5647; x_wconf 81' lang='lat' dir='ltr'><strong>Novo</strong></span> <span class='ocrx_word' id='word_1_836' title='bbox 2354 5604 2530 5648; x_wconf 74' lang='lat' dir='ltr'><strong>autem</strong></span> <span class='ocrx_word' id='word_1_837' title='bbox 2576 5606 2633 5648; x_wconf 86' lang='lat' dir='ltr'><strong>ut</strong></span> <span class='ocrx_word' id='word_1_838' title='bbox 2678 5595 2891 5659; x_wconf 80' lang='lat' dir='ltr'><strong>Filium,</strong></span> <span class='ocrx_word' id='word_1_839' title='bbox 2941 5612 3050 5649; x_wconf 81' lang='lat' dir='ltr'><strong>esse</strong></span> <span class='ocrx_word' id='word_1_840' title='bbox 3092 5594 3473 5660; x_wconf 80' lang='lat' dir='ltr'><strong>incarnatum;</strong></span> <span class='ocrx_word' id='word_1_841' title='bbox 3524 5606 3570 5648; x_wconf 82' lang='lat' dir='ltr'><strong>et</strong></span> <span class='ocrx_word' id='word_1_842' title='bbox 3617 5594 3672 5647; x_wconf 70' lang='grc' dir='ltr'><strong>ιιιι</strong></span> 
     </span>
    </p>
   </div>
   <div class='ocr_carea' id='block_1_122' title="bbox 2082 5664 3668 5735">
    <p class='ocr_par' dir='ltr' id='par_1_122' title="bbox 2082 5664 3668 5735">
     <span class='ocr_line' id='line_1_124' title="bbox 2082 5664 3668 5735; baseline 0.001 -18"><span class='ocrx_word' id='word_1_843' title='bbox 2082 5664 2340 5731; x_wconf 82' lang='lat' dir='ltr'><strong>Spiritum</strong></span> <span class='ocrx_word' id='word_1_844' title='bbox 2392 5675 2657 5730; x_wconf 75' lang='lat' dir='ltr'><strong>sanctum,</strong></span> <span class='ocrx_word' id='word_1_845' title='bbox 2697 5668 2767 5720; x_wconf 87' lang='lat' dir='ltr'><strong>ad</strong></span> <span class='ocrx_word' id='word_1_846' title='bbox 2793 5668 3057 5735; x_wconf 86' lang='lat' dir='ltr'><strong>apostolos</strong></span> <span class='ocrx_word' id='word_1_847' title='bbox 3083 5670 3302 5722; x_wconf 85' lang='lat' dir='ltr'><strong>venisse.</strong></span> <span class='ocrx_word' id='word_1_848' title='bbox 3332 5666 3668 5722; x_wconf 78' lang='lat' dir='ltr'><strong>Theodoret:</strong></span> 
     </span>
    </p>
   </div>
   <div class='ocr_carea' id='block_1_123' title="bbox 2082 5735 2884 5806">
    <p class='ocr_par' dir='ltr' id='par_1_123' title="bbox 2082 5735 2884 5806">
     <span class='ocr_line' id='line_1_125' title="bbox 2082 5735 2884 5806; baseline 0.004 -18"><span class='ocrx_word' id='word_1_849' title='bbox 2082 5735 2278 5788; x_wconf 61' lang='grc' dir='ltr'>Παῖτοι.</span> <span class='ocrx_word' id='word_1_850' title='bbox 2308 5735 2435 5788; x_wconf 82' lang='lat' dir='ltr'><strong>Fab.</strong></span> <span class='ocrx_word' id='word_1_851' title='bbox 2465 5737 2561 5789; x_wconf 91' lang='lat' dir='ltr'><strong>lib.</strong></span> <span class='ocrx_word' id='word_1_852' title='bbox 2593 5752 2649 5799; x_wconf 87' lang='grc' dir='ltr'>ιι,</span> <span class='ocrx_word' id='word_1_853' title='bbox 2679 5752 2800 5806; x_wconf 89' lang='lat' dir='ltr'><strong>cap.</strong></span> <span class='ocrx_word' id='word_1_854' title='bbox 2832 5737 2884 5791; x_wconf 88' lang='lat'><strong>9.</strong></span> 
     </span>
    </p>
   </div>
   <div class='ocr_carea' id='block_1_124' title="bbox 2155 5806 3671 5871">
    <p class='ocr_par' dir='ltr' id='par_1_124' title="bbox 2155 5806 3671 5871">
     <span class='ocr_line' id='line_1_126' title="bbox 2155 5806 3671 5871; baseline 0 -12"><span class='ocrx_word' id='word_1_855' title='bbox 2155 5807 2179 5843; x_wconf 72' lang='grc' dir='ltr'><strong>δ</strong></span> <span class='ocrx_word' id='word_1_856' title='bbox 2207 5806 2515 5871; x_wconf 79' lang='grc' dir='ltr'>Εὐσέϐιος.</span> <span class='ocrx_word' id='word_1_857' title='bbox 2548 5806 2839 5865; x_wconf 87' lang='lat' dir='ltr'><strong>Eusebius.</strong></span> <span class='ocrx_word' id='word_1_858' title='bbox 2887 5807 3291 5863; x_wconf 78' lang='lat' dir='ltr'><strong>Nicomediensis</strong></span> <span class='ocrx_word' id='word_1_859' title='bbox 3335 5807 3535 5867; x_wconf 77' lang='lat' dir='ltr'><strong>dictus,</strong></span> <span class='ocrx_word' id='word_1_860' title='bbox 3575 5806 3671 5860; x_wconf 81' lang='lat' dir='ltr'><strong>.l&#39;u&#39;</strong></span> 
     </span>
    </p>
   </div>
   <div class='ocr_carea' id='block_1_125' title="bbox 2080 5873 3676 5948">
    <p class='ocr_par' dir='ltr' id='par_1_125' title="bbox 2080 5873 3676 5948">
     <span class='ocr_line' id='line_1_127' title="bbox 2080 5873 3676 5948; baseline -0.001 -19"><span class='ocrx_word' id='word_1_861' title='bbox 2080 5876 2289 5931; x_wconf 88' lang='lat' dir='ltr'><strong>lianum</strong></span> <span class='ocrx_word' id='word_1_862' title='bbox 2315 5876 2729 5946; x_wconf 83' lang='lat' dir='ltr'><strong>imperatorem,</strong></span> <span class='ocrx_word' id='word_1_863' title='bbox 2759 5879 2851 5947; x_wconf 86' lang='lat' dir='ltr'><strong>qui</strong></span> <span class='ocrx_word' id='word_1_864' title='bbox 2878 5895 3013 5948; x_wconf 86' lang='lat' dir='ltr'><strong>puer</strong></span> <span class='ocrx_word' id='word_1_865' title='bbox 3036 5880 3215 5933; x_wconf 89' lang='lat' dir='ltr'><strong>adhuc</strong></span> <span class='ocrx_word' id='word_1_866' title='bbox 3241 5880 3343 5933; x_wconf 86' lang='lat' dir='ltr'><strong>sub</strong></span> <span class='ocrx_word' id='word_1_867' title='bbox 3372 5897 3437 5932; x_wconf 78' lang='lat' dir='ltr'><strong>eo</strong></span> <span class='ocrx_word' id='word_1_868' title='bbox 3460 5878 3566 5931; x_wconf 84' lang='lat' dir='ltr'><strong>edu</strong></span> <span class='ocrx_word' id='word_1_869' title='bbox 3580 5873 3676 5928; x_wconf 54' lang='grc' dir='ltr'>εν</span> 
     </span>
    </p>
   </div>
   <div class='ocr_carea' id='block_1_126' title="bbox 3261 5978 3296 6019">
    <p class='ocr_par' dir='ltr' id='par_1_126' title="bbox 3261 5978 3296 6019">
     <span class='ocr_line' id='line_1_128' title="bbox 3261 5978 3296 6019; baseline 0 0"><span class='ocrx_word' id='word_1_870' title='bbox 3261 5978 3296 6019; x_wconf 68' lang='grc' dir='ltr'><strong>Ω</strong></span> 
     </span>
    </p>
   </div>
   <div class='ocr_carea' id='block_1_127' title="bbox 3262 6020 3296 6033">
    <p class='ocr_par' dir='ltr' id='par_1_127' title="bbox 3262 6020 3296 6033">
     <span class='ocr_line' id='line_1_129' title="bbox 3262 6020 3296 6033; baseline 0 0"><span class='ocrx_word' id='word_1_871' title='bbox 3262 6020 3296 6033; x_wconf 68' lang='grc'><em>”</em></span> 
     </span>
    </p>
   </div>
  </div>
