4514 6578
465 486 538 543 65
1456 477 1781 536 HISTORIA
1819 463 2248 532 ECCLESIAS'I“

1941 463 2375 535 LLESIASTICA.
2416 512 2485 523 -——
2524 482 2652 539 LIB.
2702 485 2739 540 I.
3300 530 3306 536 .
3650 493 3724 551 66

466 624 557 662 ται
583 608 675 659 καὶ
702 604 904 656 τούτων
926 600 1036 655 τῶν
1060 598 1403 662 ἀποστατῶν,
1435 598 1528 663 καὶ
1560 597 1790 669 γράφειν
1830 594 2041 665 ἐπεχεί-
2069 602 2115 657 Α
2144 610 2249 652 sem

1933 594 2041 665 χεί-
2069 602 2115 657 Α
2144 610 2260 652 sem
2300 598 2693 669 episcopatum.
2716 599 2867 655 nullo
2902 599 3220 666 ulciscente,
3269 604 3490 674 impune
3542 617 3716 665 trans-

466 714 601 772 ρησε
625 692 917 763 πανταχοῦ,
955 691 1216 745 συνιστῶν
1241 690 1456 755 αὐτοὺς,
1474 690 1641 752 εῐπως
1659 685 1905 759 ὑποσύρῃ
1928 687 2038 755 (19)

464 789 618 852 τινας
650 785 979 855 ἀγνοοῦντας
1008 787 1087 849 εἱς
1123 783 1223 855 τὴν
1270 783 1506 852 ἐσχάτην
1548 781 1641 835 καὶ
1678 779 2043 849 χριστομάχον

450 883 678 953 ἀἵρεσιν
699 897 713 911 ’
757 880 1004 949 άνάγκην
1057 877 1235 947 ἔσχον,
1281 874 1436 939 εἰδὼς
1465 873 1526 928 τὸ
1571 877 1629 926 ὲν
1657 872 1734 943 τῷ
1764 872 1912 942 νόμῳ
1945 886 2035 939 γε-

466 972 805 1045 γραμμένον,
857 970 1055 1042 μηκέτι
1104 969 1201 1039 μὲν
1261 966 1559 1036 σιωπῆσαι,
1612 963 1933 1040 ἀναγγεῖλαι
1984 960 2041 1014 δὲ

467 1066 633 1119 πᾶσιν
664 1064 811 1135 ὑμῖν,
847 1062 933 1115 ἵνα
963 1058 1268 1131 γινώσκητε
1294 1056 1419 1121 τούς
1448 1072 1506 1109 τε
1534 1056 1843 1118 ἀποστάτας
1890 1068 2042 1122 γενο-

470 1157 685 1228 μένους,
707 1154 884 1209 καὶτὰ
906 1153 1008 1223 τῆς
1029 1151 1291 1224 αἱρέσεως
1315 1148 1496 1203 αὐτῶν
1520 1146 1754 1218 δύστηνα
1777 1145 2039 1218 ῥημάτια,

466 1250 560 1304 καὶ
588 1250 680 1303 ἐὰν
724 1249 910 1320 γράφη
942 1245 1219 1309 Εὐσέϐιος,
1267 1242 1341 1315 μὴ
1385 1241 1712 1314 προσέχητε.
1739 1239 1850 1311 Τὴν
1876 1238 2041 1293 πάλαι

466 1343 575 1413 γὰρ
612 1341 776 1396 αὑτοῦ
820 1339 1114 1395 κακόνοιαν
1144 1338 1242 1407 τὴν
1273 1336 1451 1406 χρόνῳ
1504 1332 1894 1404 σιωπηοεῐσαν,
1948 1330 2043 1384 νῦν

465 1433 553 1489 διὰ
580 1432 786 1507 τούτων
813 1428 1117 1485 άνανεῶσαι
1143 1425 1486 1498 βουλόμενος,
1517 1420 1911 1493 σχηματίζεται
1944 1420 2042 1490 μὲν

466 1526 543 1589 ὡς
587 1525 730 1594 ὑπὲρ
775 1522 983 1577 τούτων
1034 1523 1291 1594 γράφων·
1342 1520 1488 1593 ἔργῳ
1530 1520 1586 1573 δὲ
1626 1519 1917 1579 δείκνυσιν,
1967 1516 2043 1581 ὡς

464 1618 547 1672 ὅτι
597 1617 737 1687 ὑπὲρ
788 1614 984 1669 ἑαυτοῦ
1035 1613 1371 1678 σπουδάζων,
1423 1609 1582 1687 τοῦτο
1621 1612 1782 1663 ποιεῖ.
1828 1607 1890 1663 Οἱ
1943 1607 2042 1678 μὲν

463 1706 559 1764 οὖν
598 1709 900 1763 ἀποστάται
947 1704 1229 1777 γενόμενοί
1272 1707 1444 1758 εἰσιν·
1490 1704 1727 1774 Ἀρειος,
1770 1701 2039 1771 Ἀχιλλᾶς,

477 1800 761 1872 Ἀειθαλὴς
814 1800 909 1853 καὶ
948 1796 1281 1867 Καρπώνης,
1317 1796 1411 1849 καὶ
1456 1795 1642 1863 ἕτερος
1675 1794 1911 1863 Ἀρειος,
1951 1792 2043 1845 καὶ

464 1890 761 1961 Σαρμάτης
793 1889 850 1952 Ιι,
903 1889 997 1941 καὶ
1038 1886 1299 1950 Εὑςώῖος,
1336 1884 1429 1938 καὶ
1468 1883 1718 1947 Λούκιος,
1769 1882 1864 1934 καὶ
1914 1882 2042 1934 ’1ου-

2145 706 2365 761 gressus
2389 700 2491 753 est,
2519 692 2715 745 horum
2740 700 3106 760 apostatarum
3151 696 3517 764 patrocinium
3543 702 3719 756 susci-

2144 784 2244 853 pit,
2294 790 2351 835 et
2392 781 2603 836 litteras
2645 796 3056 850 quaquaversus
3113 795 3402 841 aususest
3454 787 3718 856 scribere,

2143 871 2537 927 commendans
2562 872 2705 935 illos,
2732 881 2793 926 ut
2819 873 3104 944 imperitos
3149 875 3402 931 homines
3446 879 3515 933 ad
3542 881 3717 950 pessi-

2143 978 2286 1017 mam
2332 962 2661 1032 Christoque
2706 964 2972 1019 infensam
3000 966 3251 1023 haeresim
3298 967 3589 1025 traducat:
3623 988 3722 1027 ne—

2143 1056 2439 1113 cessarium
2466 1055 2596 1109 duxi
2622 1056 2902 1111 silentium
2929 1058 3277 1129 abrumpere,
3306 1068 3494 1131 utpote
3533 1064 3721 1118 sciens

2144 1147 2199 1203 id
2224 1148 2369 1218 quod
2418 1150 2472 1203 in
2522 1148 2639 1219 lege
2689 1150 2956 1220 scriptum
3003 1161 3108 1215 est,
3150 1152 3415 1223 vobisque
3461 1155 3719 1213 omnibus

2144 1243 2480 1307 renuntiare,
2530 1257 2640 1313 quo
2663 1251 2720 1298 et
2765 1252 3037 1314 apostatas
3065 1244 3212 1320 ipsos
3242 1254 3299 1301 et
3342 1245 3719 1305 infelicissima

2142 1336 2348 1390 erroris
2394 1335 2541 1390 illius
2589 1334 2756 1389 verba
2805 1336 3165 1406 cognoscatis,
3214 1352 3279 1392 ac
3302 1338 3348 1392 si
3375 1337 3515 1394 forte
3550 1340 3723 1396 Ense-

2143 1426 2269 1485 bius
2317 1426 2625 1497 scripserit,
2682 1426 2733 1481 ei
2780 1426 3006 1482 minime
3056 1428 3371 1484 attendatis.
3422 1430 3718 1486 Pristinam

2142 1519 2288 1575 enim
2316 1516 2752 1574 malevolentiam
2776 1534 2952 1584 suam,
2978 1534 3100 1589 qua
3131 1520 3531 1592 longinquitate
3583 1532 3719 1578 tem-

2143 1610 2292 1681 poris
2310 1611 2419 1681 jam
2471 1607 2734 1663 oblivioni
2777 1624 2842 1664 ac
2886 1609 3108 1666 silentio
3155 1611 3357 1667 tradita
3400 1612 3713 1679 videbatur,

2144 1710 2242 1769 per
2269 1698 2403 1753 istos
2429 1712 2694 1754 renovare
2721 1713 2869 1753 nunc
2890 1699 3137 1764 studens,
3166 1702 3388 1757 simulat
3409 1704 3631 1773 quidem
3657 1719 3716 1760 se

2140 1806 2333 1845 eorum
2360 1805 2521 1845 causa
2548 1791 2761 1846 litteras
2790 1791 3033 1851 scribere
3061 1810 3074 1846 :
3103 1794 3283 1864 reipsa
3330 1802 3512 1849 tamen
3538 1795 3718 1851 decla-

2142 1890 2245 1945 rat,
2273 1896 2331 1936 se
2359 1896 2455 1936 sua
2481 1895 2646 1937 causa
2672 1881 3010 1937 laborantem
3035 1882 3089 1937 id
3116 1898 3295 1953 agere.
3323 1884 3527 1955 Eorum
3553 1901 3716 1957 porro

463 1980 663 2043 λιανδς,
716 1978 813 2032 καὶ
840 1978 1053 2049 Μηνᾶς,
1105 1975 1201 2029 καὶ
1242 1973 1529 2036 Έλλάδιος.
1578 1973 1670 2025 καὶ
1718 1970 1896 2035 Γάϊος,
1948 1972 2040 2025 καὶ
2073 1971 2113 2025 Β
2141 1974 2233 2044 qui

1948 1972 2040 2025 καὶ
2073 1971 2113 2025 Β
2141 1974 2233 2044 qui
2253 1975 2322 2031 ab
2345 1975 2586 2031 Ecclesia
2610 1973 2929 2031 defecerunt
2955 1976 3071 2031 haec
3096 1986 3225 2031 sunt
3249 1978 3504 2033 nomina:
3526 1978 3712 2046 Arius,

464 2073 562 2127 σὺν
596 2073 779 2134 αὐτοῖς
805 2068 1095 2131 Σεκοῦνδος
1126 2068 1221 2126 καὶ
1252 2066 1487 2130 Θεωνᾶς,
1519 2065 1568 2117 οἱ
1599 2063 1731 2117 ποτὲ
1762 2063 2039 2133 λεχθέντες

462 2166 773 2221 ἐπίσκοποι.
833 2162 968 2215 Ποῖα
1023 2161 1080 2213 δὲ
1126 2157 1280 2229 παρὰ
1328 2158 1426 2221 τὰς
1471 2156 1694 2229 Γραφάς
1721 2157 2040 2228 ἐφευρόντες

462 2255 733 2317 λαλοῦσιν,
792 2254 906 2306 ἐστι
940 2253 1112 2306 ταῦτα
1149 2250 1283 2322 (20)·
1321 2250 1433 2304 Οὐκ
1484 2248 1572 2302 ἀεὶ
1610 2250 1638 2301 ὁ
1683 2248 1815 2312 Θεὸς
1856 2249 2040 2318 πατὴρ

460 2343 530 2419 ἦν
559 2345 610 2385 ι’
658 2345 771 2398 ἀλλ’
805 2340 873 2415 ἦν
912 2344 999 2397 ὅτε
1050 2345 1076 2395 ὁ
1108 2342 1238 2405 Θεὸς
1282 2341 1463 2416 πατὴρ
1510 2342 1611 2394 οὐκ
1667 2335 1755 2411 ἦν.
1808 2339 1923 2393 Οὐκ
1954 2340 2040 2395 ἀεὶ

458 2437 529 2512 ἦν
563 2442 591 2493 ὁ
615 2440 712 2494 τοῦ
742 2439 878 2492 Θεοῦ
912 2439 1105 2507 Λόγος,
1132 2436 1248 2489 ἀλλ’
1272 2435 1330 2503 ἐξ
1354 2436 1453 2488 οὐκ
1498 2434 1666 2488 ὄντων
1699 2434 1938 2503 γέγονεν.
1981 2436 2038 2489 '0

459 2532 571 2603 γὰρ
601 2530 675 2584 ὢν
701 2530 853 2594 Θεὸς,
876 2529 967 2582 τὸν
1000 2528 1074 2599 μὴ
1100 2529 1228 2581 ὄντα
1262 2528 1326 2579 ἐκ
1350 2525 1442 2580 τοῦ
1471 2526 1545 2597 μὴ
1567 2526 1717 2587 ὄντος
1746 2525 2033 2597 πεποίηκε.

460 2622 553 2677 Διὸ
586 2622 682 2676 καὶ
723 2619 790 2693 ἧν
822 2638 975 2685 ποτε,
1026 2620 1115 2673 ὅτε
1155 2619 1255 2672 οὐκ
1275 2613 1363 2689 ἦν.
1392 2611 1612 2688 Κτίσμα
1644 2617 1751 2688 γάρ
1779 2616 1893 2670 ἐστι
1943 2618 2039 2672 καὶ

461 2714 676 2786 ποίημα
701 2715 730 2766 ὁ
763 2714 911 2777 Υἱός,
942 2710 1080 2765 οὔτε
1110 2711 1167 2764 δὲ
1199 2712 1384 2782 ὅμοιος
1410 2710 1531 2764 κατ’
1556 2709 1741 2763 οὐσίαν
1765 2710 1842 2781 τῷ
1864 2710 2040 2781 Πατρί

460 2811 633 2875 ἑστιν,
687 2809 807 2862 οὔτε
841 2808 1094 2879 ἀληθινὸς
1143 2808 1235 2862 καὶ
1284 2807 1443 2879 φύσει
1491 2803 1583 2862 τοῦ
1627 2807 1839 2880 Πατρὸς
1869 2807 2040 2877 Λόγος

459 2918 628 2978 ἐστὶν,
671 2914 793 2970 οὔτε
832 2915 1062 2987 ἀληθινὴ
1102 2914 1261 2984 σοφία
1296 2912 1461 2968 αὐτοῦ
1491 2914 1606 2968 ἐστι
1632 2914 1775 2985 (21)·
1811 2914 1927 2969 ἀλλ’
1959 2911 2039 2981 εἷς

464 3022 561 3093 μὲν
598 3021 707 3074 τῶν
736 3021 1056 3091 ποιημάτων
1082 3020 1177 3073 κα)⁵
1214 3018 1458 3090 γενητῶν
1487 3021 1602 3073 ἐστι
1622 3035 1635 3049 ·
1666 3035 2037 3092 καταχρηστι-

460 3129 569 3191 κῶς
622 3127 677 3180 δὲ
728 3128 899 3195 Λόγος
949 3125 1045 3180 καὶ
1092 3123 1283 3195 Σοφία,
1324 3124 1611 3195 γενόμενος
1649 3123 1743 3177 καὶ
1782 3123 1943 3187 αὐτὸς
1980 3125 2038 3179 δὲ

458 3233 539 3302 τῷ
562 3233 672 3304 (22)
701 3232 811 3303 ἰδίῳ
838 3231 929 3285 τοῦ
950 3230 1085 3285 Θεοῦ
1111 3231 1273 3301 λόγῳ,
1296 3232 1390 3285 καὶ
1414 3233 1478 3301 τῇ
1505 3230 1563 3281 ὲν
1598 3228 1675 3300 τῷ
1696 3229 1812 3299 Θεῷ
1854 3229 2034 3301 σοφίᾳ,

2139 2062 2401 2128 Achillas,
2427 2063 2690 2127 Aithales,
2716 2063 3014 2135 Carpones,
3042 2066 3181 2121 alter
3206 2066 3390 2132 Arius,
3419 2068 3713 2136 Sarmates,

2139 2155 2397 2220 Euzoius,
2417 2155 2642 2221 Lucius,
2666 2156 2939 2222 Julianus,
2962 2157 3166 2223 Menas,
3188 2158 3489 2225 Helladius,
3506 2160 3674 2215 Gaius
3699 2177 3713 2214 :

2139 2264 2372 2318 cumque
2418 2247 2504 2305 his
2544 2247 2829 2305 Secundus
2873 2266 2937 2305 ac
2983 2249 3257 2315 Theonas,
3282 2252 3373 2321 qui
3419 2252 3549 2307 olim
3594 2253 3715 2323 epi-

2139 2340 2289 2410 scopi
2315 2350 2442 2396 sunt
2464 2341 2741 2412 appellati.
2768 2339 2845 2396 Ea
2866 2357 3004 2396 vero
3029 2357 3151 2412 qua:
3174 2343 3294 2397 sine
3332 2342 3441 2397 ulla
3470 2342 3718 2414 Scriptu-

2139 2449 2325 2502 rarum
2351 2434 2678 2489 auctoritate
2700 2433 2993 2488 commenti
3033 2442 3237 2489 temere
3263 2434 3541 2499 eil'utiunt,
3588 2446 3713 2492 sunt

2139 2524 2452 2596 hujusmodi
2480 2542 2492 2578 :
2519 2523 2683 2587 Deus,
2711 2525 2984 2594 inquiunt,
3011 2541 3123 2581 non
3145 2540 3361 2597 semper
3397 2525 3501 2582 fuit
3542 2538 3713 2595 pater,

2139 2616 2235 2671 sed
2270 2628 2487 2688 tempus
2530 2615 2741 2673 exstitit
2779 2632 2903 2671 cum
2948 2617 3094 2672 Deus
3121 2617 3345 2672 minime
3369 2628 3517 2674 esset
3540 2629 3715 2689 pater.

2139 2709 2381 2764 Verbum
2405 2710 2499 2764 Dei
2525 2724 2635 2765 non
2660 2724 2874 2779 semper
2896 2707 3020 2773 fuit,
3060 2710 3158 2763 sed
3206 2718 3386 2765 ortum
3409 2720 3585 2765 estex
3629 2712 3717 2767 ni-

2141 2802 2272 2857 hilo.
2302 2802 2447 2858 Deus
2468 2803 2616 2857 enim
2641 2802 2734 2872 qui
2768 2811 2872 2867 est,
2900 2801 3052 2856 illum
3080 2801 3174 2872 qui
3200 2817 3308 2857 non
3353 2812 3491 2868 erat,
3540 2819 3608 2859 ex
3651 2820 3718 2861 eo

2139 2896 2285 2967 quod
2309 2902 2419 2951 non
2443 2905 2528 2951 est
2548 2895 2876 2965 procreavit.
2917 2894 3155 2950 Proinde
3182 2903 3401 2967 tempus
3424 2897 3718 2967 aliquando

2141 2988 2245 3043 fuit
2284 3002 2409 3043 cum
2459 3003 2567 3045 non
2608 2996 2753 3043 esset
2784 2984 2816 3040 ἐ
2870 2988 3073 3057 quippe
3120 2986 3291 3042 Filius
3336 2997 3586 3043 creatura
3633 2997 3713 3045 est

2141 3096 2409 3152 opusque.
2456 3079 2645 3151 Neque
2690 3095 2823 3134 vero
2873 3080 3071 3135 similis
3114 3088 3200 3135 est
3223 3080 3369 3135 Patri
3414 3081 3714 3136 secundum

2142 3174 2523 3238 substantiam,
2572 3188 2753 3243 neque
2806 3188 2995 3227 verum
3037 3188 3099 3228 ac
3126 3173 3420 3243 genuinum
3443 3173 3537 3229 Dei
3587 3174 3714 3228 Ver-

2142 3267 2295 3330 bum,
2324 3281 2426 3321 ncc
2450 3281 2579 3319 vera
2601 3264 2845 3335 ejusdem
2873 3264 3159 3334 sapientia.
3187 3263 3291 3319 Sed
3326 3280 3467 3319 unus
3492 3264 3713 3335 quidem

461 3338 520 3390 ἐν
615 3338 707 3390 καὶ
732 3337 797 3390 τὰ
824 3337 1000 3391 πάντα
1046 3338 1143 3391 καὶ
1167 3336 1327 3390 αὐτὸν
1365 3335 1664 3405 πεποίηκεν
1689 3335 1717 3387 ὀ
1750 3334 1901 3399 Θεός.
1939 3334 2032 3387 Διὸ
2061 3332 2103 3388 C
2142 3368 2227 3414 est

1939 3334 2032 3387 Διδ
2061 3332 2103 3388 C
2142 3368 2315 3414 estex
2341 3357 2603 3428 operibus
2631 3332 2700 3410 vet
2738 3332 3009 3410 creaturis
3037 3372 3051 3409 :
3080 3355 3305 3410 abusive
3351 3332 3533 3410 autem
3581 3356 3700 3411 Ver-

462 3445 555 3497 καὶ
582 3445 814 3515 τρεπτός
857 3444 974 3496 ἐστι
1008 3442 1101 3495 καὶ
1149 3442 1437 3505 ἀλλοιωτὸς
1460 3440 1557 3512 τὴν
1592 3440 1774 3510 φύσιν,
1836 3440 1911 3503 ὡς
1940 3442 2035 3494 καὶ

460 3548 636 3603 πάντα
682 3548 749 3602 τὰ
787 3547 999 3619 λογικά.
1024 3546 1184 3609 Ξένος
1220 3562 1277 3598 τε
1305 3546 1399 3598 καὶ⁸
1424 3544 1725 3615 ἀλλότριος,
1782 3544 1875 3597 καὶ
1926 3545 2031 3597 ἁπ-

2142 3450 2273 3505 bum
2300 3449 2502 3504 dicitur
2526 3457 2689 3517 atque
2738 3446 3045 3515 Sapientia,
3075 3445 3276 3515 quippe
3323 3461 3447 3501 cum
3493 3457 3550 3502 et
3599 3448 3710 3518 ipse

2139 3541 2414 3597 exstiterit
2440 3555 2539 3611 per
2558 3538 2842 3610 proprium
2872 3537 2973 3623 ιζ
3016 3537 3112 3592 Dei
3138 3537 3367 3592 verbum
3390 3548 3447 3595 et
3486 3555 3584 3611 per
3630 3557 3709 3596 sa-

1652 3657 1920 3713 VALESII
1973 3654 2521 3714 ANNOTATIONES.

528 3748 637 3815 (l9)
672 3750 841 3812 Ἴσως
882 3749 1183 3816 ὑποσύρῃ.
1220 3749 1375 3819 Apud
1413 3747 1688 3803 Gelasium
1714 3747 2033 3819 itiﬂistoria

456 3819 673 3873 concilii
701 3819 903 3890 Nicaeni
928 3820 1068 3890 libro
1113 3836 1170 3883 ιι,
1216 3817 1414 3889 legitur
1455 3819 1599 3881 ὅπως
1628 3818 1892 3890 ὑποσύρῃ.
1927 3817 2034 3890 Sed

457 3890 512 3942 in
558 3890 752 3960 codice
786 3889 985 3944 Leonis
1023 3889 1206 3945 Allatii
1249 3887 1512 3960 scriptum
1551 3896 1633 3942 est
1674 3887 1871 3952 εἴπως,
1889 3887 2035 3960 quod

456 3958 853 4030 ρτεοῐρτθιιιιυιιι
880 3971 1032 4030 puto.

526 4029 634 4097 (20)
667 4032 831 4082 Ἔστι
858 4027 1062 4084 ταῦτα.
1106 4031 1233 4085 Post
1260 4030 1376 4085 htec
1402 4030 1567 4083 verba
1594 4030 1648 4083 in
1674 4027 1862 4083 codice
1910 4028 2033 4083 Flo-

454 4100 673 4171 rentino
696 4099 810 4171 haec
832 4100 1123 4165 habentur,
1142 4102 1257 4163 πῶς
1288 4099 1575 4171 φρονοῦσιν
1602 4097 2032 4171 Ἀρειανοίᾎριιω

452 4168 520 4240 ad
545 4170 847 4240 marginem
874 4172 1058 4240 potius
1098 4166 1309 4227 ascribi
1331 4166 1674 4225 debuerant.
1696 4168 1853 4239 Apud
1874 4166 2032 4223 Gela-

450 4239 599 4311 sium
616 4239 1166 4311 siiniliter’scriptum
1204 4249 1289 4297 est
1316 4241 1418 4295 hoc
1441 4242 1561 4295 loco
1586 4240 2024 4311 δόγμαςΑρείου.

523 4310 633 4381 (2|)
662 4311 813 4381 Οὔτε
836 4310 1095 4381 ἀληθινὴ
1119 4313 1306 4380 σοφία
1331 4311 1516 4364 αὐτοῦ
1542 4311 1731 4363 ἐστιν.
1760 4310 1889 4364 Post
1913 4310 2029 4365 hazc

450 4380 619 4453 verba
636 4380 831 4453 deerat
872 4380 1091 4451 integra
1128 4384 1409 4453 perimpe,
1434 4397 1598 4451 quam
1624 4395 1727 4436 nos
1748 4395 1821 4453 ex
1850 4380 2030 4453 tribus

450 4451 734 4505 codicibus
760 4453 981 4515 nostris,
1012 4451 1351 4516 Florentino,
1392 4451 1686 4515 Siortiano,
1731 4451 2023 4515 Allatiano,

448 4529 505 4594 e_t
528 4536 592 4576 ex
611 4521 831 4594 Gelasio
854 4522 1122 4594 Cyziceno
1146 4523 1522 4593 supplevimus
1562 4523 1667 4577 hoc
1700 4522 1882 4594 modo,
1911 4521 2025 4574 ἀλλ’

448 4586 666 4664 εἷςλμὲν
691 4593 799 4644 τῶν
838 4586 963 4663 ποίη
974 4594 1160 4664 μάτων
1188 4586 1281 4646 καὶ
1318 4594 1558 4661 γενητῶν
1590 4596 1727 4664 ἐστι.
1751 4590 2026 4664 Quaever-

449 4660 516 4716 ba
541 4662 596 4715 in
621 4677 722 4716 suo
746 4665 910 4717 etiam
936 4660 1123 4719 codice
1150 4660 1354 4731 legerat
1400 4660 1599 4733 Epiph.
1627 4662 2020 4726 Scholasticus,

2138 3748 2386 3802 codicem
2410 3745 2656 3818 Socratis
2675 3760 2785 3816 quo
2810 3760 2952 3818 usus
2966 3754 3049 3802 est
3071 3746 3271 3818 Epiph.
3319 3747 3708 3817 Scholastieus,

2137 3833 2167 3872 a
2195 3818 2395 3872 nostris
2420 3817 2583 3886 paulo
2609 3817 2885 3872 diversum
2932 3817 3130 3873 fuisse.
3146 3819 3328 3874 Codex
3364 3828 3543 3877 tamen
3570 3822 3707 3877 Leo-

2136 3889 2222 3962 nis
2246 3887 2828 3962 A_llatii_plane’_similis_
2849 3897 2927 3943 est
2953 3890 3002 3943 ei
3026 3904 3203 3962 quem»
3230 3898 3450 3962 secutus
3472 3900 3551 3945 est
3580 3893 3707 3962 Epi-

2135 3958 2389 4028 phanius.
2426 3958 2517 4013 Sic
2553 3958 2699 4012 enim
2743 3959 2947 4013 habet:
2991 3958 3127 4013 Οὔτε
3164 3960 3216 4012 δὲ
3251 3960 3499 4028 ἀληθινός
3539 3958 3707 4027 ἐστὶν,

2133 4009 2514 4097 ὅΰῖἐᾶλῆθινῆ
2542 4009 2703 4097 ᾱόἐρὶᾶ
2742 4009 2905 4084 ἇῦἓᾶΰ
2937 4009 3129 4083 ’ὲςῖτὶνέ
3159 4009 3710 4100 ὀέτξὲιλῇὀῖνὸςῖὼὶέ

2134 4100 2292 4168 φύσει
2318 4100 2409 4152 τοῦ
2436 4100 2647 4171 [ἰατρὸς
2676 4100 2843 4171 Λόγος
2878 4101 3044 4153 ἐστίν·
3076 4100 3192 4153 ἀλλ’
3216 4098 3294 4162 εἷς
3332 4098 3431 4171 μὲν
3460 4102 3567 4153 τῶν
3588 4120 3709 4170 γενο

2131 4170 2388 4241 νημάτων
2419 4170 2511 4222 καὶ
2544 4169 2955 4241 ττοιητῶνὲστιτ
2995 4169 3444 4241 καταχρηστικῶς
3468 4172 3525 4225 δὲ
3552 4172 3709 4241 λέγε-

2131 4239 2219 4293 ται
2253 4240 2444 4305 Λόγος,
2488 4239 2600 4301 καί,
2634 4248 2739 4293 etc.
2767 4240 2916 4295 Adeo
2942 4240 3084 4294 inter
3110 4239 3183 4295 se
3219 4239 3573 4295 consentiunt
3605 4239 3706 4297 au-

2131 4320 2313 4365 ctores
2335 4309 2589 4363 Historia:
2608 4310 2893 4380 tripertita:
2915 4306 3117 4365 Graeca:
3144 4327 3208 4365 ac
3231 4311 3457 4376 Latinze,
3484 4322 3546 4367 ut
3566 4314 3709 4370 alter

2127 4381 2196 4436 ab
2219 4381 2391 4435 altero
2415 4388 2700 4435 mutuatus
2722 4381 2895 4435 videri
2919 4381 3111 4451 possit.
3170 4450 3173 4451 ν
3758 4431 3764 4439 ,

2197 4451 2309 4525 (2'2)
2335 4453 2669 4525 [ardyeng
2698 4452 2799 4525 arui
2820 4452 3000 4525 ᾳὺζὸς
3026 4450 3304 4525 δὲ-τῷχῐη
3321 4453 3706 4525 νιηοηυεοτὶριο

2125 4521 2323 4595 codice
2349 4521 2757 4595 Leonis_All_atii
2787 4521 3054 4595 hic_locus
3102 4522 3179 4595 ita
3226 4522 3449 4595 legitur,
3479 4521 3707 4595 γενόμε-

2124 4609 2214 4654 νος
2246 4594 2339 4644 καὶ
2367 4591 2527 4654 αὐτὸς
2556 4592 2610 4643 δὲ
2640 4592 2713 4643 ὢν
2748 4594 2805 4645 ὲν
2832 4591 2907 4660 τῷ
2952 4591 3065 4661 ἰδίῳ
3090 4592 3183 4645 τοῦ
3232 4591 3367 4646 Θεοῦ
3411 4594 3573 4661 λόγῳ,
3612 4591 3705 4649 ita).

2125 4645 2272 4731 ἐν’τῇ
2309 4663 2402 4714 τοῦ
2432 4645 2567 4732 θεόῡ
2602 4662 2783 4732 σοφίᾳ.
2825 4647 2998 4729 Quam
3037 4645 3703 4722 lectionemrsecut'iisevst

447 4733 590 4819 sicut
610 4747 677 4787 ex
701 4736 952 4819 versione
993 4737 1111 4804 ejus
1152 4719 1627 4819 apparet..To'tum
1653 4734 1799 4819 enim
1839 4719 2020 4819 lgeum
2054 4757 2097 4813 ι)
2126 4719 2292 4787 etiam
2316 4732 2512 4814 ISpiph:
2543 4719 2813 4815 Scholaist.
2832 4719 2932 4819 ξηιιί
2978 4734 3059 4819 sic
3076 4735 3243 4819 vertit
3264 4753 3282 4816 ,ε
3309 4733 3500 4819 Fartus
3525 4719 3703 4819 agis;

448 4803 522 4857 ita
564 4804 841 4857 transtulit
871 4822 882 4855 :
910 4802 1168 4859 Creatura
1188 4802 1288 4856 ὀδε
1336 4806 1473 4858 enim
1500 4813 1547 4857 et
1576 4804 1784 4873 factum
1829 4802 2016 4865 Filius.

446 4889 610 4943 neque
631 4874 817 4928 similis
845 4883 920 4928 est
945 4875 1099 4930 Patri
1137 4874 1422 4928 secundum
1447 4876 1831 4939 substantiam;
1856 4890 2019 4944 neque

443 4959 594 4997 verus
618 4952 713 5015 est,
741 4961 905 5015 neque
928 4962 1050 5015 vera
1073 4946 1335 5014 sapientia
1364 4946 1477 5015 ejus
1504 4955 1598 5008 est,
1629 4960 1792 5014 neque
1836 4960 2016 4998 verum

446 5013 766 5067 naturaliter
791 5011 969 5070 Patris
996 5011 1215 5069 Verbum
1239 5022 1335 5075 est,
1364 5011 1454 5069 sed
1477 5031 1610 5068 unus
1638 5011 1846 5085 quidem
1866 5030 2016 5068 crea-

446 5093 689 5139 turarum
728 5094 775 5139 et
821 5086 1150 5155 facturarum
1175 5093 1270 5139 est.
1296 5085 1375 5139 Ex
1403 5086 1489 5139 his
1512 5083 1741 5157 apparet
1767 5083 2016 5139 Gralcum

2126 4814 2174 4877 et
2223 4804 2471 4877 exsistam;
2496 4804 2549 4856 in
2575 4805 2789 4877 proprio
2950 4804 3212 4877 verbo,_rt
3241 4806 3309 4857 ’ἑτι
3354 4805 3449 4859 Dei
3489 4803 3703 4877 sapien-

2128 4876 2224 4946 tia,
2251 4874 2494 4946 etesNos
2541 4888 2672 4946 vero
2717 4874 3007 4946 lectionem
3055 4874 3309 4946 codicum
3360 4874 3701 4943 nostrorum,

2126 4944 2302 5017 Regii,
2332 4943 2630 5017 Florentini
2654 4951 2709 4997 et
2732 4944 2990 5017 Sl‘ortiani
3018 4943 3172 5015 sequi
3202 4947 3512 5012 maluimus,
3536 4963 3699 5017 quam

2124 5022 2179 5068 et
2205 5015 2453 5070 Gelasius
2476 5014 2797 5085 conﬁrmat;
2823 5015 2928 5069 nisi
2974 5014 3119 5083 quod
3160 5018 3487 5085 particulam
3512 5014 3569 5072 δέ
3591 5036 3699 5075 ηοιι

2124 5086 2391 5156 agnoscit,
2417 5101 2537 5155 qua:
2562 5100 2659 5154 pro
2682 5084 2745 5155 δὴ
2772 5086 2948 5154 posita
2972 5084 3206 5141 videtur.

1895 5196 2201 5254 VARIORU
2210 5198 2279 5252 M.

441 5294 811 5366 subjecerunt.
837 5294 1060 5366 Legitur
1082 5293 1234 5366 item,
1259 5290 1699 5366 inquiunt,_apud
1723 5290 2021 5366 Gelasium,

442 5360 558 5420 lib:
587 5381 645 5429 ιι,
695 5382 814 5434 cap.
864 5360 942 5427 5f
965 5380 1090 5417 cum
1138 5360 2021 5434 subscriptionibustsedmendis

441 5436 603 5489 etiam
648 5432 844 5490 obsita.
892 5435 1134 5489 Ilabetur
1182 5434 1415 5503 denique
1466 5433 1608 5502 apud
1652 5432 2018 5503 Epiphﬁauium

442 5505 857 5570 Scholasticum,
884 5504 1135 5559 Historia:
1159 5502 1447 5572 tripertita),
1477 5504 1572 5557 lib.
1603 5518 1640 5565 ι,
1666 5518 1786 5572 cap.
1813 5502 1899 5555 15.

512 5578 538 5615 ιι
563 5578 672 5630 Καὶ
699 5575 1031 5644 Σαρμὰτης.
1062 5576 1191 5630 Post
1217 5572 1508 5644 Σαρμὰτης
1535 5573 1689 5628 addit
1733 5572 2014 5642 exemplar

440 5646 920 5705 Benedictinorum
958 5648 1007 5699 ot
1054 5648 1182 5700 ποτὲ
1230 5644 1617 5717 πρεσϐύτεροι·
1648 5653 1703 5697 et
1730 5659 1856 5701 mox
1891 5651 2015 5713 post

441 5717 619 5781 Γάϊος,
649 5720 696 5770 οἱ
731 5719 861 5771 ποτὲ
893 5717 1147 5771 διάκονοι.

572 5791 693 5842 Οὐκ
720 5788 811 5842 ἀεὶ
836 5791 867 5841 ό
892 5788 1034 5853 Θεὸς
1061 5786 1255 5855 πατὴρ
1278 5782 1369 5855 ἦν.
1396 5785 1477 5841 Cl.
1502 5784 1766 5855 Georgius
1800 5782 2010 5848 Bullus,

440 5858 495 5914 in
517 5858 633 5914 Ιιίιιο
658 5858 909 5927 dogmata
932 5857 1258 5913 Arianorum
1300 5855 1761 5918 animadvertetis,
1788 5856 1887 5927 ait,
1916 5870 2013 5909 eos

438 5929 606 5998 Λόγον
632 5926 927 6001 duplicem,
959 5938 1018 5983 ut
1058 5937 1112 5983 ct
1164 5927 1438 5998 duplicem
1468 5928 1663 5996 Σοφίαν
1709 5926 2005 5992 statuisse;

2127 5291 2361 5345 alterum
2389 5291 2445 5344 in
2481 5291 2598 5361 ipso
2623 5292 2783 5347 Patre
2814 5292 3149 5347 residentem
3178 5293 3367 5360 Λόγον,
3396 5293 3694 5348 naturalem

2126 5361 2297 5430 ipsius
2319 5372 2375 5417 et
2400 5364 2709 5431 proprium;
2741 5378 2837 5432 per
2862 5378 3045 5432 quem,
3073 5371 3127 5417 et
3166 5364 3575 5418 universitatem
3616 5379 3702 5420 re-

2126 5444 2247 5486 rum
2271 5442 2324 5486 et
2352 5436 2519 5498 Λόγον
2541 5434 2705 5487 alium
2730 5434 3266 5497 condidit;'alterum
3292 5450 3319 5487 τι
3350 5435 3507 5488 Patre
3533 5442 3590 5488 et
3611 5434 3699 5491 in-

2117 5503 2223 5556 sito
2241 5505 2397 5571 Λόγῳ
2421 5514 2786 5571 procreatum,
2805 5505 2896 5574 qui
2918 5504 3088 5571 Λόγος
3110 5506 3426 5559 nominetur
3448 5506 3701 5571 abusive,
3726 5565 3733 5572 ,

2112 5574 2313 5643 quippe
2339 5577 2431 5643 qui
2476 5575 2898 5650 nce_ge_nu_inum
2944 5576 3063 5650 ejus
3086 5576 3325 5650 Yerhum
3351 5576 3441 5638 sit,
3472 5577 3700 5650 nec‘ipsi

2111 5655 2467 5703 comternum,
2498 5646 2594 5698 sed
2621 5645 2679 5708 ἐξ
2700 5647 2798 5698 οὐκ
2839 5647 3005 5698 ὄντων
3032 5645 3060 5698 ἐι
3091 5646 3199 5699 Deo
3241 5648 3387 5699 hunc
3428 5645 3691 5705 mundum

2111 5715 2402 5785 conditum
2426 5717 2602 5769 factus
2628 5716 2830 5777 fuerit;
2872 5726 2927 5770 et
2964 5717 3110 5770 hunc
3136 5718 3498 5785 posteriorem
3525 5718 3694 5782 Λόγον

2111 5783 2450 5924 ξέιὶιι21)υρί
2495 5787 2769 5843 dicebant.
2799 5788 3033 5857 (Defens.
3066 5783 3211 5841 Fidei
3252 5789 3392 5855 Nic.,
3441 5796 3575 5843 sect.
3602 5786 3688 5855 III,

2176 5871 2230 5924 p.
2301 5899 2312 5909 .

2109 5870 2230 5926 cap.
2256 5870 2312 5911 4.
