4514 6578
478 452 546 505 49
1457 444 1777 500 HISTORIA
1815 440 2364 507 ECCLESIASTICA.
2408 483 2475 492 —
2513 454 2640 508 LIB.
2693 455 2730 508 1.
3651 456 3720 510 50

475 566 631 636 ῥητὸν
676 563 896 615 δύναται
943 559 1252 628 ἀναςεέρειν,
1314 557 1450 612 ἀλλὰ
1500 561 1592 612 καὶ
1642 558 2038 630 ἁρμοδιώτερον
2069 565 2112 622 Α
2143 576 2258 616 eum

1932 576 2038 630 ερον
2069 565 2112 622 Α
2143 576 2266 616 cum
2311 580 2419 620 non
2443 567 2624 620 esset?
2671 565 2902 621 Perinde
2945 566 3094 621 enim
3140 576 3222 622 est
3266 583 3327 621 ae.
3373 569 3417 621 si
3444 567 3715 633 dicerent,

471 659 535 711 ἂν
568 655 649 723 εἴη
679 654 804 723 περὶ
827 652 920 706 τοῦ
945 653 1118 718 Λόγου
1145 649 1238 703 νῦν
1265 649 1572 719 λεγόμενον,
1602 650 1682 703 ὃτι
1703 651 1795 702 καὶ
1819 651 2042 722 γενόμε-

472 764 557 808 νος
587 743 866 812 ἄνθρωπος
898 741 994 794 οὐκ
1024 740 1346 810 ἠλλοίωται,
1379 738 1492 792 ἀλλ’
1527 739 1600 801 ὡς
1630 741 1656 792 ό
1702 739 2042 806 Ἀπόστολος,

485 836 720 902 Ἰησοῦς
753 834 999 902 Χριστὸς
1030 833 1169 901 χθὲς
1205 831 1300 886 καὶ
1333 831 1619 900 σήμερον,
1656 834 1687 886 ὀ
1727 831 1908 896 αὐτὸς
1945 834 2040 886 καὶ

470 930 553 991 εἰς
579 927 716 990 τοὺς
744 923 980 988 αἰῶνας.
1021 925 1084 977 Τί
1131 925 1185 976 δὲ
1219 923 1324 994 ἄρα
1355 925 1526 976 εἰπεῖν
1569 923 1764 986 αὐτοὺς
1801 922 2038 990 ἔπεισεν,

470 1021 549 1072 ὅτι
577 1019 640 1071 δι’
674 1018 817 1086 ἡμᾶς
851 1017 1061 1082 γέγονε,
1097 1013 1272 1068 καίτοι
1318 1012 1410 1066 τοῦ
1445 1013 1657 1066 Παύλου
1705 1013 2038 1085 γράφοντος,

472 1110 546 1163 Δι’
590 1108 659 1161 ὃν
692 1107 760 1160 τὰ
791 1107 1006 1169 πάντα,
1041 1107 1133 1158 καὶ
1167 1104 1239 1158 δι’
1281 1100 1351 1160 οὗ
1395 1105 1464 1158 τὰ
1503 1103 1732 1168 ruina;
1775 1105 1910 1176 Περὶ
1944 1106 2040 1175 μὲν

469 1194 558 1251 οῦν
585 1196 677 1249 τοῦ
729 1196 1064 1266 βλασςρῆμείν
1100 1195 1294 1258 αὐτοὺς
1317 1233 1331 1256 ,
1364 1195 1445 1247 ὅτι
1476 1195 1574 1246 οὐκ
1621 1192 1728 1246 οἶδε
1761 1195 1975 1259 τελείως
2011 1199 2038 1250 ὁ

471 1288 594 1351 Υἱὸς
626 1287 714 1339 τὸν
746 1286 980 1357 Πατέρα,
1013 1286 1072 1337 οὐ
1099 1285 1177 1337 δεῖ
1205 1283 1521 1355 θαυμάζειν.
1552 1284 1735 1350 "Am:
1766 1285 1872 1356 γὰρ
1903 1303 2038 1356 προ-

468 1380 682 1448 θέμενοι
708 1379 1112 1449 χριστομαχεῖν,
1144 1374 1579 1447 παρακρούονται
1607 1375 1700 1428 καὶ
1730 1375 1827 1438 τὰς
1855 1375 2038 1444 φωνὰς

469 1468 628 1520 αὑτοῦ
669 1467 759 1518 τοῦ
799 1467 1003 1536 Κυρίου
1032 1466 1313 1532 λέγοντος,
1347 1462 1542 1528 Καθὼς
1589 1462 1862 1532 γινώσκει
1905 1479 1974 1523 με
2006 1465 2038 1516 ό

470 1562 688 1630 Πατὴρ,
729 1559 888 1628 κάγὼ
923 1559 1189 1629 γινώσκω
1219 1559 1324 1612 τόν
1349 1556 1596 1624 Πατέρα.
1631 1556 1692 1607 Εἰ
1725 1555 1823 1624 μὲν
1847 1551 1937 1608 οῦν
1972 1557 2036 1608 ἐκ

473 1652 666 1720 μέρους
698 1648 950 1717 γινώσκει
987 1650 1015 1700 ό
1045 1647 1232 1716 Πατὴρ
1265 1645 1354 1698 τὸν
1399 1644 1546 1707 Υίὺν,
1586 1643 1740 1712 δῆλον
1771 1643 1851 1694 ὃτι
1887 1644 1980 1695 καὶ
2009 1645 2036 1696 ὁ

469 1743 592 1805 Υἱὸς
625 1745 688 1794 ὲκ
723 1741 920 1811 μέρους
948 1737 1214 1806 ,γινώσκει
1261 1737 1352 1789 τὸν
1393 1734 1631 1804 Πατέρα.
1676 1734 1736 1785 Εἰ
1775 1733 1830 1786 δὲ
1881 1732 2035 1786 τοῦτο

467 1834 641 1900 λέγειν
673 1832 730 1884 ου
769 1831 949 1901 θέμις,
983 1827 1089 1881 οἶδε
1120 1828 1176 1881 δὲ
1210 1826 1428 1888 τελείως
1463 1827 1490 1878 ὁ
1527 1825 1711 1894 Πατὴρ
1752 1824 1842 1876 τὸν
1884 1824 2032 1887 Υἰὸν,

466 1897 621 1992 δῆλον
649 1923 730 1975 ὅτι
752 1897 931 1981 καθὼς
956 1918 1212 1986 γινώσκει
1239 1919 1266 1969 ὁ
1292 1916 1479 1985 Πατὴρ
1507 1916 1596 1967 τὸν
1622 1916 1814 1968 ἑαυτοῦ
1844 1915 2035 1982 Λὸγ⁶ν’
2072 1897 2110 1948 Β

465 2013 606 2066 οὕτω
640 2013 732 2066 καὶ
761 2015 788 2065 ὁ
829 2012 998 2078 Λόγος
1026 2008 1286 2076 γινώσκει
1315 2007 1405 2059 τὸν
1446 2005 1639 2058 ἑαυτοῦ
1672 2006 1890 2075 Πατέρα
1916 2045 1929 2069 ,
1981 2000 2040 2060 οῦ

465 2106 558 2158 καὶ
582 2104 697 2158 ἔστι
725 2103 918 2170 Λόγος.
955 2101 1064 2155 Καὶ
1096 2099 1265 2153 ταῦτα
1301 2097 1549 2166 λέγοντες
1571 2137 1584 2161 ,
1633 2097 1724 2150 καὶ
1767 2097 2042 2151 ἀναπτύσο

469 2214 647 2259 σοντες
696 2196 792 2259 τὰς
842 2195 990 2257 θείας
1045 2191 1304 2263 ι’ραφάς,
1359 2188 1618 2249 πολλάκις
1669 2188 2042 2259 ἀνετρέψαμεν

467 2288 679 2350 αὐτούς.
725 2289 832 2339 Καὶ
884 2286 1046 2338 πάλιν
1086 2285 1161 2348 ὼς
1194 2280 1576 2352 χαμαιλέοντες
1625 2279 2038 2349 μετεϐάλλοντο,

466 2378 885 2447 φιλονεικοῦντες
905 2381 980 2440 εἰς
1007 2377 1228 2438 ἑαυτοὺς
1244 2370 1536 2442 ὲφελκύσαι
1559 2370 1615 2422 τὸ
1637 2369 2039 2440 γεγραμμένον,

469 2471 652 2524 Ὅταν
683 2471 829 2537 ἕλοη
863 2472 894 2522 ό
932 2466 1158 2534 ἀσεϐὴς
1191 2467 1277 2531 εις
1303 2465 1463 2534 ,βάθη
1505 2461 1725 2524 κακῶν,
1760 2476 2043 2528 καταφρο-

465 2560 558 2614 νεῖ
591 2573 649 2611 ιιι.
689 2560 882 2614 nam
916 2557 1045 2626 γοῦν
1094 2557 1330 2628 αἱρέσεις
1371 2557 1476 2627 πρὸ
1509 2553 1687 2610 αὐτῶν
1734 2550 2038 2620 γεγόνασιν,

466 2653 665 2712 αἵτινες
697 2651 852 2703 πλέον
879 2648 972 2704 τοῦ
1026 2648 1234 2711 δέοντος
1273 2648 1646 2718 τολμήσασαι,
1689 2640 2041 2696 πεπτώκασιν

467 2747 544 2806 εἰς
578 2741 907 2812 ἁςροσῦνην.
938 2735 1096 2794 Οῦτοι
1132 2739 1188 2792 δὲ
1225 2738 1313 2792 διὰ
1345 2739 1556 2792 πάντων
1583 2735 1760 2789 αὐτῶν
1801 2732 1907 2785 τῶν
1941 2733 2040 2802 ρη-

471 2836 653 2904 μάτων
681 2833 813 2903 (28),
849 2831 1291 2901 ἐπιχειρήσαντες
1321 2831 1436 2892 ταῖς
1467 2827 1776 2897 ἀναιρέσεσι
1799 2823 1909 2893 (29)
1942 2823 2038 2892 τῆς

468 2925 561 2979 τοῦ
602 2926 774 2992 Λόγου
806 2922 1077 2992 θεότητος,
1109 2920 1426 2973 ἐδικαίωσαν
1467 2918 1526 2983 ἐξ
1555 2916 1760 2970 ἑαυτῶν
1787 2914 2000 2977 ὲκείνας
2023 2952 2038 2978 ,

469 3018 542 3080 ὡς
571 3018 852 3086 ὲγγῦτεροι
876 3013 969 3067 τοῦ
995 3011 1332 3084 ἀντιχρίστου
1356 3011 1654 3080 γενόμενοι.
1677 3007 1768 3061 Διὸ
1813 3006 1906 3060 καὶ
1935 3006 2040 3058 ἁπ-

469 3108 850 3179 εκηρύχθησαν
874 3106 981 3159 ἀπὸ
1001 3104 1098 3173 τῆς
1135 3101 1478 3173 Ἐκκλησίας,
1511 3101 1603 3154 καὶ
1619 3097 2043 3168 ἀνεθεματίσθη-

473 3215 589 3251 σαν.
622 3195 951 3266 Λυποῦμεθα
983 3195 1079 3265 μὲν
1104 3189 1194 3247 οῦν
1223 3193 1314 3245 ἐπὶ
1338 3195 1402 3263 τῇ
1429 3191 1672 3263 ἀπωλείᾳ
1700 3190 1920 3254 τούτων,
1951 3188 2042 3240 καὶ

473 3286 704 3362 μάλιστα
733 3287 812 3338 ὅτι
844 3284 1101 3359 μαθόντες
1126 3282 1256 3336 ποτὲ
1290 3283 1383 3336 καὶ
1411 3282 1562 3335 αὐτοὶ
1587 3281 1656 3334 τὰ
1675 3282 1774 3351 τῆς
1814 3279 2039 3349 Ἐκκλη-

471 3383 611 3444 σίας,
643 3380 737 3433 νῦν
763 3374 1138 3448 ἀπεπήδησαν.
1177 3373 1248 3426 Οῦ
1283 3372 1598 3444 ξενιξὸμεθα
1630 3372 1705 3426 δέ.
1736 3372 1904 3425 Τοῦτο
1935 3372 2039 3442 γὰρ

470 3469 561 3521 καὶ
596 3469 879 3538 Ὑμέναιος
907 3469 1000 3519 καὶ
1022 3466 1244 3534 Φιλῆτὸς
1276 3464 1588 3517 πεπόνθασι·
1618 3463 1710 3514 καὶ
1737 3461 1840 3531 πρὸ
1866 3461 2040 3513 αὐτῶν

482 3559 701 3622 Ἰούδας,
737 3558 1103 3628 ἀκολουθήσας
1129 3557 1205 3626 τῷ
1239 3556 1482 3625 Σωτῆρι,
1510 3553 1732 3624 ὕστερον
1756 3553 1812 3606 δὲ
1851 3553 2042 3623 προδό-

470 3671 568 3722 της
601 3651 694 3704 καὶ
719 3652 1029 3720 ἀποστάτης
1074 3650 1380 3719 γενόμενος.
1418 3649 1524 3700 Καὶ
1575 3647 1701 3715 περὶ
1745 3643 1946 3698 τούτων
1985 3644 2040 3697 δὲ

474 3745 648 3798 αὐτῶν
683 3745 781 3796 οὐκ
819 3741 1086 3795 ἀδίδακτοι
1127 3742 1529 3810 μεμενήκαμεν.
1572 3737 1709 3790 Ἀλλ’
1740 3739 1767 3790 ὁ
1801 3737 1898 3807 μὲν
1929 3736 2042 3788 Κύ-

473 3854 584 3906 ριος
613 3835 905 3906 προείρηκε
928 3873 941 3896 ,
977 3831 1236 3886 Βλέπετε
1265 3831 1348 3899 μή
1392 3848 1480 3896 τις
1509 3827 1664 3898 ὑμᾶς
1729 3827 2039 3894 πλανήσῃο

473 3925 688 3980 πολλοὶ
737 3924 845 3994 γὰρ
874 3923 1225 3976 ἐλεύσονται
1255 3919 1353 3972 ἐπὶ
1397 3919 1477 3984 τῷ
1514 3918 1754 3987 ὀνόματί
1794 3933 1910 3986 μου
1939 3914 2041 3967 λέ-

473 4033 698 4086 γοντες,
753 4013 898 4083 Ἐγώ
924 4015 1058 4082 εἰμι,
1092 4012 1186 4064 καὶ
1217 4013 1248 4064 ὀ
1281 4010 1478 4077 καιρὸς
1508 4007 1729 4078 ἤγγικεο
1764 4007 1859 4060 καί
1895 4009 2042 4059 πολ-

473 4110 618 4174 λοὺς
651 4105 1062 4175 πλανήσουσι.
1099 4103 1191 4170 Μὴ
1227 4099 1552 4168 πορευθῆτε
1596 4099 1787 4152 ὀπίσω
1823 4096 2038 4151 αὐτῶν.

485 4202 541 4254 '0
561 4202 616 4253 δὲ
646 4199 854 4261 Παῦλος
879 4196 1062 4268 μαθὼν
1089 4195 1259 4248 ταῦτα
1287 4194 1437 4264 παρά
1466 4192 1558 4245 τοῦ
1591 4191 1859 4261 Σωτῆρος,
1888 4190 2044 4260 ἔγρα-

472 4291 590 4359 ψεν,
625 4291 706 4343 ὃτι
751 4291 844 4353 Ἐν
870 4285 1140 4355 ὑστέροις
1169 4283 1391 4352 καιροῖς
1416 4279 1865 4346 ἀποστήσονταί
1887 4295 2041 4344 τινες

476 4380 582 4448 τῆς
616 4381 871 4444 πίστεως
892 4376 999 4445 τῆς
1023 4375 1427 4444 ὑγιαινούσης,
1453 4369 1850 4442 προσέχοντες
1873 4369 2041 4423 πνεύο

471 4489 618 4542 μασι
646 4469 897 4534 πλάνοις
917 4507 930 4528 ,
961 4466 1056 4520 καὶ
1087 4464 1502 4529 διδασκαλίαις
1527 4461 1862 4531 δαιμονίων,
1897 4460 2042 4514 ἀπο-

2147 653 2320 708 Deum
2365 655 2657 725 aliquando
2701 657 2930 712 rationis
2971 667 3028 712 et
3092 658 3372 728 sapientiae
3436 671 3717 729 expertem

2146 745 2332 801 fuisse.
2403 748 2685 814 Quomodo
2750 749 3040 802 mutationi
3103 749 3562 818 conversioniquc
3623 751 3721 806 ob-

2145 839 2341 895 noxius
2365 841 2455 899 sit.
2482 855 2606 894 eum
2631 840 2698 895 de
2721 855 2778 895 se
2805 841 2918 910 ipse
2944 840 3108 902 dicat,
3141 842 3248 910 Ego
3275 843 3326 894 in
3355 843 3515 896 Patre
3539 851 3587 896 ct
3610 842 3718 898 Pa-

2145 938 2224 982 ter
2247 931 2298 982 in
2327 946 2407 982 me
2425 930 2474 995 ⁶;
2501 940 2556 984 et
2577 932 2730 993 alibi,
2758 931 2870 1002 Ego
2896 941 2942 984 ct
2967 931 3131 986 Pater
3157 948 3316 984 unum
3341 948 3518 986 sumus
3542 933 3560 963 "
3583 949 3597 997 ;
3621 948 3718 1002 per

2143 1021 2436 1089 prophetas
2462 1037 2592 1076 vero
2635 1023 2809 1077 multo
2859 1031 2985 1076 ante
3028 1023 3468 1092 pronuntiaverit
3501 1042 3511 1075 :
3543 1023 3718 1077 Videte

2143 1127 2244 1174 me,
2270 1111 2407 1181 quod
2429 1127 2521 1182 ego
2541 1129 2658 1166 sum
2681 1122 2730 1166 et
2755 1130 2859 1168 non
2883 1123 3056 1168 mutor
3079 1113 3138 1166 '?
3172 1113 3248 1166 Ac
3270 1113 3400 1167 licet
3443 1114 3569 1182 quis
3613 1114 3719 1169 hoc

2141 1201 2348 1257 dictum
2371 1202 2439 1258 ad
2463 1204 2679 1261 Patrem
2704 1203 2880 1274 ipsum
2926 1204 3130 1259 referre
3157 1202 3258 1273 l3
3301 1203 3492 1272 possit,
3539 1205 3720 1273 aptius

2140 1303 2322 1350 tamen
2367 1295 2537 1351 fuerit
2579 1312 2726 1352 nunc
2769 1296 2836 1351 de
2880 1297 3020 1351 Filio
3065 1295 3274 1351 dictum
3325 1293 3574 1364 accipere
3611 1309 3718 1350 :eo

2138 1387 2284 1454 quod
2307 1402 2431 1440 cum
2457 1389 2620 1442 homo
2641 1387 2818 1443 factus
2839 1388 2932 1452 sit,
2957 1403 3300 1458 nequaquam
3338 1395 3424 1441 est
3467 1386 3720 1442 immuta-

2141 1487 2248 1542 tus,
2274 1479 2391 1541 scd,
2437 1486 2497 1532 ut
2541 1480 2620 1534 ait
2663 1479 2977 1549 Apostolus,
3023 1479 3174 1534 Jesus
3225 1481 3463 1536 Christus
3509 1478 3622 1532 heri
3665 1486 3717 1530 et

2137 1571 2304 1632 hodie,
2353 1571 2490 1624 idem
2532 1572 2642 1641 ipse
2687 1572 2814 1624 etin
2858 1571 3050 1625 scecula
3075 1572 3115 1624 ’.
3141 1570 3413 1638 Quidnam
3455 1583 3588 1624 vero
3623 1581 3718 1623 eos

2138 1660 2378 1728 impulit,
2407 1667 2469 1714 ut
2493 1661 2740 1717 dicerent
2763 1662 2915 1715 illum
2955 1671 3178 1731 propter
3221 1677 3322 1716 nos
3343 1661 3547 1716 factum
3571 1672 3712 1721 esse,

2136 1765 2259 1804 cum
2283 1751 2482 1805 Paulus
2503 1752 2692 1820 utique
2715 1752 2859 1807 dicat
2885 1769 2897 1804 :
2923 1751 3147 1822 Propter
3167 1767 3318 1821 quem
3344 1753 3541 1811 omnia,
3561 1757 3609 1801 et
3625 1763 3716 1816 per

2138 1855 2288 1907 quem
2313 1842 2490 1893 omnia
2517 1841 2601 1894 ‘°?
2643 1842 2718 1895 De
2745 1841 3079 1911 blasphemia
3100 1855 3232 1895 vero
3254 1840 3346 1894 illa
3372 1855 3478 1909 qua
3525 1838 3716 1892 dicunt

2142 1927 2357 1982 Patrem
2375 1943 2484 1982 non
2505 1928 2742 1998 perfecte
2769 1931 3022 1999 cognosci
3047 1946 3076 1983 a
3101 1929 3259 1993 Filio,
3285 1929 3491 1983 nemini
3513 1927 3713 1981 mirum

2145 2017 2317 2072 videri
2341 2017 2524 2072 debet.
2571 2018 2705 2072 Nam
2749 2032 2874 2072 eum
2899 2018 3067 2073 semel
3110 2017 3332 2073 Christo
3379 2017 3584 2072 bellum
3631 2015 3716 2069 in-

2143 2106 2400 2170 dixerint,
2428 2117 2693 2176 spernunt
2718 2122 2934 2177 quoque
2958 2107 3125 2162 verba
3149 2107 3322 2177 ipsius
3365 2105 3578 2160 Domini
3627 2104 3713 2159 di-

2143 2197 2318 2252 centis
2343 2197 2381 2228 ¹¹
2407 2215 2418 2250 :
2453 2197 2517 2252 Ut
2542 2199 2800 2268 cognoscit
2827 2213 2907 2251 me
2930 2196 3112 2263 Pater,
3137 2207 3186 2251 et
3209 2213 3302 2268 ego
3325 2212 3575 2268 cognosco
3599 2194 3710 2249 Pa-

2144 2297 2294 2340 trem.
2322 2287 2556 2342 Proinde
2581 2287 2627 2342 si
2651 2304 2717 2342 ex
2740 2296 2894 2357 parte
2933 2296 3146 2342 tantum
3187 2288 3384 2342 Filium
3433 2285 3710 2358 cognoscit

2145 2377 2324 2438 Pater,
2351 2375 2529 2444 palam
2557 2385 2641 2430 est
2678 2375 2823 2444 quod
2855 2386 2910 2430 et
2948 2376 3120 2431 Filius
3161 2391 3229 2430 ex
3262 2385 3414 2445 parte
3433 2373 3712 2445 cognoscit

2144 2466 2377 2521 Patrem.
2405 2464 2559 2531 Quod
2583 2467 2628 2520 si
2657 2467 2760 2521 hoc
2783 2466 2967 2522 dicere
3011 2466 3163 2522 nefas
3208 2478 3312 2531 est,
3364 2476 3420 2521 et
3463 2467 3509 2521 si
3551 2465 3711 2520 Pater

2143 2557 2381 2627 perfecte
2407 2558 2559 2612 novit
2580 2558 2797 2622 Filium,
2823 2560 3174 2629 perspicuum
3217 2569 3302 2615 est
3328 2559 3473 2629 quod
3517 2573 3710 2628 quem-

2145 2648 2436 2703 admodum
2489 2649 2650 2704 Pater
2695 2649 2932 2704 Verbum
2978 2666 3140 2705 suum
3185 2649 3486 2720 cognoscit,
3538 2649 3611 2703 ita
3655 2654 3714 2701 et

2145 2739 2316 2793 Filius
2337 2738 2488 2794 norit
2527 2739 2745 2794 Patrem
2789 2755 2949 2795 suum
2995 2742 3155 2812 cujus
3197 2747 3282 2795 est
3325 2739 3586 2795 Verbum.
3636 2737 3713 2792 Ac

2143 2844 2243 2884 nos
2265 2829 2487 2899 quidem
2514 2829 2630 2886 haec
2653 2830 2917 2894 dicentes,
2967 2840 3024 2885 et
3045 2847 3226 2886 sacras
3274 2830 3583 2899 Scripturas
3629 2841 3714 2882 rc-

2143 2920 2429 2990 plicantes,
2455 2935 2828 2990 saepenumero
2869 2936 2964 2976 eos
2986 2922 3342 2977 convicimus.
3389 2921 3586 2974 Verum
3635 2919 3712 2972 illi

2145 3021 2400 3082 tanquam
2425 3013 2860 3074 chamaeleontes.
2893 3013 3123 3068 subinde
3148 3013 3339 3068 mutati
3389 3019 3534 3073 sunt,
3583 3010 3711 3064 dum

2144 3104 2368 3159 student
2413 3102 2770 3174 sibimetipsis
2828 3104 3086 3174 privatim
3133 3103 3414 3159 vindicare
3463 3102 3518 3156 id
3567 3103 3711 3171 quod

2145 3196 2411 3265 scriptum
2433 3205 2556 3250 est:
2584 3194 2786 3266 Impius
2821 3210 2936 3249 cum
2981 3197 3034 3248 in
3085 3194 3403 3264 profundum
3447 3191 3712 3245 malorum

2142 3289 2397 3358 gurgitem
2438 3288 2655 3352 venerit,
2694 3289 2911 3357 spernit.
2954 3286 3134 3341 Multae
3175 3285 3412 3356 quidem,
3440 3292 3566 3339 ante
3591 3283 3714 3338 illos

2143 3377 2376 3433 haereses
2397 3378 2748 3443 exstiterunt,
2775 3393 2895 3448 quae
2919 3378 3039 3448 plus
3063 3393 3228 3446 quam
3276 3375 3507 3431 decebat
3545 3389 3710 3440 ausa,

2144 3469 2198 3522 in
2242 3478 2542 3524 extremam
2588 3469 2917 3524 dementiam
2960 3468 3226 3538 prolapsas
3269 3476 3413 3522 sunt.
3462 3465 3712 3520 lstivero

2141 3560 2482 3616 divinitatem
2507 3560 2669 3615 Verbi
2693 3560 2904 3614 cunctis
2927 3559 3270 3613 sermonibus
3314 3558 3428 3613 suis
3477 3557 3707 3612 subter-

2141 3659 2256 3706 tere
2303 3651 2499 3714 moliti,
2549 3651 2850 3706 effecerunt
2875 3659 3139 3719 quantum
3183 3649 3402 3718 quidem
3429 3648 3485 3702 in
3512 3664 3568 3704 se
3600 3657 3704 3712 est,

2143 3748 2203 3792 ut
2224 3738 2434 3807 priores
2457 3739 2689 3793 haereses
2711 3739 2812 3793 illae
2829 3739 2987 3810 justaz
3009 3754 3128 3793 esse
3152 3739 3490 3803 viderentur,
3508 3738 3710 3808 quippe

2143 3830 2236 3896 qui
2259 3829 2325 3882 ad
2353 3829 2745 3884 Antichristum
2771 3830 2995 3899 propius
3016 3829 3298 3884 accedant.
3333 3829 3698 3896 Quamobrem

2141 3921 2375 3975 abdicati
2403 3929 2525 3974 sunt
2551 3920 2620 3974 ab
2656 3921 2917 3984 Ecclesia,
2943 3929 2999 3976 et
3044 3921 3389 3976 anathemate
3438 3919 3704 3990 percussi.

2140 4011 2215 4064 Ac
2239 4010 2422 4064 dolore
2446 4011 2667 4080 quidem
2684 4009 2949 4064 aﬂicimur
2974 4011 3043 4066 ob
3067 4013 3294 4067 exitium
3320 4012 3555 4076 illorum,
3584 4011 3708 4066 ideo

2141 4102 2440 4171 prazsertim
2465 4101 2610 4172 quod
2634 4116 2757 4156 cum
2781 4102 3036 4157 Ecclesia:
3060 4103 3360 4157 doctrinam
3408 4103 3536 4158 olim
3579 4118 3704 4173 per-

2140 4193 2418 4262 ceperint,
2447 4209 2594 4247 nunc
2623 4193 2692 4248 ab
2739 4209 2803 4248 ea
2826 4193 3194 4249 desciverunt.
3245 4195 3599 4264 Nequaquam
3628 4203 3709 4249 ta-

2139 4299 2264 4338 men
2307 4299 2629 4354 magnOpcre
2671 4283 2953 4339 miramur.
3006 4285 3152 4338 Idem
3207 4286 3354 4339 enim
3419 4284 3708 4356 Hymenaeo

2139 4376 2365 4446 contigit
2387 4385 2442 4430 et
2468 4376 2680 4430 Phileto
2707 4377 2790 4429 “z
2839 4385 2894 4432 et
2938 4384 3061 4430 ante
3086 4376 3186 4430 hos
3207 4375 3391 4441 Judze,
3443 4378 3535 4446 qui
3582 4393 3706 4431 eum

2140 4466 2482 4520 Servatorem
2527 4473 2767 4520 sectatus
2812 4465 3025 4530 fuisset,
3058 4465 3272 4519 tandem
3320 4465 3567 4535 proditor
3589 4468 3707 4537 ejus

475 4561 844 4632 τρεφομένων
884 4558 997 4626 τὴν
1024 4556 1328 4623 ἀλήθειαν,
1365 4553 1469 4607 Τοῦ
1506 4553 1681 4606 τοίνυν
1714 4553 1916 4624 Κυρίου
1950 4553 2040 4604 καὶ
2071 4592 2113 4646 D
2142 4557 2258 4613 facti

1950 4553 2040 4604 καὶ
2071 4592 2113 4646 D
2142 4557 2316 4613 factus
2335 4565 2419 4612 est
2443 4573 2505 4612 ac
2528 4557 2794 4612 desertor.
2820 4558 2895 4612 Ac
2919 4557 2985 4612 de
3019 4559 3105 4613 his
3127 4559 3289 4613 etiam
3315 4559 3446 4628 ipsis
3470 4574 3703 4628 praemo-

474 4656 720 4725 Σωτῆρος
750 4651 902 4722 ἡμῶν
940 4649 1111 4719 Ἰησοῦ
1147 4645 1404 4718 Χριστοῦ,
1437 4645 1524 4698 διά
1550 4661 1608 4696 τε
1632 4644 1794 4697 αὑτοῦ
1823 4659 2037 4714 παραγ-

476 4747 772 4815 γέλλοντος,
801 4744 894 4796 καὶ
921 4741 1008 4794 διὰ
1037 4740 1129 4794 τοῦ
1167 4737 1486 4791 Ἀποστόλου
1517 4736 1874 4805 σημαίναντος
1913 4735 2039 4804 περὶ

474 4836 580 4890 τῶν
600 4833 874 4895 τοιούτων,
897 4829 1202 4892 ἀκολούθως
1226 4830 1384 4899 ἡμεῖς
1404 4827 1654 4896 αὐτήκοοι
1670 4825 1766 4894 τῆς
1788 4823 2037 4887 ἀσεϐείας

476 4929 652 4983 αὐτῶν
676 4926 989 4996 γενόμενοι,
1018 4921 1488 4992 ἀνεθεματίσαμεν
1534 4918 1670 4971 καθὸ
1709 4918 2038 4988 προείπομεν

547 5085 738 5140 ‘Joan.
767 5099 820 5145 ιι,
855 5080 941 5136 58.
1016 5081 1038 5112 ⁷
1073 5077 1207 5134 ibid.
1253 5077 1339 5132 '50.
1415 5076 1436 5109 ⁸
1460 5075 1684 5131 Malach.
1713 5091 1789 5139 Ill,
1824 5075 1876 5129 6.
1951 5077 1971 5108 ⁹
2000 5075 2166 5131 Hebr.
2207 5091 2321 5141 xm,
2368 5078 2418 5132 8.

479 5156 616 5210 Tlm.
647 5170 703 5218 ιι,
735 5153 819 5206 l7.

2143 4649 2384 4703 nitiones
2408 4648 2723 4718 neutiquam
2747 4648 2906 4702 nobis
2931 4648 3242 4704 defuerunt.
3269 4648 3402 4702 Nam
3443 4649 3706 4703 Dominus

2145 4738 2364 4808 quidem
2391 4738 2501 4808 ipse
2527 4737 2777 4808 praedixit
2807 4756 2818 4790 :
2847 4738 3033 4793 Cavete
3077 4755 3140 4792 ne
3183 4740 3295 4808 quis
3340 4755 3426 4792 vos
3469 4739 3700 4792 seducat.

2149 4829 2362 4882 Venient
2408 4830 2545 4882 enim
2591 4829 2742 4882 multi
2787 4831 2840 4882 in
2888 4830 3095 4882 nomine
3122 4845 3253 4893 meo,
3281 4830 3548 4884 dicentes:
3593 4829 3705 4899 Ego

2143 4935 2280 4982 sunt,
2306 4931 2354 4974 et
2380 4931 2581 4992 tempus
2625 4923 3061 4993 appropinquavit
3089 4940 3104 4977 :
3131 4923 3421 4994 multosque
3463 4925 3517 4976 in
3562 4939 3706 4976 erro-

2515 5077 2558 5110 ¹⁰
2582 5077 2746 5134 Hebr.
2776 5094 2832 5140 ιι,
2869 5079 2946 5132 10.
3045 5080 3081 5110 ¹¹
3106 5077 3258 5133 Joan.
3289 5093 3354 5141 'x,
3400 5077 3486 5132 15.

1679 5261 1943 5316 VALESII
1981 5261 2528 5320 ANNOTATIONES.

549 5358 657 5428 (28)
697 5357 799 5411 Διά
830 5356 1067 5428 πάντων
1107 5354 1303 5428 αὐτῶν
1348 5353 1782 5428 τῶν-ῥημάτων.
1811 5355 2034 5428 [lectius

479 5429 533 5484 in
557 5423 745 5483 codice
769 5427 968 5482 Leonis
988 5427 1168 5480 Allatii
1197 5426 1393 5495 legitur
1415 5423 1501 5476 διὰ
1519 5426 1745 5495 πάντων
1771 5424 1876 5495 τῶν
1905 5427 2032 5495 eau-

477 5499 584 5551 τῶν
629 5501 906 5570 ῥηματων.
955 5496 1202 5570 Gelasius
1249 5493 1380 5570 iero
1422 5494 1688 5564 scriptum
1736 5494 1901 5549 habet
1948 5493 2035 5546 διὰ

480 5565 828 5622 umorem
858 5566 1066 5620 ἑαυτῶν
1096 5565 1396 5636 ῥηματίων.
1487 5619 1490 5624 ,
1519 5628 1524 5637 ¹

2207 5357 2318 5424 (29)
2363 5360 2874 5426 Ἐπιχειρησαντες
2932 5358 3052 5420 ταῖς
3121 5356 3480 5422 ἀναιρέσεσι.
3509 5356 3702 5426 Magis

2139 5427 2316 5496 placet
2341 5428 2501 5481 lectio
2527 5443 2647 5496 qua
2671 5428 2905 5481 habetur
2930 5428 2984 5480 in
3008 5427 3194 5480 codice
3221 5425 3418 5479 Leonis
3440 5425 3702 5479 Allatiiet

2141 5497 2284 5566 apud
2312 5496 2606 5562 Gelasium,
2632 5499 3072 5567 ἐπιχειρήσαντες
3097 5497 3160 5548 τὰ
3189 5498 3265 5558 εἰς
3298 5496 3613 5570 ἀναίρεσιν.¹

1917 5667 2290 5726 VARIORUM.

551 5766 799 5838 ["szar:
820 5766 966 5838 ἔλθῃ
991 5768 1023 5820 ὁ
1052 5763 1276 5832 ἀσεϐὴς
1301 5767 1386 5833 εἷς
1423 5765 1582 5834 ,ϐάθη
1635 5763 1849 5830 κακῶν,
1899 5764 2269 5832 καταφρονεῖ.
2323 5765 2334 5820 Ι

1923 5764 2269 5832 ιαταφρονεῖ.
2323 5765 2498 5822 Locus
2548 5765 2865 5838 desumptus
2893 5787 2936 5822 ευ
2979 5767 3235 5822 Provero.
3275 5781 3420 5831 XVIII,
3455 5766 3507 5830 5,
3551 5765 3706 5837 juxta

483 5834 640 5889 LXX.
673 5836 753 5889 ιν.
783 5835 988 5888 Lowth.
