4514 6578
812 451 881 510 55
1576 414 1577 417 γ
2264 446 2595 505 suemus
3982 457 4052 512 se

808 572 869 621 οι
896 564 1108 628 Arium,
1148 579 1247 634 per
1292 565 1471 619 virum
1508 574 1763 635 spectata:
1807 565 1969 633 ﬁdei,
2006 562 2234 620 Hosiuiu
2286 581 2385 620 no-
2413 566 2464 626 Δ
2494 567 2591 637 Ἀρ

2286 581 2385 620 ιιο-
2413 566 2464 626 Δ
2494 567 2712 637 Ἀρειον
2746 569 2971 639 πέμπει,
3002 570 3069 623 δι’
3099 570 3290 640 ἀνδρὸς
3331 568 3665 636 ἀξιοπίστου,
3690 564 3736 639 ᾧ
3763 569 3931 640 ὄνομα
3957 571 4055 643 μὲν

810 654 995 718 mine,
1036 655 1355 724 episcopum
1392 654 1664 711 Cordubae
1706 672 1830 728 qua:
1877 657 2155 727 Hispaniae
2193 655 2382 711 civitas
2479 656 2548 730 ἦν
2579 660 2593 677 ⁸

2273 656 2382 711 'itas
2479 656 2548 730 ἦν
2579 660 2766 723 Ὅσιος
2797 668 2844 725 ο,
2880 662 3009 730 μιᾶς
3055 660 3113 715 δέ
3146 661 3253 714 τῶν
3315 661 3376 714 ἐν
3429 664 3494 732 τῇ
3555 662 3798 732 ἰσπανίᾳ
3850 663 4056 717 πόλεων

811 753 897 803 est
920 761 936 797 :
959 760 1123 814 quem
1144 746 1365 815 quidem
1403 746 1699 816 imperator
1729 756 1788 804 et
1823 749 2039 803 amabat
2074 757 2132 803 et
2169 748 2382 803 colebat
2480 751 2594 822 ὄνοι.

2272 748 2382 802 :bat
2480 751 2651 822 ὄνομα
2683 751 3050 823 Κουδρούϐης,
3080 751 3324 822 ὑπῆρχεν
3366 752 3681 816 ἐπίσκοπος·
3709 753 3850 807 πάνυ
3872 769 3931 807 τε
3957 752 4055 807 αύ-

811 834 1131 917 plurimum.
1169 835 1374 892 Harum
1420 838 1729 894 litterarum
1765 851 1978 910 partem
2016 839 2108 895 hic
2142 840 2381 896 inserere
2480 843 2571 896 τὸν

2273 855 2381 896 rere
2480 843 2571 896 τὸν
2596 843 2807 912 ἠγάπα,
2832 844 2926 897 καὶ
2953 843 3041 898 διά
3056 843 3224 914 τιμῆς
3247 840 3382 914 ἦγεν
3409 846 3438 897 ὁ
3468 844 3738 914 βασιλεύς.
3758 840 3860 899 Ὧν
3879 863 4056 917 γραμ-

812 936 1182 996 opportunum
1212 929 1316 1000 ιθ
1336 929 1485 984 duxi.
1532 931 1761 1003 Integra:
1795 933 1942 988 enim
1976 941 2194 988 exstant
2229 933 2284 988 in
2319 933 2383 988 li-

811 1016 932 1077 bris
950 1018 1176 1081 Eusebii
1200 1018 1269 1076 de
1290 1020 1412 1076 Vita
1431 1020 1795 1077 Constantini.

807 1200 991 1256 Victor
1027 1200 1405 1257 Constantinus
1446 1203 1710 1328 Minimas
1753 1204 2037 1276 Augustus,
2081 1205 2384 1273 Alexandra

1482 1290 1510 1326 e
1618 1290 1716 1328 rio.
2324 1298 2328 1307 ι

1482 1290 1534 1326 ει
1566 1290 1716 1328 Ατιο.
2324 1298 2328 1307 ’

883 1379 1176 1437 Praesentis
1219 1390 1606 1439 controversraa
1666 1385 1884 1441 initium
1944 1386 2073 1443 hinc
2111 1388 2385 1444 exstitisse

814 1470 1262 1541 comperio.Cum
1284 1474 1430 1527 enim
1451 1482 1532 1539 tu,
1549 1475 1872 1542 Alexander,
1887 1493 1917 1533 a
1935 1480 2267 1551 presbyteris
2282 1481 2389 1536 tuis

817 1559 1148 1630 requireres,
1165 1561 1299 1633 quid
1312 1565 1687 1636 unusquisque
1708 1581 1899 1622 eorum
1919 1568 1988 1623 de
2007 1569 2242 1639 quodam
2254 1570 2390 1640 legis

815 1650 937 1705 loco
961 1652 1209 1718 sentiret,
1246 1667 1345 1709 seu
1388 1656 1574 1724 potius
1616 1658 1688 1713 de
1729 1658 1967 1728 quadam
2012 1669 2169 1731 parte
2213 1663 2391 1718 inanis

816 1739 1135 1809 quaestionis
1163 1756 1260 1798 eos
1308 1743 1676 1816 interrogares
1728 1764 1740 1800 :
1777 1763 2012 1819 cumque
2047 1758 2137 1816 tu,
2171 1750 2298 1815 Ari,
2335 1753 2389 1807 id

816 1831 964 1900 quod
988 1833 1074 1887 vel
1110 1848 1389 1904 nunquam
1413 1836 1676 1907 cogitare,
1707 1839 1795 1893 vel
1837 1854 1968 1895 sane
2000 1842 2293 1912 cogitatum
2319 1844 2393 1898 si-

816 1919 989 1980 lentio
1009 1937 1260 1993 premere
1300 1924 1602 1992 debueras,
1638 1928 2016 1999 imprudenter
2037 1933 2387 2000 protulisses;

816 2009 1052 2066 excitata
1076 2011 1222 2068 inter
1242 2028 1342 2069 vos
1379 2014 1674 2081 discordia,
1699 2020 2014 2075 communio
2038 2020 2261 2090 quidem
2296 2021 2392 2077 de-

818 2110 1013 2173 negata
1034 2111 1147 2169 est;
1168 2105 1547 2162 sanctissimus
1564 2116 1747 2163 autem
1769 2111 2004 2180 populus
2024 2110 2162 2168 duas
2183 2111 2238 2166 in
2260 2128 2391 2183 par-

820 2200 903 2247 tes
947 2192 1242 2260 discissus,
1286 2211 1318 2251 a
1364 2196 1531 2252 totius
1572 2200 1824 2268 corporis
1867 2201 2078 2256 unitate
2120 2201 2388 2259 discessit.

819 2281 1086 2350 Quocirca
1127 2293 1364 2355 uterque
1403 2295 1651 2342 vestrum
1692 2289 1909 2344 veniam
1953 2290 2192 2347 vicissim
2234 2292 2390 2347 alteri

821 2374 1092 2441 tribuens,
1136 2376 1194 2432 id
1241 2378 1622 2449 amplectatur,
1672 2381 1819 2450 quod
1864 2395 2171 2439 conservus
2210 2392 2394 2439 vester

816 2467 976 2533 vobis
1003 2468 1310 2539 iustissime
1352 2471 1564 2527 suadet.
1611 2472 1883 2540 Quidnam
1926 2490 2059 2531 vero
2100 2476 2237 2531 illud
2273 2477 2395 2531 est?

817 2558 932 2625 Nec
951 2559 1285 2633 interrogare
1309 2563 1379 2619 de
1401 2564 1716 2635 huiusmodi
1752 2567 1917 2623 rebus
1938 2568 2209 2639 principio
2229 2569 2392 2625 dece-

818 2650 934 2718 bat,
957 2667 1067 2708 nec
1088 2653 1488 2726 interrogatum
1521 2657 1879 2728 respondere.
1906 2659 2223 2716 Istiusmodi
2247 2661 2393 2716 enim

712 2767 721 2772 -
819 2741 1170 2819 quaestiones,
1197 2758 1335 2813 quas
1356 2744 1565 2801 nullius
1586 2747 1724 2818 legis
1748 2750 2046 2807 necessitas
2065 2751 2412 2820 praescribit,

821 2830 919 2886 sed
966 2831 1181 2889 inutilis
1224 2835 1325 2891 otii
1365 2837 1648 2893 altercatio
1678 2840 1969 2909 proponit,
2006 2841 2136 2896 licet
2191 2840 2395 2913 ingenii

819 2922 1107 2983 exercendi
1139 2938 1304 2987 causa
1347 2924 1726 3002 instituantur,
1775 2938 1958 2985 tamen
2004 2930 2148 2985 intra
2194 2932 2396 2987 mentis

820 3020 1025 3081 nostra:
1048 3017 1347 3085 penetralia
1382 3013 1679 3076 continere
1691 3020 1976 3085 debemus,
2001 3037 2105 3078 nec
2124 3038 2218 3079 eas
2238 3023 2395 3079 facile

822 3103 879 3166 in
915 3104 1164 3174 publicos
1185 3105 1383 3162 eEerre
1406 3116 1730 3175 conventus,
1763 3124 1868 3165 nec
1890 3110 2117 3166 auribus
2137 3112 2285 3183 vulgi
2308 3113 2395 3167 in-

2486 931 2670 1002 μάτων
2699 932 2866 1003 μέρος
2896 931 3130 986 ἐνταῦθα
3179 933 3393 987 κεῖσθαι
3422 933 3525 987 οὐκ
3554 934 3803 1005 ἄκαιρον.
3859 934 3924 988 Ἢ
3949 934 4058 1005 γὰρ

2483 1023 2577 1094 ὅλη
2600 1021 2854 1093 ἐπιστολὴ
2885 1023 2943 1075 ἐν
2974 1025 3088 1086 τοῖς
3128 1023 3390 1078 Εὐσεϐίου
3421 1025 3501 1087 είς
3524 1022 3618 1077 τὸν
3647 1025 4057 1078 Κωνσταντίνου

2486 1116 2599 1188 βίον
2623 1120 2796 1168 κεῖται
2835 1113 3057 1184 βιϐλίοις
3081 1114 3217 1185 (54).

2521 1205 2784 1273 Nunt-hc
2820 1205 3294 1275 Κωνσταντῖνος,
3328 1204 3647 1275 Μέγιστος,
3694 1206 4014 1271 Σεϐαστὸς,

2887 1274 3260 1343 Ἀλεξάνδρῳ
3295 1275 3395 1329 καί
3428 1274 3656 1343 ⁷Ἀρείῳ.

2556 1365 2829 1420 Μανθάνω
2870 1366 3079 1420 ἐκεῖθεν
3126 1366 3400 1437 ὑπῆρχθαι
3456 1367 3551 1420 τοῦ
3590 1367 3855 1437 παρόντος
3891 1365 4058 1437 ζητή-

2492 1474 2658 1531 ματος
2682 1458 2781 1527 τὴν
2814 1456 3140 1527 καταϐολὴν.
3177 1457 3306 1510 Ὅτε
3352 1456 3461 1526 γὰρ
3501 1459 3587 1526 σὺ,
3632 1452 3677 1511 ὧ
3721 1458 4057 1528 Ἀλέξανδρε.

2490 1549 2703 1620 ἐζήτεις
2734 1548 2885 1623 παρὰ
2911 1548 3020 1602 τῶν
3047 1547 3431 1620 πρεσϐυτέρων
3450 1587 3465 1613 ,
3500 1550 3553 1603 τί
3586 1549 3788 1619 δήποτε
3833 1548 4062 1611 ἕκαστος

2490 1637 2669 1692 αὐτῶν
2696 1637 2807 1708 (55)
2841 1637 2981 1709 ὑπέρ
3025 1652 3170 1699 τινος
3202 1635 3368 1689 τόπου
3410 1635 3518 1689 τῶν
3563 1638 3621 1689 ἐν
3650 1636 3730 1706 τῷ
3781 1635 3928 1706 νόμῳ
3972 1652 4062 1703 γε·

2491 1729 2846 1799 γραμμένων,
2888 1727 3087 1798 μᾶλλον
3132 1727 3189 1779 δὲ
3242 1726 3384 1797 ὑπέρ
3435 1742 3580 1790 τινος
3617 1727 3846 1796 ματαίου
3897 1726 4063 1796 {vi}-

2496 1835 2665 1888 ματος
2716 1818 2914 1888 μέρους
2971 1815 3281 1871 πυνθάνοιω
3329 1816 3394 1869 σύ
3427 1833 3509 1878 τε,
3539 1809 3585 1869 ὦ
3627 1817 3834 1887 Ἀρειε,
3873 1817 4004 1887 ὅπερ
4030 1815 4060 1862 ἢ

2423 1891 2463 1944 Β
2493 1911 2628 1981 μήτε
2661 1908 2761 1979 τὴν
2798 1909 2972 1979 ἀρχὴν
2998 1907 3384 1978 ἐνθυμηθῆναι,
3411 1908 3444 1978 ἦ
3470 1906 3859 1978 ἐνθυμηθέντα,
3884 1910 4060 1975 σιωπῇ

2491 2000 2823 2072 παραδοῦναι
2871 2000 3145 2071 προσῆκον
3191 1996 3297 2070 ἦν,
3355 1999 3677 2070 άπροόπτως
3729 1999 4059 2060 ἐντέθεικας’

2490 2091 2614 2145 ὅθεν
2639 2090 2738 2162 τῆς
2765 2092 2823 2144 ἐν
2853 2091 2981 2162 ὑμῖν
3019 2089 3285 2160 διχονοίας
3322 2088 3661 2160 ἐγερθείσης,
3703 2090 3737 2159 ὴ
3784 2089 3886 2159 μὲν
3933 2088 4063 2141 σύν-

2491 2183 2610 2248 οδος
2630 2182 2863 2254 ἠρνήθη·
2913 2183 2942 2235 ὁ
2970 2182 3026 2235 δὲ
3079 2180 3381 2249 ἀγιὼτατος
3412 2181 3538 2245 λαὸς
3590 2182 3669 2246 εἰς
3723 2180 4064 2252 ἀμφοτέρους

2495 2276 2757 2347 σχισθεὶς,
2825 2279 2891 2330 ἐκ
2961 2277 3059 2347 τῆς
3121 2274 3216 2329 τοῦ
3263 2275 3443 2330 κοινοῦ
3495 2276 3744 2347 σώματος
3801 2276 4064 2347 ἁρμονίας

2494 2368 2788 2440 ἐχωρίσθη.
2817 2367 3024 2424 οὐκοῦν
3051 2368 3310 2439 ἑκάτερος
3351 2367 3505 2438 ὑμῶν
3524 2368 3703 2433 ἐξίσου
3722 2368 3821 2439 τὴν
3840 2366 4065 2438 γνώμην

2495 2457 2813 2530 παρασχὼν,
2870 2460 3007 2528 ὅπερ
3058 2458 3124 2513 ἂν
3174 2460 3204 2511 ὁ
3250 2458 3600 2530 ωνθεράπων
3654 2458 3809 2529 ὑμῶν
3845 2458 4066 2521 δικαίως

2496 2551 2768 2618 παραινεῖ,
2816 2546 3058 2613 δεξάσθω
3116 2546 3252 2618 (56).
3301 2548 3456 2601 Τίδέ
3487 2547 3646 2602 τοῦτό
3696 2550 3876 2615 ἐστιν;
3925 2546 4065 2605 Οὔτε

2494 2639 2702 2709 ἐρωτᾷν
2733 2638 2872 2709 ὑπὲρ
2901 2638 3007 2691 τῶν
3034 2637 3292 2692 τοιούτων
3349 2638 3410 2704 ἐξ
3456 2640 3632 2711 ἀρχῆς
3666 2640 3944 2711 προσῆκον
3975 2636 4065 2711 ἦν,

2494 2729 2614 2783 οὔτε
2647 2728 3000 2800 ἐρωτώμενον
3036 2729 3454 2801 ἀποκρίνασθαι.
3507 2731 3618 2795 Τάς
3651 2730 3760 2802 γὰρ
3808 2730 4066 2794 τοιαύτας

2497 2818 2771 2889 ζητήσεις,
2799 2817 2998 2881 ὁπόσας
3025 2818 3087 2873 οὐ
3114 2818 3278 2889 νόμου
3298 2819 3442 2883 τινὸς
3473 2819 3686 2892 ἀνάγκη
3717 2820 4063 2890 προστάττει,

2496 2908 2632 2962 ἀλλὰ
2657 2908 2963 2978 ἀνωφελοῦς
2984 2908 3179 2980 ἀργίας
3204 2909 3484 2979 ἐρεσχελία
3512 2909 3885 2983 προστίθησιν,
3901 2912 3950 2967 εἰ
3978 2912 4069 2965 καὶ

2498 3002 2736 3072 φυσικῆς
2801 3018 2945 3065 τινος
3010 3002 3316 3072 γυμνασίας
3394 3003 3558 3057 ἕνεκα
3618 3003 3853 3072 γίνοιτο,
3920 3004 4069 3075 ὅμως

2497 3091 2786 3161 ὀφείλομεν
2836 3091 2970 3145 εἴσω
3024 3093 3123 3162 τῆς
3178 3091 3416 3156 διανοίας
3472 3092 3738 3160 ἐγκλείειν
3763 3133 3779 3159 ,
3849 3094 3942 3151 καὶ
3993 3094 4069 3165 μὴ

822 3194 1069 3253 οοιιειιιιε
1091 3195 1453 3251 committere.
1492 3195 1935 3268 Quotusquisque
1966 3199 2114 3255 enim
2146 3208 2251 3267 est,
2301 3200 2397 3271 qui
2424 3228 2467 3286 ε
2500 3200 2605 3286 πρξ

2301 3200 2397 3271 qui
2424 3228 2467 3286 ε
2500 3183 2809 3257 προχείρως
2857 3184 2942 3286 είς
2989 3183 3252 3286 δημοσξας
3304 3183 3552 3286 συνόδους
3598 3185 3877 3286 ἐκφέρειν,
3903 3185 4070 3286 -μηδὲ

826 3291 1098 3344 tantarum
1142 3299 1324 3338 rerum
1350 3292 1570 3356 tamque
1592 3285 1895 3343 diﬂicilium
1916 3289 2027 3344 vim
2049 3299 2211 3361 atque
2232 3300 2395 3346 natu-

825 3385 940 3428 ram
964 3380 1060 3426 aut
1079 3382 1331 3429 accurate
1354 3376 1842 3445 comprehendere,
1877 3385 1971 3432 aut
2000 3394 2098 3448 pro
2134 3378 2396 3450 dignitate

824 3461 1097 3532 explicare
1139 3462 1403 3519 sufﬁciat?
1424 3463 1581 3531 Quod
1624 3465 1671 3521 si
1716 3466 1841 3536 quis
1881 3467 1936 3521 id
1959 3467 2115 3523 facile
2137 3478 2398 3538 praestare

824 3566 984 3625 posse
1017 3554 1381 3621 existimetur,
1405 3564 1585 3626 quoue
1609 3558 1825 3614 tandem
1850 3561 1996 3631 parti
2020 3561 2167 3632 vulgi
2194 3561 2249 3616 id
2271 3578 2397 3632 per-

825 3657 1093 3700 suasurus
1133 3646 1258 3700 est?
1296 3645 1408 3701 Aut
1451 3648 1576 3717 quis
1617 3648 1672 3702 in
1719 3650 1989 3720 ejusmodi
2034 3652 2397 3722 quaestionum

825 3732 1015 3787 subtili
1064 3740 1121 3787 et
1163 3743 1415 3789 accurata
1454 3735 1825 3806 disputatione
1853 3778 1868 3803 ,
1914 3739 2052 3795 citra
2094 3741 2397 3810 periculum

826 3824 1129 3891 gravissimi
1173 3825 1359 3896 lapsus
1383 3828 1557 3897 possit
1578 3829 1917 3886 consistere?
1959 3831 2147 3903 Itaque
2196 3833 2251 3887 in
2298 3835 2400 3889 hue

820 3913 1058 3983 jusmodi
1083 3918 1477 3984 quaestionibus
1498 3919 1799 3989 loquacitas
1838 3924 2248 3992 comprimenda
2271 3933 2356 3981 cst
2380 3945 2395 3993 ;

829 4019 897 4058 ne
923 4004 1062 4061 forte
1085 4017 1179 4061 aut
1202 4008 1361 4064 nobis
1386 4010 1520 4079 ipsis
1555 4011 1609 4066 id
1633 4012 1781 4081 quod
1807 4016 2149 4084 propositum
2174 4025 2277 4083 est,
2302 4034 2397 4073 ex-

829 4095 1033 4164 plicare
1070 4115 1177 4153 non
1203 4101 1529 4167 valentibus,
1554 4104 1625 4158 ob
1658 4114 1865 4161 natura:
1884 4115 2084 4163 nostra:
2110 4108 2400 4164 inﬁrmita-

831 4194 939 4239 tem
963 4226 978 4251 ,
1014 4197 1109 4243 aut
1150 4190 1494 4248 auditoribus
1518 4195 1589 4250 ob
1612 4195 1817 4267 ingenii
1861 4198 2170 4255 tarditatem
2194 4215 2257 4257 ea
2280 4218 2401 4272 qua:

828 4273 1089 4330 dicuntur
1130 4279 1355 4336 minime
1398 4285 1851 4353 assequentibus;
1901 4302 1968 4341 ex
2011 4288 2275 4345 alterutro
2298 4290 2401 4345 ho-

829 4380 976 4430 rum,
1002 4375 1096 4422 aut
1122 4368 1176 4423 in
1202 4369 1574 4441 blasphemia,
1599 4382 1697 4429 aut
1730 4376 1787 4430 in
1823 4376 2132 4434 schismatis
2164 4381 2402 4435 necessi-

828 4462 994 4509 tatem
1023 4459 1258 4527 populus
1283 4459 1549 4517 incurrat.
1576 4463 1813 4519 Proinde
1835 4473 1893 4519 et
1916 4465 2132 4521 incauta
2164 4468 2399 4525 interro-

2498 3278 2618 3341 ταῖς
2648 3276 2864 3331 πάντων
2918 3277 3105 3338 ἀκοαῖς
3164 3277 3516 3347 ἀπρονοήτως
3565 3277 3858 3333 πιστεύειν.
3902 3277 4069 3340 Πόσος

2496 3370 2605 3439 γάρ
2635 3370 2780 3422 ἐστιν
2805 3369 3054 3433 ἕκαστος,
3078 3367 3155 3431 ὥς
3193 3384 3252 3420 τε
3287 3367 3626 3441 πραγμάτων
3650 3366 3793 3422 οὕτω
3820 3368 4070 3439 μεγάλων

2504 3460 2596 3513 καὶ
2656 3459 2775 3513 λίαν
2825 3458 3104 3531 δυσχερῶν
3149 3458 3396 3530 δύναμιν,
3452 3459 3485 3531 ἢ
3541 3460 3675 3531 πρὸς
3726 3460 3788 3514 τὸ
3848 3460 4071 3531 ἀκριϐὲς

2499 3550 2749 3614 συνιδεῖν,
2779 3550 2954 3621 flata“!
2976 3550 3132 3615 ἀξίαν
3159 3550 3526 3621 ἑρμηνεῦσαι;
3571 3550 3635 3605 El
3673 3550 3730 3604 δὲ
3773 3551 3865 3604 καὶ
3917 3549 4074 3603 τοῦτο

2499 3642 2671 3695 ποιεῖν
2692 3658 2773 3705 τις
2798 3640 3036 3712 εὐχερῶς
3060 3640 3364 3712 νομισθείη,
3396 3641 3559 3694 πόσον
3600 3638 3764 3710 μέρος
3790 3637 3881 3691 τοῦ
3902 3639 4072 3709 δήμου

2498 3735 2712 3797 πείσει;
2742 3732 2775 3803 ἢ
2803 3733 2887 3796 τίς
2907 3735 2936 3786 ὁ
2968 3734 3089 3797 ταῖς
3114 3732 3222 3787 τῶν
3268 3731 3523 3790 τοιούτων
3556 3730 3884 3802 ζητημάτων
3916 3730 4071 3797 ἀκρι-

2498 3823 2692 3889 ϐείαις,
2706 3825 2810 3891 ἐξω
2822 3826 2920 3895 τῆς
2932 3826 3272 3880 ἐπικινδύνου
3290 3843 3364 3879 πα
3373 3824 3754 3895 ρολισθήσεως,
3767 3820 4071 3893 άντισταίης

2500 3895 2712 3968 όύκοῦν
2758 3915 3016 3984 ἐφεκτέον
3058 3918 3117 3969 ἐν
3137 3919 3250 3981 τοῖς
3290 3917 3551 3980 τοιούτοις
3589 3917 3687 3986 τὴν
3720 3913 4072 3982 πολυλογίαν,

2501 4004 2587 4057 ἵνα
2627 4006 2821 4075 μήπως
2850 4006 2884 4076 ἡ
2925 4005 3080 4076 ἡμῶν
3106 4006 3359 4060 ἀσθένεια
3389 4008 3487 4077 τῆς
3525 4006 3759 4076 φύσεως,
3794 4006 3854 4060 τὸ
3881 4022 4073 4076 προτε-

2501 4096 2589 4150 θέν
2606 4097 2938 4166 ἑρμηνεῦσαι
2967 4098 3043 4169 μὴ
3062 4098 3416 4170 δυνηθέντων,
3435 4099 3468 4170 ἢ
3490 4100 3524 4170 ἡ
3546 4099 3654 4153 τῶν
3676 4099 4075 4169 διδασκομένων

2500 4188 2782 4258 ἀκροατῶν
2834 4188 3139 4260 βραδυτέρα
3171 4191 3404 4255 σύνεσις,
3441 4192 3578 4263 πρὸς
3623 4191 3826 4263 ἀκριδῆ
3850 4189 3944 4244 τοῦ
3975 4193 4075 4260 ρη-

2501 4277 2685 4341 θέντος
2718 4279 3020 4350 κατάληψιν
3054 4282 3226 4336 ἐλθεῖν
3268 4284 3343 4355 μὴ
3393 4283 3781 4355 χωρησάντων,
3834 4279 3991 4344 αὖθις
4017 4281 4076 4345 ἐξ

2467 4368 2767 4439 ,ἐκατέρου
2826 4370 3028 4426 τούτων
3076 4374 3109 4446 ἢ
3149 4375 3528 4447 βλασφημίας,
3581 4374 3616 4445 ἧ
3657 4375 3954 4447 σχίσματος
3997 4374 4077 4435 εἰς

2502 4458 2746 4527 ἀνάγκην
2778 4461 2806 4512 ὁ
2836 4459 3005 4533 δῆμος
3053 4468 3363 4537 περισταίη.
3425 4468 3626 4539 Διόπερ
3669 4467 3764 4520 καὶ
3808 4465 4075 4537 ἐρώτησις

827 4545 993 4625 gatio,
1017 4555 1073 4602 et
1096 4547 1402 4607 inconsulta
1435 4555 1741 4625 responsio,
1776 4556 1922 4625 apud
1956 4567 2253 4628 utrumque
2308 4577 2403 4618 ve-
2433 4556 2478 4613 D
2507 4552 2610 4623 διπῦ

2308 4577 2403 4618 ve-
2433 4556 2478 4613 D
2507 4548 2943 4623 ἀπροφύλακτος,
2981 4558 3076 4612 καὶ
3108 4560 3397 4633 ἀπόκρισις
3430 4561 3787 4632 ἀπρονόητος,
3811 4559 3912 4632 τὴν
3954 4557 4074 4628 ἴσην

2021 4694 2287 4770 v'ALEsn
2327 4716 2876 4775 ANNOTATIONES.

901 4812 1013 4884 (56)
1041 4817 1232 4887 κεῖται
1264 4819 1533 4887 βιϐλίοις.
1561 4824 1684 4879 Post
1721 4825 1838 4881 haec
1864 4826 2031 4881 verba
2077 4826 2130 4880 in
2167 4827 2394 4882 Floren-

986 4885 1172 4964 chice
1213 4890 1454 4964 additur,
1494 4883 1655 4964 μέρος
1707 4896 2015 4964 ἐπιστολῆς.
2047 4895 2178 4962 Qum
2232 4899 2398 4954 verba

832 4911 947 4943 ultu
986 4911 1172 4942 cuuwt:
1213 4911 1454 4957 auultur,
1494 4911 1559 4962 με
1600 4912 1655 4957 ος
1707 4911 2015 4964 επιστολης.
2047 4911 2178 4962 una:
2232 4911 2396 4954 verba

830 4954 959 5010 licet
983 4956 1053 5035 ad
1084 4960 1383 5036 marginem
1418 4911 1614 5022 θεοιίἕί
1648 4966 1877 5034 possint,
1912 4966 2185 5022 interdum
2216 4976 2396 5023 tamen

831 5040 871 5079 ιιι
890 5028 1261 5105 scriptoribus
1287 5041 1565 5105 ponuntur
1590 5028 1669 5105 in
1706 5028 1956 5105 corpore,
2001 5045 2060 5090 ut
2094 5037 2281 5092 videre
2313 5048 2397 5093 est

830 5094 973 5175 apud
1004 5094 1360 5175 albanasium
1385 5103 1442 5175 in
1470 5094 1821 5175 Apologctico
1852 5094 2118 5175 adversus
2143 5107 2391 5161 Arianmi.

868 5164 1088 5288 355)..“
1138 5167 1361 5251 δήποτε
1410 5164 1663 5240 Exacta:

831 5233 1014 5288 Alatn
1054 5244 1111 5288 et
1158 5238 1406 5288 GQJasms
1451 5241 1663 5288 Cvzimi

899 5234 1014 5290 latii
1054 5244 1111 5291 et
1158 5234 1406 5297 Gelasius
1451 5234 1755 5315 Cyzicenus
1788 5245 1996 5301 addunt
2024 5248 2226 5317 φρονεῖ.
2260 5246 2393 5303 Vide

2504 4847 2627 4901 quae
2658 4831 2841 4886 notavi
2887 4831 2952 4885 ad
2999 4830 3219 4885 Eusebii
3280 4830 3376 4885 lib.
3423 4846 3458 4885 ιι
3490 4829 3559 4885 de
3586 4829 3705 4883 Vita
3738 4828 4073 4884 Contantinio

2504 4916 2619 4953 can.
2648 4901 2734 4953 69.
2759 4902 2929 4953 Paulo
2953 4909 3074 4953 post
3096 4902 3188 4953 ubi
3210 4901 3408 4953 lenitur
3437 4899 3766 4953 ὲντέθεικας.
3804 4899 3948 4953 idem
3987 4915 4079 4953 00'

2501 4916 2619 4971 cap.
2648 4901 2734 4955 69.
2759 4902 2929 4955 Paulo
2946 4909 3074 4982 post
3096 4902 3188 4955 ubi
3210 4901 3408 4971 legitur
3437 4901 3766 4964 ὲντέθεικας,
3804 4901 3948 4954 idem
3987 4915 4053 4956 co

2499 4970 2623 5051 dein
2633 4970 2824 5051 Allatii
2843 4971 3319 5051 .scriptuanabet
3341 4970 3681 5051 άντέθειξας.
3698 5040 3728 5051 Α
3974 5040 3986 5051 _

2571 5041 2681 5111 (‘56)
2707 5040 3001 5111 Δεξὰσθω.
3024 5042 3081 5095 ιιι
3116 5041 3432 5111 Florentino
3465 5050 3523 5095 et
3565 5040 3842 5111 Sfortiano
3888 5040 4077 5111 codice

2498 5108 2697 5179 legitur
2745 5110 2992 5179 δέξασθε,
3024 5119 3187 5181 atque
3228 5111 3303 5165 ita
3353 5110 3468 5168 fere
3516 5110 3689 5168 codex
3735 5108 3935 5167 Leonis
3987 5110 4081 5166 Al-

1722 5174 1934 5229 αὐτῶν.
1986 5176 2167 5231 Codex
2196 5176 2394 5231 Leonis
2496 5174 2635 5235 latii.

2278 5411 2654 5469 VABIORUM.

910 5521 933 5547 η
965 5513 1186 5589 Ὀσιρς.
1224 5513 1442 5589 Hosius,
1464 5526 1639 5589 gente
1663 5518 1953 5589 Hispanus,
1989 5525 2278 5588 Cordubae,
2308 5525 2406 5580 Sc—

838 5599 985 5663 urrae
1017 5592 1073 5664 ει
1104 5584 1306 5639 Lucani
1330 5588 1604 5675 natalibus
1628 5584 1948 5675 inclitaniii
1972 5584 2275 5675 provincia
2295 5596 2409 5675 [im-

838 5657 942 5708 iica
971 5654 1280 5726 cpiscopus,
1306 5656 1408 5710 sub
1443 5654 1819 5726 persecutione
1856 5654 2161 5720 Maximiani
2195 5666 2409 5720 confos-

838 5726 990 5798 sione
1022 5724 1252 5798 nobilis_._
1284 5724 1537 5798 Interfuit
1571 5730 1777 5798 synodo
1802 5733 2002 5789 llliberi
2045 5735 2241 5790 habite
2268 5752 2411 5789 anuo

999 5810 1093 5869 seu
1122 5795 1520 5869 exAFerdinand
1580 5795 1853 5855 ﬂendo-Lee
1898 5806 2126 5869 calculo,
2179 5805 2299 5861 300.
2326 5806 2409 5858 vel

840 5863 929 5920 3"!
994 5865 1145 5933 Apud
1178 5864 1592 5923 Constantinum
1639 5870 1685 5924 Μ
1741 5886 1948 5928 summa
1984 5882 2037 5930 in
2073 5863 2242 5945 gratia
2269 5876 2409 5929 mul-

2511 5535 2594 5582 tos
2619 5543 2792 5583 annos
2821 5527 3024 5586 ﬂoruit.
3059 5527 3222 5596 eique
3268 5533 3388 5581 erat
3437 5541 3466 5581 a
3507 5526 3676 5581 sacris
3702 5525 3978 5587 consiliis;
4006 5525 4077 5578 ab

2507 5614 2576 5651 co
2608 5598 2676 5653 ad
2706 5598 2973 5669 synodum
3008 5598 3383 5669 Arelatensem
3450 5611 3592 5669 anno
3636 5596 3741 5669 514
3778 5602 4072 5669 evocatus;

2509 5669 2579 5723 ab
2625 5663 2845 5744 eodem-
2876 5685 3019 5744 anno
3049 5668 3171 5744 σει
3237 5666 3618 5744 Alexandriam
3666 5664 3733 5744 ad
3779 5663 4073 5744 sedanda-ip

2511 5739 2939 5794 controversiam
2970 5740 3224 5794 Arianam
3255 5753 3379 5792 cum
3424 5737 3625 5792 litteris
3655 5737 3873 5792 missus.
3906 5732 4074 5807 (ϐιῶ.

2510 5810 2668 5874 Cave,
2700 5810 2767 5865 ad
2796 5827 2920 5865 ann.
2949 5810 3050 5863 516
3078 5809 3095 5879 )
