4514 6578
437 446 501 502 51
1430 452 1754 510 msroma
1792 433 2350 509 ECCLESIASTICA.
2394 486 2453 497 -
2500 457 2623 517 Lm.
2672 459 2708 511 I.
3632 465 3703 520 ss

436 559 694 627 ἀλλήλαις
716 558 1098 615 ἑπιδιδότωσαν
1132 562 1221 631 ἐφ’
1248 564 1497 638 ἑκατέρῳ
1524 568 1872 638 συγγνώμην·
1896 564 2019 619 οὑδὲ
2051 567 2092 625 Α
2123 564 2219 616 ειτι

1920 564 2019 619 ,ὑδὲ
2051 567 2092 625 Α
2123 564 2307 619 atrum
2325 570 2538 623 veniam
2562 570 2666 625 sibi
2694 578 2886 624 mutuo
2912 572 3235 626 οοιιουιιιιιιιι
3257 589 3437 644 neque
3463 577 3610 631 enim
3635 581 3703 636 de

434 650 544 721 γὰρ
578 651 719 720 ὑπὲρ
770 651 864 704 τοῦ
912 654 1208 731 κορυφαίου
1249 655 1357 709 τῶν
1386 657 1444 710 ὲν
1496 656 1575 728 τῷ
1623 659 1773 730 νόμῳ
1801 675 2017 730 παραγ-

436 741 725 809 γελμάτων
758 742 889 812 ὑμῖν
941 742 1146 815 ιξήφθη
1198 747 1493 816 πρόφασις,
1554 748 1674 802 οὑδὲ
1722 751 1882 820 καινή
1935 766 2019 812 τις

436 832 565 901 ὑμῖν
629 832 771 904 ὑπὲρ
819 833 918 903 τῆς
957 835 1053 888 τοῦ
1107 837 1241 890 Θεοῦ
1294 838 1593 910 θρησκείας
1648 841 1857 911 αἵρεσις
1893 841 2020 894 ἀντ-

438 923 687 995 εισήχθη·
753 924 869 981 ἀλλ’
912 926 1011 979 ’έναι
1068 928 1284 983 καὶτὸν
1321 930 1484 984 αὑτὸν
1539 931 1692 1002 ἔχετε
1725 926 2015 1004 λογισμὸν,

435 1013 623 1085 ὥσπερ
647 1015 708 1069 τὸ
734 1015 834 1087 τῆς
854 1019 1138 1082 κοινωνίας
1173 1021 1445 1092 σύνθημα.
1486 1023 1672 1093 Ὕμῶν
1701 1023 1808 1096 γὰρ
1838 1024 1897 1077 ἐν
1924 1023 2020 1078 ἀλ-

435 1107 617 1178 λήλοις
648 1109 791 1180 ὑπὲρ
825 1109 1037 1181 μικρῶν
1061 1112 1155 1164 καὶ
1189 1113 1309 1165 λίαν
1331 1114 1626 1184 ἐλαχίστων
1650 1115 2018 1184 φιλονεικούνο

434 1218 569 1266 των,
610 1200 868 1255 τοσοῦτον
917 1203 1010 1257 τὸν
1061 1204 1157 1256 τοῦ
1210 1204 1345 1257 Θεοῦ
1377 1206 1504 1259 λαὸν
1547 1210 1670 1270 ταῖς
1727 1207 2019 1279 ὑμετέραις

439 1294 719 1349 ἰθύνεσθαι
779 1297 973 1366 φρεσὶν
1023 1298 1137 1369 (57)
1173 1300 1460 1370 προσήκει,
1505 1300 1592 1354 διὰ
1624 1300 1685 1354 τὸ
1735 1288 2015 1372 διχονοεῖν,

432 1385 547 1439 ἀλλ’
563 1385 689 1439 οὗτε
715 1388 949 1458 πρέπον,
970 1388 1094 1442 οὔτε
1114 1390 1249 1453 ὅλως
1276 1390 1493 1462 θεμιτὸν
1514 1387 1652 1445 εἶναι
1678 1392 2013 1447 πιστεύεται·

436 1477 523 1529 ἵνα
549 1477 607 1531 δὲ
662 1478 845 1551 μικρῷ
891 1481 1293 1550 παραδείγματι
1341 1481 1440 1553 τὴν
1499 1484 1769 1554 ὑμετέραν
1803 1483 2016 1538 σύνεσιν

445 1569 765 1640 ὑπομνήσω,
801 1570 960 1635 λέξω.
993 1573 1137 1626 Ἵστε
1182 1573 1247 1644 δὴ
1277 1572 1371 1627 καὶ
1414 1575 1543 1638 τοὺς
1570 1576 1892 1645 φιλοσόφους
1915 1577 2016 1630 αὑο

433 1659 579 1722 τοὺς,
632 1660 708 1724 ὼς
783 1662 863 1716 ἑνὶ
925 1663 1023 1733 μὲν
1069 1664 1309 1729 ἅπαντες
1360 1665 1591 1735 δόγματι
1632 1665 2012 1741 συντίθενται·

435 1750 697 1813 πολλάκις
723 1752 780 1806 δὲ
818 1754 1039 1810 ἐπειδὰν
1091 1754 1148 1808 ἐν
1188 1774 1293 1809 τινι
1334 1756 1446 1812 τῶν
1492 1758 1822 1826 ἀποφάσεων
1857 1757 2015 1829 μέρει

433 1840 792 1911 διαφωνοῦσιν
811 1884 826 1909 ,
862 1846 911 1897 εί
962 1846 1056 1899 καὶ
1086 1848 1151 1916 τῇ
1182 1847 1280 1917 τῆς
1311 1848 1623 1919 ἐπιστήμης
1652 1850 1820 1921 ἀρετῇ
1850 1850 2012 1919 χωρί-

2120 660 2399 729 praecipuo
2441 670 2497 715 et
2538 678 2753 718 summo
2774 664 2911 734 legis
2937 674 3136 718 nostrae
3161 666 3416 720 mandato
3444 668 3587 722 inter
3611 687 3710 726 vos

2120 757 2207 807 est
2230 762 2350 808 orta
2372 756 2653 811 contentio
2680 773 2691 808 ε
2720 772 2897 827 neque
2932 757 3105 812 ulliim
3148 774 3350 813 novrum
3392 776 3421 813 a
3460 761 3616 821 vobis
3638 763 3708 818 de

2118 844 2215 899 Dei
2230 847 2378 901 cultu
2398 848 2768 904 introductum
2785 859 2870 905 est
2887 851 3102 921 dogma,
3124 852 3220 907 sed
3246 869 3408 908 unam
3426 857 3710 911 eamdem-

2119 952 2227 1007 quc
2270 941 2596 995 sententiam
2639 942 2801 997 ambo
2842 944 3070 1008 tenetis,
3109 944 3246 999 adeo
3274 955 3334 999 ιιι
3370 947 3438 1001 ad
3462 956 3707 1005 commu-

2120 1029 2302 1085 nionis
2327 1032 2645 1087 societatem
2691 1034 2840 1089 coire
2876 1035 3033 1093 facile
3057 1037 3299 1106 possitis.
3348 1039 3516 1093 Vobis
3556 1042 3707 1095 enim

2118 1122 2478 1191 pertinaciter
2518 1125 2979 1182 contendentibus
3023 1128 3093 1183 de
3140 1129 3306 1183 rebus
3330 1132 3514 1199 parvis
3538 1141 3703 1201 atque

2116 1215 2430 1282 levissimis,
2460 1225 2576 1272 tum
2609 1234 2967 1273 numerosum
2991 1221 3086 1276 Dei
3114 1223 3375 1291 populum
3404 1235 3588 1276 vestro
3615 1240 3705 1277 ar—

2119 1306 2290 1361 bitrio
2316 1307 2430 1377 regi
2446 1316 2622 1377 atque
2648 1308 2862 1378 impelli
2878 1324 2989 1363 non
3012 1310 3191 1374 decet,
3219 1312 3274 1364 in
3304 1321 3452 1364 lauta
3478 1326 3707 1380 praeser-

2119 1399 2216 1454 tim
2240 1399 2548 1453 animorum
2573 1398 2915 1454 dissensione
2941 1416 2956 1465 ;
2988 1401 3088 1469 17
3115 1415 3218 1454 nec
3240 1401 3417 1455 solum
3462 1402 3516 1454 id
3548 1401 3705 1455 inde-

2118 1504 2332 1555 corum,
2370 1490 2475 1544 sed
2508 1504 2741 1560 prorsus
2764 1489 2919 1545 nefas
2960 1505 3083 1545 esse
3125 1491 3511 1556 existimatur;
3539 1500 3704 1561 atque

2119 1590 2180 1635 ut
2203 1581 2551 1651 prudentiam
2597 1590 2837 1635 vestram
2874 1581 3087 1635 minore
3111 1583 3363 1652 exemplo
3385 1598 3705 1639 counnonc-

2117 1671 2313 1727 faciam
2343 1691 2356 1726 :
2403 1672 2567 1727 Scitis
2593 1674 2740 1743 ipsos
2763 1675 2927 1728 etiam
2950 1673 3309 1744 philosophos
3352 1676 3518 1729 unius
3543 1685 3705 1731 sectae

2116 1764 2457 1835 professione
2482 1765 2626 1820 inter
2649 1780 2707 1820 se
2731 1780 2923 1820 omnes
2946 1765 3233 1829 foederari;
3274 1766 3497 1819 eosdem
3522 1775 3702 1821 tamen

2118 1858 2173 1913 in
2218 1859 2401 1928 aliqua
2444 1858 2811 1913 asscrtionum
2857 1867 3011 1929 parte
3056 1858 3336 1913 interdum
3362 1858 3699 1928 discrepare.

434 1931 639 1996 ζονται,
661 1937 729 2006 τῇ
762 1934 946 2005 μέντοι
972 1938 1068 1990 τοῦ
1105 1938 1357 2009 σώματος
1384 1940 1575 1994 ὲνώσει
1625 1941 1784 1995 πάλιν
1818 1942 1899 2005 εἲς
1921 1942 2016 1997 ἁλι
2049 1933 2088 1986 Β
2119 1953 2217 2006 vel

1921 1942 2016 1997 ἀλλ
2049 1933 2088 1986 Β
2119 1953 2318 2006 Verum
2343 1953 2471 2007 licet
2496 1953 2553 2007 in
2579 1952 2693 2022 ipsa
2720 1952 2962 2008 scicntia:
2996 1940 3332 2023 perfectione
3355 1953 3700 2017 dissentiant,

431 2023 624 2094 λήλους
653 2026 1039 2096 σνμπνέουσιν.
1080 2029 1143 2082 Εἰ
1166 2031 1223 2083 δὲ
1252 2030 1411 2085 τοῦτό
1442 2032 1579 2098 ἐστι,
1607 2032 1729 2095 πῶς
1743 2033 1805 2085 οὑ
1837 2031 2016 2103 πολλῷ

430 2114 770 2186 δικαιότερον
803 2118 946 2188 ὑμᾶς
973 2121 1098 2183 τοὺς
1124 2119 1217 2173 τοῦ
1252 2121 1490 2192 μεγάλου
1518 2122 1654 2176 Θεοῦ
1681 2123 2017 2193 θεράποντας

433 2206 814 2273 καθεστῶτας,
875 2213 935 2263 ὲν
1001 2211 1224 2283 τοιαύτῃ
1292 2213 1610 2286 προαιρέσει
1683 2213 2013 2286 θρησκείας,

431 2300 742 2370 ὁμοψύχους
789 2302 1041 2373 ἀλλήλοις
1094 2302 1270 2371 εἷναι;
1310 2306 1765 2378 Ἐπισκεψώμεθα
1817 2308 1874 2360 δὲ
1928 2308 2013 2361 λο-

430 2393 616 2463 γισμῷ
650 2394 876 2464 μείζονι,
909 2397 1003 2450 καὶ
1055 2397 1261 2452 πλείονι
1295 2399 1504 2453 συνέσει
1536 2399 1597 2452 τὸ
1647 2401 1809 2472 ρηθεν
1862 2401 2015 2455 ὲνθυ-

435 2483 722 2557 μηθῶμεν,
754 2488 913 2558 εἴπερ
962 2489 1138 2560 ὀρθῶς
1176 2489 1289 2561 ἔχει
1330 2490 1397 2544 δι’
1427 2491 1614 2559 ὀλίγας
1638 2492 1731 2546 καὶ
1784 2494 2016 2563 ματαίας

432 2577 698 2647 ῥημάτων
747 2580 806 2631 ὲν
858 2580 986 2651 ὑμῖν
1031 2580 1395 2650 φιλονεικίας,
1455 2583 1720 2652 ἀδελφοὺς
1766 2568 2015 2652 ἀδελφοῖς

430 2667 789 2732 ἀντικεῖσθαι,
816 2671 912 2724 καὶ
950 2672 1012 2724 τὺ
1037 2673 1137 2743 τῆς
1159 2672 1376 2727 συνόδου
1411 2675 1589 2745 τίμιον
1642 2675 1832 2729 ἀσεὸετ
1870 2677 2014 2747 διχο-

431 2760 551 2831 νοίᾳ
584 2762 917 2833 χωρίζεσθαι
964 2764 1031 2817 δι’
1073 2765 1248 2835 ὑμῶν,
1300 2766 1349 2820 οἳ
1392 2768 1526 2839 πρὸς
1580 2768 1841 2839 ἀλλήλους
1874 2769 2013 2840 ὑπὲρ

434 2853 648 2923 μικρῶν
686 2854 828 2908 οὕτω
866 2857 961 2909 καὶ
1004 2857 1270 2928 μηδαμῶς
1314 2860 1630 2928 ἀναγκαίων
1672 2862 2012 2932 φιλονεικοῦ-

433 2963 567 3021 μενς
613 2947 846 3017 Δημώδη
896 2947 1046 3002 ταῦτ’
1088 2948 1204 3004 ἔστι
1233 2991 1249 3016 ,
1308 2952 1405 3006 καὶ
1465 2954 1742 3018 παιδικαῖς
1804 2957 2013 3020 ἀνοίαις

429 3041 773 3113 ἁρμόττοντα
796 3040 1017 3110 μᾶλλον,
1044 3042 1077 3115 ἠ
1130 3045 1199 3114 τῇ
1242 3043 1349 3098 τῶν
1378 3043 1571 3116 ἱερέων
1598 3046 1696 3100 καὶ
1734 3048 2011 3118 φρονίμων

427 3137 637 3206 ἀνδρῶν
699 3135 911 3190 συνέσει
959 3139 1327 3209 προσήκοντα.
1389 3138 1765 3210 Ἀποστῶμεν,
1794 3141 2011 3205 ἑκόντες

427 3229 534 3282 τῶν
562 3229 886 3282 διαδολικῶν
929 3230 1271 3302 πειρασμῶν.
1313 3231 1371 3283 '0
1412 3231 1585 3301 μέγας
1642 3231 1799 3303 ήμῶν
1826 3233 1957 3298 Θεὸς
1980 3235 2009 3287 ὁ
2036 3264 2078 3322 c

426 3320 618 3391 Σωτὴρ
640 3322 876 3384 πάντων,
916 3320 1093 3376 κοινὸν
1131 3321 1302 3375 ἅπασι
1330 3321 1389 3376 τδ
1421 3323 1537 3392 φῶς
1566 3322 1851 3389 ἐξέτεινεν.
1887 3325 2006 3394 Ἐφ’

425 3407 486 3467 ὦ
534 3416 599 3484 τῇ
668 3414 918 3484 προνοίᾳ,
968 3414 1171 3484 ταύτην
1228 3415 1350 3484 ἐμοὶ
1413 3415 1488 3485 τῷ
1545 3416 1852 3489 θεραπευτῇ
1900 3400 2004 3472 τοῦ

427 3505 737 3577 κρείττονος
762 3506 857 3575 τὴν
890 3505 1130 3576 σπουδήν
1164 3507 1244 3569 είς
1272 3506 1423 3571 τέλος
1451 3509 1694 3577 ἐνεγκεῖν
1725 3511 2009 3582 συγχωρή-

427 3614 579 3660 σατε,
609 3598 757 3659 ὅπως
792 3597 939 3667 ὑμᾶς
971 3596 1098 3662 τοὺς
1123 3598 1334 3652 ἐκείνου
1362 3598 1585 3670 δήμους,
1617 3601 1722 3672 ἐμῇ
1751 3618 2006 3673 προσφοι-

423 3687 575 3758 νήσει
615 3689 709 3742 καὶ
747 3687 1052 3761 ὑπηρεσίᾳ,
1101 3689 1197 3742 καὶ
1250 3690 1530 3755 νουθεσίας
1584 3692 1832 3746 ὲνστάσει
1871 3692 2006 3762 πρὸς

423 3780 523 3851 τὴν
557 3781 657 3850 τῆς
680 3780 897 3834 συνόδου
930 3780 1215 3835 κοινωνίαν
1243 3782 1591 3852 ὲπανάγοιμι.
1639 3784 1856 3854 Ἐπειδὴ
1876 3785 2004 3855 γὰρ,

430 3873 507 3937 ὡς
540 3874 697 3944 ἔφην,
731 3876 831 3945 μία
858 3874 944 3938 τίς
994 3874 1112 3928 ἐστι
1159 3873 1339 3939 πίστις
1374 3877 1431 3928 ὲν
1476 3875 1624 3946 ὑμῖν,
1660 3876 1879 3948 καὶ-μία
1907 3876 2007 3945 τῆς

426 3963 547 4017 καθ’
578 3965 723 4035 ὑμᾶς
748 3965 1014 4035 αἱρέσεως
1047 3964 1284 4029 σύνεσις,
1314 3966 1375 4018 τό
1392 3983 1450 4017 τε
1477 3965 1570 4018 τοῦ
1598 3965 1763 4035 νόμου
1795 3967 2005 4038 παράγ-

422 4056 622 4127 γελμα,
649 4059 761 4122 τοῖς
780 4057 847 4111 δι’
872 4057 1068 4111 ἑαυτοῦ
1096 4058 1319 4128 μέρεσιν
1345 4060 1423 4120 είς
1450 4058 1579 4127 μίαν
1606 4058 1785 4129 ψυχῆς
1811 4060 2005 4132 πρόθε-

424 4167 531 4213 σιν,
562 4148 627 4202 τὸ
655 4149 776 4203 ὅλον
809 4148 1107 4217 συγκλείει·
1140 4149 1298 4203 τοῦτο
1342 4150 1482 4222 ὅπερ
1521 4150 1648 4220 ὑμῖν
1679 4150 1737 4204 ἐν
1759 4149 2006 4222 ἀλλήλοις

424 4242 755 4312 φιλονεικίαν
780 4242 1024 4315 ἤγειρεν,
1069 4243 1257 4315 ἐπειδὴ
1287 4243 1361 4313 μὴ
1398 4243 1534 4315 πρὸς
1564 4244 1659 4315 τὴν
1684 4244 1776 4298 τοῦ
1804 4245 2004 4309 παντὸς

430 4331 594 4401 νόμου
630 4330 857 4401 δύναμιν
881 4330 1094 4400 ἀνήκει,
1129 4330 1409 4401 χωρισμόν
1435 4348 1554 4384 τινα
1590 4332 1684 4384 καὶ
1736 4332 1923 4386 στάσιν
1946 4334 2003 4385 ὲν

424 4423 553 4493 ὑμῖν
577 4421 841 4493 μηδαμῶς
887 4420 1205 4493 ἑμποιείτω.
1240 4422 1347 4475 Καὶ
1398 4420 1540 4490 λέγω
1577 4421 1770 4486 ταῦτα,
1804 4423 1902 4493 οὑχ
1927 4423 2002 4487 ὡς

421 4512 751 4582 ἀναγκάζων
782 4513 927 4584 ὑμᾶς
961 4511 1259 4578 ὲξάπαντος
1281 4516 1348 4587 τῇ
1392 4512 1511 4575 λίαν
1545 4514 1748 4585 εὑήθει,
1784 4516 1877 4569 κοιλ⁵
1912 4517 2001 4570 οἵα

2118 2044 2481 2100 nihilominus
2542 2045 2614 2100 ob
2685 2052 2848 2099 secta:
2898 2045 3344 2100 communionem
3403 2059 3601 2099 rursus
3646 2044 3703 2099 in

2118 2150 2288 2189 unum
2334 2136 2671 2205 conspirant.
2719 2134 2877 2201 Quod
2922 2135 2968 2189 si
3014 2135 3091 2189 ita
3135 2144 3241 2199 est,
3290 2135 3565 2204 quomodo
3591 2150 3703 2190 non
3724 2137 3733 2163 ⁵

2117 2231 2514 2301 multojustius
2560 2230 2747 2295 fuerit,
2793 2245 2891 2285 vos
2934 2228 3030 2299 qui
3077 2229 3276 2284 summi
3324 2230 3419 2284 Dei
3458 2228 3702 2295 ministri

2116 2324 2270 2387 estis,
2299 2324 2353 2378 in
2394 2323 2641 2394 ejusdem
2698 2322 2982 2392 religionis
3026 2322 3369 2391 professione
3413 2321 3703 2377 unanimes

2117 2415 2474 2485 permanere?
2500 2414 2607 2470 Sed
2632 2414 2944 2469 accuratius
2969 2413 3012 2467 si
3038 2414 3216 2483 placet
3237 2420 3294 2468 et
3315 2412 3579 2469 attentius
3602 2428 3700 2467 ex-

2117 2507 2419 2576 pendamus
2455 2506 2509 2561 id
2536 2506 2683 2576 quod
2720 2506 2832 2576 jam
2873 2504 3009 2568 dixi,
3034 2520 3325 2574 aequumne
3348 2504 3421 2558 sit
3441 2511 3502 2558 ut
3523 2502 3594 2558 ob
3608 2503 3699 2559 le-

2115 2598 2265 2652 vium
2307 2607 2365 2653 et
2408 2597 2654 2652 inanium
2678 2597 2974 2652 verborum
3000 2597 3146 2649 inter
3175 2611 3275 2651 vos
3295 2595 3698 2659 contentiones,

2115 2688 2314 2743 fratres
2338 2687 2605 2742 fratribus
2640 2687 2793 2742 velut
2824 2686 2880 2741 in
2904 2686 3020 2741 acie
3046 2686 3283 2756 oppositi
3314 2692 3500 2751 stent;
3529 2695 3701 2753 utque

2116 2777 2446 2833 venerabilis
2480 2785 2803 2842 conventus,
2842 2770 2942 2847 per
2964 2790 3064 2831 vos
3103 2776 3199 2846 qui
3244 2772 3313 2830 dc
3358 2776 3525 2831 rebus
3562 2775 3701 2830 adeo

2114 2871 2326 2942 exiguis
2368 2879 2424 2925 et
2467 2870 2693 2925 minime
2718 2868 3047 2924 necessariis
3084 2866 3362 2929 rixamini,
3389 2866 3553 2935 impia
3582 2866 3699 2921 dis-

2115 2963 2372 3018 sensione
2409 2960 2707 3017 dissideat?
2749 2958 2969 3016 Plebeia
3010 2966 3140 3013 sunt
3177 2957 3314 3021 haec,
3339 2965 3397 3013 et
3417 2972 3537 3027 quae
3559 2970 3699 3025 pue-

2115 3052 2204 3106 rili
2225 3051 2397 3123 magis
2422 3051 2649 3107 inscitia:
2678 3064 2845 3120 quam
2891 3048 3242 3104 sacerdotum
3265 3057 3322 3103 et
3342 3047 3699 3118 prudentium

2113 3145 2355 3198 virorum
2397 3141 2678 3214 sapientia:
2719 3147 3043 3211 congruant.
3094 3138 3470 3194 Abscedamus
3511 3144 3697 3192 nostra

2113 3243 2304 3305 sponte
2328 3250 2357 3289 a
2380 3233 2583 3289 diaboli
2609 3231 3026 3288 tentationibus.
3053 3229 3320 3285 Maximus
3342 3228 3487 3283 Deus
3508 3234 3698 3283 noster

2112 3336 2166 3382 et
2208 3326 2454 3381 omnium
2518 3325 2778 3382 Servator
2837 3337 3187 3379 communem
3258 3318 3475 3376 cunctis
3515 3319 3697 3373 lucem

2112 3418 2375 3489 porrexit.
2424 3416 2539 3473 Sub
2581 3417 2741 3486 cujus
2785 3415 3031 3486 auspicio
3075 3429 3139 3468 ac
3169 3405 3536 3483 providentia,
3560 3409 3698 3469 mihi

2111 3513 2230 3579 ejus
2253 3509 2456 3564 famulo
2478 3515 2533 3563 et
2556 3506 2753 3562 cultori
2775 3505 3079 3568 concedite,
3103 3518 3308 3573 quaeso,
3335 3511 3397 3556 ut
3432 3501 3539 3556 hoc
3558 3514 3700 3573 opus

2110 3603 2178 3658 ad
2201 3604 2409 3658 exitum
2456 3600 2751 3671 perducam
2778 3616 2792 3664 ;
2822 3614 2932 3669 quo
2957 3597 3197 3668 populus
3227 3593 3376 3650 illius
3401 3609 3522 3648 mea
3563 3592 3697 3647 allo—

2110 3696 2330 3754 cutione
2372 3703 2535 3764 atque
2563 3708 2755 3763 opera,
2780 3699 2836 3745 et
2859 3689 3297 3744 admonitionum
3322 3684 3601 3748 instantia,
3626 3681 3695 3737 ad

2110 3797 2413 3844 conventus
2456 3785 2722 3841 unitatem
2768 3791 3081 3837 revocetur.
3116 3780 3252 3835 Nam
3279 3794 3407 3843 cum
3432 3777 3609 3841 vobis,
3634 3783 3695 3834 ut

2109 3879 2240 3939 dixi.
2270 3895 2375 3933 una
2398 3878 2700 3947 eademque
2742 3877 2814 3932 sit
2861 3875 3017 3939 fides,
3048 3890 3157 3929 una
3180 3873 3251 3927 de
3275 3870 3542 3941 religiene
3592 3883 3692 3924 no-

2109 3973 2224 4019 stra
2249 3964 2541 4029 sententia,
2572 3980 2807 4033 cumque
2831 3963 2967 4033 legis
2994 3969 3327 4031 praeceptum
3354 3968 3583 4029 utraque
3607 3959 3691 4014 sui

2090 4046 2260 4126 "parte
2326 4071 2517 4110 omnes
2584 4054 2641 4108 in
2685 4068 2851 4108 unam
2913 4050 3691 4107 animorum'consensionem

2106 4146 2443 4217 Constringat
2473 4164 2484 4198 :
2518 4145 2664 4200 istud
2708 4143 2854 4215 quod
2886 4144 3064 4199 levem
3104 4145 3250 4199 inter
3293 4158 3392 4197 vos
3435 4142 3689 4199 excitavit

2106 4239 2543 4302 contentionem,
2590 4236 3033 4308 quandoquidem
3080 4234 3148 4291 ad
3200 4235 3366 4290 totius
3412 4233 3691 4303 religionis

2106 4345 2377 4385 summam
2418 4345 2529 4384 non
2552 4330 2815 4400 pertinet,
2840 4345 2949 4383 non
2975 4335 3059 4382 est
3084 4343 3183 4381 cur
3226 4326 3399 4380 ullum
3428 4324 3571 4379 inter
3593 4338 3689 4378 vos

2104 4418 2394 4475 dissidium
2441 4434 2505 4473 ac
2531 4418 2858 4474 seditionem
2886 4417 3066 4473 faciat.
3098 4415 3277 4486 Atque
3314 4415 3431 4470 haec
3454 4429 3554 4485 ego
3580 4429 3687 4468 non

2102 4528 2170 4569 eo
2194 4512 2337 4578 dico,
2379 4518 2441 4566 ut
2461 4527 2560 4566 vos
2590 4510 2659 4566 de
2696 4511 2900 4581 inepta,
2925 4508 3317 4580 qualiscunque
3345 4506 3566 4562 demum
3590 4523 3688 4561 vo-

420 4605 620 4675 δήποτέ
658 4608 802 4660 ἐστιν
855 4605 1038 4677 ἐκείνη
1080 4606 1303 4679 ζητήσει
1358 4607 1717 4663 συντίθεσθαι.
1769 4608 2003 4664 Δύναται
2031 4612 2078 4673 D
2104 4623 2203 4663 can

1897 4626 2003 4664 ιται
2031 4612 2078 4673 D
2104 4612 2279 4664 canda
2322 4614 2426 4673 est,
2452 4606 2752 4677 quaestione
2803 4605 2952 4662 idem
2994 4604 3218 4660 omnino
3245 4604 3446 4659 sentire
3474 4617 3680 4673 cogam.

422 4698 530 4771 γὰρ
561 4700 655 4752 καὶ
679 4699 740 4752 τὸ
761 4698 861 4769 τῆς
889 4699 1109 4753 συνόδου
1138 4700 1318 4770 τίμιον
1349 4701 1475 4772 ὑμῖν
1503 4701 1761 4775 ἀκέραιον
1793 4703 1996 4772 φυλάτ-

421 4789 630 4852 τεσθαι,
653 4791 748 4844 καὶ
778 4793 810 4861 ἡ
833 4791 971 4864 αὑτὴ
993 4791 1133 4846 κατά
1158 4792 1374 4846 πάντων
1405 4793 1660 4848 κοινωνία
1687 4795 1995 4867 τηρεῖσθαι,

423 4883 525 4938 κᾶν
561 4883 628 4937 τὰ
667 4883 904 4953 μάλιστά
928 4901 1013 4947 τις
1072 4886 1130 4937 ἐν
1179 4884 1332 4956 μέρει
1387 4887 1523 4957 πρὸς
1566 4885 1825 4957 ἀλλήλους
1860 4888 1999 4956 ὑπὲρ

423 4974 703 5045 ἐλαχίστου
739 4975 1008 5045 διαφωνία
1045 4976 1290 5046 γένηται·
1339 4977 1461 5030 ἐπεὶ
1515 4976 1650 5049 μηδὲ
1712 4979 1908 5042 πάντες
1940 4980 1998 5033 ἐν

424 5068 556 5121 πᾶσι
572 5067 734 5120 ταὺτὸ
764 5065 1084 5137 βουλόμεθα,
1120 5067 1254 5139 μηδὲ
1285 5067 1383 5140 μία
1407 5086 1491 5134 τις
1520 5071 1581 5123 ἐν
1615 5070 1745 5141 ἡμῖν
1775 5069 1935 5140 φύσις
1962 5070 1995 5142 ἢ

424 5155 613 5228 γνώμη
635 5155 995 5211 πολιτεύεται.
1029 5159 1102 5211 Ile
1114 5160 1166 5230 ρὶ
1196 5159 1293 5230 μὲν
1309 5154 1401 5214 οὖν
1426 5159 1526 5230 τῆς
1550 5160 1701 5224 θείας
1739 5159 1995 5231 προνοίας

427 5250 522 5320 μία
563 5268 648 5314 τις
703 5252 763 5305 ὲν
809 5251 938 5323 ὑμῖν
986 5250 1128 5306 ἔστω
1183 5253 1387 5317 πίστις,
1454 5252 1553 5324 μία
1612 5252 1845 5317 σύνεσις,
1896 5252 1999 5324 μία

373 5376 376 5379 λ
426 5340 665 5413 συνθήκη
691 5340 784 5397 τοῦ
809 5341 1132 5414 κρείττονος.
1173 5343 1235 5399 "A
1292 5345 1349 5401 δὲ
1389 5344 1527 5416 ὑπὲρ
1555 5344 1662 5398 τῶν
1699 5344 1997 5415 ἐλαχίστων

2095 4701 2283 4757 Potest
2327 4700 2473 4756 enim
2519 4699 2755 4771 gravitas
2793 4706 3097 4754 conventus
3145 4698 3357 4766 integra
3399 4694 3545 4766 apud
3589 4711 3685 4751 vos

2097 4793 2430 4857 conservari,
2477 4799 2534 4847 et
2580 4807 2687 4846 una
2714 4790 3021 4861 eademque
3050 4789 3195 4845 inter
3219 4803 3410 4844 omnes
3433 4802 3682 4842 commu-

2095 4888 2189 4942 nio
2232 4885 2479 4950 retineri,
2506 4885 2758 4955 quamvis
2805 4884 3043 4939 invicem
3087 4882 3155 4936 de
3181 4897 3239 4935 re
3261 4881 3444 4950 aliqua
3466 4877 3682 4935 minimi

2097 4978 2361 5033 momenti
2384 4975 2738 5031 dissentiatis.
2770 4975 3052 5046 Siquidem
3077 4989 3180 5028 nec
3208 4972 3351 5027 idem
3376 4985 3567 5025 omnes
3587 4985 3683 5025 vo-

2102 5072 2287 5128 lumus
2310 5071 2365 5125 in
2387 5070 2663 5133 omnibus,
2704 5086 2806 5126 nec
2829 5085 2936 5125 una
2964 5058 3234 5123 omnium'
3253 5065 3466 5121 indoles
3487 5071 3571 5119 est
3593 5072 3679 5119 at—

2105 5180 2212 5236 que
2236 5164 2527 5219 sententia.
2557 5164 2745 5234 Itaque
2767 5162 2835 5217 de
2858 5161 3041 5217 divina
3065 5160 3287 5231 quidem
3312 5156 3679 5228 providentia,

2105 5270 2214 5311 una
2238 5254 2383 5310 inter
2406 5268 2504 5309 vos
2547 5253 2619 5308 sit
2662 5251 2818 5318 fides,
2845 5266 2988 5306 unus
3032 5264 3247 5312 sensus,
3292 5261 3462 5301 unum
3509 5242 3680 5299 divini

2103 5346 2349 5403 numinis
2392 5344 2594 5402 fmdus.
2635 5344 2765 5412 Quze
2805 5357 2938 5398 vero
2982 5342 3049 5398 de
3073 5338 3363 5396 levissimis
3384 5336 3504 5394 istis
3526 5349 3678 5408 qua:-

1626 5521 1893 5578 VALESII
1932 5519 2482 5577 ANNOTATIONES.

639 5655 778 5740 Ταῖς
803 5659 1113 5740 ὑμετέραις
1140 5662 1446 5740 ἐθύνεσθαι
1472 5662 1707 5740 φρεσίν,
1735 5670 1842 5740 etc.
1861 5659 1998 5740 ,Το-

427 5728 514 5784 tus
548 5728 639 5784 hic
661 5729 814 5784 locus
846 5728 898 5783 in
921 5730 1109 5785 codice
1139 5730 1337 5788 Leonis
1367 5728 1552 5787 Allatii
1589 5733 1662 5787 ita
1707 5729 1992 5794 scribitur,

435 5799 670 5873 εοτοῦτον
698 5798 792 5873 τοῦ
826 5800 958 5873 Θεοῦ
979 5800 1107 5873 λαδν
1132 5802 1190 5855 ὃν
1219 5803 1323 5856 ὑπὸ
1353 5820 1471 5867 ταις
1494 5803 1786 5873 ὑμετέραις
1811 5801 1997 5873 εὑχαίς

415 5869 519 5934 ,καὶ
565 5871 756 5942 φρεσὶν
810 5869 1141 5926 εὑθνίεἴσθαε
1207 5869 1806 5946 προσήκει,’διχονοεῖν
1868 5870 1992 5925 οὔτε

2096 5656 2325 5727 πρέπον,
2356 5665 2463 5712 etc.
2515 5656 2627 5711 Nec
2660 5654 2994 5727 aliter_legit
3034 5654 3231 5727 Epipb.
3269 5653 3541 5710 Sebolast.
3583 5648 3674 5727 Sic

2093 5720 2241 5783 enim
2294 5727 2504 5781 vertit:
2541 5727 2767 5781 Tantum
2810 5720 3223 5796 Dei'pOpiiltinz,
3272 5740 3425 5796 quem
3488 5720 3673 5796 uestris

2094 5797 2419 5851 orationibus
2444 5808 2492 5851 et
2520 5797 2802 5867 prudentia
2846 5792 3084 5849 cont'enit
3132 5792 3436 5867 gubernari,
3477 5792 3675 5844 discor-

2095 5870 2223 5923 dare
2251 5884 2340 5923 nec
2368 5864 2530 5929 decet;
2562 5884 2653 5922 nec
2680 5868 2892 5922 omnino
2921 5867 2999 5937 fas
3024 5864 3141 5922 esse
3160 5864 3405 5921 credibile
3428 5869 3528 5917 est.
