4514 6578
791 455 860 512 59

2253 398 2585 501 socnms

3966 440 4037 498 βο

791 570 1068 629 stionibus
1089 568 1235 624 inter
1259 576 1356 624 vos
1381 565 1658 622 subtiliter
1679 561 1994 637 disputatis,
2019 559 2151 618 licet
2171 576 2282 643 non
2306 562 2377 618 in.
2394 569 2438 623 Α
2463 560 2574 617 τούι

2259 577 2282 618 u
2306 562 2377 618 in.
2394 569 2438 623 Α
2463 560 2669 617 τούτων
2690 558 2969 631 ζητήσεων
2994 557 3322 631 ἕνάλλήλοις
3346 553 3808 631 ἀκριϐολογεῖσθε,
3832 555 3939 612 κάν
3966 557 4042 630 μὴ

778 663 1041 722 eamdem
1087 654 1432 718 conveniatis
1474 650 1827 723 sententiam,
1854 654 2124 729 interiore
2166 656 2367 711 mentis

790 752 1121 825 cogitatione
1160 736 1464 813 continere,
1498 757 1556 805 et
1578 764 1777 805 arcano
1801 740 2043 819 pectoris
2068 747 2365 803 recondere

790 846 1023 903 debetis.
1063 844 1276 900 Maneat
1303 836 1472 898 ’ﬁrma
1498 839 1554 897 in
1579 843 1737 897 vobis
1761 840 2070 897 communis
2109 842 2366 897 amicitias

790 936 1175 1010 praerogativa,
1220 944 1277 992 et
1316 934 1565 1011 veritatis
1591 933 1746 998 ﬁdes,
1774 935 1830 989 et
1854 933 1950 988 Dei
1975 933 2222 1005 legisque
2259 933 2364 989 ob-

791 1027 1061 1087 servantia
1086 1047 1102 1097 ;
1128 1028 1396 1085 recurrite
1421 1028 1491 1084 ad
1513 1036 1759 1083 mutuam
1784 1026 2134 1083 dilectionem
2159 1021 2220 1084 et'
2236 1028 2365 1083 cha-

792 1122 1042 1188 ritatcm;
1089 1122 1303 1177 reddite
1347 1121 1606 1176 universo
1641 1120 1845 1190 populo
1885 1135 2015 1177 suos
2055 1121 2357 1192 amplexus.

790 1211 897 1284 Ipsi
940 1212 1183 1268 vicissim
1228 1212 1563 1284 expurgatis,
1609 1219 1671 1267 ut
1710 1212 1784 1268 ita
1810 1213 2007 1279 dicam,
2044 1213 2243 1269 animis
2264 1229 2361 1270 ve-

697 1355 706 1363 .
790 1303 951 1370 stris,
975 1311 1188 1359 vosmet
1210 1303 1357 1375 ipsos
1377 1303 1674 1373 agnoscite.
1701 1301 1853 1371 Saepe
1874 1301 2022 1357 enim
2048 1311 2171 1372 post
2189 1303 2361 1374 depo-

788 1398 923 1453 sitas
961 1397 1280 1455 inimicitias
1324 1398 1674 1454 reconciliata
1720 1398 1919 1454 iterum
1945 1399 2137 1470 gratia,
2158 1386 2361 1470 jucun-

786 1490 911 1546 dior
930 1492 1143 1548 exsistit
1164 1493 1424 1549 amicitia.
1453 1493 1686 1550 Reddite
1713 1495 1819 1565 18
1863 1493 2031 1565 igitur
2053 1495 2186 1549 mihi
2215 1504 2361 1551 tran-

785 1581 988 1651 quillos
1034 1581 1174 1648 dies,
1220 1590 1278 1639 et
1321 1592 1511 1639 noctes
1532 1599 1791 1639 curarum
1826 1595 2111 1653 expertes;
2141 1594 2202 1639 ut
2223 1586 2358 1642 mihi

785 1688 1006 1745 quoque
1047 1691 1199 1746 pune
1239 1676 1378 1730 lucis
1400 1676 1650 1746 voluptas
1686 1683 1742 1732 ct
1784 1677 1984 1746 quietae
2006 1678 2132 1733 vitae
2172 1677 2359 1734 laetitia

786 1764 842 1820 in
864 1774 1145 1837 posterum
1168 1774 1546 1823 conservetur.
1574 1766 1730 1835 Quod
1754 1768 1860 1823 nisi
1883 1776 2214 1824 consecutus
2236 1768 2390 1825 fue---

784 1871 867 1921 ro,
893 1856 1242 1930 ingemiscam
1277 1874 1504 1915 necesse
1528 1869 1634 1925 est,
1661 1850 1916 1930 totusque
1955 1860 2207 1932 lacrymis
2233 1876 2383 1932 per:

782 1943 1020 2002 fundar:
1050 1962 1153 2003 nec
1177 1948 1450 2017 reliquum
1475 1946 1605 2002 vitae
1644 1954 1859 2023 tempus
1880 1946 2094 2017 placide
2120 1948 2354 2019 exigam.

782 2038 916 2092 Nam
941 2039 1184 2108 quandiu
1229 2040 1467 2110 populus
1510 2040 1631 2106 Dei,
1677 2054 1973 2096 conservos
2014 2056 2168 2097 meos
2209 2042 2355 2109 dico,
2392 2102 2398 2111 ,

781 2129 967 2200 iniqua
1009 2146 1074 2186 ac
1097 2132 1420 2202 perniciosa
1450 2133 1801 2189 contentione
1846 2131 2109 2189 discissus
2130 2142 2235 2200 est,
2262 2135 2359 2205 qui

769 2220 899 2277 ﬁeri
926 2230 1106 2292 potest
1127 2231 1189 2278 ut
1217 2239 1319 2295 ego
1340 2223 1600 2295 deinceps
1623 2224 1804 2280 animo
1830 2226 2159 2281 consistam?
2181 2213 2358 2297 Atqu‘e

782 2321 845 2368 ut
864 2312 1071 2370 doloris
1095 2314 1197 2371 bac
1226 2315 1295 2371 de
1331 2332 1391 2371 re
1416 2316 1524 2371 mei
1550 2317 1982 2388 magnitudinem
2017 2318 2354 2391 intelligatis,

779 2406 1057 2477 paulisper
1089 2408 1377 2464 attendite.
1406 2409 1593 2480 Nuper
1621 2410 2146 2476 cum-Nicomediam
2170 2412 2356 2473 venis,-

780 2513 917 2563 sem,
947 2499 1196 2568 protinus
1239 2499 1293 2554 in
1338 2498 1618 2557 Orientem
1641 2501 1744 2556 iter
1767 2501 1948 2558 facere
1983 2500 2351 2558 decreveram.

778 2574 1026 2659 Cumque
1067 2589 1463 2659 profectionem
1504 2606 1779 2662 urgerem,
1826 2601 1883 2648 et
1925 2595 2134 2665 majore
2151 2594 2261 2665 jam
2288 2602 2356 2649 ex

780 2687 933 2750 parte
957 2681 1241 2735 vobiscum
1265 2697 1468 2747 essem,
1494 2682 1663 2753 hujus
1689 2685 1767 2739 rei
1806 2680 2038 2740 nuntius
2062 2685 2355 2741 consilium

780 2767 1028 2827 nostrum
1076 2781 1226 2827 retro
1269 2774 1507 2841 avertit;
1555 2789 1625 2830 ne
1648 2789 1875 2847 cogerer
1898 2768 2170 2832 ea'coram
2208 2778 2357 2847 aspi-

777 2877 924 2929 cere,
952 2880 1075 2934 quas
1096 2880 1165 2921 ne
1185 2865 1375 2921 auditu
1399 2867 1620 2938 quidem
1644 2876 1803 2924 tenus
1830 2869 2063 2926 tolerare
2085 2886 2170 2925 me
2198 2886 2356 2943 posse

778 2954 1179 3011 existimabam.
1227 2958 1459 3014 Posthac
1504 2958 1670 3030 igitur
1707 2958 1979 3016 cbnsensu
2006 2958 2189 3016 vestio
2212 2962 2353 3016 viam

779 3043 912 3098 mihi
949 3044 1003 3099 in
1044 3044 1326 3102 Orientem
1363 3050 1596 3120 aperite,
1635 3050 2190 3119 qnam-mihi‘mutuis
2214 3052 2356 3107 inter

2392 1915 2431 1968 Β

2466 656 2603 727 πρὸς
2631 653 2759 726 μίαν
2779 652 3005 725 γνώμην
3031 652 3372 726 συμφέρητε,
3406 649 3589 723 μένειν
3611 649 3743 705 είσω
3766 649 4042 720 λογισμῶν

2467 747 2753 817 προσήκει,
2783 744 2862 817 τῷ
2892 739 2991 817 τῆς
3014 744 3255 809 διανοίας
3284 744 3583 817 ἀπορρήτῳ
3611 741 3939 813 τηρούμενα.
3964 743 4041 797 To

2466 839 2649 908 μέντοι
2670 835 2767 908 τῆς
2787 837 2971 908 κοινῆς
2993 826 3177 907 φιλίας
3200 833 3510 917 ἀπόρρητόν
3528 850 3589 889 τε
3611 833 3705 889 καί⁵
3737 832 4035 903 ἐξαίρετον,

2463 932 2614 1002 καὶὴ
2650 931 2747 999 τῆς
2797 928 3055 1001 ἀληθείας
3105 928 3307 994 πίστις,
3337 927 3372 999 ἥ
3404 944 3464 980 τε
3494 929 3621 999 περὶ
3651 925 3744 980 τὸν
3782 923 3916 979 Θεὸν
3943 926 4038 979 καὶ

2432 1021 2561 1092 τὴν
2588 1020 2684 1074 τοῦ
2716 1022 2884 1093 νόμου
2937 1019 3236 1091 θρησκείαν
3276 1018 3433 1091 τιμὴ,
3495 1017 3702 1089 μενέτω
3743 1017 3875 1085 παρ’
3905 1017 4035 1086 ὑμῖν

2460 1113 2776 1179 ἀσάλευτοςο
2827 1113 3152 1169 ἐπανέλθετε
3179 1112 3237 1166 δὲ
3267 1112 3403 1184 πρὸς
3442 1112 3542 1183 τὴν
3580 1111 3827 1183 ἀλλήλων
3854 1110 4033 1180 φιλίαν

2459 1223 2519 1261 τε
2542 1206 2638 1262 καὶ
2668 1207 2847 1278 χάριν.
2882 1186 3133 1260 Ἀπόδοτε
3161 1204 3239 1276 τῷ
3261 1205 3537 1277 σύμπαντι
3564 1203 3679 1275 λαῷ
3706 1203 3804 1267 τὰς
3828 1203 4035 1266 οίκείας

2461 1298 2795 1371 περιπλοκάς
2829 1315 2845 1330 ’
2890 1298 3052 1368 ὑμεῖς
3102 1314 3161 1370 τε
3190 1296 3347 1352 αὐτοὶ
3376 1295 3630 1367 καθάπερ
3676 1295 3778 1357 τὰς
3823 1294 4034 1348 ἑαυτῶν

2459 1389 2639 1462 ψυχάς
2696 1388 3139 1472 ἐκκαθάραντες,
3203 1383 3360 1451 αὖθις
3419 1386 3681 1459 ἀλλήλους
3739 1386 4029 1455 ἑπίγνωτε.

2472 1475 2665 1537 Ἦδίων
2712 1482 2822 1553 γὰρ
2863 1482 3125 1547 πολλάκις
3170 1481 3376 1551 γίνεται
3408 1480 3557 1550 φιλία
3604 1480 3744 1551 μετὰ
3789 1479 3889 1552 τὴν
3930 1482 4033 1551 τῆς
4096 1533 4101 1539 .

2459 1574 2659 1646 ἔχθρας
2681 1572 2939 1628 ὑπόθεσιν
2974 1571 3107 1644 (58)·
3138 1567 3294 1636 αὖθις
3318 1573 3399 1635 είς
3433 1569 3777 1640 καταλλαγὴν
3805 1567 4032 1623 ἐπανέλ-

2459 1652 2602 1720 θετε.
2647 1665 2899 1719 Ἀπόδοτε
2926 1661 3021 1719 οῦν
3054 1680 3145 1736 μοι
3164 1663 3405 1734 γαληνάς
3430 1663 3530 1733 μὲν
3563 1663 3798 1735 ἡμέρας,
3828 1660 4033 1723 νύκτας

2457 1759 2514 1813 δὲ
2542 1759 2898 1831 ἀμερίμνους,
2941 1750 3033 1813 ἵνα
3059 1756 3225 1829 κάμοί
3256 1742 3341 1820 τις
3377 1756 3540 1827 ἡδονὴ
3562 1753 3803 1825 καθαροῦ
3827 1753 4028 1827 φωτὸς..

2459 1852 2556 1914 καὶ
2594 1849 2710 1921 βίου
2738 1849 2925 1906 λοιπὸν
2971 1849 3176 1921 ἥσυχος
3228 1846 3534 1919 εὐφροσύνη
3592 1845 3851 1915 σιῖκζζηται⁸
3894 1841 4029 1897 είδὲ

2464 1944 2559 2016 μὴ,
2590 1944 2798 2000 στένειν
2819 1941 3055 2012 ἀνάγκη,
3072 1941 3165 1995 καὶ
3180 1940 3436 2012 δακρύοις
3460 1938 3527 1992 δι’
3546 1937 3667 1992 ὅλου
3689 1935 4025 2006 συνέχεσθαι,

2458 2035 2553 2091 καὶ
2580 2034 2713 2105 μηδὲ
2740 2033 2832 2089 τὸν
2852 2032 2947 2087 τοῦ
2970 2030 3066 2104 ζῇν
3093 2031 3266 2086 αἰῶνα
3293 2029 3513 2101 πραέως
3537 2022 3881 2096 ὑφίστασθαι.
3906 2026 4028 2079 Τῶν

2457 2125 2649 2196 γάρτοι
2678 2122 2774 2176 τοῦ
2824 2122 2960 2177 Θεοῦ
3000 2120 3147 2176 λαῶν
3169 2160 3185 2186 ,
3234 2120 3344 2174 τῶν
3385 2119 3834 2190 συνθεραπόντων
3884 2116 4029 2184 λέγω

2456 2214 2564 2269 τῶν
2593 2216 2763 2285 ἐμῶν,
2792 2212 2965 2278 οὕτως
2991 2212 3160 2284 ἀδίκῳ
3200 2211 3295 2265 καὶ
3333 2210 3572 2282 βλαϐερᾷ
3601 2208 3737 2282 πρὸς
3766 2206 4028 2278 ἀλλήλους

2457 2307 2759 2379 φιλονεικίᾳ
2821 2304 3244 2377 κεχωρισμένων
3278 2344 3305 2385 ,Ι
3348 2303 3449 2374 ἐμὲ
3506 2303 3623 2366 πῶς
3674 2301 3908 2372 ἐγχωρεῖ
3947 2296 4028 2368 τῷ

2455 2398 2700 2472 λογισμῷ
2729 2398 3047 2453 συνεστάναι
3095 2396 3320 2463 λοιπόν;
3347 2395 3465 2449 Ἵνα
3591 2393 3692 2464 τῆς
3739 2390 3832 2444 ἐπὶ
3856 2387 4028 2460 τούτῳ

2454 2490 2630 2562 λύπης
2666 2489 2771 2562 τὴν
2821 2483 3129 2560 ὑπερϐολὴν
3172 2485 3464 2559 αἴσθησθε,
3509 2484 3798 2540 ἀκούσατε.
3827 2477 4028 2552 Πρώην

2453 2584 2686 2647 ἐπιστάς
2720 2585 2788 2654 τῇ
2815 2581 3169 2653 Νικομηδέων
3209 2580 3382 2642 πόλει,
3437 2578 3780 2650 παραχρῆμα
3806 2577 3886 2637 εἰς
3928 2572 4027 2643 τὴν

2456 2676 2596 2749 ἑῴαν
2632 2676 2942 2745 ἠπειγόμην
2977 2676 3044 2746 τῇ
3085 2672 3304 2745 γνώμη.
3336 2671 3628 2749 Σπεύδοντι
3657 2669 3715 2724 δέ
3762 2685 3850 2740 μοι
3883 2665 4020 2739 πρὸς
4080 2734 4087 2747 ι

2455 2771 2599 2841 ὑμᾶς
2628 2770 2751 2840 ἢδη,
2771 2770 2863 2822 καὶ
2881 2767 2961 2839 τῷ
2989 2767 3193 2822 πλείονι
3217 2766 3372 2838 μέρει
3398 2767 3494 2820 σὺν
3513 2766 3641 2865 ὑμῖμ
3664 2763 3847 2833 δντι,ἡ
3874 2758 4025 2865 τοῦδε

2454 2862 2547 2916 τοῦ
2564 2861 2887 2933 πράγματος
2902 2858 3153 2930 ἀγγελία,
3172 2857 3308 2930 πρὸς
3330 2857 3390 2910 τὺ
3413 2848 3648 2927 ἔμπαλίν
3662 2854 3753 2907 τὸν
3771 2848 4027 2921 λογισμὸν

2453 2954 2812 3032 ἀνεχαίτισεν·
2860 2951 2947 3006 ἵνα
3002 2952 3076 3024 μὴ
3123 2953 3236 3014 τοῖς
3273 2949 3571 3021 ὀφθαλμοῖς
3616 2948 3749 3019 ὁρᾷν
3789 2945 4028 3012 ἀναγκα-

2456 3046 2660 3116 σθείην,
2678 3044 2715 3100 ἃ
2744 3044 2878 3117 μηδὲ
2908 3046 3031 3108 ταῖς
3063 3045 3256 3132 ἀκοαῖς
3290 3040 3588 3114 προσέσθαι
3613 3038 3839 3132 δυνατὸν
3860 3033 4026 3132 ἡγού-

779 3150 876 3190 vos
911 3138 1353 3195 contentionibus
1391 3140 1771 3213 _obstruxistis.
1818 3141 1951 3197 Date
1987 3141 2093 3197 hoc
2114 3143 2269 3213 mibi,
2292 3148 2355 3197 ut
2457 3155 2562 3210 μην

2245 3182 2269 3207 ι,
2292 3148 2355 3197 lit
2457 3155 2581 3210 μην.
2629 3136 2902 3202 ’Δνοίξατε
2925 3135 2990 3207 δή
3026 3128 3116 3205 μοι
3144 3134 3330 3188 λοιπὸν
3378 3136 3435 3187 ὲν
3464 3134 3527 3202 τῇ
3566 3130 3687 3185 καθ’
3728 3129 3872 3200 ὑμᾶς
3902 3128 4028 3197 ὀμο-

782 3236 833 3283 et
855 3243 954 3285 vos
993 3238 1051 3285 et
1081 3226 1332 3302 'reliquos
1357 3210 1548 3288 oinnes
1572 3234 1804 3305 populos
1840 3234 1993 3290 laetos
2025 3233 2189 3305 atque
2217 3236 2355 3290 hila-
2384 3263 2425 3322 ο
2455 3231 2565 3302 νοίᾳ

2244 3236 2355 3290 lila-
2384 3263 2425 3322 ο
2455 3231 2574 3302 νοίᾳ
2606 3231 2706 3301 τῆς
2741 3228 2883 3299 ἑῴας
2942 3227 3042 3298 τὴν
3093 3228 3238 3291 ὁδὸν,
3290 3227 3356 3297 ἣν
3408 3226 3529 3285 ταῖς
3576 3222 3713 3322 πρρς
3769 3218 4027 3322 ἀλληλους

782 3334 866 3374 res
889 3323 1289 3394 quamprimum
1332 3325 1548 3391 vide‘re,
1591 3335 1648 3395 et
1682 3342 1784 3396 pro
1806 3329 2081 3382 communi
2106 3330 2351 3384 omnium
2388 3309 2425 3322 ν
2458 3323 2565 3393 φιλ(

2245 3330 2351 3384 ium
2388 3309 2425 3322 ν
2458 3323 2812 3393 φιλονεικίαις
2837 3319 3219 3375 ἀπεκλείσατε.
3271 3317 3379 3372 Καὶ
3418 3315 3810 3390 συγχωρήσατε
3832 3309 4028 3363 θᾶττον

781 3415 1066 3474 concordia
1089 3433 1154 3473 ac
1174 3418 1427 3474 libertate
1447 3418 1661 3475 debitas
1682 3419 1796 3474 Deo
1816 3420 2038 3490 gratias,
2063 3436 2188 3476 eum
2214 3438 2351 3477 una-
2460 3418 2564 3488 ύμᾱ

2252 3438 2351 3477 na-
2460 3418 2605 3488 ὑμᾶς
2630 3432 2686 3468 τε
2719 3412 2877 3484 ὁμοῦ,
2905 3412 3000 3465 καὶ
3040 3412 3165 3475 τοὺς
3198 3410 3390 3473 ἄλλους
3421 3408 3665 3469 ἅπαντας
3689 3406 3892 3475 δήμους
3930 3401 4029 3453 ἑπ-

782 3498 911 3556 nimi
932 3503 1153 3562 laudum
1180 3514 1449 3560 concentu
1472 3504 1683 3562 referre
1706 3506 1927 3577 possim.
2462 3509 2565 3564 tesi"

2462 3509 2592 3564 ιδεῖν
2611 3507 2918 3577 χαίροντας,
2956 3503 3051 3558 καὶ
3080 3503 3178 3575 τὴν
3207 3504 3347 3573 ὑπὲρ
3396 3504 3495 3572 τῆς
3542 3501 3727 3569 κοινῆς
3773 3493 4029 3550 ἁπάντων

780 3591 1032 3665 ὃμονοίας
1055 3614 1115 3651 τε
1147 3596 1242 3653 καὶ
1266 3598 1578 3671 ἐλευθερίας
1622 3599 1979 3674 ὀφειλομένην
2019 3603 2202 3673 χάριν,
2234 3603 2321 3657 ἐπ’
2357 3602 2627 3674 εὐφήμοις
2656 3600 2830 3668 λόγων
2857 3597 3216 3671 συνθήμασιν,
3264 3596 3596 3677 ὁμολογῆσαι
3622 3590 3703 3665 τῷ
3739 3586 4026 3662 κρείττονι·

1395 3798 1547 3855 CAP.
1593 3799 1731 3856 Vill.

781 3884 856 3939 De
893 3885 1092 3959 synodo
1125 3902 1242 3964 quis
1281 3887 1458 3964 habita
1480 3899 1573 3964 gest
1610 3890 1800 3964 Ninum
1820 3892 1875 3947 in
1897 3890 2166 3964 Bithynia,
2205 3901 2255 3948 et
2292 3893 2357 3949 de

1150 3957 1255 4027 ﬁde
1280 3974 1398 4029 qua:
1419 3960 1489 4015 ibi
1524 3962 1861 4034 promulgata
1886 3971 1980 4019 est.

851 4070 918 4131 Et
957 4070 1076 4126 lucc
1118 4072 1339 4142 quidem
1386 4072 1688 4144 imperator
1736 4076 2045 4143 admirabili
2092 4078 2355 4150 sapientia

783 4163 1043 4232 praeditus
1068 4180 1166 4235 per
1191 4164 1404 4221 litteras
1427 4167 1714 4223 suadebat.
1742 4168 1849 4225 Sed
1874 4171 2079 4227 malum
2105 4175 2243 4228 adeo
2268 4173 2355 4227 in-

783 4258 1054 4322 valueiat,
1079 4265 1141 4312 ut
1170 4274 1274 4314 nec
1298 4258 1647 4331 imperatoris
1668 4260 1968 4334 diligentia,
1996 4278 2099 4319 nec
2120 4264 2358 4320 auctori-

785 4354 866 4398 tas
891 4342 1035 4401 illius
1058 4347 1151 4417 qui
1172 4348 1385 4404 litteras
1410 4349 1686 4417 attulerat,
1713 4351 2012 4423 quidquam
2028 4352 2352 4436 profecerit:

787 4451 908 4490 nam
932 4453 1109 4507 neque
1130 4440 1456 4507 Alexander,
1481 4458 1659 4513 neque
1682 4443 1865 4509 Arius,
1890 4444 1978 4500 bis
2000 4445 2202 4501 litteris
2224 4446 2359 4501 mol-

786 4529 865 4583 liti
891 4539 1020 4586 sunt
1046 4549 1059 4585 :
1089 4540 1146 4587 et
1189 4532 1247 4588 in
1292 4534 1406 4604 ipsa
1451 4535 1610 4606 plebe
1649 4537 1838 4609 ingens
1863 4538 2129 4595 tumultus
2150 4550 2205 4595 et
2227 4556 2357 4596 con-

785 4623 957 4678 tentio
980 4625 1343 4695 grassabatur.
1371 4626 1477 4683 Sed
1501 4637 1557 4685 et
1581 4629 1722 4685 alius
1744 4631 1970 4688 suberat
1989 4633 2179 4688 localis
2204 4650 2350 4689 mor-

782 4710 908 4777 bus,
953 4713 1046 4783 qui
1095 4716 1353 4771 ecclesias
1398 4732 1507 4772 non
1554 4719 1905 4776 mediocriter
1945 4722 2349 4777 conturbabat:

784 4803 1056 4866 dissensio,
1073 4804 1282 4861 scilicet
1304 4806 1371 4862 de
1396 4807 1534 4864 festo
1556 4810 1777 4867 Paschre
1807 4812 1930 4878 dic;
1971 4828 2092 4883 quae
2132 4814 2354 4883 quidem

786 4895 843 4950 in
883 4895 1122 4953 Orientis
1165 4898 1428 4955 duntaxat
1472 4902 1720 4972 partibus
1762 4906 2121 4961 versabatur:
2150 4906 2355 4962 liisJu-

785 4984 1029 5042 daem-um
1055 5004 1204 5045 more
1227 4989 1426 5047 festum
1454 4992 1597 5049 diem
1621 4995 1922 5059 celebrare,
1966 4995 2074 5050 illis
2115 4997 2357 5066 reliquos

786 5079 955 5135 totius
975 5081 1125 5137 orbis
1146 5082 1486 5141 Christianos
1528 5086 1584 5141 in
1630 5088 1734 5141 hoc
1758 5088 1958 5142 imitari
1984 5087 2354 5144 studentibus.

784 5169 1054 5225 Caeterum
1098 5174 1347 5241 quamvis
1393 5175 1461 5231 de
1507 5176 1595 5230 die
1635 5176 1773 5231 festo
1818 5177 1961 5232 inter
1982 5195 2040 5233 se
2069 5179 2173 5233 hoc
2197 5180 2359 5233 modo

787 5261 1137 5328 dissidercnt,
1162 5280 1270 5319 non
1308 5274 1488 5322 tamen
1514 5269 1635 5323 ideo
1673 5284 1704 5323 a
1745 5256 2129 5325 communione
2170 5282 2359 5327 mutua

788 5353 1154 5412 abstinebant.
1173 5354 1280 5413 Sed
1296 5357 1405 5429 diei
1424 5358 1544 5414 festi
1561 5359 1748 5415 laetitia
1772 5360 1878 5416 hoc
1890 5359 2249 5415 dissensionis
2260 5376 2363 5414 nu-

2388 4590 2432 4645 D

2600 3841 2606 3847 ν
3045 3797 3297 3853 ΚΕΦΑΛ.
3345 3795 3429 3849 ῙῙ¹.

2454 3855 2609 3982 "ge
2640 3892 2750 3982 τῇς
2789 3891 3191 3982 γεηενημξντὶς
3210 3879 3714 3982 ισινέδςεὲεὲ
3718 3882 3909 3982 21’s..
3925 3877 4030 3982 ῖίῖς

2489 3955 2907 4029 Βίθυνίὶὶςζκάί
2931 3955 3065 4029 περὶ
3085 3957 3191 4026 τῆς
3205 3957 3334 4040 ἐκεῖ
3351 3955 3697 4023 ἐκτεθείσης
3713 3955 3995 4017 πίστεως.

2526 4074 2767 4129 Τοιαῦτα
2815 4072 2914 4145 μὲν
2951 4067 3055 4125 ,οῦν
3110 4066 3400 4140 θαυμαστά
3462 4066 3555 4120 καὶ
3612 4064 3803 4134 σοφίας
3858 4060 4030 4134 μεστά

2457 4162 2692 4236 παρῄνει
2745 4164 2778 4233 ἠ
2842 4160 2938 4216 τοῦ
3000 4159 3266 4232 βασιλέως
3325 4157 3601 4226 ἐπιστολή.
3651 4155 3724 4208 Τὸ
3754 4154 3811 4208 δὲ
3863 4153 4030 4207 κακὸν

2454 4250 2912 4328 ἐπικρατέστερον
2952 4248 3021 4324 ἦν
3057 4252 3151 4306 καὶ
3183 4251 3281 4322 τῆς
3330 4250 3425 4303 τοῦ
3451 4247 3713 4319 βασιλέως
3770 4247 4027 4317 σπουδῆς,

2455 4349 2549 4403 καὶ
2573 4347 2915 4415 ἀξιοπιστίας
2932 4344 3027 4399 τοῦ
3062 4343 3525 4413 διακονησαμένου
3556 4343 3666 4402 τοῖς
3686 4340 4025 4410 γράμμασιν·

2453 4439 2577 4496 οὕτε
2596 4441 2707 4511 γὰρ
2740 4438 3105 4509 Ἀλέξανδρος,
3123 4436 3247 4490 οὔτε
3274 4436 3490 4506 ’Ἄρειος
3524 4432 3631 4486 ὑπὸ
3662 4431 3769 4486 τῶν
3794 4428 4031 4501 γραφέν-

2461 4550 2570 4604 των
2593 4532 2985 4603 ὲμαλάσσοντο,
3034 4528 3175 4583 ἀλλά
3220 4544 3305 4590 τις
3344 4522 3413 4596 ἦν
3468 4525 3691 4596 ἄκριτος
3741 4522 3833 4575 καὶ
3881 4519 4030 4591 παρά

2457 4626 2570 4689 τοῖς
2601 4624 2750 4687 λαοῖς
2778 4623 2895 4695 ἔρις
2934 4622 3032 4677 καὶ
3055 4621 3294 4691 ταραχή·
3329 4617 3649 4688 προϋπῆρχε
3675 4615 3730 4667 δὲ
3775 4614 3869 4666 καὶ
3894 4613 4031 4682 ἄλλη

2455 4734 2543 4781 τις
2570 4716 2815 4789 προτέρα
2856 4715 3011 4778 νόσος
3068 4711 3290 4782 τοπικὴ,
3353 4710 3452 4773 τὰς
3490 4709 3783 4778 ἐκκλησίας
3828 4705 4029 4775 ταράτ-

2458 4827 2644 4873 τουσα,
2682 4810 2716 4879 ἠ
2756 4807 3019 4875 διαφωνία
3048 4805 3149 4876 τῆς
3169 4803 3262 4858 τοῦ
3289 4805 3477 4874 Πάσχα
3519 4803 3730 4873 ἑορτῆς
3754 4800 3874 4869 ἣτις
3904 4799 4029 4865 περὶ

2456 4900 2527 4955 τὰ
2567 4897 2669 4971 τῆς
2711 4899 2851 4969 ἑῴας
2885 4897 3025 4969 μέρη
3060 4896 3218 4965 μόνον
3266 4894 3500 4962 ἐγένετο*
3528 4891 3635 4946 τῶν
3669 4890 3766 4962 μὲν
3808 4888 4026 4942 Ἰουδαῖ-

2460 4990 2701 5063 κὼτερον
2752 4991 2945 5060 ἑορτὴν
2996 4991 3171 5042 ποιεῖν
3210 4984 3637 5047 ἐσπουδακότων,
3687 4981 3796 5034 τῶν
3842 4980 3899 5033 δὲ
3944 4997 4029 5047 μι-

2460 5070 2745 5155 μουμένων
2770 5082 3090 5153 σύμπαντας
3109 5080 3234 5142 τοὺς
3264 5077 3402 5131 κατὰ
3421 5077 3521 5146 τὴν
3551 5074 3875 5143 οἰκουμένην
3898 5072 4029 5140 Χρι-

2461 5175 2729 5240 στιανούς.
2783 5173 3184 5245 Διαφωνοῦντες
3237 5171 3293 5224 δὲ
3333 5170 3484 5239 ,οὕτω
3518 5167 3647 5239 περὶ
3674 5167 3771 5233 τῆς
3798 5164 3991 5236 ἑορτῆς
4011 5203 4026 5226 ,

2460 5270 2558 5337 τῆς
2578 5266 2861 5330 κοινωνίας
2885 5266 2980 5337 μὲν
3002 5263 3247 5333 οὐδαμῶς
3284 5260 3628 5331 έχωρίζοντο,
3662 5256 4024 5326 στυγνοτέραν

2459 5359 2516 5413 δὲ
2546 5358 2642 5431 τὴν
2663 5358 2858 5430 ἑορτὴν
2882 5360 2949 5429 τῇ
2972 5356 3238 5427 διαφωνία
3273 5350 3717 5426 εἰργάζοντο.,Δι’
3743 5351 4024 5421 ἀμφότερα

1987 5512 2254 5568 VALESII
2294 5511 2840 5569 ANNOTATIONES.

860 5622 970 5694 ('58)
1003 5623 1116 5689 Τῆς
1140 5625 1355 5694 ἔχθρας
1380 5622 1688 5682 ὑπόθεσιν.
1708 5627 1766 5682 In
1796 5627 2255 5682 Annotationibus
2276 5625 2345 5680 ad

789 5694 992 5748 librum
1015 5710 1051 5748 ιι
1075 5695 1298 5752 Eusebii
1327 5698 1394 5751 de
1420 5699 1537 5752 Vita
1582 5699 1947 5760 Constantini,
1980 5698 2162 5752 monili
2207 5697 2347 5749 seri-

792 5765 1029 5838 bendnm
1074 5766 1247 5821 videri
1287 5768 1562 5829 ἀπόθεσεν,
1603 5778 1663 5822 ιιι
1701 5768 1753 5822 iu
1796 5768 2121 5838 quibusdam
2160 5783 2346 5821 exeni-

793 5835 1037 5908 piaribus
1062 5837 1279 5908 legitur.
1316 5838 1420 5893 Sed
1458 5855 1580 5893 cum
1626 5840 1796 5893 nostri
1817 5835 2043 5894 codices
2079 5838 2345 5892 Florenti»

707 5932 712 5940 -
746 5937 755 5950 ο
796 5920 917 5971 nus,
949 5905 1253 5963 Sforlianus
1270 5917 1323 5965 et
1348 5908 1548 5971 Allutii,
1574 5910 1707 5964 nihil
1732 5910 1818 5963 hic
1846 5918 2076 5971 mutent,
2101 5910 2228 5963 ferri
2250 5924 2342 5979 po-

2452 5635 2559 5680 test
2591 5628 2807 5696 vulgata
2859 5628 3044 5693 lectio,
3090 5644 3251 5697 quam
3296 5626 3583 5697 contirth
3612 5621 4018 5697 ettaniEpipb.

2453 5699 2838 5776 διῆιοίηςῃθιιδ.
2882 5700 2975 5776 Sic
2996 5696 3140 5776 enini
3171 5699 3333 5751 vertit
3365 5715 3377 5751 :
3402 5696 3678 5776 Suaviores
3701 5696 3878 5747 ω·τὸνο
3902 5703 4023 5776 sunt

2452 5764 2714 5823 muicitiev‘
2742 5781 2853 5841 post
2900 5770 3301 5825 inimicitiarum
3344 5783 3529 5823 rtmsus
3578 5768 3645 5820 ml
3693 5764 4021 5818 concordiam

2454 5843 2715 5895 Μ’.)ίίίιῖίιυ.
