  <div class='ocr_page' id='page_1' title='image "/cluster/home/n/w/nwhite01/storage/ocr_20150623/67/pst.000009865921/039.png"; bbox 0 0 4514 6578; ppageno 0'>
   <div class='ocr_carea' id='block_1_1' title="bbox 786 432 4041 496">
    <p class='ocr_par' dir='ltr' id='par_1_1' title="bbox 786 432 4041 496">
     <span class='ocr_line' id='line_1_1' title="bbox 786 432 4041 496; baseline 0.005 -15"><span class='ocrx_word' id='word_1_1' title='bbox 786 432 852 487; x_wconf 75' lang='lat'><strong>63</strong></span> <span class='ocrx_word' id='word_1_2' title='bbox 2242 432 2576 491; x_wconf 69' lang='lat' dir='ltr'><strong>SUUllATlS</strong></span> <span class='ocrx_word' id='word_1_3' title='bbox 3976 441 4041 496; x_wconf 67' lang='lat' dir='ltr'><strong>(ii</strong></span> 
     </span>
    </p>
   </div>
   <div class='ocr_carea' id='block_1_2' title="bbox 786 555 2569 629">
    <p class='ocr_par' dir='ltr' id='par_1_2' title="bbox 786 556 2569 626">
     <span class='ocr_line' id='line_1_2' title="bbox 786 556 2569 626; baseline -0.001 -16"><span class='ocrx_word' id='word_1_4' title='bbox 786 572 1005 621; x_wconf 88' lang='lat' dir='ltr'><strong>venere,</strong></span> <span class='ocrx_word' id='word_1_5' title='bbox 1032 556 1304 612; x_wconf 78' lang='lat' dir='ltr'><strong>Eusebius</strong></span> <span class='ocrx_word' id='word_1_6' title='bbox 1339 557 1413 611; x_wconf 89' lang='lat' dir='ltr'><strong>ita</strong></span> <span class='ocrx_word' id='word_1_7' title='bbox 1437 556 1649 611; x_wconf 84' lang='lat' dir='ltr'><strong>scribit.</strong></span> <span class='ocrx_word' id='word_1_8' title='bbox 1677 556 1986 626; x_wconf 83' lang='lat' dir='ltr'><strong>imperator</strong></span> <span class='ocrx_word' id='word_1_9' title='bbox 2034 568 2187 617; x_wconf 87' lang='lat' dir='ltr'><strong>vero,</strong></span> <span class='ocrx_word' id='word_1_10' title='bbox 2235 568 2358 609; x_wconf 89' lang='lat' dir='ltr'><strong>cum</strong></span> <span class='ocrx_word' id='word_1_11' title='bbox 2391 560 2432 616; x_wconf 71' lang='grc' dir='ltr'><strong>Α</strong></span> <span class='ocrx_word' id='word_1_12' title='bbox 2465 558 2569 620; x_wconf 84' lang='grc' dir='ltr'><strong>εἰς’</strong></span> 
     </span>
    </p>
   </div>
   <div class='ocr_carea' id='block_1_3' title="bbox 2264 555 4047 629">
    <p class='ocr_par' dir='ltr' id='par_1_3' title="bbox 2270 555 4047 629">
     <span class='ocr_line' id='line_1_3' title="bbox 2270 555 4047 629; baseline 0.002 -21"><span class='ocrx_word' id='word_1_13' title='bbox 2270 570 2358 608; x_wconf 89' lang='lat' dir='ltr'><strong>um</strong></span> <span class='ocrx_word' id='word_1_14' title='bbox 2391 560 2432 616; x_wconf 71' lang='grc' dir='ltr'><strong>Α</strong></span> <span class='ocrx_word' id='word_1_15' title='bbox 2465 558 2540 620; x_wconf 88' lang='grc' dir='ltr'><strong>εἰς</strong></span> <span class='ocrx_word' id='word_1_16' title='bbox 2563 555 2658 628; x_wconf 78' lang='grc' dir='ltr'><strong>τὴν</strong></span> <span class='ocrx_word' id='word_1_17' title='bbox 2677 557 2928 610; x_wconf 74' lang='grc' dir='ltr'>Νίκαιαν.</span> <span class='ocrx_word' id='word_1_18' title='bbox 2960 558 3263 629; x_wconf 72' lang='grc' dir='ltr'>Διέπρεπνιν</span> <span class='ocrx_word' id='word_1_19' title='bbox 3285 557 3340 610; x_wconf 76' lang='grc' dir='ltr'><strong>δὲ</strong></span> <span class='ocrx_word' id='word_1_20' title='bbox 3365 556 3421 608; x_wconf 74' lang='grc' dir='ltr'><strong>ὲν</strong></span> <span class='ocrx_word' id='word_1_21' title='bbox 3448 557 3559 619; x_wconf 85' lang='grc' dir='ltr'>τοῖς</span> <span class='ocrx_word' id='word_1_22' title='bbox 3584 555 3901 621; x_wconf 72' lang='grc' dir='ltr'>ἐπισκόποις</span> <span class='ocrx_word' id='word_1_23' title='bbox 3941 557 4047 611; x_wconf 84' lang='grc' dir='ltr'><strong>Πα-</strong></span> 
     </span>
    </p>
   </div>
   <div class='ocr_carea' id='block_1_4' title="bbox 785 642 2358 716">
    <p class='ocr_par' dir='ltr' id='par_1_4' title="bbox 785 642 2358 716">
     <span class='ocr_line' id='line_1_4' title="bbox 785 642 2358 716; baseline -0.001 -16"><span class='ocrx_word' id='word_1_24' title='bbox 785 646 856 700; x_wconf 80' lang='lat' dir='ltr'><strong>ob</strong></span> <span class='ocrx_word' id='word_1_25' title='bbox 892 644 1175 700; x_wconf 85' lang='lat' dir='ltr'><strong>victoriam</strong></span> <span class='ocrx_word' id='word_1_26' title='bbox 1214 644 1280 699; x_wconf 91' lang='lat' dir='ltr'><strong>dc</strong></span> <span class='ocrx_word' id='word_1_27' title='bbox 1322 644 1533 699; x_wconf 86' lang='lat' dir='ltr'><strong>Licinio</strong></span> <span class='ocrx_word' id='word_1_28' title='bbox 1572 654 1782 716; x_wconf 88' lang='lat' dir='ltr'><strong>partam</strong></span> <span class='ocrx_word' id='word_1_29' title='bbox 1810 643 2171 714; x_wconf 87' lang='lat' dir='ltr'><strong>triumphales</strong></span> <span class='ocrx_word' id='word_1_30' title='bbox 2202 642 2358 699; x_wconf 85' lang='lat' dir='ltr'><strong>ludos</strong></span> 
     </span>
    </p>
   </div>
   <div class='ocr_carea' id='block_1_5' title="bbox 787 735 2360 806">
    <p class='ocr_par' dir='ltr' id='par_1_5' title="bbox 787 735 2360 806">
     <span class='ocr_line' id='line_1_5' title="bbox 787 735 2360 806; baseline -0.003 -14"><span class='ocrx_word' id='word_1_31' title='bbox 787 736 1070 799; x_wconf 89' lang='lat' dir='ltr'><strong>edidisset,</strong></span> <span class='ocrx_word' id='word_1_32' title='bbox 1099 735 1213 806; x_wconf 88' lang='lat' dir='ltr'><strong>ipse</strong></span> <span class='ocrx_word' id='word_1_33' title='bbox 1241 751 1460 805; x_wconf 88' lang='lat' dir='ltr'><strong>quoque</strong></span> <span class='ocrx_word' id='word_1_34' title='bbox 1498 736 1731 790; x_wconf 69' lang='lat' dir='ltr'><strong>Nicaeam</strong></span> <span class='ocrx_word' id='word_1_35' title='bbox 1773 736 2037 805; x_wconf 88' lang='lat' dir='ltr'><strong>perrexit.</strong></span> <span class='ocrx_word' id='word_1_36' title='bbox 2062 735 2231 790; x_wconf 80' lang='lat' dir='ltr'><strong>Erant</strong></span> <span class='ocrx_word' id='word_1_37' title='bbox 2274 735 2360 789; x_wconf 90' lang='lat' dir='ltr'><strong>in-</strong></span> 
     </span>
    </p>
   </div>
   <div class='ocr_carea' id='block_1_6' title="bbox 786 825 2359 896">
    <p class='ocr_par' dir='ltr' id='par_1_6' title="bbox 786 825 2359 896">
     <span class='ocr_line' id='line_1_6' title="bbox 786 825 2359 896; baseline 0 -16"><span class='ocrx_word' id='word_1_38' title='bbox 786 837 870 880; x_wconf 88' lang='lat' dir='ltr'><strong>ter</strong></span> <span class='ocrx_word' id='word_1_39' title='bbox 913 826 1204 896; x_wconf 74' lang='lat' dir='ltr'><strong>episcopos</strong></span> <span class='ocrx_word' id='word_1_40' title='bbox 1252 825 1363 879; x_wconf 89' lang='lat' dir='ltr'><strong>duo</strong></span> <span class='ocrx_word' id='word_1_41' title='bbox 1414 825 1639 895; x_wconf 88' lang='lat' dir='ltr'><strong>quidam</strong></span> <span class='ocrx_word' id='word_1_42' title='bbox 1703 826 2050 880; x_wconf 81' lang='lat' dir='ltr'><strong>celeberrimi</strong></span> <span class='ocrx_word' id='word_1_43' title='bbox 2098 826 2359 890; x_wconf 80' lang='lat' dir='ltr'><strong>uotuinis,</strong></span> 
     </span>
    </p>
   </div>
   <div class='ocr_carea' id='block_1_7' title="bbox 788 916 2362 989">
    <p class='ocr_par' dir='ltr' id='par_1_7' title="bbox 788 916 2362 989">
     <span class='ocr_line' id='line_1_7' title="bbox 788 916 2362 989; baseline -0.001 -17"><span class='ocrx_word' id='word_1_44' title='bbox 788 918 1129 987; x_wconf 74' lang='lat' dir='ltr'><strong>Paphnutius</strong></span> <span class='ocrx_word' id='word_1_45' title='bbox 1152 932 1217 971; x_wconf 86' lang='lat' dir='ltr'><strong>ex</strong></span> <span class='ocrx_word' id='word_1_46' title='bbox 1245 918 1530 987; x_wconf 77' lang='lat' dir='ltr'><strong>superiore</strong></span> <span class='ocrx_word' id='word_1_47' title='bbox 1556 917 1857 982; x_wconf 75' lang='lat' dir='ltr'><strong>Thebaide,</strong></span> <span class='ocrx_word' id='word_1_48' title='bbox 1886 926 1941 972; x_wconf 92' lang='lat' dir='ltr'><strong>et</strong></span> <span class='ocrx_word' id='word_1_49' title='bbox 1966 917 2238 989; x_wconf 76' lang='lat' dir='ltr'><strong>Spyridon</strong></span> <span class='ocrx_word' id='word_1_50' title='bbox 2261 916 2362 988; x_wconf 72' lang='lat' dir='ltr'><strong>Cy-</strong></span> 
     </span>
    </p>
   </div>
   <div class='ocr_carea' id='block_1_8' title="bbox 791 1008 2361 1080">
    <p class='ocr_par' dir='ltr' id='par_1_8' title="bbox 791 1008 2361 1080">
     <span class='ocr_line' id='line_1_8' title="bbox 791 1008 2361 1080; baseline 0.002 -19"><span class='ocrx_word' id='word_1_51' title='bbox 791 1011 959 1080; x_wconf 84' lang='lat' dir='ltr'><strong>prius.</strong></span> <span class='ocrx_word' id='word_1_52' title='bbox 986 1008 1355 1076; x_wconf 82' lang='lat' dir='ltr'><strong>Quamobrem</strong></span> <span class='ocrx_word' id='word_1_53' title='bbox 1398 1025 1530 1064; x_wconf 87' lang='lat' dir='ltr'><strong>vero</strong></span> <span class='ocrx_word' id='word_1_54' title='bbox 1577 1009 1807 1063; x_wconf 87' lang='lat' dir='ltr'><strong>istorum</strong></span> <span class='ocrx_word' id='word_1_55' title='bbox 1852 1011 2183 1065; x_wconf 87' lang='lat' dir='ltr'><strong>mentionem</strong></span> <span class='ocrx_word' id='word_1_56' title='bbox 2214 1010 2361 1065; x_wconf 82' lang='lat' dir='ltr'><strong>fece-</strong></span> 
     </span>
    </p>
   </div>
   <div class='ocr_carea' id='block_1_9' title="bbox 792 1101 2362 1174">
    <p class='ocr_par' dir='ltr' id='par_1_9' title="bbox 792 1101 2362 1174">
     <span class='ocr_line' id='line_1_9' title="bbox 792 1101 2362 1174; baseline 0.003 -20"><span class='ocrx_word' id='word_1_57' title='bbox 792 1102 911 1166; x_wconf 85' lang='lat' dir='ltr'><strong>rim,</strong></span> <span class='ocrx_word' id='word_1_58' title='bbox 939 1101 1117 1158; x_wconf 90' lang='lat' dir='ltr'><strong>dicam</strong></span> <span class='ocrx_word' id='word_1_59' title='bbox 1148 1103 1311 1173; x_wconf 90' lang='lat' dir='ltr'><strong>paulo</strong></span> <span class='ocrx_word' id='word_1_60' title='bbox 1356 1112 1497 1172; x_wconf 90' lang='lat' dir='ltr'><strong>post.</strong></span> <span class='ocrx_word' id='word_1_61' title='bbox 1547 1104 1789 1158; x_wconf 79' lang='lat' dir='ltr'><strong>Aderant</strong></span> <span class='ocrx_word' id='word_1_62' title='bbox 1835 1104 2000 1159; x_wconf 88' lang='lat' dir='ltr'><strong>etiam</strong></span> <span class='ocrx_word' id='word_1_63' title='bbox 2048 1104 2362 1174; x_wconf 87' lang='lat' dir='ltr'><strong>complures</strong></span> 
     </span>
    </p>
   </div>
   <div class='ocr_carea' id='block_1_10' title="bbox 791 1193 2360 1267">
    <p class='ocr_par' dir='ltr' id='par_1_10' title="bbox 791 1193 2360 1267">
     <span class='ocr_line' id='line_1_10' title="bbox 791 1193 2360 1267; baseline 0.004 -22"><span class='ocrx_word' id='word_1_64' title='bbox 791 1193 937 1257; x_wconf 90' lang='lat' dir='ltr'><strong>laici,</strong></span> <span class='ocrx_word' id='word_1_65' title='bbox 967 1193 1268 1249; x_wconf 71' lang='lat' dir='ltr'><strong>dialecticae</strong></span> <span class='ocrx_word' id='word_1_66' title='bbox 1293 1195 1429 1250; x_wconf 88' lang='lat' dir='ltr'><strong>artis</strong></span> <span class='ocrx_word' id='word_1_67' title='bbox 1453 1196 1639 1265; x_wconf 89' lang='lat' dir='ltr'><strong>periti,</strong></span> <span class='ocrx_word' id='word_1_68' title='bbox 1666 1211 1776 1251; x_wconf 67' lang='lat' dir='ltr'><strong>suae</strong></span> <span class='ocrx_word' id='word_1_69' title='bbox 1801 1198 1972 1267; x_wconf 88' lang='lat' dir='ltr'><strong>partis</strong></span> <span class='ocrx_word' id='word_1_70' title='bbox 1994 1197 2360 1267; x_wconf 78' lang='lat' dir='ltr'><strong>patrocinium</strong></span> 
     </span>
    </p>
   </div>
   <div class='ocr_carea' id='block_1_11' title="bbox 790 1284 2362 1361">
    <p class='ocr_par' dir='ltr' id='par_1_11' title="bbox 790 1284 2362 1361">
     <span class='ocr_line' id='line_1_11' title="bbox 790 1284 2362 1361; baseline 0.004 -25"><span class='ocrx_word' id='word_1_71' title='bbox 790 1284 965 1353; x_wconf 78' lang='lat' dir='ltr'><strong>parati</strong></span> <span class='ocrx_word' id='word_1_72' title='bbox 1008 1285 1305 1355; x_wconf 87' lang='lat' dir='ltr'><strong>suscipere.</strong></span> <span class='ocrx_word' id='word_1_73' title='bbox 1333 1285 1605 1342; x_wconf 69' lang='lat' dir='ltr'><strong>Cancrum</strong></span> <span class='ocrx_word' id='word_1_74' title='bbox 1644 1288 1759 1341; x_wconf 82' lang='lat' dir='ltr'><strong>Arii</strong></span> <span class='ocrx_word' id='word_1_75' title='bbox 1785 1288 2100 1361; x_wconf 82' lang='lat' dir='ltr'><strong>opinionem</strong></span> <span class='ocrx_word' id='word_1_76' title='bbox 2130 1289 2362 1343; x_wconf 89' lang='lat' dir='ltr'><strong>tueban-</strong></span> 
     </span>
    </p>
   </div>
   <div class='ocr_carea' id='block_1_12' title="bbox 791 1374 2361 1444">
    <p class='ocr_par' dir='ltr' id='par_1_12' title="bbox 791 1374 2361 1444">
     <span class='ocr_line' id='line_1_12' title="bbox 791 1374 2361 1444; baseline 0.006 -20"><span class='ocrx_word' id='word_1_77' title='bbox 791 1381 881 1425; x_wconf 87' lang='lat' dir='ltr'><strong>tur</strong></span> <span class='ocrx_word' id='word_1_78' title='bbox 906 1382 1018 1428; x_wconf 89' lang='lat' dir='ltr'><strong>tum</strong></span> <span class='ocrx_word' id='word_1_79' title='bbox 1044 1374 1312 1430; x_wconf 85' lang='lat' dir='ltr'><strong>Eusebius</strong></span> <span class='ocrx_word' id='word_1_80' title='bbox 1338 1376 1791 1443; x_wconf 75' lang='lat' dir='ltr'><strong>Nicomediensis,</strong></span> <span class='ocrx_word' id='word_1_81' title='bbox 1820 1386 1878 1431; x_wconf 93' lang='lat' dir='ltr'><strong>ut</strong></span> <span class='ocrx_word' id='word_1_82' title='bbox 1902 1387 2060 1433; x_wconf 80' lang='lat' dir='ltr'><strong>antea</strong></span> <span class='ocrx_word' id='word_1_83' title='bbox 2084 1379 2216 1444; x_wconf 89' lang='lat' dir='ltr'><strong>dixi,</strong></span> <span class='ocrx_word' id='word_1_84' title='bbox 2247 1389 2361 1434; x_wconf 90' lang='lat' dir='ltr'><strong>tum</strong></span> 
     </span>
    </p>
   </div>
   <div class='ocr_carea' id='block_1_13' title="bbox 791 1460 2364 1538">
    <p class='ocr_par' dir='ltr' id='par_1_13' title="bbox 791 1460 2364 1538">
     <span class='ocr_line' id='line_1_13' title="bbox 791 1460 2364 1538; baseline 0.007 -23"><span class='ocrx_word' id='word_1_85' title='bbox 791 1460 1064 1532; x_wconf 75' lang='lat' dir='ltr'><strong>Theognis</strong></span> <span class='ocrx_word' id='word_1_86' title='bbox 1088 1473 1142 1519; x_wconf 92' lang='lat' dir='ltr'><strong>ct</strong></span> <span class='ocrx_word' id='word_1_87' title='bbox 1167 1464 1328 1519; x_wconf 76' lang='lat' dir='ltr'><strong>)laris</strong></span> <span class='ocrx_word' id='word_1_88' title='bbox 1355 1483 1367 1518; x_wconf 95' lang='lat'>:</span> <span class='ocrx_word' id='word_1_89' title='bbox 1409 1482 1643 1535; x_wconf 88' lang='lat' dir='ltr'><strong>quorum</strong></span> <span class='ocrx_word' id='word_1_90' title='bbox 1669 1468 1758 1523; x_wconf 90' lang='lat' dir='ltr'><strong>ille</strong></span> <span class='ocrx_word' id='word_1_91' title='bbox 1783 1469 2005 1538; x_wconf 80' lang='lat' dir='ltr'><strong>quidem</strong></span> <span class='ocrx_word' id='word_1_92' title='bbox 2033 1470 2244 1534; x_wconf 58' lang='lat' dir='ltr'><strong>Merere,</strong></span> <span class='ocrx_word' id='word_1_93' title='bbox 2275 1472 2364 1526; x_wconf 86' lang='lat' dir='ltr'><strong>hic</strong></span> 
     </span>
    </p>
   </div>
   <div class='ocr_carea' id='block_1_14' title="bbox 790 1550 2364 1630">
    <p class='ocr_par' dir='ltr' id='par_1_14' title="bbox 790 1550 2364 1630">
     <span class='ocr_line' id='line_1_14' title="bbox 790 1550 2364 1630; baseline 0.01 -27"><span class='ocrx_word' id='word_1_94' title='bbox 790 1550 1153 1608; x_wconf 78' lang='lat' dir='ltr'><strong>Chalcedonis</strong></span> <span class='ocrx_word' id='word_1_95' title='bbox 1194 1555 1249 1609; x_wconf 90' lang='lat' dir='ltr'><strong>in</strong></span> <span class='ocrx_word' id='word_1_96' title='bbox 1293 1555 1547 1627; x_wconf 74' lang='lat' dir='ltr'><strong>Bithynia</strong></span> <span class='ocrx_word' id='word_1_97' title='bbox 1588 1568 1709 1613; x_wconf 88' lang='lat' dir='ltr'><strong>erat</strong></span> <span class='ocrx_word' id='word_1_98' title='bbox 1748 1560 2057 1630; x_wconf 88' lang='lat' dir='ltr'><strong>episcopus.</strong></span> <span class='ocrx_word' id='word_1_99' title='bbox 2087 1561 2364 1618; x_wconf 71' lang='lat' dir='ltr'><strong>Adversus</strong></span> 
     </span>
    </p>
   </div>
   <div class='ocr_carea' id='block_1_15' title="bbox 793 1642 2362 1725">
    <p class='ocr_par' dir='ltr' id='par_1_15' title="bbox 793 1642 2362 1725">
     <span class='ocr_line' id='line_1_15' title="bbox 793 1642 2362 1725; baseline 0.011 -32"><span class='ocrx_word' id='word_1_100' title='bbox 793 1642 926 1697; x_wconf 74' lang='lat' dir='ltr'><strong>istos</strong></span> <span class='ocrx_word' id='word_1_101' title='bbox 947 1644 1280 1703; x_wconf 71' lang='lat' dir='ltr'><strong>Athanasius</strong></span> <span class='ocrx_word' id='word_1_102' title='bbox 1324 1648 1542 1705; x_wconf 81' lang='lat' dir='ltr'><strong>fortiter</strong></span> <span class='ocrx_word' id='word_1_103' title='bbox 1590 1649 1906 1717; x_wconf 88' lang='lat' dir='ltr'><strong>dimicabat,</strong></span> <span class='ocrx_word' id='word_1_104' title='bbox 1942 1653 2037 1722; x_wconf 89' lang='lat' dir='ltr'><strong>qui</strong></span> <span class='ocrx_word' id='word_1_105' title='bbox 2062 1663 2190 1708; x_wconf 91' lang='lat' dir='ltr'><strong>tunc</strong></span> <span class='ocrx_word' id='word_1_106' title='bbox 2234 1655 2362 1725; x_wconf 91' lang='lat' dir='ltr'><strong>qui-</strong></span> 
     </span>
    </p>
   </div>
   <div class='ocr_carea' id='block_1_16' title="bbox 792 1735 2360 1801">
    <p class='ocr_par' dir='ltr' id='par_1_16' title="bbox 792 1735 2360 1801">
     <span class='ocr_line' id='line_1_16' title="bbox 792 1735 2360 1801; baseline 0.008 -13"><span class='ocrx_word' id='word_1_107' title='bbox 792 1735 917 1789; x_wconf 70' lang='lat' dir='ltr'><strong>dem</strong></span> <span class='ocrx_word' id='word_1_108' title='bbox 975 1736 1354 1794; x_wconf 72' lang='lat' dir='ltr'><strong>Alexandrina:</strong></span> <span class='ocrx_word' id='word_1_109' title='bbox 1401 1740 1660 1796; x_wconf 74' lang='lat' dir='ltr'><strong>Ecclesia:</strong></span> <span class='ocrx_word' id='word_1_110' title='bbox 1727 1742 1995 1798; x_wconf 85' lang='lat' dir='ltr'><strong>diaconus</strong></span> <span class='ocrx_word' id='word_1_111' title='bbox 2066 1745 2360 1801; x_wconf 87' lang='lat' dir='ltr'><strong>militabat.</strong></span> 
     </span>
    </p>
   </div>
   <div class='ocr_carea' id='block_1_17' title="bbox 791 1826 2366 1903">
    <p class='ocr_par' dir='ltr' id='par_1_17' title="bbox 791 1826 2366 1903">
     <span class='ocr_line' id='line_1_17' title="bbox 791 1826 2366 1903; baseline 0.004 -18"><span class='ocrx_word' id='word_1_112' title='bbox 791 1826 1064 1885; x_wconf 71' lang='lat' dir='ltr'><strong>Cretcrum</strong></span> <span class='ocrx_word' id='word_1_113' title='bbox 1104 1846 1299 1901; x_wconf 82' lang='lat' dir='ltr'><strong>magno</strong></span> <span class='ocrx_word' id='word_1_114' title='bbox 1340 1831 1394 1885; x_wconf 92' lang='lat' dir='ltr'><strong>in</strong></span> <span class='ocrx_word' id='word_1_115' title='bbox 1418 1832 1626 1887; x_wconf 85' lang='lat' dir='ltr'><strong>honore</strong></span> <span class='ocrx_word' id='word_1_116' title='bbox 1652 1834 1796 1903; x_wconf 89' lang='lat' dir='ltr'><strong>apud</strong></span> <span class='ocrx_word' id='word_1_117' title='bbox 1830 1835 2201 1890; x_wconf 79' lang='lat' dir='ltr'><strong>Alexandrum</strong></span> <span class='ocrx_word' id='word_1_118' title='bbox 2244 1849 2366 1893; x_wconf 89' lang='lat' dir='ltr'><strong>erat</strong></span> 
     </span>
    </p>
   </div>
   <div class='ocr_carea' id='block_1_18' title="bbox 2464 646 4047 719">
    <p class='ocr_par' dir='ltr' id='par_1_18' title="bbox 2464 646 4047 719">
     <span class='ocr_line' id='line_1_18' title="bbox 2464 646 4047 719; baseline 0.003 -20"><span class='ocrx_word' id='word_1_119' title='bbox 2464 646 2712 714; x_wconf 67' lang='grc' dir='ltr'>ᾳνούτιός</span> <span class='ocrx_word' id='word_1_120' title='bbox 2742 664 2799 700; x_wconf 91' lang='grc' dir='ltr'><strong>τε</strong></span> <span class='ocrx_word' id='word_1_121' title='bbox 2829 651 2855 701; x_wconf 87' lang='grc' dir='ltr'><strong>ό</strong></span> <span class='ocrx_word' id='word_1_122' title='bbox 2884 650 2948 701; x_wconf 77' lang='grc' dir='ltr'><strong>ἐκ</strong></span> <span class='ocrx_word' id='word_1_123' title='bbox 2972 649 3070 718; x_wconf 77' lang='grc' dir='ltr'><strong>τῆς</strong></span> <span class='ocrx_word' id='word_1_124' title='bbox 3108 650 3218 702; x_wconf 78' lang='grc' dir='ltr'><strong>ἀνω</strong></span> <span class='ocrx_word' id='word_1_125' title='bbox 3251 646 3539 718; x_wconf 78' lang='grc' dir='ltr'>θηϐαἲδος,</span> <span class='ocrx_word' id='word_1_126' title='bbox 3570 649 3662 701; x_wconf 71' lang='grc' dir='ltr'><strong>καὶ</strong></span> <span class='ocrx_word' id='word_1_127' title='bbox 3701 648 4047 719; x_wconf 84' lang='grc' dir='ltr'>Σπυρίδων-ὁ</span> 
     </span>
    </p>
   </div>
   <div class='ocr_carea' id='block_1_19' title="bbox 2465 736 4044 809">
    <p class='ocr_par' dir='ltr' id='par_1_19' title="bbox 2465 736 4044 809">
     <span class='ocr_line' id='line_1_19' title="bbox 2465 736 4044 809; baseline 0.004 -21"><span class='ocrx_word' id='word_1_128' title='bbox 2465 737 2528 789; x_wconf 83' lang='grc' dir='ltr'>ἐκ</span> <span class='ocrx_word' id='word_1_129' title='bbox 2576 736 2822 808; x_wconf 78' lang='grc' dir='ltr'>Κύπρου.</span> <span class='ocrx_word' id='word_1_130' title='bbox 2865 736 3030 791; x_wconf 80' lang='grc' dir='ltr'>Ὄτου</span> <span class='ocrx_word' id='word_1_131' title='bbox 3076 739 3236 808; x_wconf 71' lang='grc' dir='ltr'>χάριν</span> <span class='ocrx_word' id='word_1_132' title='bbox 3281 739 3338 791; x_wconf 77' lang='grc' dir='ltr'>δὲ</span> <span class='ocrx_word' id='word_1_133' title='bbox 3379 738 3584 792; x_wconf 85' lang='grc' dir='ltr'>τούτων</span> <span class='ocrx_word' id='word_1_134' title='bbox 3628 738 4044 809; x_wconf 78' lang='grc' dir='ltr'>ἐμνημονεύσα-</span> 
     </span>
    </p>
   </div>
   <div class='ocr_carea' id='block_1_20' title="bbox 2467 828 4047 903">
    <p class='ocr_par' dir='ltr' id='par_1_20' title="bbox 2467 828 4047 903">
     <span class='ocr_line' id='line_1_20' title="bbox 2467 828 4047 903; baseline 0.003 -24"><span class='ocrx_word' id='word_1_135' title='bbox 2467 845 2564 898; x_wconf 98' lang='grc' dir='ltr'><strong>μεν</strong></span> <span class='ocrx_word' id='word_1_136' title='bbox 2600 828 2733 898; x_wconf 68' lang='grc'>(40),</span> <span class='ocrx_word' id='word_1_137' title='bbox 2772 830 2908 899; x_wconf 78' lang='grc' dir='ltr'><strong>μετὰ</strong></span> <span class='ocrx_word' id='word_1_138' title='bbox 2957 829 3129 883; x_wconf 72' lang='grc' dir='ltr'>ταῦτα</span> <span class='ocrx_word' id='word_1_139' title='bbox 3175 831 3302 903; x_wconf 83' lang='grc' dir='ltr'><strong>ἐρῶ.</strong></span> <span class='ocrx_word' id='word_1_140' title='bbox 3336 831 3711 901; x_wconf 79' lang='grc' dir='ltr'>Συμπαρῆσαν</span> <span class='ocrx_word' id='word_1_141' title='bbox 3762 831 3818 885; x_wconf 79' lang='grc' dir='ltr'>δὲ</span> <span class='ocrx_word' id='word_1_142' title='bbox 3870 830 4047 884; x_wconf 71' lang='grc' dir='ltr'>λαῖκοὶ</span> 
     </span>
    </p>
   </div>
   <div class='ocr_carea' id='block_1_21' title="bbox 2464 919 4048 993">
    <p class='ocr_par' dir='ltr' id='par_1_21' title="bbox 2464 919 4048 993">
     <span class='ocr_line' id='line_1_21' title="bbox 2464 919 4048 993; baseline 0.001 -21"><span class='ocrx_word' id='word_1_143' title='bbox 2464 919 2647 973; x_wconf 76' lang='grc' dir='ltr'>πολλοὶ</span> <span class='ocrx_word' id='word_1_144' title='bbox 2675 920 3020 991; x_wconf 73' lang='grc' dir='ltr'><strong>διαλεκτικῆς</strong></span> <span class='ocrx_word' id='word_1_145' title='bbox 3053 922 3328 993; x_wconf 79' lang='grc' dir='ltr'>ἔμπειροι,</span> <span class='ocrx_word' id='word_1_146' title='bbox 3376 922 3434 974; x_wconf 79' lang='grc' dir='ltr'>ὲν</span> <span class='ocrx_word' id='word_1_147' title='bbox 3465 922 3712 993; x_wconf 76' lang='grc' dir='ltr'>ἐκατέρῳ</span> <span class='ocrx_word' id='word_1_148' title='bbox 3740 922 3894 993; x_wconf 78' lang='grc' dir='ltr'>μέρει</span> <span class='ocrx_word' id='word_1_149' title='bbox 3927 939 4048 975; x_wconf 87' lang='grc' dir='ltr'>συν-</span> 
     </span>
    </p>
   </div>
   <div class='ocr_carea' id='block_1_22' title="bbox 2463 1012 4048 1085">
    <p class='ocr_par' dir='ltr' id='par_1_22' title="bbox 2463 1012 4048 1085">
     <span class='ocr_line' id='line_1_22' title="bbox 2463 1012 4048 1085; baseline -0.001 -20"><span class='ocrx_word' id='word_1_150' title='bbox 2463 1014 2682 1083; x_wconf 83' lang='grc' dir='ltr'>ηγορεῖν</span> <span class='ocrx_word' id='word_1_151' title='bbox 2706 1012 3163 1084; x_wconf 78' lang='grc' dir='ltr'>προθυμούμενοι.</span> <span class='ocrx_word' id='word_1_152' title='bbox 3205 1013 3369 1067; x_wconf 72' lang='grc' dir='ltr'>Ἀλλὰ</span> <span class='ocrx_word' id='word_1_153' title='bbox 3393 1013 3490 1085; x_wconf 74' lang='grc' dir='ltr'>τὴν</span> <span class='ocrx_word' id='word_1_154' title='bbox 3521 1013 3620 1084; x_wconf 74' lang='grc' dir='ltr'>μὲν</span> <span class='ocrx_word' id='word_1_155' title='bbox 3656 1014 3867 1085; x_wconf 82' lang='grc' dir='ltr'>Ἀρείου</span> <span class='ocrx_word' id='word_1_156' title='bbox 3891 1013 4048 1079; x_wconf 78' lang='grc' dir='ltr'>δόξαν</span> 
     </span>
    </p>
   </div>
   <div class='ocr_carea' id='block_1_23' title="bbox 2466 1106 4050 1178">
    <p class='ocr_par' dir='ltr' id='par_1_23' title="bbox 2466 1106 4050 1178">
     <span class='ocr_line' id='line_1_23' title="bbox 2466 1106 4050 1178; baseline 0.001 -20"><span class='ocrx_word' id='word_1_157' title='bbox 2466 1108 2820 1176; x_wconf 73' lang='grc' dir='ltr'><strong>συνεκρότουν</strong></span> <span class='ocrx_word' id='word_1_158' title='bbox 2870 1106 3127 1170; x_wconf 72' lang='grc' dir='ltr'>Εὖσέϐιός</span> <span class='ocrx_word' id='word_1_159' title='bbox 3169 1123 3227 1159; x_wconf 91' lang='grc' dir='ltr'><strong>τε</strong></span> <span class='ocrx_word' id='word_1_160' title='bbox 3277 1106 3660 1176; x_wconf 69' lang='grc' dir='ltr'>Νικομηδευς,</span> <span class='ocrx_word' id='word_1_161' title='bbox 3701 1107 3776 1172; x_wconf 82' lang='grc' dir='ltr'><strong>ὣς</strong></span> <span class='ocrx_word' id='word_1_162' title='bbox 3832 1124 3921 1178; x_wconf 86' lang='grc' dir='ltr'><strong>μοι</strong></span> <span class='ocrx_word' id='word_1_163' title='bbox 3956 1106 4050 1160; x_wconf 69' lang='grc' dir='ltr'>καὶ</span> 
     </span>
    </p>
   </div>
   <div class='ocr_carea' id='block_1_24' title="bbox 2465 1193 4050 1271">
    <p class='ocr_par' dir='ltr' id='par_1_24' title="bbox 2465 1193 4050 1271">
     <span class='ocr_line' id='line_1_24' title="bbox 2465 1193 4050 1271; baseline 0.001 -20"><span class='ocrx_word' id='word_1_164' title='bbox 2465 1199 2728 1269; x_wconf 88' lang='grc' dir='ltr'>πρότερον</span> <span class='ocrx_word' id='word_1_165' title='bbox 2763 1199 2998 1271; x_wconf 78' lang='grc' dir='ltr'>εἴρηται,</span> <span class='ocrx_word' id='word_1_166' title='bbox 3028 1198 3123 1253; x_wconf 71' lang='grc' dir='ltr'><strong>καὶ</strong></span> <span class='ocrx_word' id='word_1_167' title='bbox 3152 1198 3395 1267; x_wconf 78' lang='grc' dir='ltr'>Θέογνις,</span> <span class='ocrx_word' id='word_1_168' title='bbox 3426 1199 3518 1252; x_wconf 71' lang='grc' dir='ltr'><strong>καὶ</strong></span> <span class='ocrx_word' id='word_1_169' title='bbox 3549 1198 3753 1268; x_wconf 70' lang='grc' dir='ltr'>Μάριςο</span> <span class='ocrx_word' id='word_1_170' title='bbox 3782 1193 3857 1253; x_wconf 82' lang='grc' dir='ltr'>ὧν</span> <span class='ocrx_word' id='word_1_171' title='bbox 3885 1200 3914 1252; x_wconf 88' lang='lat'><strong>6</strong></span> <span class='ocrx_word' id='word_1_172' title='bbox 3952 1197 4050 1268; x_wconf 81' lang='grc' dir='ltr'><strong>μὲν</strong></span> 
     </span>
    </p>
   </div>
   <div class='ocr_carea' id='block_1_25' title="bbox 2465 1285 4052 1360">
    <p class='ocr_par' dir='ltr' id='par_1_25' title="bbox 2465 1285 4052 1360">
     <span class='ocr_line' id='line_1_25' title="bbox 2465 1285 4052 1360; baseline -0.003 -16"><span class='ocrx_word' id='word_1_173' title='bbox 2465 1289 2698 1352; x_wconf 80' lang='grc' dir='ltr'>Νικαίας</span> <span class='ocrx_word' id='word_1_174' title='bbox 2720 1290 3014 1352; x_wconf 72' lang='grc' dir='ltr'><strong>ἐπίσκοπος</strong></span> <span class='ocrx_word' id='word_1_175' title='bbox 3039 1285 3127 1359; x_wconf 74' lang='grc' dir='ltr'><strong>ἦν,</strong></span> <span class='ocrx_word' id='word_1_176' title='bbox 3152 1289 3334 1360; x_wconf 72' lang='grc' dir='ltr'>Μάρις</span> <span class='ocrx_word' id='word_1_177' title='bbox 3358 1288 3413 1342; x_wconf 80' lang='grc' dir='ltr'>δὲ</span> <span class='ocrx_word' id='word_1_178' title='bbox 3438 1290 3535 1359; x_wconf 75' lang='grc' dir='ltr'>τῆς</span> <span class='ocrx_word' id='word_1_179' title='bbox 3578 1290 3635 1341; x_wconf 80' lang='grc' dir='ltr'>ἐν</span> <span class='ocrx_word' id='word_1_180' title='bbox 3670 1288 3891 1360; x_wconf 77' lang='grc' dir='ltr'>Βιθυνία</span> <span class='ocrx_word' id='word_1_181' title='bbox 3918 1288 4052 1341; x_wconf 79' lang='grc' dir='ltr'>Χαλ-</span> 
     </span>
    </p>
   </div>
   <div class='ocr_carea' id='block_1_26' title="bbox 2466 1380 4050 1452">
    <p class='ocr_par' dir='ltr' id='par_1_26' title="bbox 2466 1380 4050 1452">
     <span class='ocr_line' id='line_1_26' title="bbox 2466 1380 4050 1452; baseline 0.001 -18"><span class='ocrx_word' id='word_1_182' title='bbox 2466 1381 2706 1452; x_wconf 85' lang='grc' dir='ltr'>κηδόνος·</span> <span class='ocrx_word' id='word_1_183' title='bbox 2739 1381 2949 1446; x_wconf 84' lang='grc' dir='ltr'>τούτοις</span> <span class='ocrx_word' id='word_1_184' title='bbox 2994 1382 3050 1434; x_wconf 79' lang='grc' dir='ltr'><strong>δὲ</strong></span> <span class='ocrx_word' id='word_1_185' title='bbox 3087 1382 3353 1449; x_wconf 80' lang='grc' dir='ltr'>γενναίως</span> <span class='ocrx_word' id='word_1_186' title='bbox 3387 1380 3785 1449; x_wconf 75' lang='grc' dir='ltr'>ἀντηγωνίζετο</span> <span class='ocrx_word' id='word_1_187' title='bbox 3825 1382 4050 1436; x_wconf 71' lang='grc' dir='ltr'>Ἀθανα-</span> 
     </span>
    </p>
   </div>
   <div class='ocr_carea' id='block_1_27' title="bbox 2469 1470 4047 1541">
    <p class='ocr_par' dir='ltr' id='par_1_27' title="bbox 2469 1470 4047 1541">
     <span class='ocr_line' id='line_1_27' title="bbox 2469 1470 4047 1541; baseline 0.001 -19"><span class='ocrx_word' id='word_1_188' title='bbox 2469 1487 2618 1533; x_wconf 88' lang='grc' dir='ltr'>σιος,</span> <span class='ocrx_word' id='word_1_189' title='bbox 2668 1470 2912 1534; x_wconf 69' lang='grc' dir='ltr'>διάκονος</span> <span class='ocrx_word' id='word_1_190' title='bbox 2960 1471 3058 1541; x_wconf 69' lang='grc' dir='ltr'><strong>μὲν</strong></span> <span class='ocrx_word' id='word_1_191' title='bbox 3091 1472 3189 1541; x_wconf 73' lang='grc' dir='ltr'><strong>τῆς</strong></span> <span class='ocrx_word' id='word_1_192' title='bbox 3251 1471 3643 1540; x_wconf 75' lang='grc' dir='ltr'>Ἀλεξανδρέων</span> <span class='ocrx_word' id='word_1_193' title='bbox 3700 1470 4047 1541; x_wconf 66' lang='grc' dir='ltr'>Ἐκκλησίας.</span> 
     </span>
    </p>
   </div>
   <div class='ocr_carea' id='block_1_28' title="bbox 2468 1557 4050 1634">
    <p class='ocr_par' dir='ltr' id='par_1_28' title="bbox 2468 1557 4050 1634">
     <span class='ocr_line' id='line_1_28' title="bbox 2468 1557 4050 1634; baseline -0.009 -18"><span class='ocrx_word' id='word_1_194' title='bbox 2468 1562 2679 1633; x_wconf 67' lang='grc' dir='ltr'>Σιξόδρα</span> <span class='ocrx_word' id='word_1_195' title='bbox 2708 1562 2763 1615; x_wconf 80' lang='grc' dir='ltr'>δὲ</span> <span class='ocrx_word' id='word_1_196' title='bbox 2810 1562 2973 1615; x_wconf 69' lang='grc' dir='ltr'>αὐτὸν</span> <span class='ocrx_word' id='word_1_197' title='bbox 3006 1562 3092 1615; x_wconf 68' lang='grc' dir='ltr'>διὰ</span> <span class='ocrx_word' id='word_1_198' title='bbox 3119 1562 3283 1631; x_wconf 69' lang='grc' dir='ltr'>τιμῆς</span> <span class='ocrx_word' id='word_1_199' title='bbox 3312 1557 3446 1632; x_wconf 77' lang='grc' dir='ltr'>ἦγεν</span> <span class='ocrx_word' id='word_1_200' title='bbox 3486 1561 3836 1634; x_wconf 78' lang='grc' dir='ltr'>Ἀλέξανδρος</span> <span class='ocrx_word' id='word_1_201' title='bbox 3859 1564 3887 1616; x_wconf 68' lang='grc' dir='ltr'><strong>ὁ</strong></span> <span class='ocrx_word' id='word_1_202' title='bbox 3929 1561 4050 1614; x_wconf 72' lang='grc' dir='ltr'>ἐπί-</span> 
     </span>
    </p>
   </div>
   <div class='ocr_carea' id='block_1_29' title="bbox 2470 1651 4052 1721">
    <p class='ocr_par' dir='ltr' id='par_1_29' title="bbox 2470 1651 4052 1721">
     <span class='ocr_line' id='line_1_29' title="bbox 2470 1651 4052 1721; baseline 0 -16"><span class='ocrx_word' id='word_1_203' title='bbox 2470 1668 2691 1716; x_wconf 74' lang='grc' dir='ltr'>σκοποςο</span> <span class='ocrx_word' id='word_1_204' title='bbox 2721 1652 2802 1706; x_wconf 75' lang='grc' dir='ltr'><strong>διὸ</strong></span> <span class='ocrx_word' id='word_1_205' title='bbox 2849 1654 2942 1705; x_wconf 71' lang='grc' dir='ltr'>καὶ</span> <span class='ocrx_word' id='word_1_206' title='bbox 2994 1651 3185 1721; x_wconf 71' lang='grc' dir='ltr'>φθόνος</span> <span class='ocrx_word' id='word_1_207' title='bbox 3233 1652 3510 1706; x_wconf 84' lang='grc' dir='ltr'>ὡπλίσατο</span> <span class='ocrx_word' id='word_1_208' title='bbox 3560 1653 3680 1707; x_wconf 83' lang='grc' dir='ltr'>κατ’</span> <span class='ocrx_word' id='word_1_209' title='bbox 3725 1651 3923 1717; x_wconf 76' lang='grc' dir='ltr'>αὐτοῦ,</span> <span class='ocrx_word' id='word_1_210' title='bbox 3976 1652 4052 1715; x_wconf 81' lang='grc' dir='ltr'>ὡς</span> 
     </span>
    </p>
   </div>
   <div class='ocr_carea' id='block_1_30' title="bbox 2470 1739 4052 1815">
    <p class='ocr_par' dir='ltr' id='par_1_30' title="bbox 2470 1739 4052 1815">
     <span class='ocr_line' id='line_1_30' title="bbox 2470 1739 4052 1815; baseline -0.001 -19"><span class='ocrx_word' id='word_1_211' title='bbox 2470 1743 2695 1815; x_wconf 78' lang='grc' dir='ltr'>ὕστερον</span> <span class='ocrx_word' id='word_1_212' title='bbox 2733 1744 2976 1814; x_wconf 77' lang='grc' dir='ltr'>λέξομεν.</span> <span class='ocrx_word' id='word_1_213' title='bbox 3020 1744 3231 1814; x_wconf 74' lang='grc' dir='ltr'>Μικρὸν</span> <span class='ocrx_word' id='word_1_214' title='bbox 3261 1739 3354 1798; x_wconf 74' lang='grc' dir='ltr'><strong>οὖν</strong></span> <span class='ocrx_word' id='word_1_215' title='bbox 3386 1744 3491 1815; x_wconf 85' lang='grc' dir='ltr'><strong>πρὸ</strong></span> <span class='ocrx_word' id='word_1_216' title='bbox 3526 1745 3625 1814; x_wconf 77' lang='grc' dir='ltr'>τῆς</span> <span class='ocrx_word' id='word_1_217' title='bbox 3657 1745 3737 1808; x_wconf 84' lang='grc' dir='ltr'><strong>είς</strong></span> <span class='ocrx_word' id='word_1_218' title='bbox 3763 1745 3857 1798; x_wconf 75' lang='grc' dir='ltr'>ἕνα</span> <span class='ocrx_word' id='word_1_219' title='bbox 3888 1745 4052 1797; x_wconf 87' lang='grc' dir='ltr'>τόπον</span> 
     </span>
    </p>
   </div>
   <div class='ocr_carea' id='block_1_31' title="bbox 2473 1834 4051 1906">
    <p class='ocr_par' dir='ltr' id='par_1_31' title="bbox 2473 1834 4051 1906">
     <span class='ocr_line' id='line_1_31' title="bbox 2473 1834 4051 1906; baseline 0.001 -18"><span class='ocrx_word' id='word_1_220' title='bbox 2473 1834 2689 1888; x_wconf 89' lang='grc' dir='ltr'>συνελεύ</span> <span class='ocrx_word' id='word_1_221' title='bbox 2701 1851 2834 1899; x_wconf 89' lang='grc' dir='ltr'>σεως</span> <span class='ocrx_word' id='word_1_222' title='bbox 2855 1835 2960 1888; x_wconf 81' lang='grc' dir='ltr'>τῶν</span> <span class='ocrx_word' id='word_1_223' title='bbox 2983 1835 3319 1898; x_wconf 81' lang='grc' dir='ltr'>ἐπισκόπων,</span> <span class='ocrx_word' id='word_1_224' title='bbox 3343 1836 3392 1888; x_wconf 77' lang='grc' dir='ltr'>οἱ</span> <span class='ocrx_word' id='word_1_225' title='bbox 3411 1835 3740 1890; x_wconf 66' lang='grc' dir='ltr'>διαλεκτικοὶ</span> <span class='ocrx_word' id='word_1_226' title='bbox 3770 1835 3904 1906; x_wconf 78' lang='grc' dir='ltr'>πρὸς</span> <span class='ocrx_word' id='word_1_227' title='bbox 3926 1837 4051 1898; x_wconf 69' lang='grc' dir='ltr'>τοὺς</span> 
     </span>
    </p>
   </div>
   <div class='ocr_carea' id='block_1_32' title="bbox 791 1902 2574 1996">
    <p class='ocr_par' dir='ltr' id='par_1_32' title="bbox 791 1902 2572 1993">
     <span class='ocr_line' id='line_1_32' title="bbox 791 1902 2572 1993; baseline 0.002 -19"><span class='ocrx_word' id='word_1_228' title='bbox 791 1919 1146 1992; x_wconf 89' lang='lat' dir='ltr'><strong>episcopum:</strong></span> <span class='ocrx_word' id='word_1_229' title='bbox 1187 1923 1294 1993; x_wconf 75' lang='lat'><strong>20</strong></span> <span class='ocrx_word' id='word_1_230' title='bbox 1331 1923 1474 1979; x_wconf 90' lang='lat' dir='ltr'><strong>unde</strong></span> <span class='ocrx_word' id='word_1_231' title='bbox 1499 1925 1667 1980; x_wconf 90' lang='lat' dir='ltr'><strong>etiam</strong></span> <span class='ocrx_word' id='word_1_232' title='bbox 1717 1926 1941 1982; x_wconf 63' lang='lat' dir='ltr'><strong>invidia:</strong></span> <span class='ocrx_word' id='word_1_233' title='bbox 1986 1927 2129 1983; x_wconf 89' lang='lat' dir='ltr'><strong>livor</strong></span> <span class='ocrx_word' id='word_1_234' title='bbox 2176 1939 2368 1985; x_wconf 89' lang='lat' dir='ltr'><strong>contra</strong></span> <span class='ocrx_word' id='word_1_235' title='bbox 2403 1902 2445 1956; x_wconf 72' lang='grc' dir='ltr'>Β</span> <span class='ocrx_word' id='word_1_236' title='bbox 2471 1925 2572 1979; x_wconf 86' lang='grc' dir='ltr'><strong>πολ</strong></span> 
     </span>
    </p>
   </div>
   <div class='ocr_carea' id='block_1_33' title="bbox 2270 1902 4053 1996">
    <p class='ocr_par' dir='ltr' id='par_1_33' title="bbox 2270 1902 4053 1996">
     <span class='ocr_line' id='line_1_33' title="bbox 2270 1902 4053 1996; baseline -0.001 -17"><span class='ocrx_word' id='word_1_237' title='bbox 2270 1939 2368 1985; x_wconf 63' lang='lat' dir='ltr'><strong>utra</strong></span> <span class='ocrx_word' id='word_1_238' title='bbox 2403 1902 2445 1956; x_wconf 73' lang='grc' dir='ltr'>Β</span> <span class='ocrx_word' id='word_1_239' title='bbox 2471 1924 2696 1989; x_wconf 72' lang='grc' dir='ltr'>πολλοὺς</span> <span class='ocrx_word' id='word_1_240' title='bbox 2732 1926 3057 1996; x_wconf 81' lang='grc' dir='ltr'>προαγῶνας</span> <span class='ocrx_word' id='word_1_241' title='bbox 3100 1925 3381 1979; x_wconf 76' lang='grc' dir='ltr'>ἐποιοῦντο</span> <span class='ocrx_word' id='word_1_242' title='bbox 3409 1926 3516 1979; x_wconf 81' lang='grc' dir='ltr'>τῶν</span> <span class='ocrx_word' id='word_1_243' title='bbox 3558 1925 3753 1994; x_wconf 81' lang='grc' dir='ltr'>λόγων.</span> <span class='ocrx_word' id='word_1_244' title='bbox 3799 1926 4053 1995; x_wconf 79' lang='grc' dir='ltr'><strong>Ἐλκομέ·</strong></span> 
     </span>
    </p>
   </div>
   <div class='ocr_carea' id='block_1_34' title="bbox 791 2016 2368 2087">
    <p class='ocr_par' dir='ltr' id='par_1_34' title="bbox 791 2016 2368 2087">
     <span class='ocr_line' id='line_1_34' title="bbox 791 2016 2368 2087; baseline 0.006 -20"><span class='ocrx_word' id='word_1_245' title='bbox 791 2029 917 2067; x_wconf 88' lang='lat' dir='ltr'><strong>cum</strong></span> <span class='ocrx_word' id='word_1_246' title='bbox 953 2016 1177 2081; x_wconf 88' lang='lat' dir='ltr'><strong>exarsit,</strong></span> <span class='ocrx_word' id='word_1_247' title='bbox 1219 2018 1360 2073; x_wconf 92' lang='lat' dir='ltr'><strong>sicut</strong></span> <span class='ocrx_word' id='word_1_248' title='bbox 1405 2027 1592 2087; x_wconf 90' lang='lat' dir='ltr'><strong>postea</strong></span> <span class='ocrx_word' id='word_1_249' title='bbox 1643 2018 1895 2074; x_wconf 87' lang='lat' dir='ltr'><strong>dicturus</strong></span> <span class='ocrx_word' id='word_1_250' title='bbox 1942 2035 2085 2074; x_wconf 91' lang='lat' dir='ltr'><strong>sum.</strong></span> <span class='ocrx_word' id='word_1_251' title='bbox 2136 2021 2368 2076; x_wconf 86' lang='lat' dir='ltr'><strong>Interim</strong></span> 
     </span>
    </p>
   </div>
   <div class='ocr_carea' id='block_1_35' title="bbox 792 2106 2371 2178">
    <p class='ocr_par' dir='ltr' id='par_1_35' title="bbox 792 2106 2371 2178">
     <span class='ocr_line' id='line_1_35' title="bbox 792 2106 2371 2178; baseline 0.005 -21"><span class='ocrx_word' id='word_1_252' title='bbox 792 2120 943 2170; x_wconf 89' lang='lat' dir='ltr'><strong>vero,</strong></span> <span class='ocrx_word' id='word_1_253' title='bbox 969 2106 1131 2175; x_wconf 89' lang='lat' dir='ltr'><strong>paulo</strong></span> <span class='ocrx_word' id='word_1_254' title='bbox 1154 2115 1447 2178; x_wconf 83' lang='lat' dir='ltr'><strong>antequam</strong></span> <span class='ocrx_word' id='word_1_255' title='bbox 1491 2110 1545 2163; x_wconf 91' lang='lat' dir='ltr'><strong>in</strong></span> <span class='ocrx_word' id='word_1_256' title='bbox 1592 2125 1762 2164; x_wconf 89' lang='lat' dir='ltr'><strong>unum</strong></span> <span class='ocrx_word' id='word_1_257' title='bbox 1787 2110 1967 2164; x_wconf 92' lang='lat' dir='ltr'><strong>locum</strong></span> <span class='ocrx_word' id='word_1_258' title='bbox 2012 2112 2371 2166; x_wconf 75' lang='lat' dir='ltr'><strong>convenirent</strong></span> 
     </span>
    </p>
   </div>
   <div class='ocr_carea' id='block_1_36' title="bbox 791 2195 2369 2271">
    <p class='ocr_par' dir='ltr' id='par_1_36' title="bbox 791 2195 2369 2271">
     <span class='ocr_line' id='line_1_36' title="bbox 791 2195 2369 2271; baseline 0.006 -24"><span class='ocrx_word' id='word_1_259' title='bbox 791 2195 1057 2265; x_wconf 87' lang='lat' dir='ltr'><strong>episcopi,</strong></span> <span class='ocrx_word' id='word_1_260' title='bbox 1085 2195 1360 2253; x_wconf 90' lang='lat' dir='ltr'><strong>dialectici</strong></span> <span class='ocrx_word' id='word_1_261' title='bbox 1388 2198 1721 2267; x_wconf 83' lang='lat' dir='ltr'><strong>quibusdam</strong></span> <span class='ocrx_word' id='word_1_262' title='bbox 1749 2214 2068 2254; x_wconf 89' lang='lat' dir='ltr'><strong>sermonum</strong></span> <span class='ocrx_word' id='word_1_263' title='bbox 2094 2201 2369 2271; x_wconf 88' lang='lat' dir='ltr'><strong>prolusio-</strong></span> 
     </span>
    </p>
   </div>
   <div class='ocr_carea' id='block_1_37' title="bbox 790 2285 2365 2358">
    <p class='ocr_par' dir='ltr' id='par_1_37' title="bbox 790 2285 2365 2358">
     <span class='ocr_line' id='line_1_37' title="bbox 790 2285 2365 2358; baseline 0.007 -20"><span class='ocrx_word' id='word_1_264' title='bbox 790 2285 957 2341; x_wconf 87' lang='lat' dir='ltr'><strong>nibus</strong></span> <span class='ocrx_word' id='word_1_265' title='bbox 982 2295 1171 2342; x_wconf 90' lang='lat' dir='ltr'><strong>contra</strong></span> <span class='ocrx_word' id='word_1_266' title='bbox 1196 2290 1493 2345; x_wconf 90' lang='lat' dir='ltr'><strong>nonnullos</strong></span> <span class='ocrx_word' id='word_1_267' title='bbox 1517 2291 1829 2358; x_wconf 89' lang='lat' dir='ltr'><strong>vclilantes,</strong></span> <span class='ocrx_word' id='word_1_268' title='bbox 1855 2307 1977 2348; x_wconf 90' lang='lat' dir='ltr'><strong>sese</strong></span> <span class='ocrx_word' id='word_1_269' title='bbox 2018 2294 2365 2349; x_wconf 88' lang='lat' dir='ltr'><strong>exercebant.</strong></span> 
     </span>
    </p>
   </div>
   <div class='ocr_carea' id='block_1_38' title="bbox 792 2377 2370 2449">
    <p class='ocr_par' dir='ltr' id='par_1_38' title="bbox 792 2377 2370 2449">
     <span class='ocr_line' id='line_1_38' title="bbox 792 2377 2370 2449; baseline 0.006 -20"><span class='ocrx_word' id='word_1_270' title='bbox 792 2377 1036 2447; x_wconf 77' lang='lat' dir='ltr'><strong>Cumque</strong></span> <span class='ocrx_word' id='word_1_271' title='bbox 1061 2380 1216 2434; x_wconf 88' lang='lat' dir='ltr'><strong>multi</strong></span> <span class='ocrx_word' id='word_1_272' title='bbox 1240 2382 1535 2437; x_wconf 80' lang='lat' dir='ltr'><strong>verborum</strong></span> <span class='ocrx_word' id='word_1_273' title='bbox 1563 2385 1827 2438; x_wconf 87' lang='lat' dir='ltr'><strong>suavitate</strong></span> <span class='ocrx_word' id='word_1_274' title='bbox 1868 2383 2240 2449; x_wconf 90' lang='lat' dir='ltr'><strong>allicercntur,</strong></span> <span class='ocrx_word' id='word_1_275' title='bbox 2267 2384 2370 2439; x_wconf 94' lang='lat' dir='ltr'><strong>lai-</strong></span> 
     </span>
    </p>
   </div>
   <div class='ocr_carea' id='block_1_39' title="bbox 792 2469 2372 2538">
    <p class='ocr_par' dir='ltr' id='par_1_39' title="bbox 792 2469 2372 2538">
     <span class='ocr_line' id='line_1_39' title="bbox 792 2469 2372 2538; baseline 0.003 -15"><span class='ocrx_word' id='word_1_276' title='bbox 792 2484 890 2524; x_wconf 93' lang='lat' dir='ltr'><strong>cus</strong></span> <span class='ocrx_word' id='word_1_277' title='bbox 914 2469 1138 2538; x_wconf 88' lang='lat' dir='ltr'><strong>quidam</strong></span> <span class='ocrx_word' id='word_1_278' title='bbox 1166 2486 1233 2525; x_wconf 88' lang='lat' dir='ltr'><strong>ex</strong></span> <span class='ocrx_word' id='word_1_279' title='bbox 1259 2472 1637 2529; x_wconf 84' lang='lat' dir='ltr'><strong>conlcssorum</strong></span> <span class='ocrx_word' id='word_1_280' title='bbox 1662 2488 1915 2538; x_wconf 90' lang='lat' dir='ltr'><strong>numero,</strong></span> <span class='ocrx_word' id='word_1_281' title='bbox 1955 2482 2111 2528; x_wconf 88' lang='lat' dir='ltr'><strong>recto</strong></span> <span class='ocrx_word' id='word_1_282' title='bbox 2137 2490 2200 2529; x_wconf 89' lang='lat' dir='ltr'><strong>ac</strong></span> <span class='ocrx_word' id='word_1_283' title='bbox 2243 2474 2372 2529; x_wconf 90' lang='lat' dir='ltr'><strong>sim-</strong></span> 
     </span>
    </p>
   </div>
   <div class='ocr_carea' id='block_1_40' title="bbox 792 2565 2367 2638">
    <p class='ocr_par' dir='ltr' id='par_1_40' title="bbox 792 2565 2367 2638">
     <span class='ocr_line' id='line_1_40' title="bbox 792 2565 2367 2638; baseline -0.001 -17"><span class='ocrx_word' id='word_1_284' title='bbox 792 2567 1206 2638; x_wconf 61' lang='lat' dir='ltr'><strong>plicipraditus</strong></span> <span class='ocrx_word' id='word_1_285' title='bbox 1231 2581 1418 2630; x_wconf 89' lang='lat' dir='ltr'><strong>sensu,</strong></span> <span class='ocrx_word' id='word_1_286' title='bbox 1465 2581 1590 2620; x_wconf 89' lang='lat' dir='ltr'><strong>cum</strong></span> <span class='ocrx_word' id='word_1_287' title='bbox 1638 2565 1948 2621; x_wconf 88' lang='lat' dir='ltr'><strong>dialecticis</strong></span> <span class='ocrx_word' id='word_1_288' title='bbox 1991 2566 2367 2637; x_wconf 85' lang='lat' dir='ltr'><strong>congreditur,</strong></span> 
     </span>
    </p>
   </div>
   <div class='ocr_carea' id='block_1_41' title="bbox 793 2657 2368 2728">
    <p class='ocr_par' dir='ltr' id='par_1_41' title="bbox 793 2657 2368 2728">
     <span class='ocr_line' id='line_1_41' title="bbox 793 2657 2368 2728; baseline 0.001 -16"><span class='ocrx_word' id='word_1_289' title='bbox 793 2658 985 2728; x_wconf 87' lang='lat' dir='ltr'><strong>hisque</strong></span> <span class='ocrx_word' id='word_1_290' title='bbox 1013 2658 1135 2712; x_wconf 91' lang='lat' dir='ltr'><strong>illos</strong></span> <span class='ocrx_word' id='word_1_291' title='bbox 1164 2657 1349 2712; x_wconf 86' lang='lat' dir='ltr'><strong>verbis</strong></span> <span class='ocrx_word' id='word_1_292' title='bbox 1393 2657 1742 2726; x_wconf 89' lang='lat' dir='ltr'><strong>compellavit</strong></span> <span class='ocrx_word' id='word_1_293' title='bbox 1782 2675 1793 2709; x_wconf 88' lang='lat'><strong>:</strong></span> <span class='ocrx_word' id='word_1_294' title='bbox 1839 2657 2092 2714; x_wconf 86' lang='lat' dir='ltr'><strong>Christus</strong></span> <span class='ocrx_word' id='word_1_295' title='bbox 2136 2667 2192 2713; x_wconf 88' lang='lat' dir='ltr'><strong>et</strong></span> <span class='ocrx_word' id='word_1_296' title='bbox 2234 2674 2368 2728; x_wconf 89' lang='lat' dir='ltr'><strong>apo-</strong></span> 
     </span>
    </p>
   </div>
   <div class='ocr_carea' id='block_1_42' title="bbox 791 2749 2372 2812">
    <p class='ocr_par' dir='ltr' id='par_1_42' title="bbox 791 2749 2372 2812">
     <span class='ocr_line' id='line_1_42' title="bbox 791 2749 2372 2812; baseline -0.001 -8"><span class='ocrx_word' id='word_1_297' title='bbox 791 2751 914 2805; x_wconf 82' lang='lat' dir='ltr'><strong>stoli</strong></span> <span class='ocrx_word' id='word_1_298' title='bbox 934 2765 1040 2805; x_wconf 89' lang='lat' dir='ltr'><strong>non</strong></span> <span class='ocrx_word' id='word_1_299' title='bbox 1059 2758 1230 2804; x_wconf 91' lang='lat' dir='ltr'><strong>artem</strong></span> <span class='ocrx_word' id='word_1_300' title='bbox 1254 2749 1415 2804; x_wconf 91' lang='lat' dir='ltr'><strong>nobis</strong></span> <span class='ocrx_word' id='word_1_301' title='bbox 1436 2749 1798 2812; x_wconf 80' lang='lat' dir='ltr'><strong>dialecticam,</strong></span> <span class='ocrx_word' id='word_1_302' title='bbox 1824 2765 1926 2805; x_wconf 90' lang='lat' dir='ltr'><strong>nec</strong></span> <span class='ocrx_word' id='word_1_303' title='bbox 1950 2750 2166 2805; x_wconf 88' lang='lat' dir='ltr'><strong>inanem</strong></span> <span class='ocrx_word' id='word_1_304' title='bbox 2183 2766 2372 2805; x_wconf 89' lang='lat' dir='ltr'><strong>versu-</strong></span> 
     </span>
    </p>
   </div>
   <div class='ocr_carea' id='block_1_43' title="bbox 794 2838 2369 2911">
    <p class='ocr_par' dir='ltr' id='par_1_43' title="bbox 794 2838 2369 2911">
     <span class='ocr_line' id='line_1_43' title="bbox 794 2838 2369 2911; baseline 0.001 -16"><span class='ocrx_word' id='word_1_305' title='bbox 794 2843 924 2897; x_wconf 82' lang='lat' dir='ltr'><strong>tiam</strong></span> <span class='ocrx_word' id='word_1_306' title='bbox 950 2840 1320 2905; x_wconf 85' lang='lat' dir='ltr'><strong>tradiderunt,</strong></span> <span class='ocrx_word' id='word_1_307' title='bbox 1348 2838 1444 2895; x_wconf 88' lang='lat' dir='ltr'><strong>sed</strong></span> <span class='ocrx_word' id='word_1_308' title='bbox 1486 2848 1731 2911; x_wconf 90' lang='lat' dir='ltr'><strong>apertam</strong></span> <span class='ocrx_word' id='word_1_309' title='bbox 1779 2857 1844 2896; x_wconf 92' lang='lat' dir='ltr'><strong>ac</strong></span> <span class='ocrx_word' id='word_1_310' title='bbox 1891 2843 2196 2911; x_wconf 87' lang='lat' dir='ltr'><strong>simplicem</strong></span> <span class='ocrx_word' id='word_1_311' title='bbox 2242 2857 2369 2896; x_wconf 90' lang='lat' dir='ltr'><strong>sen-</strong></span> 
     </span>
    </p>
   </div>
   <div class='ocr_carea' id='block_1_44' title="bbox 796 2931 2365 3004">
    <p class='ocr_par' dir='ltr' id='par_1_44' title="bbox 796 2931 2365 3004">
     <span class='ocr_line' id='line_1_44' title="bbox 796 2931 2365 3004; baseline -0.001 -15"><span class='ocrx_word' id='word_1_312' title='bbox 796 2935 1059 2999; x_wconf 82' lang='lat' dir='ltr'><strong>tentiam,</strong></span> <span class='ocrx_word' id='word_1_313' title='bbox 1110 2949 1231 3004; x_wconf 71' lang='lat' dir='ltr'><strong>qua:</strong></span> <span class='ocrx_word' id='word_1_314' title='bbox 1287 2931 1392 2988; x_wconf 91' lang='lat' dir='ltr'><strong>ﬁde</strong></span> <span class='ocrx_word' id='word_1_315' title='bbox 1443 2933 1713 3003; x_wconf 90' lang='lat' dir='ltr'><strong>bonisque</strong></span> <span class='ocrx_word' id='word_1_316' title='bbox 1761 2933 1977 2989; x_wconf 87' lang='lat' dir='ltr'><strong>actibus</strong></span> <span class='ocrx_word' id='word_1_317' title='bbox 2034 2933 2365 2989; x_wconf 88' lang='lat' dir='ltr'><strong>custoditur.</strong></span> 
     </span>
    </p>
   </div>
   <div class='ocr_carea' id='block_1_45' title="bbox 792 3023 2370 3094">
    <p class='ocr_par' dir='ltr' id='par_1_45' title="bbox 792 3023 2370 3094">
     <span class='ocr_line' id='line_1_45' title="bbox 792 3023 2370 3094; baseline -0.001 -12"><span class='ocrx_word' id='word_1_318' title='bbox 792 3028 921 3094; x_wconf 65' lang='lat' dir='ltr'><strong>Quae</strong></span> <span class='ocrx_word' id='word_1_319' title='bbox 957 3041 1081 3081; x_wconf 93' lang='lat' dir='ltr'><strong>cum</strong></span> <span class='ocrx_word' id='word_1_320' title='bbox 1108 3024 1356 3089; x_wconf 87' lang='lat' dir='ltr'><strong>dixisset,</strong></span> <span class='ocrx_word' id='word_1_321' title='bbox 1383 3039 1573 3079; x_wconf 86' lang='lat' dir='ltr'><strong>omnes</strong></span> <span class='ocrx_word' id='word_1_322' title='bbox 1598 3024 1690 3093; x_wconf 85' lang='lat' dir='ltr'><strong>qui</strong></span> <span class='ocrx_word' id='word_1_323' title='bbox 1719 3023 1966 3089; x_wconf 82' lang='lat' dir='ltr'><strong>aderant,</strong></span> <span class='ocrx_word' id='word_1_324' title='bbox 2009 3025 2370 3081; x_wconf 89' lang='lat' dir='ltr'><strong>admiratione</strong></span> 
     </span>
    </p>
   </div>
   <div class='ocr_carea' id='block_1_46' title="bbox 792 3116 2370 3190">
    <p class='ocr_par' dir='ltr' id='par_1_46' title="bbox 792 3116 2370 3190">
     <span class='ocr_line' id='line_1_46' title="bbox 792 3116 2370 3190; baseline -0.001 -17"><span class='ocrx_word' id='word_1_325' title='bbox 792 3118 1053 3190; x_wconf 89' lang='lat' dir='ltr'><strong>perculsi,</strong></span> <span class='ocrx_word' id='word_1_326' title='bbox 1089 3117 1140 3172; x_wconf 90' lang='lat' dir='ltr'><strong>ei</strong></span> <span class='ocrx_word' id='word_1_327' title='bbox 1190 3126 1586 3182; x_wconf 89' lang='lat' dir='ltr'><strong>asscnscrunt;</strong></span> <span class='ocrx_word' id='word_1_328' title='bbox 1635 3116 1908 3171; x_wconf 88' lang='lat' dir='ltr'><strong>dialectici</strong></span> <span class='ocrx_word' id='word_1_329' title='bbox 1959 3133 2092 3173; x_wconf 90' lang='lat' dir='ltr'><strong>vero</strong></span> <span class='ocrx_word' id='word_1_330' title='bbox 2136 3117 2370 3188; x_wconf 90' lang='lat' dir='ltr'><strong>simplici</strong></span> 
     </span>
    </p>
   </div>
   <div class='ocr_carea' id='block_1_47' title="bbox 793 3207 2370 3278">
    <p class='ocr_par' dir='ltr' id='par_1_47' title="bbox 793 3207 2370 3278">
     <span class='ocr_line' id='line_1_47' title="bbox 793 3207 2370 3278; baseline -0.002 -11"><span class='ocrx_word' id='word_1_331' title='bbox 793 3224 1046 3267; x_wconf 84' lang='lat' dir='ltr'><strong>sermone</strong></span> <span class='ocrx_word' id='word_1_332' title='bbox 1083 3208 1332 3263; x_wconf 85' lang='lat' dir='ltr'><strong>veritatis</strong></span> <span class='ocrx_word' id='word_1_333' title='bbox 1372 3207 1582 3271; x_wconf 89' lang='lat' dir='ltr'><strong>audito,</strong></span> <span class='ocrx_word' id='word_1_334' title='bbox 1629 3207 1859 3277; x_wconf 89' lang='lat' dir='ltr'><strong>posthac</strong></span> <span class='ocrx_word' id='word_1_335' title='bbox 1902 3209 2143 3278; x_wconf 66' lang='lat' dir='ltr'><strong>aequiore</strong></span> <span class='ocrx_word' id='word_1_336' title='bbox 2187 3211 2370 3264; x_wconf 90' lang='lat' dir='ltr'><strong>animo</strong></span> 
     </span>
    </p>
   </div>
   <div class='ocr_carea' id='block_1_48' title="bbox 794 3298 2369 3373">
    <p class='ocr_par' dir='ltr' id='par_1_48' title="bbox 794 3298 2369 3373">
     <span class='ocr_line' id='line_1_48' title="bbox 794 3298 2369 3373; baseline 0 -16"><span class='ocrx_word' id='word_1_337' title='bbox 794 3302 1187 3371; x_wconf 87' lang='lat' dir='ltr'><strong>conquievere.</strong></span> <span class='ocrx_word' id='word_1_338' title='bbox 1215 3300 1274 3354; x_wconf 92' lang='lat' dir='ltr'><strong>ln</strong></span> <span class='ocrx_word' id='word_1_339' title='bbox 1316 3300 1464 3354; x_wconf 89' lang='lat' dir='ltr'><strong>hunc</strong></span> <span class='ocrx_word' id='word_1_340' title='bbox 1496 3298 1721 3354; x_wconf 91' lang='lat' dir='ltr'><strong>modum</strong></span> <span class='ocrx_word' id='word_1_341' title='bbox 1760 3300 2028 3356; x_wconf 89' lang='lat' dir='ltr'><strong>tumultus</strong></span> <span class='ocrx_word' id='word_1_342' title='bbox 2071 3301 2159 3356; x_wconf 89' lang='lat' dir='ltr'><strong>ille</strong></span> <span class='ocrx_word' id='word_1_343' title='bbox 2206 3317 2369 3373; x_wconf 89' lang='lat' dir='ltr'><strong>quem</strong></span> 
     </span>
    </p>
   </div>
   <div class='ocr_carea' id='block_1_49' title="bbox 794 3392 2367 3463">
    <p class='ocr_par' dir='ltr' id='par_1_49' title="bbox 794 3392 2367 3463">
     <span class='ocr_line' id='line_1_49' title="bbox 794 3392 2367 3463; baseline 0 -14"><span class='ocrx_word' id='word_1_344' title='bbox 794 3394 1082 3449; x_wconf 89' lang='lat' dir='ltr'><strong>dialectica</strong></span> <span class='ocrx_word' id='word_1_345' title='bbox 1136 3392 1542 3455; x_wconf 85' lang='lat' dir='ltr'><strong>concitaverat,</strong></span> <span class='ocrx_word' id='word_1_346' title='bbox 1594 3392 1815 3462; x_wconf 90' lang='lat' dir='ltr'><strong>penitus</strong></span> <span class='ocrx_word' id='word_1_347' title='bbox 1857 3408 2205 3463; x_wconf 89' lang='lat' dir='ltr'><strong>compressus</strong></span> <span class='ocrx_word' id='word_1_348' title='bbox 2265 3402 2367 3449; x_wconf 90' lang='lat' dir='ltr'><strong>est.</strong></span> 
     </span>
    </p>
   </div>
   <div class='ocr_carea' id='block_1_50' title="bbox 795 3483 2369 3553">
    <p class='ocr_par' dir='ltr' id='par_1_50' title="bbox 795 3483 2369 3553">
     <span class='ocr_line' id='line_1_50' title="bbox 795 3483 2369 3553; baseline 0 -13"><span class='ocrx_word' id='word_1_349' title='bbox 795 3486 1020 3540; x_wconf 79' lang='lat' dir='ltr'><strong>Postero</strong></span> <span class='ocrx_word' id='word_1_350' title='bbox 1051 3484 1138 3538; x_wconf 90' lang='lat' dir='ltr'><strong>die</strong></span> <span class='ocrx_word' id='word_1_351' title='bbox 1166 3483 1409 3553; x_wconf 88' lang='lat' dir='ltr'><strong>epise0pi</strong></span> <span class='ocrx_word' id='word_1_352' title='bbox 1435 3498 1627 3538; x_wconf 88' lang='lat' dir='ltr'><strong>omnes</strong></span> <span class='ocrx_word' id='word_1_353' title='bbox 1654 3499 1823 3537; x_wconf 91' lang='lat' dir='ltr'><strong>unum</strong></span> <span class='ocrx_word' id='word_1_354' title='bbox 1869 3485 1922 3538; x_wconf 91' lang='lat' dir='ltr'><strong>in</strong></span> <span class='ocrx_word' id='word_1_355' title='bbox 1947 3486 2128 3539; x_wconf 93' lang='lat' dir='ltr'><strong>locum</strong></span> <span class='ocrx_word' id='word_1_356' title='bbox 2167 3501 2369 3540; x_wconf 90' lang='lat' dir='ltr'><strong>conve-</strong></span> 
     </span>
    </p>
   </div>
   <div class='ocr_carea' id='block_1_51' title="bbox 794 3574 2370 3645">
    <p class='ocr_par' dir='ltr' id='par_1_51' title="bbox 794 3574 2370 3645">
     <span class='ocr_line' id='line_1_51' title="bbox 794 3574 2370 3645; baseline 0 -14"><span class='ocrx_word' id='word_1_357' title='bbox 794 3578 973 3631; x_wconf 90' lang='lat' dir='ltr'><strong>niunt.</strong></span> <span class='ocrx_word' id='word_1_358' title='bbox 1025 3576 1154 3631; x_wconf 85' lang='lat' dir='ltr'><strong>Post</strong></span> <span class='ocrx_word' id='word_1_359' title='bbox 1202 3575 1324 3629; x_wconf 91' lang='lat' dir='ltr'><strong>illos</strong></span> <span class='ocrx_word' id='word_1_360' title='bbox 1371 3574 1592 3629; x_wconf 88' lang='lat' dir='ltr'><strong>advenit</strong></span> <span class='ocrx_word' id='word_1_361' title='bbox 1659 3575 1828 3630; x_wconf 90' lang='lat' dir='ltr'><strong>etiam</strong></span> <span class='ocrx_word' id='word_1_362' title='bbox 1879 3576 2198 3645; x_wconf 88' lang='lat' dir='ltr'><strong>imperator.</strong></span> <span class='ocrx_word' id='word_1_363' title='bbox 2267 3576 2370 3642; x_wconf 78' lang='lat' dir='ltr'><strong>Qui</strong></span> 
     </span>
    </p>
   </div>
   <div class='ocr_carea' id='block_1_52' title="bbox 796 3667 2372 3740">
    <p class='ocr_par' dir='ltr' id='par_1_52' title="bbox 796 3667 2372 3740">
     <span class='ocr_line' id='line_1_52' title="bbox 796 3667 2372 3740; baseline 0.001 -18"><span class='ocrx_word' id='word_1_364' title='bbox 796 3679 1084 3739; x_wconf 88' lang='lat' dir='ltr'><strong>postquam</strong></span> <span class='ocrx_word' id='word_1_365' title='bbox 1109 3668 1389 3737; x_wconf 80' lang='lat' dir='ltr'><strong>ingressus</strong></span> <span class='ocrx_word' id='word_1_366' title='bbox 1424 3675 1529 3729; x_wconf 81' lang='lat' dir='ltr'><strong>cst,</strong></span> <span class='ocrx_word' id='word_1_367' title='bbox 1560 3668 1714 3721; x_wconf 90' lang='lat' dir='ltr'><strong>stetit</strong></span> <span class='ocrx_word' id='word_1_368' title='bbox 1741 3668 1794 3722; x_wconf 92' lang='lat' dir='ltr'><strong>in</strong></span> <span class='ocrx_word' id='word_1_369' title='bbox 1822 3667 2004 3722; x_wconf 90' lang='lat' dir='ltr'><strong>medio</strong></span> <span class='ocrx_word' id='word_1_370' title='bbox 2032 3686 2043 3721; x_wconf 91' lang='lat'><strong>:</strong></span> <span class='ocrx_word' id='word_1_371' title='bbox 2093 3684 2194 3723; x_wconf 88' lang='lat' dir='ltr'><strong>nec</strong></span> <span class='ocrx_word' id='word_1_372' title='bbox 2219 3670 2372 3740; x_wconf 89' lang='lat' dir='ltr'><strong>prius</strong></span> 
     </span>
    </p>
   </div>
   <div class='ocr_carea' id='block_1_53' title="bbox 795 3758 2372 3830">
    <p class='ocr_par' dir='ltr' id='par_1_53' title="bbox 795 3758 2372 3830">
     <span class='ocr_line' id='line_1_53' title="bbox 795 3758 2372 3830; baseline -0.001 -14"><span class='ocrx_word' id='word_1_373' title='bbox 795 3760 988 3816; x_wconf 82' lang='lat' dir='ltr'><strong>sedere</strong></span> <span class='ocrx_word' id='word_1_374' title='bbox 1014 3758 1298 3822; x_wconf 89' lang='lat' dir='ltr'><strong>sustinuit,</strong></span> <span class='ocrx_word' id='word_1_375' title='bbox 1332 3773 1492 3827; x_wconf 89' lang='lat' dir='ltr'><strong>quam</strong></span> <span class='ocrx_word' id='word_1_376' title='bbox 1520 3759 1762 3829; x_wconf 90' lang='lat' dir='ltr'><strong>episcopi</strong></span> <span class='ocrx_word' id='word_1_377' title='bbox 1807 3759 1860 3813; x_wconf 92' lang='lat' dir='ltr'><strong>id</strong></span> <span class='ocrx_word' id='word_1_378' title='bbox 1899 3769 2037 3813; x_wconf 91' lang='lat' dir='ltr'><strong>nutu</strong></span> <span class='ocrx_word' id='word_1_379' title='bbox 2072 3760 2372 3830; x_wconf 82' lang='lat' dir='ltr'><strong>signiﬁcas-</strong></span> 
     </span>
    </p>
   </div>
   <div class='ocr_carea' id='block_1_54' title="bbox 795 3850 2370 3921">
    <p class='ocr_par' dir='ltr' id='par_1_54' title="bbox 795 3850 2370 3921">
     <span class='ocr_line' id='line_1_54' title="bbox 795 3850 2370 3921; baseline 0 -16"><span class='ocrx_word' id='word_1_380' title='bbox 795 3858 935 3906; x_wconf 87' lang='lat' dir='ltr'><strong>sent.</strong></span> <span class='ocrx_word' id='word_1_381' title='bbox 976 3850 1146 3904; x_wconf 87' lang='lat' dir='ltr'><strong>Tanta</strong></span> <span class='ocrx_word' id='word_1_382' title='bbox 1176 3850 1297 3904; x_wconf 92' lang='lat' dir='ltr'><strong>illos</strong></span> <span class='ocrx_word' id='word_1_383' title='bbox 1340 3850 1687 3906; x_wconf 84' lang='lat' dir='ltr'><strong>observantia</strong></span> <span class='ocrx_word' id='word_1_384' title='bbox 1733 3866 1795 3904; x_wconf 91' lang='lat' dir='ltr'><strong>ac</strong></span> <span class='ocrx_word' id='word_1_385' title='bbox 1841 3852 2148 3905; x_wconf 88' lang='lat' dir='ltr'><strong>reverentia</strong></span> <span class='ocrx_word' id='word_1_386' title='bbox 2195 3851 2370 3921; x_wconf 89' lang='lat' dir='ltr'><strong>impe-</strong></span> 
     </span>
    </p>
   </div>
   <div class='ocr_carea' id='block_1_55' title="bbox 798 3942 2372 4013">
    <p class='ocr_par' dir='ltr' id='par_1_55' title="bbox 798 3942 2372 4013">
     <span class='ocr_line' id='line_1_55' title="bbox 798 3942 2372 4013; baseline 0.002 -18"><span class='ocrx_word' id='word_1_387' title='bbox 798 3950 946 3997; x_wconf 90' lang='lat' dir='ltr'><strong>rator</strong></span> <span class='ocrx_word' id='word_1_388' title='bbox 969 3942 1423 4012; x_wconf 87' lang='lat' dir='ltr'><strong>prosequebatur.</strong></span> <span class='ocrx_word' id='word_1_389' title='bbox 1451 3942 1616 3997; x_wconf 82' lang='lat' dir='ltr'><strong>Facto</strong></span> <span class='ocrx_word' id='word_1_390' title='bbox 1652 3942 1872 4005; x_wconf 83' lang='lat' dir='ltr'><strong>deinde,</strong></span> <span class='ocrx_word' id='word_1_391' title='bbox 1900 3951 1960 3997; x_wconf 91' lang='lat' dir='ltr'><strong>ut</strong></span> <span class='ocrx_word' id='word_1_392' title='bbox 1995 3959 2094 4013; x_wconf 90' lang='lat' dir='ltr'><strong>par</strong></span> <span class='ocrx_word' id='word_1_393' title='bbox 2120 3954 2258 4008; x_wconf 92' lang='lat' dir='ltr'><strong>erat,</strong></span> <span class='ocrx_word' id='word_1_394' title='bbox 2300 3944 2372 3998; x_wconf 93' lang='lat' dir='ltr'><strong>si-</strong></span> 
     </span>
    </p>
   </div>
   <div class='ocr_carea' id='block_1_56' title="bbox 800 4034 2367 4106">
    <p class='ocr_par' dir='ltr' id='par_1_56' title="bbox 800 4034 2367 4106">
     <span class='ocr_line' id='line_1_56' title="bbox 800 4034 2367 4106; baseline 0.003 -21"><span class='ocrx_word' id='word_1_395' title='bbox 800 4034 987 4098; x_wconf 76' lang='lat' dir='ltr'><strong>.entio,</strong></span> <span class='ocrx_word' id='word_1_396' title='bbox 1015 4034 1315 4105; x_wconf 89' lang='lat' dir='ltr'><strong>imperator</strong></span> <span class='ocrx_word' id='word_1_397' title='bbox 1341 4051 1406 4089; x_wconf 90' lang='lat' dir='ltr'><strong>ex</strong></span> <span class='ocrx_word' id='word_1_398' title='bbox 1450 4035 1579 4089; x_wconf 86' lang='lat' dir='ltr'><strong>sella</strong></span> <span class='ocrx_word' id='word_1_399' title='bbox 1626 4035 1796 4089; x_wconf 88' lang='lat' dir='ltr'><strong>verba</strong></span> <span class='ocrx_word' id='word_1_400' title='bbox 1842 4034 2021 4090; x_wconf 79' lang='lat' dir='ltr'><strong>facere</strong></span> <span class='ocrx_word' id='word_1_401' title='bbox 2067 4037 2254 4106; x_wconf 69' lang='lat' dir='ltr'><strong>coepit,</strong></span> <span class='ocrx_word' id='word_1_402' title='bbox 2301 4036 2367 4091; x_wconf 89' lang='lat' dir='ltr'><strong>ad</strong></span> 
     </span>
    </p>
   </div>
   <div class='ocr_carea' id='block_1_57' title="bbox 800 4130 2373 4201">
    <p class='ocr_par' dir='ltr' id='par_1_57' title="bbox 800 4130 2373 4201">
     <span class='ocr_line' id='line_1_57' title="bbox 800 4130 2373 4201; baseline 0.001 -17"><span class='ocrx_word' id='word_1_403' title='bbox 800 4144 1125 4184; x_wconf 89' lang='lat' dir='ltr'><strong>consensum</strong></span> <span class='ocrx_word' id='word_1_404' title='bbox 1182 4144 1278 4184; x_wconf 90' lang='lat' dir='ltr'><strong>eos</strong></span> <span class='ocrx_word' id='word_1_405' title='bbox 1324 4130 1622 4185; x_wconf 88' lang='lat' dir='ltr'><strong>exhortans</strong></span> <span class='ocrx_word' id='word_1_406' title='bbox 1672 4138 1836 4201; x_wconf 89' lang='lat' dir='ltr'><strong>atque</strong></span> <span class='ocrx_word' id='word_1_407' title='bbox 1884 4130 2270 4197; x_wconf 90' lang='lat' dir='ltr'><strong>concordiam;</strong></span> <span class='ocrx_word' id='word_1_408' title='bbox 2317 4140 2373 4187; x_wconf 90' lang='lat' dir='ltr'><strong>et</strong></span> 
     </span>
    </p>
   </div>
   <div class='ocr_carea' id='block_1_58' title="bbox 800 4220 2368 4290">
    <p class='ocr_par' dir='ltr' id='par_1_58' title="bbox 800 4220 2368 4290">
     <span class='ocr_line' id='line_1_58' title="bbox 800 4220 2368 4290; baseline 0.003 -20"><span class='ocrx_word' id='word_1_409' title='bbox 800 4221 1037 4290; x_wconf 88' lang='lat' dir='ltr'><strong>privatas</strong></span> <span class='ocrx_word' id='word_1_410' title='bbox 1062 4220 1282 4290; x_wconf 89' lang='lat' dir='ltr'><strong>quidem</strong></span> <span class='ocrx_word' id='word_1_411' title='bbox 1308 4220 1615 4275; x_wconf 88' lang='lat' dir='ltr'><strong>simultates</strong></span> <span class='ocrx_word' id='word_1_412' title='bbox 1658 4229 1717 4274; x_wconf 90' lang='lat' dir='ltr'><strong>ut</strong></span> <span class='ocrx_word' id='word_1_413' title='bbox 1764 4221 1959 4290; x_wconf 84' lang='lat' dir='ltr'><strong>singuli</strong></span> <span class='ocrx_word' id='word_1_414' title='bbox 2009 4220 2368 4290; x_wconf 89' lang='lat' dir='ltr'><strong>deponerent,</strong></span> 
     </span>
    </p>
   </div>
   <div class='ocr_carea' id='block_1_59' title="bbox 799 4311 2371 4382">
    <p class='ocr_par' dir='ltr' id='par_1_59' title="bbox 799 4311 2371 4382">
     <span class='ocr_line' id='line_1_59' title="bbox 799 4311 2371 4382; baseline 0.001 -15"><span class='ocrx_word' id='word_1_415' title='bbox 799 4312 1098 4368; x_wconf 86' lang='lat' dir='ltr'><strong>admonuit.</strong></span> <span class='ocrx_word' id='word_1_416' title='bbox 1122 4311 1331 4382; x_wconf 87' lang='lat' dir='ltr'><strong>Quippe</strong></span> <span class='ocrx_word' id='word_1_417' title='bbox 1356 4311 1667 4381; x_wconf 88' lang='lat' dir='ltr'><strong>coruplurcs</strong></span> <span class='ocrx_word' id='word_1_418' title='bbox 1704 4327 1896 4366; x_wconf 91' lang='lat' dir='ltr'><strong>eorum</strong></span> <span class='ocrx_word' id='word_1_419' title='bbox 1921 4327 2040 4367; x_wconf 89' lang='lat' dir='ltr'><strong>sese</strong></span> <span class='ocrx_word' id='word_1_420' title='bbox 2064 4320 2255 4366; x_wconf 90' lang='lat' dir='ltr'><strong>mutuo</strong></span> <span class='ocrx_word' id='word_1_421' title='bbox 2278 4328 2371 4368; x_wconf 90' lang='lat' dir='ltr'><strong>ac-</strong></span> 
     </span>
    </p>
   </div>
   <div class='ocr_carea' id='block_1_60' title="bbox 798 4403 2372 4474">
    <p class='ocr_par' dir='ltr' id='par_1_60' title="bbox 798 4403 2372 4474">
     <span class='ocr_line' id='line_1_60' title="bbox 798 4403 2372 4474; baseline 0 -15"><span class='ocrx_word' id='word_1_422' title='bbox 798 4405 1101 4459; x_wconf 89' lang='lat' dir='ltr'><strong>cusabant:</strong></span> <span class='ocrx_word' id='word_1_423' title='bbox 1136 4403 1385 4459; x_wconf 89' lang='lat' dir='ltr'><strong>nonnulli</strong></span> <span class='ocrx_word' id='word_1_424' title='bbox 1415 4405 1578 4459; x_wconf 89' lang='lat' dir='ltr'><strong>etiam</strong></span> <span class='ocrx_word' id='word_1_425' title='bbox 1615 4404 1791 4474; x_wconf 87' lang='lat' dir='ltr'><strong>pridie</strong></span> <span class='ocrx_word' id='word_1_426' title='bbox 1838 4405 1958 4474; x_wconf 89' lang='lat' dir='ltr'><strong>ejus</strong></span> <span class='ocrx_word' id='word_1_427' title='bbox 2003 4404 2111 4458; x_wconf 90' lang='lat' dir='ltr'><strong>diei</strong></span> <span class='ocrx_word' id='word_1_428' title='bbox 2160 4404 2372 4459; x_wconf 88' lang='lat' dir='ltr'><strong>libellos</strong></span> 
     </span>
    </p>
   </div>
   <div class='ocr_carea' id='block_1_61' title="bbox 799 4496 2372 4569">
    <p class='ocr_par' dir='ltr' id='par_1_61' title="bbox 799 4496 2372 4569">
     <span class='ocr_line' id='line_1_61' title="bbox 799 4496 2372 4569; baseline 0.001 -19"><span class='ocrx_word' id='word_1_429' title='bbox 799 4497 1074 4567; x_wconf 84' lang='lat' dir='ltr'><strong>supplices</strong></span> <span class='ocrx_word' id='word_1_430' title='bbox 1122 4496 1438 4566; x_wconf 91' lang='lat' dir='ltr'><strong>imperatori</strong></span> <span class='ocrx_word' id='word_1_431' title='bbox 1496 4503 1872 4565; x_wconf 83' lang='lat' dir='ltr'><strong>perrexerant.</strong></span> <span class='ocrx_word' id='word_1_432' title='bbox 1930 4496 2051 4566; x_wconf 89' lang='lat' dir='ltr'><strong>Ipse</strong></span> <span class='ocrx_word' id='word_1_433' title='bbox 2094 4511 2258 4562; x_wconf 85' lang='lat' dir='ltr'><strong>vero,</strong></span> <span class='ocrx_word' id='word_1_434' title='bbox 2312 4507 2372 4569; x_wconf 74' lang='lat' dir='ltr'><strong>ut</strong></span> 
     </span>
    </p>
   </div>
   <div class='ocr_carea' id='block_1_62' title="bbox 2472 2011 4053 2088">
    <p class='ocr_par' dir='ltr' id='par_1_62' title="bbox 2472 2011 4053 2088">
     <span class='ocr_line' id='line_1_62' title="bbox 2472 2011 4053 2088; baseline -0.002 -18"><span class='ocrx_word' id='word_1_435' title='bbox 2472 2034 2577 2071; x_wconf 89' lang='grc' dir='ltr'><strong>νων</strong></span> <span class='ocrx_word' id='word_1_436' title='bbox 2603 2018 2657 2070; x_wconf 81' lang='grc' dir='ltr'>δὲ</span> <span class='ocrx_word' id='word_1_437' title='bbox 2683 2016 2892 2070; x_wconf 83' lang='grc' dir='ltr'>πολλῶν</span> <span class='ocrx_word' id='word_1_438' title='bbox 2923 2018 3057 2088; x_wconf 73' lang='grc' dir='ltr'>πρὸς</span> <span class='ocrx_word' id='word_1_439' title='bbox 3076 2017 3135 2071; x_wconf 82' lang='grc' dir='ltr'><strong>τὸ</strong></span> <span class='ocrx_word' id='word_1_440' title='bbox 3163 2016 3256 2071; x_wconf 74' lang='grc' dir='ltr'>τοῦ</span> <span class='ocrx_word' id='word_1_441' title='bbox 3280 2017 3439 2086; x_wconf 88' lang='grc' dir='ltr'>λόγου</span> <span class='ocrx_word' id='word_1_442' title='bbox 3470 2017 3719 2087; x_wconf 77' lang='grc' dir='ltr'>τερπνὸν,</span> <span class='ocrx_word' id='word_1_443' title='bbox 3746 2011 3826 2080; x_wconf 71' lang='grc' dir='ltr'>εἷς</span> <span class='ocrx_word' id='word_1_444' title='bbox 3845 2035 3928 2079; x_wconf 89' lang='grc' dir='ltr'><strong>τις</strong></span> <span class='ocrx_word' id='word_1_445' title='bbox 3946 2015 4053 2069; x_wconf 83' lang='grc' dir='ltr'><strong>τῶν</strong></span> 
     </span>
    </p>
   </div>
   <div class='ocr_carea' id='block_1_63' title="bbox 2469 2108 4054 2180">
    <p class='ocr_par' dir='ltr' id='par_1_63' title="bbox 2469 2108 4054 2180">
     <span class='ocr_line' id='line_1_63' title="bbox 2469 2108 4054 2180; baseline 0 -20"><span class='ocrx_word' id='word_1_446' title='bbox 2469 2109 2815 2178; x_wconf 62' lang='grc' dir='ltr'>ὀμολογήτῶν</span> <span class='ocrx_word' id='word_1_447' title='bbox 2844 2108 3029 2173; x_wconf 69' lang='grc' dir='ltr'>λαῖκδς</span> <span class='ocrx_word' id='word_1_448' title='bbox 3047 2149 3061 2174; x_wconf 94' lang='grc'><strong>,</strong></span> <span class='ocrx_word' id='word_1_449' title='bbox 3093 2109 3351 2179; x_wconf 77' lang='grc' dir='ltr'>ἀκέραιον</span> <span class='ocrx_word' id='word_1_450' title='bbox 3391 2108 3529 2179; x_wconf 82' lang='grc' dir='ltr'>ἔχων</span> <span class='ocrx_word' id='word_1_451' title='bbox 3559 2108 3619 2162; x_wconf 81' lang='grc' dir='ltr'><strong>τὸ</strong></span> <span class='ocrx_word' id='word_1_452' title='bbox 3648 2110 3932 2180; x_wconf 75' lang='grc' dir='ltr'>φρόνημα,</span> <span class='ocrx_word' id='word_1_453' title='bbox 3962 2108 4054 2160; x_wconf 81' lang='grc' dir='ltr'>ἀν-</span> 
     </span>
    </p>
   </div>
   <div class='ocr_carea' id='block_1_64' title="bbox 2468 2197 4049 2271">
    <p class='ocr_par' dir='ltr' id='par_1_64' title="bbox 2468 2197 4049 2271">
     <span class='ocr_line' id='line_1_64' title="bbox 2468 2197 4049 2271; baseline 0 -20"><span class='ocrx_word' id='word_1_454' title='bbox 2468 2199 2711 2253; x_wconf 84' lang='grc' dir='ltr'>τιπίπτει</span> <span class='ocrx_word' id='word_1_455' title='bbox 2753 2202 2863 2263; x_wconf 84' lang='grc' dir='ltr'>τοῖς</span> <span class='ocrx_word' id='word_1_456' title='bbox 2898 2199 3288 2263; x_wconf 66' lang='grc' dir='ltr'><strong>διαλεκτικοῖς,</strong></span> <span class='ocrx_word' id='word_1_457' title='bbox 3324 2201 3417 2254; x_wconf 84' lang='grc' dir='ltr'><strong>καί</strong></span> <span class='ocrx_word' id='word_1_458' title='bbox 3463 2217 3596 2271; x_wconf 76' lang='grc' dir='ltr'>φησι</span> <span class='ocrx_word' id='word_1_459' title='bbox 3639 2198 3776 2270; x_wconf 78' lang='grc' dir='ltr'>πρὸς</span> <span class='ocrx_word' id='word_1_460' title='bbox 3824 2197 4049 2262; x_wconf 81' lang='grc' dir='ltr'>αύτούς·</span> 
     </span>
    </p>
   </div>
   <div class='ocr_carea' id='block_1_65' title="bbox 2470 2290 4054 2363">
    <p class='ocr_par' dir='ltr' id='par_1_65' title="bbox 2470 2290 4054 2363">
     <span class='ocr_line' id='line_1_65' title="bbox 2470 2290 4054 2363; baseline -0.001 -19"><span class='ocrx_word' id='word_1_461' title='bbox 2470 2292 2545 2356; x_wconf 83' lang='grc' dir='ltr'>ὡς</span> <span class='ocrx_word' id='word_1_462' title='bbox 2573 2293 2679 2363; x_wconf 80' lang='grc' dir='ltr'>ἄρα</span> <span class='ocrx_word' id='word_1_463' title='bbox 2706 2293 2734 2344; x_wconf 89' lang='grc' dir='ltr'>ὁ</span> <span class='ocrx_word' id='word_1_464' title='bbox 2766 2293 2809 2344; x_wconf 83' lang='grc' dir='ltr'>Χ</span> <span class='ocrx_word' id='word_1_465' title='bbox 2821 2290 3020 2361; x_wconf 72' lang='grc' dir='ltr'>ριστδς,</span> <span class='ocrx_word' id='word_1_466' title='bbox 3051 2292 3143 2344; x_wconf 71' lang='grc' dir='ltr'><strong>καῖ</strong></span> <span class='ocrx_word' id='word_1_467' title='bbox 3179 2293 3229 2345; x_wconf 86' lang='grc' dir='ltr'>οἱ</span> <span class='ocrx_word' id='word_1_468' title='bbox 3274 2291 3558 2346; x_wconf 76' lang='grc' dir='ltr'>ἀπόστολοι</span> <span class='ocrx_word' id='word_1_469' title='bbox 3604 2292 3663 2345; x_wconf 79' lang='grc' dir='ltr'><strong>ού</strong></span> <span class='ocrx_word' id='word_1_470' title='bbox 3710 2291 4054 2362; x_wconf 68' lang='grc' dir='ltr'>διαλεκτικὴν</span> 
     </span>
    </p>
   </div>
   <div class='ocr_carea' id='block_1_66' title="bbox 2470 2383 4053 2455">
    <p class='ocr_par' dir='ltr' id='par_1_66' title="bbox 2470 2383 4053 2455">
     <span class='ocr_line' id='line_1_66' title="bbox 2470 2383 4053 2455; baseline 0.001 -20"><span class='ocrx_word' id='word_1_471' title='bbox 2470 2385 2600 2454; x_wconf 73' lang='grc' dir='ltr'>ἡμῖν</span> <span class='ocrx_word' id='word_1_472' title='bbox 2647 2384 2952 2454; x_wconf 79' lang='grc' dir='ltr'>παρέδοσαν</span> <span class='ocrx_word' id='word_1_473' title='bbox 2989 2384 3216 2455; x_wconf 81' lang='grc' dir='ltr'>τέχνην,</span> <span class='ocrx_word' id='word_1_474' title='bbox 3260 2384 3381 2437; x_wconf 74' lang='grc' dir='ltr'>οὐδὲ</span> <span class='ocrx_word' id='word_1_475' title='bbox 3427 2383 3590 2455; x_wconf 77' lang='grc' dir='ltr'>κενὴν</span> <span class='ocrx_word' id='word_1_476' title='bbox 3632 2385 3870 2455; x_wconf 65' lang='grc' dir='ltr'>ἀπάτην,</span> <span class='ocrx_word' id='word_1_477' title='bbox 3918 2383 4053 2437; x_wconf 72' lang='grc' dir='ltr'>ἀλλὰ</span> 
     </span>
    </p>
   </div>
   <div class='ocr_carea' id='block_1_67' title="bbox 2470 2476 4053 2547">
    <p class='ocr_par' dir='ltr' id='par_1_67' title="bbox 2470 2476 4053 2547">
     <span class='ocr_line' id='line_1_67' title="bbox 2470 2476 4053 2547; baseline -0.009 -7"><span class='ocrx_word' id='word_1_478' title='bbox 2470 2476 2683 2547; x_wconf 75' lang='grc' dir='ltr'>γυμνὴν</span> <span class='ocrx_word' id='word_1_479' title='bbox 2723 2476 2977 2546; x_wconf 73' lang='grc' dir='ltr'>γνώμνην</span> <span class='ocrx_word' id='word_1_480' title='bbox 3013 2476 3147 2541; x_wconf 63' lang='lat' dir='ltr'><strong>(il),</strong></span> <span class='ocrx_word' id='word_1_481' title='bbox 3184 2476 3363 2530; x_wconf 88' lang='grc' dir='ltr'>πίστει</span> <span class='ocrx_word' id='word_1_482' title='bbox 3396 2477 3487 2530; x_wconf 70' lang='grc' dir='ltr'>καὶ</span> <span class='ocrx_word' id='word_1_483' title='bbox 3518 2476 3702 2540; x_wconf 82' lang='grc' dir='ltr'>καλοῖς</span> <span class='ocrx_word' id='word_1_484' title='bbox 3738 2476 3919 2547; x_wconf 79' lang='grc' dir='ltr'>ἔργοις</span> <span class='ocrx_word' id='word_1_485' title='bbox 3954 2492 4053 2543; x_wconf 66' lang='grc' dir='ltr'>(ρυ-</span> 
     </span>
    </p>
   </div>
   <div class='ocr_carea' id='block_1_68' title="bbox 2470 2566 4051 2637">
    <p class='ocr_par' dir='ltr' id='par_1_68' title="bbox 2470 2566 4051 2637">
     <span class='ocr_line' id='line_1_68' title="bbox 2470 2566 4051 2637; baseline -0.001 -19"><span class='ocrx_word' id='word_1_486' title='bbox 2470 2566 2821 2637; x_wconf 80' lang='grc' dir='ltr'>λαττομένην.</span> <span class='ocrx_word' id='word_1_487' title='bbox 2847 2566 3030 2619; x_wconf 75' lang='grc' dir='ltr'>Ταῦτα</span> <span class='ocrx_word' id='word_1_488' title='bbox 3060 2566 3326 2632; x_wconf 79' lang='grc' dir='ltr'>εἰπόντος,</span> <span class='ocrx_word' id='word_1_489' title='bbox 3355 2568 3405 2621; x_wconf 83' lang='grc' dir='ltr'>οἱ</span> <span class='ocrx_word' id='word_1_490' title='bbox 3429 2568 3527 2637; x_wconf 77' lang='grc' dir='ltr'><strong>μὲν</strong></span> <span class='ocrx_word' id='word_1_491' title='bbox 3559 2568 3825 2637; x_wconf 79' lang='grc' dir='ltr'>παρόντες</span> <span class='ocrx_word' id='word_1_492' title='bbox 3851 2566 4051 2628; x_wconf 74' lang='grc' dir='ltr'>πάντες</span> 
     </span>
    </p>
   </div>
   <div class='ocr_carea' id='block_1_69' title="bbox 2469 2657 4053 2725">
    <p class='ocr_par' dir='ltr' id='par_1_69' title="bbox 2469 2657 4053 2725">
     <span class='ocr_line' id='line_1_69' title="bbox 2469 2657 4053 2725; baseline -0.001 -14"><span class='ocrx_word' id='word_1_493' title='bbox 2469 2658 2786 2725; x_wconf 82' lang='grc' dir='ltr'>ἐθαύμασαν</span> <span class='ocrx_word' id='word_1_494' title='bbox 2828 2658 2920 2711; x_wconf 75' lang='grc' dir='ltr'><strong>καὶ</strong></span> <span class='ocrx_word' id='word_1_495' title='bbox 2960 2657 3305 2724; x_wconf 75' lang='grc' dir='ltr'>ἀπεδέξαντο·</span> <span class='ocrx_word' id='word_1_496' title='bbox 3335 2661 3382 2712; x_wconf 83' lang='grc' dir='ltr'>οἱ</span> <span class='ocrx_word' id='word_1_497' title='bbox 3411 2659 3467 2712; x_wconf 78' lang='grc' dir='ltr'>δὲ</span> <span class='ocrx_word' id='word_1_498' title='bbox 3494 2658 3824 2712; x_wconf 81' lang='grc' dir='ltr'>διαλεκτικώ</span> <span class='ocrx_word' id='word_1_499' title='bbox 3852 2659 4053 2725; x_wconf 68' lang='grc' dir='ltr'>εὔγνω-</span> 
     </span>
    </p>
   </div>
   <div class='ocr_carea' id='block_1_70' title="bbox 2474 2745 4052 2820">
    <p class='ocr_par' dir='ltr' id='par_1_70' title="bbox 2474 2745 4052 2820">
     <span class='ocr_line' id='line_1_70' title="bbox 2474 2745 4052 2820; baseline -0.003 -17"><span class='ocrx_word' id='word_1_500' title='bbox 2474 2750 2797 2820; x_wconf 78' lang='grc' dir='ltr'>μονέστερον</span> <span class='ocrx_word' id='word_1_501' title='bbox 2848 2747 3128 2811; x_wconf 74' lang='grc' dir='ltr'>ποιοῦντες</span> <span class='ocrx_word' id='word_1_502' title='bbox 3174 2748 3477 2819; x_wconf 77' lang='grc' dir='ltr'>ἡσύχασαν,</span> <span class='ocrx_word' id='word_1_503' title='bbox 3528 2748 3617 2800; x_wconf 71' lang='grc' dir='ltr'>τὸν</span> <span class='ocrx_word' id='word_1_504' title='bbox 3656 2745 3858 2801; x_wconf 83' lang='grc' dir='ltr'>ἀπλοῦν</span> <span class='ocrx_word' id='word_1_505' title='bbox 3897 2746 4052 2814; x_wconf 88' lang='grc' dir='ltr'>λόγον</span> 
     </span>
    </p>
   </div>
   <div class='ocr_carea' id='block_1_71' title="bbox 2470 2833 4051 2909">
    <p class='ocr_par' dir='ltr' id='par_1_71' title="bbox 2470 2833 4051 2909">
     <span class='ocr_line' id='line_1_71' title="bbox 2470 2833 4051 2909; baseline -0.003 -16"><span class='ocrx_word' id='word_1_506' title='bbox 2470 2838 2571 2909; x_wconf 76' lang='grc' dir='ltr'>τῆς</span> <span class='ocrx_word' id='word_1_507' title='bbox 2598 2837 2852 2909; x_wconf 74' lang='grc' dir='ltr'>ἀληθείας</span> <span class='ocrx_word' id='word_1_508' title='bbox 2880 2837 3231 2902; x_wconf 87' lang='grc' dir='ltr'>ἀκούσαντες,</span> <span class='ocrx_word' id='word_1_509' title='bbox 3281 2837 3414 2891; x_wconf 86' lang='grc' dir='ltr'>Τότε</span> <span class='ocrx_word' id='word_1_510' title='bbox 3449 2837 3545 2907; x_wconf 85' lang='grc' dir='ltr'><strong>μὲν</strong></span> <span class='ocrx_word' id='word_1_511' title='bbox 3589 2833 3681 2891; x_wconf 74' lang='grc' dir='ltr'><strong>οὖν</strong></span> <span class='ocrx_word' id='word_1_512' title='bbox 3712 2836 3883 2900; x_wconf 67' lang='grc' dir='ltr'>οὕτως</span> <span class='ocrx_word' id='word_1_513' title='bbox 3927 2838 3955 2889; x_wconf 90' lang='lat'><strong>6</strong></span> <span class='ocrx_word' id='word_1_514' title='bbox 3989 2839 4051 2889; x_wconf 79' lang='grc' dir='ltr'><strong>ὲκ</strong></span> 
     </span>
    </p>
   </div>
   <div class='ocr_carea' id='block_1_72' title="bbox 2470 2925 4054 3001">
    <p class='ocr_par' dir='ltr' id='par_1_72' title="bbox 2470 2925 4054 3001">
     <span class='ocr_line' id='line_1_72' title="bbox 2470 2925 4054 3001; baseline -0.003 -18"><span class='ocrx_word' id='word_1_515' title='bbox 2470 2929 2571 3000; x_wconf 79' lang='grc' dir='ltr'><strong>τῆς</strong></span> <span class='ocrx_word' id='word_1_516' title='bbox 2599 2928 2939 3001; x_wconf 80' lang='grc' dir='ltr'>διαλεκτικῆς</span> <span class='ocrx_word' id='word_1_517' title='bbox 2967 2928 3250 3000; x_wconf 76' lang='grc' dir='ltr'>γινόμενος</span> <span class='ocrx_word' id='word_1_518' title='bbox 3277 2927 3503 2999; x_wconf 90' lang='grc' dir='ltr'>θόρυϐος</span> <span class='ocrx_word' id='word_1_519' title='bbox 3535 2927 3857 2997; x_wconf 78' lang='grc' dir='ltr'>κατεστάλη.</span> <span class='ocrx_word' id='word_1_520' title='bbox 3892 2926 3969 2997; x_wconf 81' lang='grc' dir='ltr'><strong>Τῇ</strong></span> <span class='ocrx_word' id='word_1_521' title='bbox 3996 2925 4054 2978; x_wconf 74' lang='grc' dir='ltr'>δὲ</span> 
     </span>
    </p>
   </div>
   <div class='ocr_carea' id='block_1_73' title="bbox 2472 3020 4052 3094">
    <p class='ocr_par' dir='ltr' id='par_1_73' title="bbox 2472 3020 4052 3094">
     <span class='ocr_line' id='line_1_73' title="bbox 2472 3020 4052 3094; baseline -0.014 -9"><span class='ocrx_word' id='word_1_522' title='bbox 2472 3022 2599 3094; x_wconf 67' lang='grc' dir='ltr'><strong>ἑξῆς</strong></span> <span class='ocrx_word' id='word_1_523' title='bbox 2655 3021 2853 3086; x_wconf 74' lang='grc' dir='ltr'>πάντες</span> <span class='ocrx_word' id='word_1_524' title='bbox 2885 3022 3000 3093; x_wconf 73' lang='grc' dir='ltr'><strong>ἅμα</strong></span> <span class='ocrx_word' id='word_1_525' title='bbox 3027 3023 3074 3075; x_wconf 81' lang='grc' dir='ltr'>οἱ</span> <span class='ocrx_word' id='word_1_526' title='bbox 3107 3021 3395 3074; x_wconf 76' lang='grc' dir='ltr'>ἐπίσκοποι</span> <span class='ocrx_word' id='word_1_527' title='bbox 3433 3022 3511 3083; x_wconf 80' lang='grc' dir='ltr'><strong>είς</strong></span> <span class='ocrx_word' id='word_1_528' title='bbox 3540 3020 3635 3074; x_wconf 77' lang='grc' dir='ltr'><strong>ἕνα</strong></span> <span class='ocrx_word' id='word_1_529' title='bbox 3662 3020 3823 3073; x_wconf 87' lang='grc' dir='ltr'>τόπον</span> <span class='ocrx_word' id='word_1_530' title='bbox 3854 3020 4052 3088; x_wconf 72' lang='grc' dir='ltr'>συνήρ-</span> 
     </span>
    </p>
   </div>
   <div class='ocr_carea' id='block_1_74' title="bbox 2472 3104 4053 3184">
    <p class='ocr_par' dir='ltr' id='par_1_74' title="bbox 2472 3104 4053 3184">
     <span class='ocr_line' id='line_1_74' title="bbox 2472 3104 4053 3184; baseline -0.006 -19"><span class='ocrx_word' id='word_1_531' title='bbox 2472 3129 2643 3184; x_wconf 87' lang='grc' dir='ltr'>χοντο.</span> <span class='ocrx_word' id='word_1_532' title='bbox 2683 3111 2890 3183; x_wconf 75' lang='grc' dir='ltr'>Παρῄει</span> <span class='ocrx_word' id='word_1_533' title='bbox 2932 3110 2988 3164; x_wconf 79' lang='grc' dir='ltr'>δὲ</span> <span class='ocrx_word' id='word_1_534' title='bbox 3036 3109 3129 3163; x_wconf 74' lang='grc' dir='ltr'>καὶ</span> <span class='ocrx_word' id='word_1_535' title='bbox 3158 3112 3185 3164; x_wconf 90' lang='lat'><strong>6</strong></span> <span class='ocrx_word' id='word_1_536' title='bbox 3228 3109 3478 3178; x_wconf 72' lang='grc' dir='ltr'>βασιλεὺς</span> <span class='ocrx_word' id='word_1_537' title='bbox 3528 3108 3644 3179; x_wconf 79' lang='grc' dir='ltr'>μετ’</span> <span class='ocrx_word' id='word_1_538' title='bbox 3679 3105 3893 3169; x_wconf 82' lang='grc' dir='ltr'>αύτούς.</span> <span class='ocrx_word' id='word_1_539' title='bbox 3946 3104 4053 3157; x_wconf 68' lang='grc' dir='ltr'><strong>Καὶ</strong></span> 
     </span>
    </p>
   </div>
   <div class='ocr_carea' id='block_1_75' title="bbox 2477 3194 4053 3273">
    <p class='ocr_par' dir='ltr' id='par_1_75' title="bbox 2477 3194 4053 3273">
     <span class='ocr_line' id='line_1_75' title="bbox 2477 3194 4053 3273; baseline -0.006 -18"><span class='ocrx_word' id='word_1_540' title='bbox 2477 3202 2597 3256; x_wconf 74' lang='grc' dir='ltr'>ἐπεὶ</span> <span class='ocrx_word' id='word_1_541' title='bbox 2640 3200 2934 3273; x_wconf 75' lang='grc' dir='ltr'>παρῆλθεν,</span> <span class='ocrx_word' id='word_1_542' title='bbox 2978 3202 3058 3264; x_wconf 84' lang='grc' dir='ltr'>εἰς</span> <span class='ocrx_word' id='word_1_543' title='bbox 3096 3199 3295 3270; x_wconf 78' lang='grc' dir='ltr'>μέσους</span> <span class='ocrx_word' id='word_1_544' title='bbox 3348 3198 3509 3270; x_wconf 74' lang='grc' dir='ltr'>ἔστηο</span> <span class='ocrx_word' id='word_1_545' title='bbox 3550 3197 3644 3251; x_wconf 71' lang='grc' dir='ltr'>καὶ</span> <span class='ocrx_word' id='word_1_546' title='bbox 3685 3196 3745 3249; x_wconf 83' lang='grc' dir='ltr'><strong>ού</strong></span> <span class='ocrx_word' id='word_1_547' title='bbox 3792 3194 4053 3265; x_wconf 83' lang='grc' dir='ltr'>πρότερον</span> 
     </span>
    </p>
   </div>
   <div class='ocr_carea' id='block_1_76' title="bbox 2477 3283 4049 3363">
    <p class='ocr_par' dir='ltr' id='par_1_76' title="bbox 2477 3283 4049 3363">
     <span class='ocr_line' id='line_1_76' title="bbox 2477 3283 4049 3363; baseline -0.006 -18"><span class='ocrx_word' id='word_1_548' title='bbox 2477 3291 2719 3355; x_wconf 75' lang='grc' dir='ltr'>καθίζειν</span> <span class='ocrx_word' id='word_1_549' title='bbox 2748 3293 2959 3363; x_wconf 77' lang='grc' dir='ltr'>ᾑρεῖτο,</span> <span class='ocrx_word' id='word_1_550' title='bbox 2995 3291 3124 3357; x_wconf 66' lang='grc' dir='ltr'>πρὶν</span> <span class='ocrx_word' id='word_1_551' title='bbox 3161 3288 3228 3343; x_wconf 83' lang='grc' dir='ltr'>ἂν</span> <span class='ocrx_word' id='word_1_552' title='bbox 3256 3290 3303 3343; x_wconf 81' lang='grc' dir='ltr'>οἱ</span> <span class='ocrx_word' id='word_1_553' title='bbox 3352 3288 3637 3342; x_wconf 75' lang='grc' dir='ltr'>ἐπίσκοποι</span> <span class='ocrx_word' id='word_1_554' title='bbox 3686 3283 4049 3338; x_wconf 81' lang='grc' dir='ltr'>ὲπινεύσειαν.</span> 
     </span>
    </p>
   </div>
   <div class='ocr_carea' id='block_1_77' title="bbox 2473 3373 4054 3453">
    <p class='ocr_par' dir='ltr' id='par_1_77' title="bbox 2473 3373 4054 3453">
     <span class='ocr_line' id='line_1_77' title="bbox 2473 3373 4054 3453; baseline -0.007 -17"><span class='ocrx_word' id='word_1_555' title='bbox 2473 3384 2718 3453; x_wconf 78' lang='grc' dir='ltr'>Τοσαύτη</span> <span class='ocrx_word' id='word_1_556' title='bbox 2746 3400 2828 3445; x_wconf 83' lang='grc' dir='ltr'><strong>τις</strong></span> <span class='ocrx_word' id='word_1_557' title='bbox 2849 3380 3104 3435; x_wconf 82' lang='grc' dir='ltr'>εύλάϐεια</span> <span class='ocrx_word' id='word_1_558' title='bbox 3132 3381 3225 3433; x_wconf 76' lang='grc' dir='ltr'>καὶ</span> <span class='ocrx_word' id='word_1_559' title='bbox 3251 3378 3417 3443; x_wconf 75' lang='grc' dir='ltr'>αἰδὼς</span> <span class='ocrx_word' id='word_1_560' title='bbox 3462 3377 3571 3431; x_wconf 86' lang='grc' dir='ltr'>τῶν</span> <span class='ocrx_word' id='word_1_561' title='bbox 3599 3375 3809 3447; x_wconf 85' lang='grc' dir='ltr'>ἀνδρῶν</span> <span class='ocrx_word' id='word_1_562' title='bbox 3841 3373 3933 3427; x_wconf 83' lang='grc' dir='ltr'><strong>τὸν</strong></span> <span class='ocrx_word' id='word_1_563' title='bbox 3964 3373 4054 3443; x_wconf 81' lang='grc' dir='ltr'><strong>βα-</strong></span> 
     </span>
    </p>
   </div>
   <div class='ocr_carea' id='block_1_78' title="bbox 2474 3464 4051 3544">
    <p class='ocr_par' dir='ltr' id='par_1_78' title="bbox 2474 3464 4051 3544">
     <span class='ocr_line' id='line_1_78' title="bbox 2474 3464 4051 3544; baseline -0.007 -16"><span class='ocrx_word' id='word_1_564' title='bbox 2474 3474 2622 3528; x_wconf 79' lang='grc' dir='ltr'>σιλέα</span> <span class='ocrx_word' id='word_1_565' title='bbox 2650 3476 2919 3544; x_wconf 81' lang='grc' dir='ltr'>κατεῖχεν.</span> <span class='ocrx_word' id='word_1_566' title='bbox 2961 3471 3115 3525; x_wconf 76' lang='grc' dir='ltr'>Ἐπεὶ</span> <span class='ocrx_word' id='word_1_567' title='bbox 3148 3471 3204 3524; x_wconf 78' lang='grc' dir='ltr'>δὲ</span> <span class='ocrx_word' id='word_1_568' title='bbox 3254 3471 3347 3525; x_wconf 69' lang='grc' dir='ltr'>καὶ</span> <span class='ocrx_word' id='word_1_569' title='bbox 3377 3472 3411 3541; x_wconf 81' lang='grc' dir='ltr'>ἡ</span> <span class='ocrx_word' id='word_1_570' title='bbox 3454 3469 3739 3541; x_wconf 78' lang='grc' dir='ltr'>πρέπουσα</span> <span class='ocrx_word' id='word_1_571' title='bbox 3769 3466 3848 3537; x_wconf 83' lang='grc' dir='ltr'>τῷ</span> <span class='ocrx_word' id='word_1_572' title='bbox 3877 3464 4051 3537; x_wconf 82' lang='grc' dir='ltr'>καιρῷ</span> 
     </span>
    </p>
   </div>
   <div class='ocr_carea' id='block_1_79' title="bbox 2470 3559 4053 3643">
    <p class='ocr_par' dir='ltr' id='par_1_79' title="bbox 2470 3559 4053 3643">
     <span class='ocr_line' id='line_1_79' title="bbox 2470 3559 4053 3643; baseline -0.009 -19"><span class='ocrx_word' id='word_1_573' title='bbox 2470 3571 2669 3643; x_wconf 72' lang='grc' dir='ltr'>ἡσυχία</span> <span class='ocrx_word' id='word_1_574' title='bbox 2700 3569 2936 3638; x_wconf 77' lang='grc' dir='ltr'>ἐγένετο,</span> <span class='ocrx_word' id='word_1_575' title='bbox 2974 3566 3177 3638; x_wconf 68' lang='grc' dir='ltr'>ἤρξατο</span> <span class='ocrx_word' id='word_1_576' title='bbox 3204 3568 3233 3620; x_wconf 93' lang='lat'><strong>6</strong></span> <span class='ocrx_word' id='word_1_577' title='bbox 3288 3563 3542 3637; x_wconf 74' lang='grc' dir='ltr'>βασιλεὺς</span> <span class='ocrx_word' id='word_1_578' title='bbox 3590 3561 3815 3616; x_wconf 70' lang='grc' dir='ltr'>αὐτόθεν</span> <span class='ocrx_word' id='word_1_579' title='bbox 3854 3562 3918 3613; x_wconf 81' lang='grc' dir='ltr'>ἐκ</span> <span class='ocrx_word' id='word_1_580' title='bbox 3954 3559 4053 3629; x_wconf 78' lang='grc' dir='ltr'>τῆς</span> 
     </span>
    </p>
   </div>
   <div class='ocr_carea' id='block_1_80' title="bbox 2473 3651 4049 3731">
    <p class='ocr_par' dir='ltr' id='par_1_80' title="bbox 2473 3651 4049 3731">
     <span class='ocr_line' id='line_1_80' title="bbox 2473 3651 4049 3731; baseline -0.009 -15"><span class='ocrx_word' id='word_1_581' title='bbox 2473 3660 2740 3731; x_wconf 78' lang='grc' dir='ltr'>καθέδρας</span> <span class='ocrx_word' id='word_1_582' title='bbox 2776 3660 3186 3730; x_wconf 80' lang='grc' dir='ltr'>παραινετικοῖς</span> <span class='ocrx_word' id='word_1_583' title='bbox 3207 3657 3342 3726; x_wconf 84' lang='grc' dir='ltr'>πρὸς</span> <span class='ocrx_word' id='word_1_584' title='bbox 3372 3655 3569 3717; x_wconf 70' lang='grc' dir='ltr'>αὐτοὺς</span> <span class='ocrx_word' id='word_1_585' title='bbox 3595 3652 3831 3725; x_wconf 79' lang='grc' dir='ltr'>χρῆσθαι</span> <span class='ocrx_word' id='word_1_586' title='bbox 3851 3651 4049 3719; x_wconf 85' lang='grc' dir='ltr'>λόγοις,</span> 
     </span>
    </p>
   </div>
   <div class='ocr_carea' id='block_1_81' title="bbox 2475 3743 4053 3819">
    <p class='ocr_par' dir='ltr' id='par_1_81' title="bbox 2475 3743 4053 3819">
     <span class='ocr_line' id='line_1_81' title="bbox 2475 3743 4053 3819; baseline 0.006 -20"><span class='ocrx_word' id='word_1_587' title='bbox 2475 3753 2609 3819; x_wconf 74' lang='grc' dir='ltr'>πρὸς</span> <span class='ocrx_word' id='word_1_588' title='bbox 2632 3749 2948 3819; x_wconf 65' lang='grc' dir='ltr'>συμφωνίαν</span> <span class='ocrx_word' id='word_1_589' title='bbox 2972 3749 3066 3801; x_wconf 76' lang='grc' dir='ltr'>καὶ</span> <span class='ocrx_word' id='word_1_590' title='bbox 3090 3747 3344 3818; x_wconf 82' lang='grc' dir='ltr'>ὁμόνοιαν</span> <span class='ocrx_word' id='word_1_591' title='bbox 3367 3745 3691 3816; x_wconf 75' lang='grc' dir='ltr'>προτρέπων</span> <span class='ocrx_word' id='word_1_592' title='bbox 3716 3743 3932 3806; x_wconf 76' lang='grc' dir='ltr'>αὐτούς’</span> <span class='ocrx_word' id='word_1_593' title='bbox 3959 3743 4053 3796; x_wconf 59' lang='grc' dir='ltr'>καὶ</span> 
     </span>
    </p>
   </div>
   <div class='ocr_carea' id='block_1_82' title="bbox 2471 3835 4053 3910">
    <p class='ocr_par' dir='ltr' id='par_1_82' title="bbox 2471 3835 4053 3910">
     <span class='ocr_line' id='line_1_82' title="bbox 2471 3835 4053 3910; baseline -0.004 -16"><span class='ocrx_word' id='word_1_594' title='bbox 2471 3844 2569 3910; x_wconf 69' lang='grc' dir='ltr'><strong>τὴν</strong></span> <span class='ocrx_word' id='word_1_595' title='bbox 2602 3842 2700 3908; x_wconf 79' lang='grc' dir='ltr'><strong>μὲν</strong></span> <span class='ocrx_word' id='word_1_596' title='bbox 2731 3841 2964 3894; x_wconf 78' lang='grc' dir='ltr'>ἑκάστου</span> <span class='ocrx_word' id='word_1_597' title='bbox 3020 3840 3326 3904; x_wconf 76' lang='grc' dir='ltr'>ἰδιάζουσαν</span> <span class='ocrx_word' id='word_1_598' title='bbox 3352 3838 3531 3908; x_wconf 84' lang='grc' dir='ltr'>λύπην</span> <span class='ocrx_word' id='word_1_599' title='bbox 3556 3837 3689 3907; x_wconf 67' lang='grc' dir='ltr'>πρὸς</span> <span class='ocrx_word' id='word_1_600' title='bbox 3711 3835 3800 3889; x_wconf 71' lang='grc' dir='ltr'>τὸν</span> <span class='ocrx_word' id='word_1_601' title='bbox 3828 3836 4053 3906; x_wconf 85' lang='grc' dir='ltr'>πλησίον</span> 
     </span>
    </p>
   </div>
   <div class='ocr_carea' id='block_1_83' title="bbox 2473 3927 4053 4004">
    <p class='ocr_par' dir='ltr' id='par_1_83' title="bbox 2473 3927 4053 4004">
     <span class='ocr_line' id='line_1_83' title="bbox 2473 3927 4053 4004; baseline -0.004 -19"><span class='ocrx_word' id='word_1_602' title='bbox 2473 3935 2823 4004; x_wconf 82' lang='grc' dir='ltr'>παραχωρεῖν</span> <span class='ocrx_word' id='word_1_603' title='bbox 2869 3932 3249 3986; x_wconf 73' lang='grc' dir='ltr'>συνεϐούλευεο</span> <span class='ocrx_word' id='word_1_604' title='bbox 3299 3930 3395 3984; x_wconf 76' lang='grc' dir='ltr'>καὶ</span> <span class='ocrx_word' id='word_1_605' title='bbox 3444 3928 3555 4000; x_wconf 72' lang='grc' dir='ltr'><strong>γὰρ</strong></span> <span class='ocrx_word' id='word_1_606' title='bbox 3594 3927 4053 3995; x_wconf 72' lang='grc' dir='ltr'>ἀντεγκαλοῦντες</span> 
     </span>
    </p>
   </div>
   <div class='ocr_carea' id='block_1_84' title="bbox 2470 4018 4053 4095">
    <p class='ocr_par' dir='ltr' id='par_1_84' title="bbox 2470 4018 4053 4095">
     <span class='ocr_line' id='line_1_84' title="bbox 2470 4018 4053 4095; baseline -0.006 -16"><span class='ocrx_word' id='word_1_607' title='bbox 2470 4021 2609 4095; x_wconf 79' lang='grc' dir='ltr'>ἦσαν</span> <span class='ocrx_word' id='word_1_608' title='bbox 2641 4025 2888 4095; x_wconf 81' lang='grc' dir='ltr'>ἀλλήλοις</span> <span class='ocrx_word' id='word_1_609' title='bbox 2914 4024 2964 4077; x_wconf 85' lang='grc' dir='ltr'>οἱ</span> <span class='ocrx_word' id='word_1_610' title='bbox 2994 4022 3257 4086; x_wconf 73' lang='grc' dir='ltr'>πλείονεςο</span> <span class='ocrx_word' id='word_1_611' title='bbox 3285 4020 3467 4074; x_wconf 83' lang='grc' dir='ltr'>πολλοί</span> <span class='ocrx_word' id='word_1_612' title='bbox 3492 4036 3550 4072; x_wconf 90' lang='grc' dir='ltr'><strong>τε</strong></span> <span class='ocrx_word' id='word_1_613' title='bbox 3574 4018 3632 4083; x_wconf 73' lang='grc' dir='ltr'>ἐξ</span> <span class='ocrx_word' id='word_1_614' title='bbox 3662 4018 3836 4069; x_wconf 67' lang='grc' dir='ltr'>αὐτῶν</span> <span class='ocrx_word' id='word_1_615' title='bbox 3874 4018 4053 4087; x_wconf 80' lang='grc' dir='ltr'>βιϐλία</span> 
     </span>
    </p>
   </div>
   <div class='ocr_carea' id='block_1_85' title="bbox 2470 4106 4048 4187">
    <p class='ocr_par' dir='ltr' id='par_1_85' title="bbox 2470 4106 4048 4187">
     <span class='ocr_line' id='line_1_85' title="bbox 2470 4106 4048 4187; baseline -0.004 -18"><span class='ocrx_word' id='word_1_616' title='bbox 2470 4116 2703 4187; x_wconf 81' lang='grc' dir='ltr'>δεήσεων</span> <span class='ocrx_word' id='word_1_617' title='bbox 2746 4115 2826 4184; x_wconf 84' lang='grc' dir='ltr'><strong>τῷ</strong></span> <span class='ocrx_word' id='word_1_618' title='bbox 2877 4114 3082 4185; x_wconf 87' lang='grc' dir='ltr'>βασιλεῖ</span> <span class='ocrx_word' id='word_1_619' title='bbox 3107 4116 3171 4185; x_wconf 76' lang='grc' dir='ltr'>τῇ</span> <span class='ocrx_word' id='word_1_620' title='bbox 3214 4111 3511 4184; x_wconf 68' lang='grc' dir='ltr'>προτεραίᾳ</span> <span class='ocrx_word' id='word_1_621' title='bbox 3557 4106 3697 4181; x_wconf 74' lang='grc' dir='ltr'>ἦσαν</span> <span class='ocrx_word' id='word_1_622' title='bbox 3745 4110 4048 4179; x_wconf 65' lang='grc' dir='ltr'>όρέξαυτες.</span> 
     </span>
    </p>
   </div>
   <div class='ocr_carea' id='block_1_86' title="bbox 2484 4200 4053 4279">
    <p class='ocr_par' dir='ltr' id='par_1_86' title="bbox 2484 4200 4053 4279">
     <span class='ocr_line' id='line_1_86' title="bbox 2484 4200 4053 4279; baseline -0.006 -17"><span class='ocrx_word' id='word_1_623' title='bbox 2484 4208 2608 4262; x_wconf 70' lang='grc' dir='ltr'><strong>Ἐπὶ</strong></span> <span class='ocrx_word' id='word_1_624' title='bbox 2636 4208 2691 4261; x_wconf 82' lang='grc' dir='ltr'><strong>δὲ</strong></span> <span class='ocrx_word' id='word_1_625' title='bbox 2722 4206 2783 4261; x_wconf 86' lang='grc' dir='ltr'><strong>τὸ</strong></span> <span class='ocrx_word' id='word_1_626' title='bbox 2807 4205 3183 4279; x_wconf 83' lang='grc' dir='ltr'>προκείμενον,</span> <span class='ocrx_word' id='word_1_627' title='bbox 3209 4204 3290 4259; x_wconf 84' lang='grc' dir='ltr'><strong>διὸ</strong></span> <span class='ocrx_word' id='word_1_628' title='bbox 3320 4205 3413 4257; x_wconf 72' lang='grc' dir='ltr'>καὶ</span> <span class='ocrx_word' id='word_1_629' title='bbox 3442 4200 3915 4273; x_wconf 83' lang='grc' dir='ltr'>συνεληλύθεισαν.</span> <span class='ocrx_word' id='word_1_630' title='bbox 3947 4219 4053 4271; x_wconf 82' lang='grc' dir='ltr'>χω·-</span> 
     </span>
    </p>
   </div>
   <div class='ocr_carea' id='block_1_87' title="bbox 2474 4291 4049 4370">
    <p class='ocr_par' dir='ltr' id='par_1_87' title="bbox 2474 4291 4049 4370">
     <span class='ocr_line' id='line_1_87' title="bbox 2474 4291 4049 4370; baseline -0.007 -18"><span class='ocrx_word' id='word_1_631' title='bbox 2474 4300 2587 4370; x_wconf 88' lang='grc' dir='ltr'>ρεῖν</span> <span class='ocrx_word' id='word_1_632' title='bbox 2632 4297 3049 4368; x_wconf 81' lang='grc' dir='ltr'>παρακαλέσας,</span> <span class='ocrx_word' id='word_1_633' title='bbox 3093 4296 3161 4350; x_wconf 72' lang='grc' dir='ltr'>τὰ</span> <span class='ocrx_word' id='word_1_634' title='bbox 3207 4296 3388 4366; x_wconf 82' lang='grc' dir='ltr'>βιϐλία</span> <span class='ocrx_word' id='word_1_635' title='bbox 3428 4292 3692 4362; x_wconf 84' lang='grc' dir='ltr'>καυθῆναι</span> <span class='ocrx_word' id='word_1_636' title='bbox 3745 4291 4049 4355; x_wconf 77' lang='grc' dir='ltr'>ἐκέλευσεν,</span> 
     </span>
    </p>
   </div>
   <div class='ocr_carea' id='block_1_88' title="bbox 2472 4382 4053 4461">
    <p class='ocr_par' dir='ltr' id='par_1_88' title="bbox 2472 4382 4053 4461">
     <span class='ocr_line' id='line_1_88' title="bbox 2472 4382 4053 4461; baseline -0.007 -16"><span class='ocrx_word' id='word_1_637' title='bbox 2472 4390 2714 4445; x_wconf 55' lang='grc' dir='ltr'>ἐπειπὼν</span> <span class='ocrx_word' id='word_1_638' title='bbox 2747 4392 2923 4461; x_wconf 82' lang='grc' dir='ltr'>μόνον’</span> <span class='ocrx_word' id='word_1_639' title='bbox 2956 4389 3184 4445; x_wconf 83' lang='grc' dir='ltr'>Κελεύει</span> <span class='ocrx_word' id='word_1_640' title='bbox 3212 4387 3445 4460; x_wconf 81' lang='grc' dir='ltr'>Χριστὸς</span> <span class='ocrx_word' id='word_1_641' title='bbox 3472 4385 3687 4455; x_wconf 72' lang='grc' dir='ltr'>ἀιριέναι</span> <span class='ocrx_word' id='word_1_642' title='bbox 3713 4383 3790 4454; x_wconf 81' lang='grc' dir='ltr'>τῷ</span> <span class='ocrx_word' id='word_1_643' title='bbox 3840 4382 4053 4452; x_wconf 70' lang='grc' dir='ltr'>ἀδελφῷ</span> 
     </span>
    </p>
   </div>
   <div class='ocr_carea' id='block_1_89' title="bbox 2471 4473 4046 4554">
    <p class='ocr_par' dir='ltr' id='par_1_89' title="bbox 2471 4473 4046 4554">
     <span class='ocr_line' id='line_1_89' title="bbox 2471 4473 4046 4554; baseline -0.008 -17"><span class='ocrx_word' id='word_1_644' title='bbox 2471 4486 2562 4538; x_wconf 72' lang='grc' dir='ltr'>τὸν</span> <span class='ocrx_word' id='word_1_645' title='bbox 2598 4486 2843 4553; x_wconf 62' lang='grc' dir='ltr'>ἀςέσεως</span> <span class='ocrx_word' id='word_1_646' title='bbox 2877 4486 3056 4554; x_wconf 84' lang='grc' dir='ltr'>τυχεῖν</span> <span class='ocrx_word' id='word_1_647' title='bbox 3084 4482 3452 4553; x_wconf 81' lang='grc' dir='ltr'>ἐπειγόμενον.</span> <span class='ocrx_word' id='word_1_648' title='bbox 3483 4478 3615 4531; x_wconf 85' lang='grc' dir='ltr'>Τότε</span> <span class='ocrx_word' id='word_1_649' title='bbox 3644 4473 3736 4530; x_wconf 74' lang='grc' dir='ltr'>οὖν</span> <span class='ocrx_word' id='word_1_650' title='bbox 3765 4475 3890 4538; x_wconf 74' lang='grc' dir='ltr'>τοὺς</span> <span class='ocrx_word' id='word_1_651' title='bbox 3923 4474 4046 4543; x_wconf 73' lang='grc' dir='ltr'>περὶ</span> 
     </span>
    </p>
   </div>
   <div class='ocr_carea' id='block_1_90' title="bbox 798 4564 2581 4658">
    <p class='ocr_par' dir='ltr' id='par_1_90' title="bbox 798 4579 2581 4658">
     <span class='ocr_line' id='line_1_90' title="bbox 798 4579 2581 4658; baseline -0.001 -19"><span class='ocrx_word' id='word_1_652' title='bbox 798 4587 1080 4657; x_wconf 82' lang='lat' dir='ltr'><strong>proposito</strong></span> <span class='ocrx_word' id='word_1_653' title='bbox 1123 4586 1364 4658; x_wconf 83' lang='lat' dir='ltr'><strong>negotio,</strong></span> <span class='ocrx_word' id='word_1_654' title='bbox 1410 4587 1566 4657; x_wconf 84' lang='lat' dir='ltr'><strong>cujus</strong></span> <span class='ocrx_word' id='word_1_655' title='bbox 1611 4585 1783 4655; x_wconf 82' lang='lat' dir='ltr'><strong>gratia</strong></span> <span class='ocrx_word' id='word_1_656' title='bbox 1832 4594 2238 4652; x_wconf 85' lang='lat' dir='ltr'><strong>convenerant,</strong></span> <span class='ocrx_word' id='word_1_657' title='bbox 2283 4603 2370 4641; x_wconf 89' lang='lat' dir='ltr'><strong>m-</strong></span> <span class='ocrx_word' id='word_1_658' title='bbox 2404 4581 2446 4637; x_wconf 83' lang='grc' dir='ltr'><strong>ῖ)</strong></span> <span class='ocrx_word' id='word_1_659' title='bbox 2475 4579 2581 4647; x_wconf 74' lang='grc' dir='ltr'>ὀμσ</span> 
     </span>
    </p>
   </div>
   <div class='ocr_carea' id='block_1_91' title="bbox 2255 4564 4038 4658">
    <p class='ocr_par' dir='ltr' id='par_1_91' title="bbox 2283 4564 4038 4647">
     <span class='ocr_line' id='line_1_91' title="bbox 2283 4564 4038 4647; baseline -0.007 -20"><span class='ocrx_word' id='word_1_660' title='bbox 2283 4564 2370 4641; x_wconf 60' lang='grc' dir='ltr'><strong>ιηζ</strong></span> <span class='ocrx_word' id='word_1_661' title='bbox 2404 4581 2446 4637; x_wconf 84' lang='grc' dir='ltr'><strong>ῖ)</strong></span> <span class='ocrx_word' id='word_1_662' title='bbox 2475 4577 2720 4647; x_wconf 79' lang='grc' dir='ltr'>ὁμονοίας</span> <span class='ocrx_word' id='word_1_663' title='bbox 2757 4577 2850 4629; x_wconf 69' lang='grc' dir='ltr'><strong>καὶ</strong></span> <span class='ocrx_word' id='word_1_664' title='bbox 2888 4576 3109 4647; x_wconf 78' lang='grc' dir='ltr'>εἰρήνης</span> <span class='ocrx_word' id='word_1_665' title='bbox 3142 4574 3330 4643; x_wconf 87' lang='grc' dir='ltr'>λόγους</span> <span class='ocrx_word' id='word_1_666' title='bbox 3374 4573 3453 4634; x_wconf 84' lang='grc' dir='ltr'>εἰς</span> <span class='ocrx_word' id='word_1_667' title='bbox 3493 4569 3693 4631; x_wconf 84' lang='grc' dir='ltr'>πλάτος</span> <span class='ocrx_word' id='word_1_668' title='bbox 3741 4564 4038 4633; x_wconf 82' lang='grc' dir='ltr'>διεξελθὼν,</span> 
     </span>
    </p>
   </div>
   <div class='ocr_carea' id='block_1_92' title="bbox 799 4672 2368 4748">
    <p class='ocr_par' dir='ltr' id='par_1_92' title="bbox 799 4672 2368 4748">
     <span class='ocr_line' id='line_1_92' title="bbox 799 4672 2368 4748; baseline 0 -15"><span class='ocrx_word' id='word_1_669' title='bbox 799 4672 943 4733; x_wconf 81' lang='lat' dir='ltr'><strong>stare</strong></span> <span class='ocrx_word' id='word_1_670' title='bbox 988 4678 1173 4748; x_wconf 90' lang='lat' dir='ltr'><strong>potius</strong></span> <span class='ocrx_word' id='word_1_671' title='bbox 1195 4678 1418 4742; x_wconf 88' lang='lat' dir='ltr'><strong>vellent,</strong></span> <span class='ocrx_word' id='word_1_672' title='bbox 1456 4693 1551 4732; x_wconf 85' lang='lat' dir='ltr'><strong>eos</strong></span> <span class='ocrx_word' id='word_1_673' title='bbox 1600 4677 1871 4741; x_wconf 88' lang='lat' dir='ltr'><strong>hortatus,</strong></span> <span class='ocrx_word' id='word_1_674' title='bbox 1921 4677 2136 4731; x_wconf 83' lang='lat' dir='ltr'><strong>libellos</strong></span> <span class='ocrx_word' id='word_1_675' title='bbox 2180 4694 2368 4733; x_wconf 88' lang='lat' dir='ltr'><strong>omnes</strong></span> 
     </span>
    </p>
   </div>
   <div class='ocr_carea' id='block_1_93' title="bbox 797 4763 2368 4838">
    <p class='ocr_par' dir='ltr' id='par_1_93' title="bbox 797 4763 2368 4838">
     <span class='ocr_line' id='line_1_93' title="bbox 797 4763 2368 4838; baseline -0.002 -16"><span class='ocrx_word' id='word_1_676' title='bbox 797 4768 953 4822; x_wconf 89' lang='lat' dir='ltr'><strong>exuri</strong></span> <span class='ocrx_word' id='word_1_677' title='bbox 987 4767 1167 4837; x_wconf 85' lang='lat' dir='ltr'><strong>jussit,</strong></span> <span class='ocrx_word' id='word_1_678' title='bbox 1205 4766 1419 4838; x_wconf 88' lang='lat' dir='ltr'><strong>adjecto</strong></span> <span class='ocrx_word' id='word_1_679' title='bbox 1464 4771 1675 4819; x_wconf 90' lang='lat' dir='ltr'><strong>tantum</strong></span> <span class='ocrx_word' id='word_1_680' title='bbox 1721 4764 1826 4819; x_wconf 90' lang='lat' dir='ltr'><strong>hoc</strong></span> <span class='ocrx_word' id='word_1_681' title='bbox 1870 4763 2368 4834; x_wconf 83' lang='lat' dir='ltr'><strong>elogio:Christus</strong></span> 
     </span>
    </p>
   </div>
   <div class='ocr_carea' id='block_1_94' title="bbox 798 4852 2372 4926">
    <p class='ocr_par' dir='ltr' id='par_1_94' title="bbox 798 4852 2372 4926">
     <span class='ocr_line' id='line_1_94' title="bbox 798 4852 2372 4926; baseline 0 -17"><span class='ocrx_word' id='word_1_682' title='bbox 798 4857 1045 4926; x_wconf 74' lang='lat' dir='ltr'><strong>prmeipit</strong></span> <span class='ocrx_word' id='word_1_683' title='bbox 1073 4864 1131 4910; x_wconf 92' lang='lat' dir='ltr'><strong>ut</strong></span> <span class='ocrx_word' id='word_1_684' title='bbox 1153 4857 1372 4912; x_wconf 91' lang='lat' dir='ltr'><strong>veniam</strong></span> <span class='ocrx_word' id='word_1_685' title='bbox 1399 4853 1556 4909; x_wconf 82' lang='lat' dir='ltr'><strong>fratri</strong></span> <span class='ocrx_word' id='word_1_686' title='bbox 1591 4853 1703 4919; x_wconf 91' lang='lat' dir='ltr'><strong>det,</strong></span> <span class='ocrx_word' id='word_1_687' title='bbox 1730 4853 1982 4924; x_wconf 88' lang='lat' dir='ltr'><strong>quisquis</strong></span> <span class='ocrx_word' id='word_1_688' title='bbox 2017 4853 2123 4908; x_wconf 92' lang='lat' dir='ltr'><strong>sibi</strong></span> <span class='ocrx_word' id='word_1_689' title='bbox 2149 4852 2250 4923; x_wconf 89' lang='lat' dir='ltr'><strong>ipsi</strong></span> <span class='ocrx_word' id='word_1_690' title='bbox 2277 4870 2372 4909; x_wconf 92' lang='lat' dir='ltr'><strong>ve-</strong></span> 
     </span>
    </p>
   </div>
   <div class='ocr_carea' id='block_1_95' title="bbox 798 4943 2367 5016">
    <p class='ocr_par' dir='ltr' id='par_1_95' title="bbox 798 4943 2367 5016">
     <span class='ocr_line' id='line_1_95' title="bbox 798 4943 2367 5016; baseline 0.001 -17"><span class='ocrx_word' id='word_1_691' title='bbox 798 4945 944 5001; x_wconf 62' lang='lat' dir='ltr'><strong>niam</strong></span> <span class='ocrx_word' id='word_1_692' title='bbox 974 4946 1085 5000; x_wconf 79' lang='lat' dir='ltr'><strong>dari</strong></span> <span class='ocrx_word' id='word_1_693' title='bbox 1111 4946 1262 5001; x_wconf 85' lang='lat' dir='ltr'><strong>velit.</strong></span> <span class='ocrx_word' id='word_1_694' title='bbox 1290 4946 1442 5002; x_wconf 90' lang='lat' dir='ltr'><strong>Tunc</strong></span> <span class='ocrx_word' id='word_1_695' title='bbox 1475 4944 1643 5016; x_wconf 77' lang='lat' dir='ltr'><strong>igitur</strong></span> <span class='ocrx_word' id='word_1_696' title='bbox 1668 4960 1793 5000; x_wconf 92' lang='lat' dir='ltr'><strong>cum</strong></span> <span class='ocrx_word' id='word_1_697' title='bbox 1838 4943 1907 5000; x_wconf 90' lang='lat' dir='ltr'><strong>dc</strong></span> <span class='ocrx_word' id='word_1_698' title='bbox 1950 4959 2083 5015; x_wconf 89' lang='lat' dir='ltr'><strong>pace</strong></span> <span class='ocrx_word' id='word_1_699' title='bbox 2130 4951 2187 5000; x_wconf 89' lang='lat' dir='ltr'><strong>et</strong></span> <span class='ocrx_word' id='word_1_700' title='bbox 2232 4959 2367 5000; x_wconf 91' lang='lat' dir='ltr'><strong>con-</strong></span> 
     </span>
    </p>
   </div>
   <div class='ocr_carea' id='block_1_96' title="bbox 2476 4658 4053 4739">
    <p class='ocr_par' dir='ltr' id='par_1_96' title="bbox 2476 4658 4053 4739">
     <span class='ocr_line' id='line_1_96' title="bbox 2476 4658 4053 4739; baseline -0.008 -17"><span class='ocrx_word' id='word_1_701' title='bbox 2476 4665 2632 4732; x_wconf 68' lang='grc' dir='ltr'>αὖθις</span> <span class='ocrx_word' id='word_1_702' title='bbox 2667 4669 2793 4739; x_wconf 77' lang='grc' dir='ltr'>περὶ</span> <span class='ocrx_word' id='word_1_703' title='bbox 2825 4668 2930 4721; x_wconf 83' lang='grc' dir='ltr'>τῶν</span> <span class='ocrx_word' id='word_1_704' title='bbox 2974 4668 3257 4739; x_wconf 77' lang='grc' dir='ltr'>δογμάτων</span> <span class='ocrx_word' id='word_1_705' title='bbox 3298 4662 3717 4735; x_wconf 80' lang='grc' dir='ltr'>ἐπιμελέστερον</span> <span class='ocrx_word' id='word_1_706' title='bbox 3759 4658 4053 4727; x_wconf 54' lang='grc' dir='ltr'>ὲπισκέιέαο</span> 
     </span>
    </p>
   </div>
   <div class='ocr_carea' id='block_1_97' title="bbox 2475 4747 4051 4831">
    <p class='ocr_par' dir='ltr' id='par_1_97' title="bbox 2475 4747 4051 4831">
     <span class='ocr_line' id='line_1_97' title="bbox 2475 4747 4051 4831; baseline -0.008 -18"><span class='ocrx_word' id='word_1_707' title='bbox 2475 4761 2596 4813; x_wconf 85' lang='grc' dir='ltr'>σθαι</span> <span class='ocrx_word' id='word_1_708' title='bbox 2624 4762 2689 4831; x_wconf 81' lang='grc' dir='ltr'>τῇ</span> <span class='ocrx_word' id='word_1_709' title='bbox 2735 4759 2913 4813; x_wconf 76' lang='grc' dir='ltr'>αὐτῶν</span> <span class='ocrx_word' id='word_1_710' title='bbox 2954 4759 3145 4830; x_wconf 78' lang='grc' dir='ltr'>γνώμῃ</span> <span class='ocrx_word' id='word_1_711' title='bbox 3190 4755 3507 4829; x_wconf 71' lang='grc' dir='ltr'>ἐπέτρεψεν.</span> <span class='ocrx_word' id='word_1_712' title='bbox 3549 4747 3651 4806; x_wconf 77' lang='grc' dir='ltr'>υἷα</span> <span class='ocrx_word' id='word_1_713' title='bbox 3690 4751 3746 4804; x_wconf 80' lang='grc' dir='ltr'><strong>δὲ</strong></span> <span class='ocrx_word' id='word_1_714' title='bbox 3790 4750 3885 4803; x_wconf 57' lang='grc' dir='ltr'><strong>καὶ⁵</strong></span> <span class='ocrx_word' id='word_1_715' title='bbox 3925 4749 4051 4819; x_wconf 73' lang='grc' dir='ltr'>περὶ</span> 
     </span>
    </p>
   </div>
   <div class='ocr_carea' id='block_1_98' title="bbox 2470 4838 4046 4921">
    <p class='ocr_par' dir='ltr' id='par_1_98' title="bbox 2470 4838 4046 4921">
     <span class='ocr_line' id='line_1_98' title="bbox 2470 4838 4046 4921; baseline -0.01 -16"><span class='ocrx_word' id='word_1_716' title='bbox 2470 4849 2675 4905; x_wconf 84' lang='grc' dir='ltr'>τούτων</span> <span class='ocrx_word' id='word_1_717' title='bbox 2708 4850 2767 4904; x_wconf 82' lang='grc' dir='ltr'>ὲν</span> <span class='ocrx_word' id='word_1_718' title='bbox 2803 4849 2880 4920; x_wconf 85' lang='grc' dir='ltr'>τῷ</span> <span class='ocrx_word' id='word_1_719' title='bbox 2923 4849 3070 4921; x_wconf 79' lang='grc' dir='ltr'>αὐτῷ</span> <span class='ocrx_word' id='word_1_720' title='bbox 3113 4849 3281 4919; x_wconf 83' lang='grc' dir='ltr'>τρίτῳ</span> <span class='ocrx_word' id='word_1_721' title='bbox 3316 4845 3506 4919; x_wconf 82' lang='grc' dir='ltr'>βιϐλίῳ</span> <span class='ocrx_word' id='word_1_722' title='bbox 3544 4842 3651 4897; x_wconf 83' lang='grc' dir='ltr'>τῶν</span> <span class='ocrx_word' id='word_1_723' title='bbox 3694 4843 3773 4905; x_wconf 84' lang='grc' dir='ltr'><strong>είς</strong></span> <span class='ocrx_word' id='word_1_724' title='bbox 3800 4840 3891 4894; x_wconf 71' lang='grc' dir='ltr'>τὸν</span> <span class='ocrx_word' id='word_1_725' title='bbox 3932 4838 4046 4909; x_wconf 79' lang='grc' dir='ltr'>βίον</span> 
     </span>
    </p>
   </div>
   <div class='ocr_carea' id='block_1_99' title="bbox 2470 4925 4047 5012">
    <p class='ocr_par' dir='ltr' id='par_1_99' title="bbox 2470 4931 4047 5012">
     <span class='ocr_line' id='line_1_99' title="bbox 2470 4931 4047 5012; baseline -0.01 -14"><span class='ocrx_word' id='word_1_726' title='bbox 2470 4941 2881 4998; x_wconf 80' lang='grc' dir='ltr'>Κωνσταντίνου</span> <span class='ocrx_word' id='word_1_727' title='bbox 2926 4944 2958 4995; x_wconf 85' lang='lat'><strong>6&#39;</strong></span> <span class='ocrx_word' id='word_1_728' title='bbox 2995 4942 3159 5006; x_wconf 83' lang='grc' dir='ltr'>αὑτός</span> <span class='ocrx_word' id='word_1_729' title='bbox 3209 4957 3373 5012; x_wconf 75' lang='grc' dir='ltr'>φησιν</span> <span class='ocrx_word' id='word_1_730' title='bbox 3419 4936 3702 4999; x_wconf 75' lang='grc' dir='ltr'>Εὖσέϐιος,</span> <span class='ocrx_word' id='word_1_731' title='bbox 3750 4931 4047 4985; x_wconf 76' lang='grc' dir='ltr'>ἐπακοῦσαι</span> 
     </span>
    </p>
   </div>
   <div class='ocr_carea' id='block_1_100' title="bbox 2003 5144 2857 5201">
    <p class='ocr_par' dir='ltr' id='par_1_100' title="bbox 2003 5144 2857 5201">
     <span class='ocr_line' id='line_1_100' title="bbox 2003 5144 2857 5201; baseline -0.002 0"><span class='ocrx_word' id='word_1_732' title='bbox 2003 5145 2270 5201; x_wconf 75' lang='lat' dir='ltr'><strong>VALESII</strong></span> <span class='ocrx_word' id='word_1_733' title='bbox 2310 5144 2857 5201; x_wconf 70' lang='lat' dir='ltr'><strong>ANNOTATIONES.</strong></span> 
     </span>
    </p>
   </div>
   <div class='ocr_carea' id='block_1_101' title="bbox 878 5303 2375 5376">
    <p class='ocr_par' dir='ltr' id='par_1_101' title="bbox 878 5303 2375 5376">
     <span class='ocr_line' id='line_1_101' title="bbox 878 5303 2375 5376; baseline -0.001 -18"><span class='ocrx_word' id='word_1_734' title='bbox 878 5304 985 5376; x_wconf 64' lang='grc'>(40)</span> <span class='ocrx_word' id='word_1_735' title='bbox 1044 5309 1268 5361; x_wconf 80' lang='grc' dir='ltr'>Τούτων</span> <span class='ocrx_word' id='word_1_736' title='bbox 1298 5305 1844 5374; x_wconf 75' lang='grc' dir='ltr'>ἐμνημονεύσαμεν.</span> <span class='ocrx_word' id='word_1_737' title='bbox 1895 5305 2007 5360; x_wconf 83' lang='lat' dir='ltr'><strong>lloc</strong></span> <span class='ocrx_word' id='word_1_738' title='bbox 2046 5303 2211 5376; x_wconf 81' lang='lat' dir='ltr'><strong>etiam</strong></span> <span class='ocrx_word' id='word_1_739' title='bbox 2254 5303 2375 5376; x_wconf 68' lang='lat' dir='ltr'><strong>loco</strong></span> 
     </span>
    </p>
   </div>
   <div class='ocr_carea' id='block_1_102' title="bbox 802 5373 2374 5437">
    <p class='ocr_par' dir='ltr' id='par_1_102' title="bbox 802 5373 2374 5437">
     <span class='ocr_line' id='line_1_102' title="bbox 802 5373 2374 5437; baseline -0.005 -3"><span class='ocrx_word' id='word_1_740' title='bbox 802 5379 946 5434; x_wconf 92' lang='lat' dir='ltr'><strong>idem</strong></span> <span class='ocrx_word' id='word_1_741' title='bbox 970 5373 1157 5433; x_wconf 78' lang='lat' dir='ltr'><strong>codex</strong></span> <span class='ocrx_word' id='word_1_742' title='bbox 1187 5376 1368 5429; x_wconf 77' lang='lat' dir='ltr'><strong>Allatii</strong></span> <span class='ocrx_word' id='word_1_743' title='bbox 1401 5373 1589 5431; x_wconf 78' lang='lat' dir='ltr'><strong>vacem</strong></span> <span class='ocrx_word' id='word_1_744' title='bbox 1616 5373 1897 5431; x_wconf 85' lang='lat' dir='ltr'><strong>interserit</strong></span> <span class='ocrx_word' id='word_1_745' title='bbox 1928 5376 2031 5430; x_wconf 92' lang='lat' dir='ltr'><strong>hoc</strong></span> <span class='ocrx_word' id='word_1_746' title='bbox 2064 5374 2246 5437; x_wconf 89' lang='lat' dir='ltr'><strong>modo,</strong></span> <span class='ocrx_word' id='word_1_747' title='bbox 2281 5373 2374 5426; x_wconf 77' lang='grc' dir='ltr'>τοῦ</span> 
     </span>
    </p>
   </div>
   <div class='ocr_carea' id='block_1_103' title="bbox 800 5444 2377 5571">
    <p class='ocr_par' dir='ltr' id='par_1_103' title="bbox 800 5444 2377 5571">
     <span class='ocr_line' id='line_1_103' title="bbox 800 5444 2377 5571; baseline -0.003 -69"><span class='ocrx_word' id='word_1_748' title='bbox 800 5450 958 5571; x_wconf 65' lang='grc' dir='ltr'>χάριν</span> <span class='ocrx_word' id='word_1_749' title='bbox 1006 5447 1061 5499; x_wconf 78' lang='grc' dir='ltr'>δὲ</span> <span class='ocrx_word' id='word_1_750' title='bbox 1112 5447 1315 5500; x_wconf 87' lang='grc' dir='ltr'>τούτων</span> <span class='ocrx_word' id='word_1_751' title='bbox 1367 5447 1546 5510; x_wconf 83' lang='grc' dir='ltr'>ίδικῶς</span> <span class='ocrx_word' id='word_1_752' title='bbox 1593 5446 2008 5517; x_wconf 76' lang='grc' dir='ltr'>ἐμνημόνευσα,</span> <span class='ocrx_word' id='word_1_753' title='bbox 2043 5444 2181 5515; x_wconf 73' lang='grc' dir='ltr'>μετὰ</span> <span class='ocrx_word' id='word_1_754' title='bbox 2205 5444 2377 5497; x_wconf 78' lang='grc' dir='ltr'>ταῦτα</span> 
     </span>
     <span class='ocr_line' id='line_1_104' title="bbox 837 5536 933 5571; baseline 0 0"><span class='ocrx_word' id='word_1_755' title='bbox 837 5536 933 5571; x_wconf 61' lang='grc' dir='ltr'><strong>βίη).</strong></span> 
     </span>
    </p>
   </div>
   <div class='ocr_carea' id='block_1_104' title="bbox 869 5538 933 5572">
    <p class='ocr_par' dir='ltr' id='par_1_104' title="bbox 869 5538 933 5572">
     <span class='ocr_line' id='line_1_105' title="bbox 869 5538 933 5572; baseline 0.094 -6"><span class='ocrx_word' id='word_1_756' title='bbox 869 5538 933 5572; x_wconf 68' lang='grc' dir='ltr'><strong>(τ).</strong></span> 
     </span>
    </p>
   </div>
   <div class='ocr_carea' id='block_1_105' title="bbox 874 5584 2376 5655">
    <p class='ocr_par' dir='ltr' id='par_1_105' title="bbox 874 5584 2376 5655">
     <span class='ocr_line' id='line_1_106' title="bbox 874 5584 2376 5655; baseline -0.003 -14"><span class='ocrx_word' id='word_1_757' title='bbox 874 5585 984 5653; x_wconf 69' lang='grc' dir='ltr'><strong>(Η)</strong></span> <span class='ocrx_word' id='word_1_758' title='bbox 1024 5586 1209 5641; x_wconf 71' lang='grc' dir='ltr'>Ἀλλὰ</span> <span class='ocrx_word' id='word_1_759' title='bbox 1262 5585 1497 5655; x_wconf 70' lang='grc' dir='ltr'>γυμνὴν</span> <span class='ocrx_word' id='word_1_760' title='bbox 1529 5585 1785 5654; x_wconf 67' lang='grc' dir='ltr'><strong>¹γνώμην.</strong></span> <span class='ocrx_word' id='word_1_761' title='bbox 1820 5585 1987 5655; x_wconf 75' lang='lat' dir='ltr'><strong>Magis</strong></span> <span class='ocrx_word' id='word_1_762' title='bbox 2026 5585 2205 5654; x_wconf 78' lang='lat' dir='ltr'><strong>placet</strong></span> <span class='ocrx_word' id='word_1_763' title='bbox 2236 5584 2376 5638; x_wconf 79' lang='lat' dir='ltr'><strong>scri-</strong></span> 
     </span>
    </p>
   </div>
   <div class='ocr_carea' id='block_1_106' title="bbox 804 5655 2378 5727">
    <p class='ocr_par' dir='ltr' id='par_1_106' title="bbox 804 5655 2378 5727">
     <span class='ocr_line' id='line_1_107' title="bbox 804 5655 2378 5727; baseline -0.004 -16"><span class='ocrx_word' id='word_1_764' title='bbox 804 5667 961 5727; x_wconf 79' lang='lat' dir='ltr'><strong>ptura</strong></span> <span class='ocrx_word' id='word_1_765' title='bbox 989 5672 1150 5726; x_wconf 90' lang='lat' dir='ltr'><strong>quam</strong></span> <span class='ocrx_word' id='word_1_766' title='bbox 1176 5657 1393 5726; x_wconf 70' lang='lat' dir='ltr'><strong>pmfert</strong></span> <span class='ocrx_word' id='word_1_767' title='bbox 1426 5656 1596 5711; x_wconf 84' lang='lat' dir='ltr'><strong>codex</strong></span> <span class='ocrx_word' id='word_1_768' title='bbox 1630 5655 1814 5710; x_wconf 85' lang='lat' dir='ltr'><strong>Allatii</strong></span> <span class='ocrx_word' id='word_1_769' title='bbox 1854 5655 2378 5727; x_wconf 54' lang='lat' dir='ltr'><strong>vopvﬁvyvtbstvév</strong></span> 
     </span>
    </p>
   </div>
   <div class='ocr_carea' id='block_1_107' title="bbox 811 5723 2379 5796">
    <p class='ocr_par' dir='ltr' id='par_1_107' title="bbox 811 5723 2379 5796">
     <span class='ocr_line' id='line_1_108' title="bbox 811 5723 2379 5796; baseline -0.002 -18"><span class='ocrx_word' id='word_1_770' title='bbox 811 5723 1145 5789; x_wconf 63' lang='grc' dir='ltr'>πίστειζριο.</span> <span class='ocrx_word' id='word_1_771' title='bbox 1178 5723 1382 5796; x_wconf 71' lang='grc' dir='ltr'>’Λιιιιιθ</span> <span class='ocrx_word' id='word_1_772' title='bbox 1428 5726 1501 5781; x_wconf 88' lang='lat' dir='ltr'><strong>ita</strong></span> <span class='ocrx_word' id='word_1_773' title='bbox 1536 5742 1771 5796; x_wconf 14' lang='lat' dir='ltr'><strong>prorsus,</strong></span> <span class='ocrx_word' id='word_1_774' title='bbox 1795 5723 1999 5794; x_wconf 73' lang='lat' dir='ltr'><strong>legerat</strong></span> <span class='ocrx_word' id='word_1_775' title='bbox 2025 5723 2379 5796; x_wconf 74' lang='lat' dir='ltr'><strong>Epiphanius</strong></span> 
     </span>
    </p>
   </div>
   <div class='ocr_carea' id='block_1_108' title="bbox 803 5795 2377 5864">
    <p class='ocr_par' dir='ltr' id='par_1_108' title="bbox 803 5795 2377 5864">
     <span class='ocr_line' id='line_1_109' title="bbox 803 5795 2377 5864; baseline -0.003 -14"><span class='ocrx_word' id='word_1_776' title='bbox 803 5797 1195 5851; x_wconf 72' lang='lat' dir='ltr'><strong>Scholasticus.</strong></span> <span class='ocrx_word' id='word_1_777' title='bbox 1227 5795 1317 5851; x_wconf 85' lang='lat' dir='ltr'><strong>Sic</strong></span> <span class='ocrx_word' id='word_1_778' title='bbox 1349 5798 1495 5852; x_wconf 88' lang='lat' dir='ltr'><strong>enim</strong></span> <span class='ocrx_word' id='word_1_779' title='bbox 1529 5795 1725 5852; x_wconf 87' lang='lat' dir='ltr'><strong>vertit:</strong></span> <span class='ocrx_word' id='word_1_780' title='bbox 1750 5795 1851 5851; x_wconf 81' lang='lat' dir='ltr'><strong>Sed</strong></span> <span class='ocrx_word' id='word_1_781' title='bbox 1892 5811 2079 5864; x_wconf 82' lang='lat' dir='ltr'><strong>puram</strong></span> <span class='ocrx_word' id='word_1_782' title='bbox 2105 5795 2377 5847; x_wconf 82' lang='lat' dir='ltr'><strong>scientiam</strong></span> 
     </span>
    </p>
   </div>
   <div class='ocr_carea' id='block_1_109' title="bbox 802 5864 2361 5937">
    <p class='ocr_par' dir='ltr' id='par_1_109' title="bbox 802 5864 2361 5937">
     <span class='ocr_line' id='line_1_110' title="bbox 802 5864 2361 5937; baseline -0.001 -19"><span class='ocrx_word' id='word_1_783' title='bbox 802 5866 906 5934; x_wconf 73' lang='lat' dir='ltr'><strong>(ide</strong></span> <span class='ocrx_word' id='word_1_784' title='bbox 948 5875 993 5920; x_wconf 81' lang='lat' dir='ltr'><strong>et</strong></span> <span class='ocrx_word' id='word_1_785' title='bbox 1021 5867 1165 5923; x_wconf 78' lang='lat' dir='ltr'><strong>bonis</strong></span> <span class='ocrx_word' id='word_1_786' title='bbox 1192 5868 1428 5937; x_wconf 79' lang='lat' dir='ltr'><strong>operibus</strong></span> <span class='ocrx_word' id='word_1_787' title='bbox 1459 5866 1853 5921; x_wconf 73' lang='lat' dir='ltr'><strong>observandam.</strong></span> <span class='ocrx_word' id='word_1_788' title='bbox 1878 5867 2147 5922; x_wconf 58' lang='lat' dir='ltr'><strong>ueterum</strong></span> <span class='ocrx_word' id='word_1_789' title='bbox 2183 5864 2361 5919; x_wconf 86' lang='lat' dir='ltr'><strong>Socra-</strong></span> 
     </span>
    </p>
   </div>
   <div class='ocr_carea' id='block_1_110' title="bbox 2472 5293 4042 5376">
    <p class='ocr_par' dir='ltr' id='par_1_110' title="bbox 2472 5293 4042 5376">
     <span class='ocr_line' id='line_1_111' title="bbox 2472 5293 4042 5376; baseline -0.008 -18"><span class='ocrx_word' id='word_1_790' title='bbox 2472 5312 2557 5376; x_wconf 74' lang='lat' dir='ltr'><strong>tes</strong></span> <span class='ocrx_word' id='word_1_791' title='bbox 2584 5302 2727 5376; x_wconf 82' lang='lat' dir='ltr'><strong>hanc</strong></span> <span class='ocrx_word' id='word_1_792' title='bbox 2752 5301 3148 5376; x_wconf 67' lang='lat' dir='ltr'><strong>narrationem</strong></span> <span class='ocrx_word' id='word_1_793' title='bbox 3204 5298 3422 5376; x_wconf 83' lang='lat' dir='ltr'><strong>videtur</strong></span> <span class='ocrx_word' id='word_1_794' title='bbox 3451 5297 3725 5376; x_wconf 60' lang='lat' dir='ltr'><strong>hausisse</strong></span> <span class='ocrx_word' id='word_1_795' title='bbox 3762 5293 4042 5376; x_wconf 47' lang='lat' dir='ltr'><strong>exnllulini</strong></span> 
     </span>
    </p>
   </div>
   <div class='ocr_carea' id='block_1_111' title="bbox 2472 5366 4043 5437">
    <p class='ocr_par' dir='ltr' id='par_1_111' title="bbox 2472 5366 4043 5437">
     <span class='ocr_line' id='line_1_112' title="bbox 2472 5366 4043 5437; baseline -0.006 -10"><span class='ocrx_word' id='word_1_796' title='bbox 2472 5374 2617 5427; x_wconf 90' lang='lat' dir='ltr'><strong>libro</strong></span> <span class='ocrx_word' id='word_1_797' title='bbox 2645 5373 2881 5437; x_wconf 90' lang='lat' dir='ltr'><strong>decimo,</strong></span> <span class='ocrx_word' id='word_1_798' title='bbox 2908 5374 3001 5427; x_wconf 93' lang='lat' dir='ltr'><strong>ubi</strong></span> <span class='ocrx_word' id='word_1_799' title='bbox 3025 5373 3255 5427; x_wconf 82' lang='lat' dir='ltr'><strong>Ruﬁnus</strong></span> <span class='ocrx_word' id='word_1_800' title='bbox 3293 5370 3403 5437; x_wconf 81' lang='lat' dir='ltr'><strong>agit</strong></span> <span class='ocrx_word' id='word_1_801' title='bbox 3435 5367 3502 5423; x_wconf 93' lang='lat' dir='ltr'><strong>de</strong></span> <span class='ocrx_word' id='word_1_802' title='bbox 3535 5368 3766 5423; x_wconf 90' lang='lat' dir='ltr'><strong>concilio</strong></span> <span class='ocrx_word' id='word_1_803' title='bbox 3803 5366 4043 5437; x_wconf 70' lang='lat' dir='ltr'><strong>Nicaeno.</strong></span> 
     </span>
    </p>
   </div>
   <div class='ocr_carea' id='block_1_112' title="bbox 2476 5434 4045 5514">
    <p class='ocr_par' dir='ltr' id='par_1_112' title="bbox 2476 5434 4045 5514">
     <span class='ocr_line' id='line_1_113' title="bbox 2476 5434 4045 5514; baseline -0.008 -15"><span class='ocrx_word' id='word_1_804' title='bbox 2476 5443 2581 5499; x_wconf 90' lang='lat' dir='ltr'><strong>Sed</strong></span> <span class='ocrx_word' id='word_1_805' title='bbox 2613 5434 3134 5513; x_wconf 35' lang='lat' dir='ltr'><strong>Socrates&#39;quaadam</strong></span> <span class='ocrx_word' id='word_1_806' title='bbox 3162 5442 3229 5496; x_wconf 90' lang='lat' dir='ltr'><strong>de</strong></span> <span class='ocrx_word' id='word_1_807' title='bbox 3267 5434 3538 5493; x_wconf 81' lang='lat' dir='ltr'><strong>industria</strong></span> <span class='ocrx_word' id='word_1_808' title='bbox 3592 5437 3842 5490; x_wconf 89' lang='lat' dir='ltr'><strong>mutavit.</strong></span> <span class='ocrx_word' id='word_1_809' title='bbox 3885 5434 4045 5514; x_wconf 82' lang='lat' dir='ltr'><strong>Gela-</strong></span> 
     </span>
    </p>
   </div>
   <div class='ocr_carea' id='block_1_113' title="bbox 2474 5514 4048 5587">
    <p class='ocr_par' dir='ltr' id='par_1_113' title="bbox 2474 5514 4048 5587">
     <span class='ocr_line' id='line_1_114' title="bbox 2474 5514 4048 5587; baseline -0.008 -19"><span class='ocrx_word' id='word_1_810' title='bbox 2474 5514 2589 5569; x_wconf 90' lang='lat' dir='ltr'><strong>sius</strong></span> <span class='ocrx_word' id='word_1_811' title='bbox 2611 5529 2741 5587; x_wconf 79' lang='lat' dir='ltr'><strong>vero</strong></span> <span class='ocrx_word' id='word_1_812' title='bbox 2773 5528 2897 5587; x_wconf 85' lang='lat' dir='ltr'><strong>cum</strong></span> <span class='ocrx_word' id='word_1_813' title='bbox 2944 5514 3694 5587; x_wconf 17' lang='lat' dir='ltr'><strong>hocAargumcutunipactns</strong></span> <span class='ocrx_word' id='word_1_814' title='bbox 3738 5514 3902 5587; x_wconf 72' lang='lat' dir='ltr'><strong>esset,</strong></span> <span class='ocrx_word' id='word_1_815' title='bbox 3945 5520 4048 5557; x_wconf 83' lang='lat' dir='ltr'><strong>mt-</strong></span> 
     </span>
    </p>
   </div>
   <div class='ocr_carea' id='block_1_114' title="bbox 2474 5575 4046 5651">
    <p class='ocr_par' dir='ltr' id='par_1_114' title="bbox 2474 5575 4046 5651">
     <span class='ocr_line' id='line_1_115' title="bbox 2474 5575 4046 5651; baseline -0.007 -14"><span class='ocrx_word' id='word_1_816' title='bbox 2474 5601 2595 5638; x_wconf 89' lang='lat' dir='ltr'><strong>rum</strong></span> <span class='ocrx_word' id='word_1_817' title='bbox 2624 5583 2679 5637; x_wconf 91' lang='lat' dir='ltr'><strong>in</strong></span> <span class='ocrx_word' id='word_1_818' title='bbox 2714 5584 2935 5637; x_wconf 89' lang='lat' dir='ltr'><strong>modum</strong></span> <span class='ocrx_word' id='word_1_819' title='bbox 2955 5584 3107 5637; x_wconf 91' lang='lat' dir='ltr'><strong>auxit</strong></span> <span class='ocrx_word' id='word_1_820' title='bbox 3134 5575 3293 5651; x_wconf 78' lang='lat' dir='ltr'><strong>atque</strong></span> <span class='ocrx_word' id='word_1_821' title='bbox 3317 5578 3684 5651; x_wconf 86' lang='lat' dir='ltr'><strong>ampliﬁcavit,</strong></span> <span class='ocrx_word' id='word_1_822' title='bbox 3710 5575 4046 5646; x_wconf 80' lang='lat' dir='ltr'><strong>singulorum</strong></span> 
     </span>
    </p>
   </div>
   <div class='ocr_carea' id='block_1_115' title="bbox 2475 5649 4047 5724">
    <p class='ocr_par' dir='ltr' id='par_1_115' title="bbox 2475 5649 4047 5724">
     <span class='ocr_line' id='line_1_116' title="bbox 2475 5649 4047 5724; baseline -0.006 -17"><span class='ocrx_word' id='word_1_823' title='bbox 2475 5653 2925 5724; x_wconf 86' lang='lat' dir='ltr'><strong>philosophorum</strong></span> <span class='ocrx_word' id='word_1_824' title='bbox 2938 5649 3402 5724; x_wconf 75' lang='lat' dir='ltr'><strong>interrogationes</strong></span> <span class='ocrx_word' id='word_1_825' title='bbox 3424 5649 3685 5724; x_wconf 70' lang='lat' dir='ltr'><strong>referens,</strong></span> <span class='ocrx_word' id='word_1_826' title='bbox 3708 5656 3762 5700; x_wconf 88' lang='lat' dir='ltr'><strong>et</strong></span> <span class='ocrx_word' id='word_1_827' title='bbox 3790 5657 4047 5724; x_wconf 72' lang='lat' dir='ltr'><strong>responsa</strong></span> 
     </span>
    </p>
   </div>
   <div class='ocr_carea' id='block_1_116' title="bbox 2475 5713 4048 5794">
    <p class='ocr_par' dir='ltr' id='par_1_116' title="bbox 2475 5713 4048 5794">
     <span class='ocr_line' id='line_1_117' title="bbox 2475 5713 4048 5794; baseline -0.008 -16"><span class='ocrx_word' id='word_1_828' title='bbox 2475 5713 2877 5794; x_wconf 66' lang='lat' dir='ltr'><strong>episcoporum.</strong></span> <span class='ocrx_word' id='word_1_829' title='bbox 2922 5723 3051 5790; x_wconf 75' lang='lat' dir='ltr'><strong>Qua:</strong></span> <span class='ocrx_word' id='word_1_830' title='bbox 3107 5713 3287 5775; x_wconf 76' lang='lat' dir='ltr'><strong>omnia</strong></span> <span class='ocrx_word' id='word_1_831' title='bbox 3333 5720 3542 5774; x_wconf 84' lang='lat' dir='ltr'><strong>fabulas</strong></span> <span class='ocrx_word' id='word_1_832' title='bbox 3572 5718 3753 5789; x_wconf 87' lang='lat' dir='ltr'><strong>potius</strong></span> <span class='ocrx_word' id='word_1_833' title='bbox 3800 5713 4048 5772; x_wconf 88' lang='lat' dir='ltr'><strong>redolent</strong></span> 
     </span>
    </p>
   </div>
   <div class='ocr_carea' id='block_1_117' title="bbox 2477 5794 3494 5866">
    <p class='ocr_par' dir='ltr' id='par_1_117' title="bbox 2477 5794 3494 5866">
     <span class='ocr_line' id='line_1_118' title="bbox 2477 5794 3494 5866; baseline -0.004 -20"><span class='ocrx_word' id='word_1_834' title='bbox 2477 5810 2637 5866; x_wconf 87' lang='lat' dir='ltr'><strong>quam</strong></span> <span class='ocrx_word' id='word_1_835' title='bbox 2680 5794 2962 5849; x_wconf 83' lang='lat' dir='ltr'><strong>historiam</strong></span> <span class='ocrx_word' id='word_1_836' title='bbox 2997 5809 3181 5847; x_wconf 87' lang='lat' dir='ltr'><strong>rerum</strong></span> <span class='ocrx_word' id='word_1_837' title='bbox 3205 5800 3494 5863; x_wconf 77' lang='lat' dir='ltr'><strong>gestarum.</strong></span> 
     </span>
    </p>
   </div>
  </div>
