4514 6578
830 424 900 508 5'7
2098 407 2103 413 ’
2287 437 2613 501 socrum

2315 439 2620 501 manans
4010 420 4098 516 σε·

825 565 1097 623 Caeterum
1141 566 1335 615 cuncta
1375 556 1447 613 ad
1507 556 1819 613 institutum
1874 567 2040 611 suum
2084 563 2415 627 sensumque
2442 563 2487 620 Α
2516 573 2608 619 τας

2301 570 2415 627 .que
2442 563 2487 620 Α
2516 573 2616 619 τας
2642 557 2721 620 είς
2745 556 2994 627 ὁμόνοιαν
3022 557 3192 639 ἄγων,
3243 555 3632 631 ὁμογνώμονας
3663 563 3759 619 καὶ
3792 564 4084 639 ὁμοδόξους

826 652 1120 729 pertraxit.
1144 651 1214 706 Et
1234 650 1534 706 Eusebium
1557 648 1781 719 quidem
1813 644 2111 730 Pamphili,
2142 651 2399 717 tanquam
2505 664 2608 701 κατ

2300 661 2399 703 iam
2505 648 2856 718 κατέστησεν.
2905 648 3068 704 Ἀλλά
3102 648 3333 705 Σαϐίνου
3359 650 3482 722 μὲν,
3514 649 3572 707 εί
3599 668 3704 710 που
3732 659 3893 730 χρεία
3918 661 4083 717 καλι-

828 754 1025 803 tcstem
1049 742 1156 798 ﬁde
1177 741 1557 812 dignissimum
1581 739 1808 798 laudat:
1835 739 2221 810 imperatorem
2258 753 2398 818 quo-
2506 756 2611 805 σοι,

2297 753 2398 818 uo-
2506 756 2611 805 σοι,
2640 740 2977 811 ποιησόμεθα
3019 742 3259 813 μνήμην.
3300 743 3366 797 Ἦ
3393 744 3453 799 δὲ
3475 746 3534 799 ὲν
3565 746 3770 822 Nucan
3804 753 3957 824 παρά
3981 755 4080 828 τῆς

826 854 934 911 que
959 839 1138 908 ipsum
1170 832 1467 905 praeconiis
1509 830 1697 897 allicit,
1722 840 1915 919 utpote
1937 830 2033 900 qui
2073 828 2400 887 Christianae
2507 847 2609 901 μεγ

2299 846 2400 887 me
2507 830 2749 901 μεγάλης
2787 830 3006 888 συνόδου
3032 832 3431 904 μεγαλοφώνως
3453 837 3791 912 ἐξενεχθεῖσα
3806 840 3921 914 445)
3950 862 4082 919 συμ-

827 929 955 986 tidei
979 929 1232 1000 dogmata
1260 924 1507 995 apprime
1530 922 1792 990 calleret;
1824 922 1990 978 {idem
2032 936 2164 978 vero
2204 922 2399 1007 Nicaea
2503 940 2610 992 φων

1824 922 1990 978 {idem
2032 936 2164 978 vero
2204 922 2399 1007 Nicaeae
2503 924 2677 992 φωνία
2694 923 2794 992 τῆς
2826 923 3059 988 πίστεως
3088 924 3235 979 ἐστιν
3259 926 3422 999 αὐτηε
3573 921 3581 931 ’

824 1027 1128 1092 expositam
1179 1017 1556 1088 reprehendit,
1600 1025 1860 1087 tanquam
1911 1014 1982 1071 ab
2026 1014 2233 1088 ignaris
2276 1022 2335 1071 et
2378 1015 2655 1087 imperitis
2695 1014 3004 1073 hominibus
3043 1020 3531 1092 conseriptam;et
3567 1038 3734 1095 quem
3771 1028 4079 1096 sapientem

826 1113 1007 1168 virum
1025 1127 1090 1167 ac
1111 1123 1366 1167 veracem
1392 1116 1587 1165 testem
1611 1107 1881 1172 nominat,
1913 1106 2033 1178 ejus
2071 1105 2240 1161 verba
2263 1105 2445 1162 sciens
2486 1120 2552 1160 ac
2576 1105 2825 1176 prudens
2868 1106 3106 1179 despicit
3143 1116 3202 1166 et
3243 1113 3571 1172 contemnit.
3615 1114 3891 1173 Eusebius
3928 1119 4086 1175 enim

827 1202 1040 1268 scribit,
1066 1217 1137 1257 ex
1184 1198 1457 1256 ministris
1494 1199 1593 1255 Dei
1636 1198 1732 1269 qui
1776 1198 2011 1254 Nicazna:
2057 1197 2270 1272 synodo
2313 1193 2896 1263 interfuerunt,lalios
2940 1214 3196 1256 sermone
3233 1203 3537 1273 sapientiae,
3588 1206 3730 1262 alios
3767 1208 3898 1264 vita:
3940 1223 4078 1265 cor.-

828 1295 1028 1354 stantia
1063 1311 1129 1353 ac
1173 1294 1499 1351 fortitudine
1544 1292 1901 1358 exeelluisse;
1948 1300 2006 1347 et
2029 1291 2419 1362 imperatorem
2458 1288 2637 1360 ipsum
2679 1290 2773 1359 qui
2814 1289 3024 1356 aderat,
3052 1290 3119 1347 ad
3143 1294 3492 1349 concordiam
3534 1303 3764 1353 cunctos
3802 1299 4077 1355 reducen-

828 1399 958 1453 tem,
986 1388 1271 1443 unanimes
1296 1393 1355 1443 et
1384 1384 1806 1443 consentientes
1855 1383 2186 1439 reddidisse.
2234 1382 2444 1438 Verum
2481 1381 2550 1437 de
2592 1380 2795 1438 Sabino
2833 1382 3078 1453 quidem,
3105 1384 3281 1440 sicubi
3311 1388 3610 1444 necessitas
3629 1390 3896 1461 exegerit,
3920 1405 4076 1447 men-

778 1536 781 1541 ,
825 1478 1027 1533 timent
1050 1478 1249 1533 facturi
1274 1493 1484 1534 sumus.
1521 1475 1672 1530 Fidei
1706 1489 1840 1530 vero
1877 1475 2165 1531 consensio
2204 1473 2400 1529 Nicaeae
2435 1488 2468 1529 a
2514 1488 2710 1544 magno
2745 1474 2982 1530 concilio
3023 1475 3321 1546 magniﬁce.
3355 1479 3695 1550 promulgata
3724 1520 3740 1546 ,
3765 1480 3897 1537 haec
3939 1489 4071 1538 est:

802 1644 803 1647 η
890 1591 1177 1647 Credimus
1200 1592 1254 1646 in
1282 1563 1459 1647 unum‘
1477 1591 1671 1656 Deum,
1694 1590 1913 1645 Patrem
1936 1589 2389 1661 omnipotentem,
2567 1586 2585 1640 Ι

2290 1603 2389 1655 3m,
2567 1585 2902 1657 Πιστεύομεν
2939 1587 3020 1651 είς
3053 1585 3151 1645 ἕνα
3181 1587 3313 1642 Θεὸν
3337 1587 3447 1661 (ﬂ)
3466 1630 3481 1654 ,
3518 1590 3737 1663 Πατέρα
3768 1594 4073 1665 παντοκρά-

821 1682 1069 1736 omnium
1099 1682 1404 1737 visibilium
1452 1691 1509 1737 et
1553 1679 1914 1737 invisibilium
1955 1679 2392 1745 Creatorem;et
2492 1696 2604 1752 τορι

2293 1687 2392 1745 ;et
2492 1696 2646 1752 τορα,
2682 1677 2898 1735 πάντων
2938 1680 3151 1753 ὁρατῶν
3177 1694 3237 1735 τε
3266 1681 3359 1735 καὶ
3392 1682 3638 1754 ἀοράτων
3680 1685 3936 1756 Ποιητήν⁹
3977 1689 4072 1743 καὶ

824 1772 879 1827 in
906 1788 1074 1827 unum
1111 1774 1405 1829 Dominum
1444 1774 1631 1830 Jesum
1676 1771 1979 1855 Christum,
2028 1771 2224 1828 Filium
2264 1772 2382 1838 Dei,
2421 1802 2467 1860 Β
2494 1773 2607 1837 είςξ

2282 1772 2382 1838 Dei,
2421 1802 2467 1860 Β
2494 1773 2574 1837 είς
2604 1771 2701 1825 ἕνα
2735 1771 2935 1845 Κύριον
2981 1772 3186 1845 Ἰησοῦν
3217 1774 3449 1845 Χριστὸν
3482 1775 3572 1828 τὸν
3619 1775 3739 1829 Υίὺν
3769 1777 3867 1831 τοῦ
3893 1778 4065 1845 Θεοῦ,

820 1862 1065 1931 genitum
1090 1878 1159 1917 ex
1181 1863 1342 1918 Patre
1368 1861 1736 1932 unigenitum,
1762 1859 1870 1915 hoc
1889 1849 1996 1925 est,
2019 1874 2088 1914 ex
2125 1858 2383 1915 substané

824 1952 896 2005 tia
921 1953 1132 2007 Patris:
1159 1954 1331 2008 Deum
1356 1950 1586 2017 de‘Deo,
1617 1952 1803 2007 lumen
1845 1950 1913 2006 de
1958 1949 2188 2016 lumine,
2214 1950 2386 2006 Deum

797 2060 1007 2099 .verum
1031 2044 1098 2100 de
1121 2045 1233 2100 Deo
1254 2059 1385 2101 vero
1409 2063 1422 2099 :
1448 2046 1718 2117 genitum,
1744 2059 1856 2099 non
1882 2043 2120 2110 factum;
2145 2042 2387 2100 consub-

816 2138 1127 2193 stantialem
1150 2139 1303 2195 Patri
1333 2158 1344 2193 :
1377 2155 1475 2209 per
1498 2155 1661 2209 quem
1689 2138 1873 2193 omnia
1897 2137 2038 2196 facta
2082 2143 2231 2200 sunt,
2266 2150 2389 2207 quae

824 2230 879 2285 in
905 2233 1045 2287 ccelo
1068 2239 1276 2287 suntet
1319 2232 1374 2285 in
1406 2238 1572 2286 terra.
1597 2229 1699 2297 Qui
1725 2236 1948 2300 propter
1990 2242 2093 2282 nos
2137 2226 2388 2281 homines

817 2326 924 2394 22
958 2333 1021 2380 et
1061 2334 1287 2396 prepter
1310 2326 1543 2380 salutem
1569 2332 1812 2395 nostram
1859 2321 2163 2387 descendit,
2210 2320 2388 2376 incar-

814 2424 1084 2486 natusque
1107 2425 1163 2470 et
1188 2417 1351 2470 hoino
1390 2417 1566 2471 factus
1604 2423 1710 2480 est,
1735 2402 2041 2485 etpassus;
2068 2412 2161 2483 qui
2201 2428 2401 2487 resur-_

816 2510 957 2565 rexit
983 2509 1143 2563 tertia
1181 2518 1305 2580 post
1333 2510 1462 2563 die:
1499 2507 1749 2564 ascendit
1791 2507 1859 2562 ad
1903 2507 2092 2571 cados,
2117 2514 2387 2561 venturus

812 2608 983 2654 estut
1020 2601 1173 2659 vivus
1213 2602 1423 2671 judiect
1466 2616 1530 2657 ac
1573 2608 1858 2656 mortuos:
1905 2584 2182 2655 credimus
2225 2605 2283 2654 et
2328 2599 2386 2654 in

810 2689 1076 2760 Spiritum
1107 2702 1376 2746 sanctum.
1403 2692 1512 2747 Eos
1535 2699 1718 2746 autem
1745 2692 1840 2762 qui
1866 2690 2096 2746 dicunt:
2128 2690 2252 2746 Fuit
2286 2689 2387 2744 ali-

813 2779 1033 2848 quando
1062 2786 1278 2849 tempus
1303 2796 1427 2835 cum
1477 2796 1589 2835 non
1634 2789 1806 2845 esset,
1852 2788 1909 2836 et
1950 2779 2255 2851 Antequam
2299 2779 2384 2850 gi-

810 2878 1070 2941 gneretur
1115 2888 1226 2927 non
1271 2880 1391 2927 erat
1419 2890 1432 2926 :
1460 2872 1545 2928 vel
1575 2868 1724 2944 quod
1768 2873 1839 2929 de
1889 2888 2001 2928 non
2038 2871 2385 2928 exstantibus

811 2963 990 3020 factus
1011 2973 1096 3019 est
1121 2982 1136 3018 :
1163 2973 1258 3019 aut
1280 2966 1373 3035 qui
1396 2981 1462 3020 ex
1487 2946 1660 3021 altera
1682 2965 1990 3021 substantia
2030 2963 2118 3019 vel
2143 2960 2380 3019 essentia

809 3055 1003 3110 dicunt
1025 3070 1146 3111 esse
1170 3054 1367 3111 Filium
1408 3050 1526 3122 Dei,
1552 3066 1648 3112 aut
1689 3065 1954 3123 creatum,
2002 3063 2100 3112 aut
2131 3064 2380 3111 'conver-

810 3147 955 3201 noni
1032 3148 1459 3219 mutationique
1519 3149 1824 3204 obnoxium
1865 3189 1881 3215 ,

808 3245 998 3294 sancta
1021 3238 1287 3293 catholica
1316 3248 1372 3293 et
1395 3240 1696 3310 apostolica
1720 3238 1986 3295 Ecclesia.

880 3328 1036 3384 Hanc
1063 3328 1224 3385 iidem
1253 3332 1481 3385 trecenti
1506 3330 1729 3400 quidem
1754 3337 1812 3385 et
1833 3330 2138 3386 octodecim
2164 3327 2383 3383 antisti-

810 3428 893 3475 tes
914 3422 1294 3492 probaverunt
1319 3430 1376 3477 et
1397 3421 1635 3493 amplexi
1676 3430 1845 3477 sunt:
1895 3430 2080 3493 atque,
2108 3431 2170 3477 ut
2212 3421 2384 3477 Euse-

810 3511 933 3594 bius
956 3513 1174 3580 scribit,
1203 3530 1313 3569 uno
1336 3529 1530 3570 omnes
1556 3529 1652 3569 ore
1677 3521 1735 3569 et
1759 3515 1815 3569 in
1848 3530 2015 3569 unam
2054 3513 2381 3569 sententiam

807 3601 1198 3679 conspirantes.
1229 3602 1693 3673 conscripserunt.
1732 3601 1985 3673 Quinque
2030 3609 2241 3657 tantum
2289 3618 2381 3658 re-

810 3694 951 3764 perti
976 3701 1124 3760 sunt,
1151 3696 1244 3765 qui
1273 3695 1417 3749 illam
1460 3695 1714 3766 amplecti
1743 3696 1972 3760 nollent,
2019 3710 2208 3751 vocem
2251 3712 2380 3749 con-

808 3786 1167 3841 substantialis
1191 3786 1697 3856 reprehendentes:
1736 3786 2009 3842 Eusebius
2045 3788 2374 3844 scilicetNi-

807 3879 1176 3934 eomediensis
1221 3880 1531 3950 cpiscopus,
1601 3879 1878 3950 Theognis
1930 3879 2146 3945 Nicone,
2218 3868 2384 3939 Maiis

805 3956 1195 4035 Chalcedonis,
1253 3971 1508 4026 Theonas
1566 3970 1933 4033 Marmariczr,
1981 3977 2039 4025 et
2095 3969 2382 4026 Secundus

806 4058 1181 4115 Ptolemaidis.
1220 4059 1355 4113 Nam
1399 4058 1660 4129 quoniam
1706 4058 2195 4124 consubstantiale,
2245 4059 2379 4115 illud

803 4165 927 4205 esse
951 4150 1173 4206 aiebant
1213 4152 1357 4221 quod
1381 4138 1447 4207 ei
1491 4148 1600 4207 alio
1647 4158 1752 4214 est,
1797 4150 1884 4205 vel
1928 4151 2243 4221 partitione,
2286 4152 2377 4207 vel

805 4244 973 4308 ﬂuxu,
998 4243 1084 4297 vel
1108 4244 1399 4313 eruptione
1429 4260 1443 4297 :
1478 4242 1770 4313 eruptione
1797 4241 2045 4314 quidem,
2074 4250 2134 4298 ut
2171 4255 2239 4298 ex
2285 4259 2375 4300 ra-

2489 1863 2818 1934 γεννηθέντα
2869 1866 2933 1918 ἐκ
2964 1863 3060 1919 τοῦ
3093 1864 3305 1937 Πατρδς
3352 1867 3647 1937 μονογενῆ,
3679 1869 3958 1923 τουτέστιν
4002 1873 4069 1926 ἐκ

2487 1956 2587 2027 τῆς
2634 1955 2819 2020 οὐσίας
2872 1955 2967 2011 τοῦ
3017 1956 3266 2030 Πατρός,
3309 1958 3443 2011 Θεὸν
3475 1959 3541 2011 ὲκ
3574 1958 3708 2013 Θεοῦ
3735 1963 3829 2016 καὶ
3859 1961 3973 2033 φῶς
4001 1963 4068 2017 ἐκ

2489 2044 2686 2115 φωτὸς,
2703 2043 2835 2097 Θεὸν
2861 2043 3114 2115 ἀληθινὸν
3140 2046 3204 2098 ἐκ
3231 2043 3365 2098 Θεοῦ
3395 2035 3681 2116 ἀληθινοῦο
3710 2047 4063 2117 γεννηθέντα,

2487 2136 2549 2191 οὐ
2575 2135 2866 2206 ποιηθέντα
2887 2177 2901 2201 ,
2937 2134 3220 2207 ὀμοούσιον
3245 2135 3322 2206 τῷ
3350 2135 3546 2207 Πατρί·
3577 2136 3645 2190 δι’
3678 2131 3738 2191 οὗ
3778 2135 3847 2190 τὰ
3885 2140 4063 2192 πάντα

2489 2228 2722 2297 ἐγένετο,
2749 2227 2817 2281 τά
2839 2244 2897 2280 τε
2921 2228 2977 2280 ὲν
3001 2225 3079 2297 τῷ
3103 2226 3318 2298 οὐρανῷ
3338 2226 3431 2280 καὶ
3453 2226 3521 2280 τὰ
3545 2228 3602 2280 ἐν
3620 2230 3686 2299 τῇ
3711 2230 3803 2299 γῇ·
3829 2228 3894 2281 δι’
3915 2229 4063 2299 ἡμᾶς

2486 2319 2613 2383 τούς
2637 2317 2956 2390 ἀνθρώπους
2982 2320 3075 2372 καὶ
3103 2318 3191 2377 διά
3217 2320 3316 2390 τὴν
3338 2319 3611 2390 ἡμετέραν
3638 2320 3909 2391 σωτηρίαν
3931 2337 4061 2374 κατ-

2487 2410 2824 2464 ελθόντακαὶ
2859 2398 3213 2480 σαριὶωοέντα
3246 2412 3339 2465 καὶ
3376 2411 3873 2483 ὲνανθρωπήσαντα
3898 2429 3912 2444 ο
3950 2430 4059 2466 πα-

2487 2501 2647 2556 οόντα
2673 2503 2767 2555 καὶ
2794 2501 3096 2555 ἀναστάντα
3125 2504 3194 2573 τῇ
3235 2503 3392 2576 τρίτῃ
3417 2503 3618 2575 ἡμέρα,
3654 2502 3947 2557 ἀνελθόντα
3979 2505 4060 2567 εις
4112 2488 4119 2496 ’

2486 2587 2611 2651 τοὺς
2635 2585 2914 2656 οὐρανοὺς,
2937 2585 3229 2658 ἐρχόμενον
3252 2585 3433 2658 κρίναι
3455 2588 3666 2653 ζῶντας
3684 2589 3779 2641 καὶ
3809 2588 4056 2659 νεκρούςο

2485 2676 2578 2729 καὶ
2607 2677 2687 2740 είς
2713 2675 2773 2730 τὸ
2800 2675 2954 2744 ἅγιον
2979 2676 3203 2747 Πνεῦμα
3216 2686 3268 2732 ⁴ι.
3301 2678 3438 2741 Τοὺς
3456 2678 3512 2732 δὲ
3538 2679 3818 2748 λέγοντας,
3843 2680 3924 2733 ὅτι
3944 2672 4059 2734 Ἦν

2486 2785 2616 2822 ποτε
2656 2769 2745 2821 ὅτε
2782 2767 2882 2822 οὐκ
2909 2763 2998 2839 ἦν,
3031 2767 3127 2829 καὶ
3159 2768 3293 2841 Πρὶν
3323 2769 3651 2841 γεννηθῆναι
3695 2771 3796 2825 οὐκ
3831 2768 3921 2841 ἦν,
3962 2773 4058 2826 καὶ⁵

2483 2859 2566 2913 ὅτι
2606 2857 2697 2923 Ἐξ
2722 2858 2824 2912 οὐκ
2845 2859 3011 2914 ὄντων
3032 2860 3318 2931 ὲγένετο,ἢ
3348 2859 3406 2925 ἐξ
3435 2861 3628 2934 ἐτέρας
3642 2863 3989 2926 ὑποστάσεως
4019 2863 4054 2935 ἢ

2482 2953 2670 3017 οὐσίας
2696 2953 3000 3023 φάσκοντας
3026 2948 3184 3019 εἶναι,
3216 2953 3250 3025 ἦ
3290 2953 3524 3016 κτιστδν,
3557 2955 3591 3026 ἢ
3629 2956 3885 3027 τρεπτδν,
3910 2956 3943 3027 ἢ
3971 2955 4057 3011 ἀλ-

2481 3046 2703 3101 λοιωτὸν
2720 3045 2813 3101 τὸν
2840 3046 2969 3100 Υίδν
3001 3047 3094 3100 τοῦ
3125 3047 3281 3112 Θεοῦ,
3309 3048 3697 3120 ἀναθεματίζει
3722 3050 3757 3122 η
3788 3050 3920 3119 ἀγία
3956 3066 4055 3104 κα·

1956 3147 2384 3204 anathematizat
2409 3157 2452 3218 α
2487 3137 2674 3212 θολικὴ
2711 3137 2806 3194 καὶ
2829 3137 3160 3210 ἀποστολικὴ
3195 3138 3511 3211 Ἐκκλησία.

2558 3320 2777 3392 Ταύτην
2802 3320 2901 3393 τὴν
2949 3320 3126 3379 πίστιν
3155 3321 3457 3392 τριακόσιοι
3504 3322 3603 3393 μὲν
3648 3300 3785 3395 πρὸς
3822 3325 3935 3389 τοῖς
3969 3324 4051 3378 δε-

2481 3413 2695 3470 καοκτὼ
2723 3414 2967 3489 ξγνωσάν
3011 3430 3071 3467 τε
3105 3413 3197 3469 καὶ
3236 3412 3516 3484 ἔστερξαν,
3553 3416 3667 3480 καὶ,
3701 3414 3777 3480 ὥς
3819 3432 3984 3487 φησιν
4027 3418 4057 3470 δ

2483 3505 2777 3572 Εὐσέϐιος,
2800 3507 3259 3578 ὁμοφωνήσαντες
3288 3505 3382 3559 καὶ
3427 3507 3851 3579 ὁμοδοξήσαντες
3888 3508 4057 3579 ἔγρα-

2478 3618 2598 3671 φον.
2622 3599 2789 3653 Πέντε
2818 3598 2875 3653 δὲ
2904 3598 3054 3670 μόνοι
3079 3598 3190 3667 (45)
3212 3599 3272 3652 οὐ
3303 3596 3711 3670 προσεδέξαντο,
3729 3599 3826 3671 τῆς
3858 3599 4057 3663 λέξεως

2478 3693 2585 3750 τοῦ
2628 3692 2954 3763 ὀμοουσίου
2987 3692 3365 3762 ἐπιλαϐόμενοι
3387 3708 3400 3722 ο
3432 3691 3688 3757 Εὐσέϐιός
3720 3705 3776 3745 τε
3816 3695 3844 3746 ό
3894 3692 4056 3746 Νικο-

2483 3786 2709 3859 μηδείας
2729 3785 3047 3850 ἐπίσκοπος,
3074 3788 3167 3863 καὶ
3186 3786 3404 3856 Θέογνις
3426 3786 3677 3849 Νικαίας,
3705 3786 3888 3856 Μάρις
3912 3784 4055 3839 Xa).-

2480 3876 2721 3949 κηδόνος,
2761 3876 2977 3940 Θεωνᾶς
3006 3877 3414 3949 Μαρμαρικῆς,
3448 3875 3737 3939 Σεκοῦνδος
3760 3874 4057 3946 Πτολεμαῖ·

2478 3968 2584 4032 δος.
2639 3968 2791 4022 Ἐπεὶ
2820 3966 2928 4040 γὰρ
2962 3967 3170 4038 ἔφασαν
3212 3970 3498 4039 ὁμοούσιον
3535 3963 3676 4021 εἶναι
3700 4008 3714 4032 ,
3750 3968 3777 4021 ὃ
3815 3967 3877 4023 εκ
3910 3966 4054 4032 τινός

2477 4063 2641 4128 ἐστιν,
2675 4061 2708 4132 ἢ
2744 4060 2885 4115 κατά
2913 4062 3201 4133 μερισμὸν,
3234 4061 3266 4133 ἢ
3294 4061 3433 4115 κατά
3462 4061 3668 4133 ρεῦσιν,
3694 4060 3725 4132 ῆ
3751 4060 3893 4113 κατά
3926 4076 4057 4132 προ-

2480 4152 2661 4225 ϐολήν·
2695 4152 2841 4207 κατὰ
2866 4152 3135 4226 προϐολὴν
3177 4153 3295 4224 μὲν,
3332 4153 3405 4219 ὡς
3437 4153 3502 4207 ὲκ
3533 4152 3698 4224 ῥιζῶν
3738 4150 4052 4223 βλάστημα·

2480 4244 2623 4298 κατά
2659 4243 2717 4297 δὲ
2746 4242 2957 4315 ῥεῦσιν,
2995 4243 3069 4309 ὼς
3094 4247 3143 4299 οἱ
3181 4246 3436 4316 πατρικοὶ
3471 4244 3675 4311 παῖδες·
3716 4244 3856 4299 κατά
3901 4261 4055 4315 μερι-

2022 4416 2287 4477 VALESII
2322 4417 2869 4479 ANNOTATIONES.

875 4582 987 4655 (45)
1011 4581 1477 4655 Μεγιιλοςςρόνῳς
1500 4579 1904 4655 ἐξενεχθεῖσα.
1928 4579 1990 4655 I_n
2011 4577 2201 4655 codice
2232 4578 2372 4634 Le'o-
2391 4548 2449 4636 ’Β
2476 4576 2656 4655 positu

2265 4593 2372 4634 .e'o-
2391 4548 2449 4636 ’Β
2476 4576 2922 4655 positum__fuissc
2944 4593 2974 4633 a
3002 4577 3248 4642 Socrate,
3278 4586 3496 4655 tum_ex
3537 4579 3846 4655 Epiphanio
3879 4582 4048 4640 Scho-

801 4650 1201 4709 nis'Allatii‘hic
1238 4653 1392 4707 locus
1417 4653 1489 4724 ita
1513 4652 1716 4724 legitur
1748 4653 1820 4724 :fl}
1835 4653 1907 4724 δὲ
1940 4652 2007 4724 ἐν
2021 4650 2234 4724 ΔΝικυιίιξι
2266 4669 2372 4724 πα-

810 4725 877 4793 ρὰ
919 4724 1017 4795 τῆς
1058 4724 1297 4795 μεγάλης
1327 4723 1543 4777 συνόδου
1570 4719 1662 4795 Stal.
1696 4719 2094 4795 nnb'Et’Lcsﬂou
2136 4719 2367 4795 μεγαλο-

799 4791 991 4863 φωνωξ
1034 4791 1375 4847 ἐπαινεθεῖσα
1404 4793 1709 4863 συμφωνία,
1748 4801 1854 4863 etc.
1886 4791 2149 4863 Eamdem
2172 4791 2368 4863 lectio-

801 4860 922 4919 nem
952 4871 1174 4919 secutus
1194 4871 1277 4917 est
1301 4860 1642 4933 Epiphanius
1677 4860 2192 4933 Seliolasticus._Sic
2220 4862 2369 4923 enim

797 4935 969 5005 vertit
1005 4952 1017 4987 :
1045 4931 1363 5005 ϐοηεονιίὶιί
1387 4931 1508 5005 ergo
1529 4932 1654 5005 ﬁdei
1678 4952 1711 4988 a
1738 4950 1932 5005 magno
1956 4933 2012 5005 in
2034 4931 2217 4987 Νίσαια
2242 4950 2369 5004 pro-

797 5004 921 5059 lata:
943 5004 1180 5067 concilio,
1210 5004 1273 5058 ab
1302 5003 1523 5059 Eusebio
1547 5003 1698 5059 clara
1722 5003 1843 5059 voce
1865 5003 2107 5067 laudata,
2136 5003 2249 5058 hinc
2270 5013 2366 5059 est.

800 5074 1026 5129 Videtur
1048 5075 1274 5130 omnino
1308 5075 1505 5146 legisse
1544 5074 1889 5144 Epiphanius
1917 5072 2065 5145 παρά
2101 5072 2203 5143 τῆς
2243 5092 2371 5145 μεγ.

799 5146 1014 5198 συνόδου
1044 5145 1380 5214 ἐξενεχθεῖσα
1408 5145 1520 5209 καί,
1547 5153 1603 5200 et
1641 5153 1860 5211 castera,
1887 5152 1947 5200 ut
1969 5158 2154 5214 supra.

872 5213 983 5288 (4.4)
1016 5213 1381 5288 Πιστέύομεν
1407 5219 1491 5288 εἰς
1528 5215 1831 5288 ἕνα-θεόν.
1876 5214 2195 5288 Symbolum
2227 5215 2375 5288 quod

796 5284 891 5341 hic
928 5284 1379 5355 sequitur,_deest
1424 5287 1481 5341 in
1515 5286 1772 5342 omnibus
1815 5284 2021 5341 nostris
2049 5284 2376 5355 exemplari-

794 5356 969 5428 ribus.
996 5356 1185 5428 Regio,
1224 5357 1540 5412 Florentino
1561 5363 1625 5428 et
1650 5357 1945 5428 Sl'ortiano.
1981 5356 2167 5428 Recte.
2194 5365 2376 5428 tamen

794 5425 1326 5499 Cbristopb'orsonus
1367 5428 1424 5483 id
1464 5425 1714 5500 reposuit
1754 5428 1863 5486 hoc
1890 5428 2031 5484 loco.
2082 5426 2184 5482 llic
2228 5427 2377 5483 enim

2475 4647 2667 4703 lastico
2696 4648 2980 4722 discimus,
3030 4658 3143 4722 tum
3189 4666 3255 4722 ex
3304 4650 3495 4706 verbis
3520 4647 3658 4720 qua:—
3683 4653 3929 4722 proxime
3963 4671 4051 4711 se-

2468 4728 2740 4791 quuntur,
2768 4719 2980 4788 Ταύτην
3015 4721 3115 4791 τὴν
3158 4720 3341 4791 πίστιν
3364 4719 3821 4791 τριακόσιοιξοιο.
3859 4725 4052 4781 Manu-

2471 4789 2663 4860 scripti
2703 4796 2886 4844 autem
2929 4789 3148 4847 codiCes
3190 4789 3495 4860 symbolum
3539 4792 3683 4846 istud
3727 4794 3818 4848 hic
3846 4797 4051 4852 omise-

2471 4860 3119 4937 r_unt,-eo_quod.paulo
3152 4870 3276 4931 post
3321 4870 3666 4932 repeteretur
3711 4862 3770 4918 in
3813 4866 4049 4937 epistola

2468 4929 2695 4986 Eusebii
2718 4929 3007 5001 Pamphili.

2545 5001 2655 5073 (45)
2677 4999 2866 5078 Πέντὲ
2909 4999 2977 5078 δέ
3014 5002 3208 5070 μόνοι,
3244 5001 3372 5078 lino
3407 5002 3516 5078 duo
3540 5010 3751 5059 tantum
3769 5004 4050 5078 episcopi,

2475 5070 2764 5127 Secundus
2809 5086 2873 5126 ac
2913 5070 3186 5137 Theonas,
3238 5071 3364 5127 ﬁdei
3416 5073 3647 5129 Nicaeum
3699 5070 4053 5133 subscribere

2476 5146 2819 5216 recusarunt,
2839 5151 2899 5197 ut
2922 5151 3067 5216 recte
3089 5143 3283 5216 scribit
3308 5143 3674 5216 Tlteodorilus
3697 5145 3749 5216 in
3773 5146 3914 5199 libro
3935 5146 4053 5216 pri-

2474 5213 2833 5287 mollistoriae
2854 5213 3257 5287 ecclesiastica},
3281 5222 3338 5287 et
3358 5224 3486 5269 ante
3512 5215 3664 5287 illum
3686 5213 4052 5287 Hieronymus

2476 5283 2531 5377 inn
2556 5284 3067 5377 Dialogoadversus
3099 5283 3687 5377 Luciferianoslﬂdﬂuc
3711 5283 3908 5366 aperte
3922 5301 4052 5377 con-

2476 5353 2660 5426 ﬁrmat
2703 5349 2945 5426 Epistola
2995 5349 3256 5426 synodica
3302 5354 3517 5411 concilii
3567 5349 3937 5426 Niczeni,qute
3961 5356 4052 5412 hic

2476 5425 2713 5482 refertur
2733 5441 2764 5482 a
2792 5424 3033 5481 Socrate.

2224 5588 2605 5647 VARIORUM.

870 5733 914 5799 tt
941 5726 1050 5781 Kal
1092 5729 1178 5790 είς
1202 5726 1393 5799 drmi-
1420 5726 1683 5799 Πνεῦμα.
1735 5726 2050 5799 Symbolum
2106 5725 2375 5799 originem

2483 5723 2572 5778 lici
2594 5722 2949 5793 expositione,
2978 5736 3032 5793 p.
3059 5720 3159 5793 .34,
3176 5718 3263 5785 55,
3287 5718 3519 5793 ideoque
3542 5719 3842 5793 olimibaud
3866 5721 4052 5793 plures

799 5797 943 5866 cepit
978 5813 1051 5869 ex
1090 5790 1367 5869 agnitione
1405 5798 1530 5854 ﬁdei
1556 5790 1958 5869 a'baptiiandis
1980 5797 2143 5869 facta,
2169 5790 2237 5864 υἱ⁴
2255 5797 2377 5851 fuse
2484 5790 2679 5848 habuit
2720 5790 3014 5869 articulos;
3039 5790 3183 5869 (Yid.
3217 5790 3471 5869 eumdem
3488 5806 3609 5869 pag.
3634 5791 3756 5869 551,
3784 5801 3839 5850 et
3861 5790 4051 5849 Socra—

801 5859 1040 5945 cs'tendit
1073 5859 1293 5925 do'ctiss.
1324 5870 1635 5928 Pearsonus
1666 5859 1723 5926 in
1758 5884 1856 5927 sua
1880 5859 2137 5942 Symboli'
2157 5861 2378 5939 apesto-
2485 5874 2593 5921 tem
2616 5874 2866 5921 nostrum
2890 5859 3057 5936 paulo
3081 5859 3222 5917 infra
3246 5861 3303 5917 in
3331 5861 3435 5918 hoc
3460 5859 3682 5934 capite.)
4056 5874 4057 5877 ‘
