4514 6578
860 438 914 488 Ἠ
2321 437 2654 494 SOCRATIS
4060 441 4128 494 72

861 565 1048 618 passus
1069 559 1171 612 est,
1197 560 1251 603 ct
1279 552 1578 606 resurrexit
1606 554 1766 607 tertia
1795 554 1919 620 die;
1964 553 2216 609 ascendit
2240 557 2306 611 ad
2348 557 2448 611 Pa-
2478 565 2524 620 Α
2550 577 2644 612 τωι

2348 557 2448 611 Pa-
2478 565 2524 620 Α
2550 577 2658 612 των
2690 558 2920 610 ἕκαστον
2953 552 3090 612 εἷναι
3117 555 3212 609 καὶ
3233 553 3500 625 ὑπάρχειν
3525 552 3888 618 πιστεύοντες,
3913 556 4128 626 Πατέρα

862 650 1022 703 trcm,
1048 649 1106 694 et
1140 641 1340 697 iterum
1379 653 1644 699 venturus
1685 652 1770 699 cst
1809 662 1935 700 cum
1981 647 2154 717 gloria
2195 656 2254 701 ut
2292 649 2446 703 vivos

855 729 1065 799 judicct
1087 747 1151 785 ac
1175 743 1440 790 mortuos.
1470 733 1761 790 Credimus
1797 738 1964 791 etiam
1990 738 2046 792 in
2073 755 2241 793 unum
2269 737 2444 808 Spiri-

863 834 976 878 tum
1003 833 1273 879 sanctum.
1303 825 1509 881 llorum
1535 844 1985 899 unumquemque
2033 846 2154 885 esse
2181 847 2244 885 ac
2267 831 2446 886 subsi-

859 923 1007 969 stere
1032 917 1323 972 credentes
1352 936 1364 970 :
1395 920 1613 972 Patrem
1654 936 1786 975 vere
1811 921 2052 986 Patrem,
2083 922 2278 976 Filium
2315 939 2446 977 vere

862 1006 1083 1072 Filium,
1102 1015 1158 1060 et
1173 1007 1440 1076 Spiritum
1462 1019 1710 1063 sanetum
1734 1027 1862 1065 vere
1875 1010 2142 1082 Spiritum
2161 1023 2408 1067 sanctum
2430 1033 2441 1066 :

863 1097 1007 1153 sicut
1042 1106 1099 1152 et
1140 1098 1405 1153 Dominus
1447 1109 1666 1165 noster,
1709 1117 1832 1155 cum
1878 1103 2179 1173 discipulos
2213 1120 2344 1159 suos
2378 1105 2445 1159 ad

798 1242 803 1247 .
865 1191 1271 1260 praedicandum
1318 1191 1583 1256 mitteret,
1617 1193 1756 1246 dixit
1792 1213 1803 1246 :
1843 1194 1923 1248 Ite
1959 1213 2021 1248 ac
2056 1195 2232 1249 docete
2269 1213 2447 1252 omnes

864 1291 1060 1351 gentes,
1087 1282 1414 1351 baptizantes
1441 1300 1546 1345 eos,
1574 1287 1627 1338 in
1667 1288 1875 1340 nomine
1915 1288 2113 1353 Putris,
2152 1298 2200 1342 et
2230 1288 2372 1356 Filii,
2400 1299 2448 1342 ct

865 1372 918 1442 Si
940 1373 1091 1426 irilus
1117 1375 1286 1427 sancti
1301 1375 1364 1428 ".
1384 1375 1459 1430 De
1485 1376 1687 1445 quibus
1703 1377 1866 1430 etiam
1884 1380 2232 1444 aﬂirmainus,
2251 1396 2352 1434 nos
2376 1381 2447 1434 ita

868 1471 1053 1518 tenere
1077 1474 1241 1534 atque
1267 1468 1341 1521 ita
1365 1467 1593 1533 sentire,
1617 1478 1674 1523 et
1708 1471 1842 1524 olim
1885 1472 1958 1524 ita
1987 1473 2249 1538 tenuisse,
2274 1481 2331 1527 et
2354 1489 2448 1529 us-

864 1570 970 1622 que
1008 1555 1075 1608 ad
1104 1564 1337 1612 mortem
1377 1565 1709 1624 retenturos,
1739 1569 1903 1631 atque
1947 1563 2001 1615 iu
2045 1563 2148 1617 hac
2185 1563 2290 1619 ﬁde
2316 1580 2448 1619 con-

865 1652 1079 1698 stanter
1104 1662 1494 1714 permansuros
1517 1664 1662 1715 esse,
1690 1666 1909 1705 onmem
1939 1653 2160 1722 impiam
2199 1654 2449 1709 haeresim

865 1739 1211 1793 anathemate
1235 1740 1577 1794 danmantes.
1609 1742 1736 1796 "mc
1772 1759 1874 1797 nos
1906 1744 2090 1797 omnia
2128 1745 2342 1800 sincere
2365 1755 2450 1798 at-

863 1844 970 1896 que
993 1844 1058 1881 ex
1085 1831 1269 1882 animo
1292 1831 1550 1895 sensisse,
1576 1847 1643 1885 cx
1666 1847 1776 1901 quo
1800 1833 2120 1902 nosmetipsi
2156 1849 2318 1890 nosse
2357 1850 2452 1904 po-

2549 648 2767 718 ἀληθῶς
2794 645 3034 718 Πατέρα,
3067 647 3162 702 καὶ
3187 646 3316 699 Υἱδν
3345 643 3560 715 ἀληθῶς
3597 645 3744 707 Υὲδν,
3785 644 3877 696 καὶ
3907 644 4130 714 Πνεῦμα

2549 742 2704 808 ᾶγιον
2725 737 2940 810 ἀληθῶς
2960 738 3114 807 ἇγιον
3143 737 3366 807 Πνεῦμα
3381 753 3394 766 ·
3423 735 3607 800 καθὼς
3630 737 3724 791 καὶ
3751 735 3952 805 Κύριος
3976 736 4132 805 ἡμῶν

2548 832 2903 885 ἀποστέλλων
2942 831 3022 893 εἰς
3062 830 3125 883 τὸ
3175 831 3438 901 κήρυγμα
3472 829 3600 892 τοὺς
3633 828 3826 882 ἑαυτοῦ
3865 827 4130 898 μαθητάς,

2547 919 2666 975 εἷπε
2689 938 2702 952 ο
2741 921 3140 990 Πορευθέντες
3177 921 3594 990 μαθητεύσατε
3629 921 3824 974 πάντα
3855 921 3925 973 τὰ
3960 920 4130 986 ἔθνη,

2542 1010 2936 1076 βαπτίζοντες
2984 1011 3209 1077 αὐτοὺς
3255 1013 3344 1078 εις
3384 1011 3448 1064 τὸ
3497 1009 3684 1078 ὄνομα
3726 1010 3832 1064 τοῦ
3883 1009 4128 1077 Πατρές,

2550 1103 2649 1158 καὶ
2679 1101 2785 1156 τοῦ
2818 1102 2956 1156 Υιοῦ
2975 1143 2989 1165 ,
3023 1103 3120 1155 καὶ
3163 1102 3269 1155 τοῦ
3297 1103 3468 1171 ἁγίου
3494 1102 3858 1169 Πνεύματος.
3893 1100 4026 1170 Περὶ
4057 1093 4133 1153 ὧν

2550 1196 2642 1248 καὶ
2669 1193 3127 1265 διαϐεϐαιούμεθα
3165 1194 3335 1256 οῦτως
3370 1193 3511 1264 ἔχειν
3533 1233 3546 1256 ,
3581 1193 3676 1245 καὶ
3715 1191 3858 1245 οὑτω
3893 1193 4131 1263 φρονεῖν,

2551 1287 2640 1339 καὶ
2669 1285 2834 1339 πάλαι
2862 1285 3034 1348 οὑτως
3061 1284 3374 1354 ἐσχηκέναι,
3409 1285 3503 1337 καὶ
3533 1284 3695 1354 μέχρι
3728 1282 3962 1336 θανάτου
3991 1283 4135 1336 οῦτω

2550 1379 2795 1446 σχήσειν,
2832 1375 2928 1429 καὶ
2967 1378 3024 1428 ἐν
3058 1377 3196 1445 αὑτῇ
3243 1375 3550 1429 ἐνίστασθαι
3588 1378 3654 1445 τῇ
3690 1374 3893 1434 πίστει,
3940 1375 4135 1428 ἀναθε-

2553 1466 2865 1536 ματίζοντες
2896 1465 3078 1518 πᾶσαν
3104 1465 3315 1534 αἵρεσιν
3345 1463 3523 1519 ἄθεον.
3558 1464 3744 1518 Ταῦτα
3773 1462 3880 1516 ἀπὸ
3910 1464 4138 1534 καρδίας

2550 1556 2647 1608 καὶ
2669 1555 2850 1625 ψυχῆς
2879 1556 3058 1610 πάντα
3085 1553 3505 1623 πεφρονηκέναι,
3531 1553 3590 1617 ἐξ
3614 1549 3785 1624 οὗπερ
3818 1553 3976 1622 ῐσμεν
4008 1555 4135 1607 ἑάν-

2553 1649 2697 1711 τοὺς,
2733 1647 2828 1700 καὶ
2852 1646 2948 1700 νῦν
2983 1648 3199 1717 φρονεῖν
3225 1662 3283 1697 τε
3310 1644 3404 1697 καὶ
3436 1644 3615 1712 λέγειν
3644 1646 3701 1711 eg
3734 1644 4010 1713 ἀληθείας.
4043 1645 4138 1698 ἐπὶ

2551 1739 2646 1791 τοῦ
2691 1738 2826 1791 Θεοῦ
2858 1737 2951 1791 τοῦ
2982 1737 3418 1808 παντοκράτορος
3439 1776 3452 1800 ,
3486 1736 3579 1787 καὶ
3611 1735 3704 1787 τοῦ
3743 1735 3949 1805 Κυρίου
3982 1735 4137 1804 ἡμῶν
4177 1763 4194 1774 ε’

2566 1830 2741 1900 Ἰησοῦ
2770 1829 3007 1900 Χριστοῦ
3043 1828 3490 1899 μαρτυρούμεθα,
3523 1827 3796 1882 δεικνύναι
3834 1827 4046 1896 ἔχοντες
4070 1827 4136 1879 δι’

866 1920 1090 1982 tuimus,
1118 1929 1281 1989 atque
1306 1922 1608 1976 etiamnum
1636 1923 1844 1978 sentire
1877 1931 1933 1977 et
1968 1924 2114 1993 loqui
2143 1925 2451 1993 verissime,
2485 1920 2525 1974 Β
2555 1923 2649 1975 ἀπ(

2355 1942 2451 1993 ne,
2485 1920 2525 1974 Β
2555 1920 2904 1985 ἀποδείξεων,
2951 1920 3046 1972 καὶ
3077 1918 3286 1972 πείθειν
3325 1918 3491 1986 ὑμᾶς,
3529 1918 3612 1970 ὅτι
3645 1918 3740 1970 καὶ
3773 1919 3898 1982 τοὺς
3935 1919 4138 1988 παρελ-

864 2024 1047 2062 coram
1089 2011 1466 2080 oumipotcnte
1506 2013 1618 2066 Deo
1661 2022 1718 2066 et
1759 2028 1944 2067 coram
1987 2013 2220 2068 Domino
2264 2025 2452 2069 nostro

862 2103 990 2156 Jesu
1014 2101 1235 2156 Christo
1276 2104 1655 2166 testiﬁcantur,
1683 2104 1861 2172 parati
1890 2105 2216 2159 certissimis
2251 2107 2452 2175 proba-

868 2192 1112 2246 tionibus
1132 2193 1448 2257 ostendere,
1462 2200 1519 2247 et
1534 2192 1692 2247 vobis
1710 2194 2066 2262 persuadere,
2094 2211 2195 2250 nos
2223 2205 2452 2265 praetcr-

869 2284 958 2336 itis
979 2283 1146 2336 etiam
1173 2284 1522 2353 temporibus
1567 2282 1642 2338 ita
1668 2284 1988 2350 credidisse,
2017 2293 2182 2356 atque
2211 2287 2284 2341 ita
2311 2305 2452 2358 prze-

864 2373 1094 2426 dicasse.
1124 2373 1260 2427 Cum
1286 2374 1402 2428 hzcc
1435 2390 1464 2427 a
1493 2374 1656 2429 nobis
1693 2374 1828 2429 ﬁdes
1853 2386 2001 2431 esset
2033 2377 2300 2446 exposita,
2329 2380 2454 2432 nul-

865 2464 950 2516 Ius
971 2475 1091 2517 erat
1117 2465 1529 2520 contradicendi
1569 2467 1742 2524 locus.
1785 2467 1888 2522 Sed
1928 2477 1984 2522 et
2017 2469 2314 2540 imperator
2341 2472 2455 2540 ipse

865 2563 1052 2608 noster
1075 2555 1186 2608 Deo
1211 2554 1589 2619 cbarissimus,
1627 2572 1748 2610 eam
1787 2557 2093 2612 rectissime
2135 2569 2454 2628 conceptam

865 2657 1008 2702 esse,
1031 2641 1242 2711 primus
1272 2643 1518 2698 omnium
1549 2653 1780 2700 testatus
1803 2655 1887 2699 est
1913 2665 1923 2698 :
1955 2656 2117 2725 atque
2147 2649 2220 2702 ita
2247 2651 2455 2704 sentire

865 2750 923 2787 se.
949 2734 1261 2797 allirinavit,
1289 2743 1626 2805 cunctosque
1653 2737 1907 2792 hortatus
1932 2748 2016 2793 est
2045 2748 2102 2794 ut
2127 2741 2177 2794 ei
2220 2742 2454 2795 assenti-

867 2833 1060 2878 rentur
1097 2831 1262 2894 atque
1290 2825 1726 2890 subscriberent,
1761 2837 1933 2897 utque
1977 2829 2031 2883 in
2069 2830 2212 2884 hanc
2248 2831 2454 2885 doctri-

866 2930 990 2968 nam
1029 2929 1222 2969 omnes
1256 2917 1668 2986 conspirarent;
1712 2934 1819 2972 una
1855 2919 2120 2974 duntaxat
2154 2937 2288 2976 voce
2323 2938 2455 2976 eou-

867 3006 1242 3061 substantialis
1265 3007 1495 3078 adjecta.
1517 3008 1690 3074 Quam
1717 3011 1940 3080 quidem
1963 3028 2152 3066 vocem
2186 3014 2300 3084 ipse
2323 3031 2459 3084 quo-

865 3111 972 3165 que
989 3095 1098 3168 24
1113 3097 1512 3168 interpretatus
1533 3107 1638 3164 est,
1663 3117 1918 3158 asserens
1939 3105 2405 3161 consubstantiale
2426 3107 2455 3161 5.

867 3203 925 3243 se
939 3189 1067 3253 dici,
1084 3205 1192 3244 non
1198 3191 1353 3260 juxta
1373 3192 1626 3260 corporis
1646 3192 1987 3258 aﬂ'ectiones,
2011 3211 2188 3266 neque
2211 3212 2309 3266 per
2320 3197 2457 3251 divi-

866 3285 1075 3340 sionem
1100 3297 1195 3342 aut
1217 3304 1316 3359 per
1337 3290 1633 3346 sectionen.
1660 3293 1952 3362 quamdam
1975 3293 2174 3348 Filium
2197 3307 2272 3346 ex
2290 3292 2449 3347 Patre

866 3380 1168 3436 subsistere
1199 3401 1210 3434 :
1239 3382 1357 3436 ﬁeri
1382 3385 1529 3438 enim
1556 3401 1663 3439 non
1691 3402 1869 3455 posse,
1887 3391 1960 3456 ut
1991 3386 2230 3440 materiae
2255 3401 2451 3454 expers

867 3479 1064 3526 natura
1086 3483 1141 3526 et
1169 3473 1556 3530 intellectualis
1573 3485 1736 3546 atque
1763 3478 2089 3546 incorporea
2129 3491 2449 3547 corpoream

869 3561 1033 3617 ullam
1069 3563 1415 3620 affectionem
1441 3565 1695 3622 admittat
1722 3586 1734 3620 :
1761 3568 1855 3622 sed
1890 3568 2092 3622 divinis
2124 3568 2449 3638 arcanisque

2557 2014 2751 2074 θόντας
2779 2011 3007 2082 χρόνους
3036 2010 3210 2074 οῦτως
3243 2008 3600 2079 ἐπιστεύομεν
3625 2026 3684 2061 τε
3710 2009 3806 2062 καὶ
3838 2009 4140 2079 ὲκηρύσσοο

2561 2122 2659 2172 μεν
2704 2104 2924 2172 ὁμοίως.
2957 2101 3173 2171 Ταύτης
3220 2103 3309 2170 ὑφ’
3354 2102 3513 2171 ἡμῶν
3546 2100 3861 2170 ἐκτεθείσης
3908 2102 4006 2171 τῆς
4047 2102 4138 2154 πίε

2559 2213 2762 2260 στεως,
2793 2195 2969 2249 οὑδενὶ
3003 2196 3182 2266 παρῆν
3219 2193 3531 2260 ἀντιλογίας
3565 2193 3750 2257 τύπος.
3807 2193 3944 2246 Ἀλλ’
3979 2193 4139 2255 αὑτός

2557 2305 2614 2340 τε
2639 2287 2856 2358 πρῶτος
2887 2289 2915 2341 ὁ
2942 2285 3354 2355 θεοφιλέστατος
3379 2285 3538 2354 ἡμῶν
3572 2285 3844 2354 βασιλεὺς,
3875 2283 4141 2353 ὀρθότατά

2558 2381 2834 2452 περιέχειν
2865 2379 3036 2450 αὑτὴν
3072 2378 3492 2449 ἐμαρτύρησεν·
3535 2377 3679 2430 οὕτω
3709 2395 3765 2430 τε
3815 2378 3909 2430 καὶ
3949 2378 4140 2430 ἑαυτὸν

2559 2473 2775 2543 φρονεῖν
2810 2469 3178 2542 ἐμαρτύρατο,
3209 2468 3305 2520 καὶ
3337 2467 3510 2540 ταύτῃ
3541 2469 3666 2530 τοὺς
3699 2468 3908 2530 πάντας
3939 2484 4142 2535 συγκα-

2557 2564 2835 2629 ταθέσθαι,
2891 2563 2983 2616 καὶ
3015 2561 3354 2632 ὑπογράφειν
3391 2562 3504 2622 τοῖς
3553 2561 3823 2630 δόγμασι,
3858 2563 3951 2614 καὶ
3999 2579 4139 2630 συμ-

2559 2657 2755 2720 φωνεῖν
2801 2653 3012 2716 τούτοις
3061 2652 3246 2715 αὑτοῖς
3309 2651 3750 2721 παρεκελεύετο,
3805 2654 3920 2716 ἐνὸς
3977 2654 4138 2724 μόνον

2563 2743 3072 2812 προσεγγραφέντος
3127 2742 3369 2812 ῥήματος
3418 2741 3513 2794 τοῦ
3558 2741 3847 2812 ὁμοουσίου
3889 2742 4025 2808 (Η).
4074 2744 4140 2794 '0

2559 2837 2652 2888 καὶ
2706 2835 2868 2897 αὑτὸς
2917 2835 3230 2904 ἡρμήνευσε
3278 2834 3472 2903 λέγων,
3515 2835 3597 2888 ὅτι
3651 2834 3900 2906 μὴκατὰ
3929 2835 3996 2887 τὰ
4031 2833 4140 2886 τῶν

2562 2926 2829 2996 σωμάτων
2862 2926 3009 2996 πάθη
3040 2927 3188 2994 λέγοι
3234 2926 3297 2980 τὸ
3339 2927 3658 2997 ὁμοούσιον.
3685 2926 3808 2980 οὔτε
3857 2921 3950 2980 οῦν
4002 2927 4143 2981 κατὰ

2559 3019 2842 3089 διαίρεσιν,
2880 3016 3003 3070 οῦτε
3038 3019 3180 3072 κατὰ
3208 3037 3326 3071 τινα
3367 3019 3650 3090 ἀποτομὴν
3699 3021 3764 3072 ὲκ
3805 3019 3897 3072 τοῦ
3929 3019 4142 3090 Πατρδς

2561 3111 2878 3180 ὑποστῆναι·
2915 3111 3053 3181 μήτε
3081 3111 3189 3180 γὰρ
3215 3110 3475 3164 δύνασθαι
3504 3111 3600 3180 τὴν
3625 3111 3784 3164 ἄῡλον
3811 3112 3904 3164 καὶ
3927 3111 4139 3180 νοεράν,

2561 3205 2657 3258 καὶ
2696 3203 2990 3273 ἀσώματον
3035 3202 3216 3270 φύσιν,
3247 3204 3558 3273 σωματικόν
3596 3219 3648 3255 τι
3692 3200 3864 3265 πάθος
3905 3200 4134 3270 ὑφίστα-

2561 3295 2703 3350 σθαι⁹
2739 3295 2902 3356 θείοις
2939 3293 2994 3346 δὲ
3033 3294 3129 3347 καὶ
3167 3293 3500 3364 ἀπορρήτοις
3547 3295 3754 3364 ῥήμασι
3795 3304 3816 3331 ³
3867 3293 4131 3363 προσήκει

2558 3388 2625 3441 τά
2654 3385 2874 3440 τοιαῦτα
2904 3386 3065 3437 νοεῖν.
3099 3385 3210 3436 Καὶ
3237 3385 3266 3436 ὁ
3310 3383 3408 3452 μὲν
3447 3383 3754 3451 σοφώτατος
3783 3386 3874 3436 καὶ
3903 3383 4130 3452 εὑσεδὴς

2557 3473 2718 3544 ἡμῶν
2766 3472 3018 3542 βασιλεὺς
3048 3472 3225 3525 τοιάδε
3266 3471 3593 3540 ἐφιλοσόφει.
3631 3475 3694 3525 Ol.
3740 3473 3828 3536 δὲ,
3863 3472 4136 3548 προφάσει

2558 3565 2650 3618 τοῦ
2689 3561 2998 3634 ὁμοουσίον,
3035 3562 3193 3632 τήνδε
3231 3564 3330 3632 τὴν
3371 3565 3589 3634 γραφὴν
3633 3565 3968 3634 πεποιήκασι
4002 3564 4135 3633 (48)·

871 3655 1178 3711 rationibus
1202 3657 1256 3711 id
1281 3674 1405 3713 esse
1444 3659 1879 3731 intelligendum.
1911 3661 1986 3716 Ac
2020 3661 2458 3730 sapientissimus
2495 3659 2717 3730 quidem
2743 3665 2800 3713 et
2844 3657 3290 3728 religiosissimus
3329 3658 3630 3728 imperator
3673 3659 3748 3714 ita
3792 3667 3908 3715 tum
3958 3659 4138 3731 philo-

870 3753 1131 3821 sophatus
1156 3762 1256 3809 est.
1285 3755 1365 3809 Illi
1393 3771 1524 3810 vero
1551 3757 1838 3811 occasione
1862 3757 2013 3811 vocis
2037 3757 2182 3810 illius
2204 3756 2710 3820 consubstantialis,
2738 3753 3050 3824 huiusmodi
3085 3752 3372 3808 formulam
3397 3755 3842 3826 conscripserunt
3871 3801 3882 3811 .

1469 3866 1860 3922 SYMBOLUM.

939 3962 1227 4018 Credimus
1251 3958 1305 4013 in
1341 3975 1509 4012 unum
1536 3959 1727 4021 Deum,
1751 3959 1967 4013 Patrem
1993 3960 2444 4030 omnipotentem,

873 4056 1116 4110 omnium
1139 4051 1441 4106 visibilium
1465 4059 1519 4103 et
1544 4050 1900 4105 invisilulium
1927 4051 2246 4106 Creatorem
2273 4071 2283 4103 :
2313 4062 2366 4106 et
2393 4052 2447 4104 in

947 4191 987 4224 "
1023 4189 1212 4245 Matth.
1243 4205 1427 4252 xxvm,
1458 4189 1541 4243 i9.

3120 3867 3206 3920 ΤΟ
3249 3866 3567 3922 ΜΑΘΠΜΑ.

2628 3958 2962 4028 Πιστεύομεν
3002 3959 3080 4019 εἰς
3117 3958 3214 4010 ἕνα
3259 3959 3393 4010 Θεὸν
3429 3959 3645 4030 Πατέρα
3692 3963 4128 4032 παντοκράτορα,

2560 4051 2779 4104 πάντων
2801 4050 3012 4119 ὁρατῶν
3042 4067 3097 4100 τε
3125 4050 3218 4100 καὶ
3239 4049 3494 4124 ,ἀοράτων
3526 4053 3783 4123 Ποιητήν·
3821 4054 3915 4108 καὶ
3944 4055 4023 4117 εἰς
4044 4054 4138 4107 ἕνα

2070 4279 2342 4334 νΑιΕδιι
2383 4279 2937 4334 ANNOTATIONES.

944 4375 1055 4458 £47)
1090 4373 1658 4458 Hpoqsrrpagﬁértog
1677 4373 1945 4458 ῥήματος
1973 4372 2080 4458 τοῦ
2099 4373 2446 4453 ὁμοουσίου.

875 4443 1158 4500 Aﬁirmare
1201 4445 1420 4522 videtur
1448 4445 1740 4522 Eusebius,
1768 4443 2452 4522 Cpn_stantinum_impera-

879 4525 1052 4570 torem
1080 4525 1360 4569 auctorem
1389 4515 1554 4569 fuisse
1589 4523 1648 4568 ut
1670 4514 1994 4569 vocabulum
2018 4513 2458 4569 consubstantia-

877 4587 945 4639 lis
996 4585 1049 4638 in
1090 4585 1337 4655 symbolo
1377 4585 1691 4640 adderetur.
1717 4583 1874 4650 Quod
1900 4592 2080 4638 tamen
2111 4597 2455 4655 nequaquam

875 4653 1174 4725 verisimile
1220 4663 1324 4709 est.
1374 4655 1560 4725 Neque
1607 4655 1752 4709 enim
1785 4655 1920 4709 adeo
1951 4655 2145 4708 doctus
2165 4661 2287 4725 erat
2310 4653 2455 4707 Cou-

877 4721 1169 4796 stantinus,
1193 4726 1396 4796 quippe
1417 4721 1511 4795 qui
1536 4727 1625 4779 vix
1641 4725 1822 4780 adhuc
1844 4733 1988 4779 esset
2008 4724 2452 4796 catechumenos.

878 4795 967 4849 Sic
991 4795 1154 4864 igitur
1192 4794 1308 4850 haec
1332 4794 1572 4851 Eusebii
1615 4797 1860 4850 narratio
1892 4794 2241 4864 intelligenda
2263 4801 2367 4856 est,
2397 4802 2458 4847 ut

877 4866 1121 4945 episcopi
1165 4866 1388 4945 quidem
1417 4875 1554 4945 pos_t_
1585 4866 1859 4945 prolatum
1899 4865 1968 4918 ab
2012 4864 2456 4945 Eusebio..Cazsa-

2631 4373 2742 4442 (58)
2777 4372 2962 4437 Τήν-δε
3008 4373 3122 4439 τὴν
3164 4374 3400 4442 γραφὴν
3446 4373 3827 4438 πεποιήκασι.
3861 4375 3990 4440 Post
4022 4377 4137 4434 hzec

2558 4444 2746 4506 verba,
2773 4454 2898 4513 ante
2933 4444 3250 4513 Symbolum
3294 4444 3594 4507 Nicmnum,
3621 4445 3675 4497 in
3699 4445 3888 4499 codice
3916 4445 4141 4502 Floren-

2561 4514 2764 4586 tino_et
2800 4512 3078 4586 Sfortiano
3100 4513 3397 4586 adduntur,
3421 4515 3760 4586 hmc_verba,
3801 4515 3860 4567 τὸ
3887 4516 4134 4586 μαθημα,

2560 4584 2637 4638 lta
2670 4582 2842 4638 Graeci
2889 4585 3156 4638 vocabant
3183 4583 3499 4655 Symbolum
3534 4582 3680 4655 ﬁdei,
3707 4600 3773 4638 eo
3814 4582 3960 4654 quod
3991 4582 4138 4642 aca-

2565 4655 2905 4708 techumcnis
2932 4654 3248 4709 memoriter
3287 4654 3612 4708 disceretur.
3640 4654 3893 4710 Socrates
3917 4655 3971 4709 in
3995 4656 4138 4711 libro

2564 4726 2749 4788 tertio,
2780 4725 2961 4794 capite
3005 4725 3096 4787 25,
3127 4723 3462 4796 Πιστεὺομεν
3491 4727 3573 4796 εις
3618 4725 3712 4796 ἕνα
3752 4725 3886 4778 Θεὸν
3921 4726 4138 4796 Πατέρα

2563 4797 3008 4865 παντοκράτορα,
3049 4796 3144 4848 καὶ
3170 4795 3241 4848 τὰ
3274 4795 3436 4848 λοιπά
3455 4795 3550 4848 τοῦ
3595 4795 3934 4865 μαθήματος.
3963 4795 4139 4851 Ledu-

2564 4866 2674 4920 tius
2694 4864 2968 4920 Bisantius
3011 4865 3066 4919 in
3107 4865 3204 4920 lib.
3231 4865 3306 4919 De
3331 4865 3516 4928 sectis,
3546 4865 3613 4919 de
3637 4864 3844 4935 synodo
3870 4865 4138 4920 Constan-

877 4934 1437 5008 riense‘Symbolum,‘
1454 4934 1755 5008 addendam
1783 4937 1858 5008 illi
1881 4950 2001 4990 esse
2025 4934 2343 4989 censuerint
2363 4949 2458 4986 νο-
2491 4939 2532 4994 D
2565 4937 2660 5008 tim

2363 4949 2458 4986 νο-
2491 4939 2532 4994 D
2565 4936 2921 5008 tinopolitana
2945 4936 3176 5006 loquens
3199 4953 3214 5008 ς
3241 4935 3350 5008 Kal.
3376 4934 3677 5008 ἐκτφενται
3714 4937 3835 5007 ὅρον
3866 4936 3984 5008 ἢτοι
4035 4936 4136 5005 μά-

877 5020 994 5059 cem
1021 5007 1503 5070 consubstantialis,
1536 5007 1930 5062 Constantinus
1955 5021 2087 5059 vero
2117 5020 2309 5060 eorum
2335 5018 2458 5057 scn-

881 5077 1108 5130 tentiam
1135 5077 1562 5132 conﬁrmaverit.
1614 5077 1886 5132 Eusebius
1909 5091 2061 5139 vero,
2091 5075 2185 5145 qui
2213 5089 2270 5127 sc
2314 5073 2458 5145 apud

880 5161 1009 5227 suos
1036 5156 1369 5227 purgarc__et
1406 5163 1669 5227 excusare
1708 5147 2009 5227 satagebat,
2039 5144 2184 5216 quod
2211 5144 2460 5227 [omnium

880 5216 1004 5270 ﬁdei
1035 5214 1087 5270 in
1113 5214 1346 5295 concilio
1367 5219 1528 5295 edita;
1551 5214 1988 5295 subscripsisset.
2003 5214 2460 5295 αύρωθάωεξάἓῐη

883 5296 1115 5341 testatur
1142 5290 1469 5344 Athanasius
1517 5289 1571 5342 in
1613 5284 1854 5342 libro-Dc
1883 5284 2123 5342 decretis
2146 5284 2338 5341 svnodi
2364 5284 2461 5337 Ni-

881 5372 1063 5435 caeum,
1091 5368 1145 5435 e_t
1191 5360 1247 5435 in
1295 5361 1441 5435 libro
1469 5358 1794 5435 Desynodis
1819 5359 2054 5435 A_rimini
2083 5366 2138 5435 et
2167 5348 2458 5435 Seleucia,

883 5443 995 5481 rem
1023 5429 1089 5482 (Ie
1118 5430 1385 5485 industria
1427 5430 1692 5494 involvit,
1737 5438 1794 5484 ct
1835 5428 2194 5484 Constantino
2219 5428 2453 5497 principi

883 5497 936 5620 3|
995 5501 1244 5567 ascribit,
1295 5501 1439 5572 quod
1484 5500 1758 5570 episcopis
1783 5501 1965 5571 potius
2005 5509 2124 5556 erat
2170 5495 2453 5553 ascriben-

927 5584 1031 5620 illi].

2563 5006 2626 5070 θη
2638 5024 2710 5074 μα
2741 5008 2998 5069 πίστεως,
3037 5008 3175 5075 ὅπερ
3198 5007 3447 5076 λέγομεν.
3479 5007 3548 5060 Et
3569 5006 3755 5060 multo
3769 5015 3894 5074 post
3918 5006 3985 5076 de
4009 5022 4138 5060 con-

2559 5077 2688 5157 cilio
2709 5075 3861 5158 Chalcedonensiloqucnnga‘tnéxfttgwat
3883 5075 4135 5158 μαθημα,

2560 5147 2674 5210 πῶς
2703 5148 2784 5200 δεῖ
2813 5147 3104 5217 πιστεύειν.
3139 5147 3208 5202 Et
3231 5144 3424 5217 pagina
3450 5146 3573 5209 466,
3603 5147 3669 5201 de
3693 5144 3928 5217 Zenonis
3953 5144 4136 5217 lieno-

2563 5217 2670 5295 ti_co
2691 5218 2951 5295 loquens,
2974 5214 3293 5295 Symbolum
3309 5214 3605 5295 'l‘iicafnum
3629 5225 3789 5295 vocat
3815 5214 4140 5295 τδημάθημα

2559 5287 2668 5339 τῶν
2707 5284 3397 5358 ἐν’ΝικαῐᾳῘΒεειίιυεηόιι
3420 5297 3504 5342 est
3529 5303 3592 5341 ea
3620 5303 3723 5340 vox
3773 5288 3828 5340 in
3854 5284 3949 5358 lib.
3980 5301 4014 5337 v
4040 5284 4136 5338 lli-

2561 5358 2744 5412 storiaa
2791 5355 3100 5428 tripertitae.
3146 5359 3282 5413 Nam
3308 5358 3402 5412 ubi
3442 5359 3604 5428 vulgo
3629 5358 3864 5425 legitur:
3895 5355 4135 5428 Pricaeus

2560 5428 2836 5482 concilium
2868 5427 3198 5482 celebratum
3249 5437 3344 5493 est,
3387 5445 3491 5481 non
3540 5439 3594 5482 ut
3642 5429 3924 5482 anathema
3949 5427 4134 5486 discat,

2563 5515 2727 5568 neque
2751 5506 2808 5552 ut
2829 5498 2953 5569 ﬁdei
2977 5499 3405 5568 explanationem
3441 5501 3712 5569 suscipiat,
3738 5508 3869 5562 etc.,
3888 5496 4135 5552 scriben-

2563 5569 2692 5624 dum
2719 5577 2802 5625 est
2836 5587 2848 5622 :
2873 5568 2990 5624 Non
3023 5577 3079 5622 ut
3115 5571 3381 5624 mathema
3403 5568 3588 5632 discat,
3614 5578 3720 5624 etc.

2326 5705 2700 5762 VARIORUM.

959 5808 979 5833 ι·
1034 5800 1402 5868 ’Λπσρρήτοις
1439 5799 1688 5871 ῥήμασι.
1734 5799 1958 5856 Rectius
2005 5799 2202 5871 legitur
2240 5797 2572 5868 ἀπορρήτοις
2623 5797 2742 5865 λόγο

2244 5797 2572 5868 ἀπορρήτοις
2623 5797 2800 5865 λόγοις
2852 5799 2996 5869 apud
3030 5798 3354 5858 Thcodorit.
3402 5800 3497 5856 lib.
3544 5815 3582 5863 ι,
3629 5813 3748 5869 cap.
3805 5797 3891 5852 19..
3938 5795 4027 5851 W.

889 5867 1040 5922 Lom
1054 5884 1105 5923 ιι.
