4514 6578
459 472 531 529 75
1450 474 1771 531 HISTORIA
1810 459 2242 530 ECCIJCSIASTJ

1921 459 2363 529 ELESIASTICA.
2406 506 2473 513 -——
2513 475 2637 529 LIB.
2680 474 2721 529 l.
3635 470 3704 524 76

458 589 661 660 Κύριον
708 589 913 658 Ἰησοῦν
958 590 1211 661 Χριστὸν,
1235 591 1326 645 τὸν
1361 591 1487 646 Υίον
1509 591 1604 645 τοῦ
1642 591 1801 656 Θεοῦ,
1841 609 2031 662 γεννη-
2059 598 2104 654 Α
2134 603 2241 643 unu

1921 610 2031 662 ινη-
2059 598 2104 654 Α
2134 603 2304 644 unum
2331 591 2620 645 Dominum
2646 590 2831 645 Jesum
2854 587 3155 651 Christum,
3184 585 3379 639 Filium
3405 583 3523 647 Dei,
3551 581 3704 653 geni-

458 679 620 733 θέντα
652 680 716 733 ὲκ
742 679 837 732 τοῦ
871 681 1083 751 Πατρὸς
1109 683 1393 753 μονογενῆ,
1426 683 1701 737 τουτέστιν
1726 687 1789 738 ὲκ
1818 687 1915 754 τῆς
1941 684 2031 736 οὐ⁹

458 775 578 836 σίας
599 772 694 826 τοῦ
726 774 956 845 Πατρός
992 774 1124 827 Θεὸν
1162 777 1228 830 ἐκ
1258 776 1415 841 Θεοῦ,
1441 777 1556 845 φῶς
1580 777 1645 829 ἑκ
1673 777 1871 844 φωτὸς.
1899 775 2031 829 Θεὸν

458 864 710 933 ἀληθινὸν
732 865 798 916 ὲκ
819 865 955 917 Θεοῦ
975 865 1248 935 ἀληθινοῦ·
1266 867 1617 940 γεννηθέντα,
1632 868 1695 919 οὐ
1715 866 2027 937 ποιηθέντα⁶

456 954 739 1024 ὁμοούσιον
766 955 846 1024 τῷ
887 956 1082 1027 Πατρὶ,
1114 956 1181 1010 δι’
1213 951 1275 1010 οὗ
1304 959 1373 1011 τά
1402 958 1579 1011 πάντα
1608 960 1844 1025 ἐγένετο,
1877 958 1947 1011 τά
1972 975 2031 1011 τε

458 1046 513 1096 ὲν
545 1044 621 1113 τῷ
651 1043 889 1114 οὐρανῷ,
926 1046 1020 1097 καὶ
1051 1046 1121 1098 τά
1161 1046 1222 1099 ὲν
1263 1050 1330 1116 τῇ
1359 1049 1452 1117 γῇ’
1479 1046 1570 1099 τὸν
1606 1046 1671 1098 δι’
1716 1048 1862 1116 ἡμᾶς
1905 1048 2033 1110 τοὺς

458 1136 809 1204 ἀνθρώπους,
851 1136 946 1189 καὶ
986 1135 1073 1187 διὰ
1116 1137 1218 1208 τὴν
1264 1138 1538 1207 ἡμετέραν
1579 1136 1850 1208 σωτηρίαν
1896 1152 2031 1187 κατ-

453 1224 678 1277 ελθόντα
703 1225 799 1276 καὶ
826 1224 1196 1294 σαρκωθέντα,
1223 1227 1741 1297 ὲνανθρωπήσαντα,
1768 1225 2029 1291 παθόντα,

457 1318 550 1369 καὶ
577 1317 883 1370 ἀναστάντα
908 1320 974 1386 τῇ
1011 1318 1168 1388 τρίτη
1211 1318 1421 1388 ἡμέραι
1459 1316 1751 1371 ἀνελθόντα
1789 1317 1868 1378 είς
1906 1317 2032 1379 τοὺς

456 1406 736 1474 οὐρανούς·
759 1406 1053 1476 ὲρχόμενον
1084 1409 1268 1475 κρῖναι
1296 1405 1505 1471 ζῶντας
1534 1406 1629 1459 καὶ
1659 1404 1907 1475 νεκρούς·
1937 1407 2033 1459 καὶ

458 1500 536 1561 είς
568 1498 628 1550 τὸ
657 1496 877 1567 Πνεῦμα
903 1498 963 1549 τὸ
993 1497 1166 1565 ἀγιον.
1195 1498 1333 1562 Τοὺς
1359 1498 1414 1551 δὲ
1435 1498 1720 1566 λέγοντας,
1752 1493 1861 1549 Ἦν
1901 1513 2032 1550 ποτε

456 1590 543 1641 ὅτε
577 1589 677 1641 οὐκ
711 1584 781 1658 ἦν
802 1629 817 1652 ,
857 1588 890 1658 ἢ
924 1590 1037 1641 Οὐκ
1078 1585 1146 1660 ἦν
1190 1591 1319 1659 πρὶν
1346 1590 1669 1659 γεννηθῆναι
1700 1591 1739 1654 ι,
1770 1588 1804 1658 ἢ
1835 1589 1895 1654 ἐξ
1933 1589 2033 1642 οὐκ

456 1682 625 1732 ὄντων
661 1680 903 1748 ἐγένετο,
946 1682 981 1750 ἣ
1026 1680 1087 1745 ἐξ
1125 1681 1316 1751 ἑτέρας
1358 1680 1705 1745 ὑποστάσεως
1763 1681 1791 1750 ἢ
1847 1678 2033 1743 οὐσίας

457 1774 763 1839 φάσκοντας
798 1767 958 1833 εἶναι,
992 1772 1024 1842 ἢ
1054 1773 1292 1831 κτιστὸν,
1326 1770 1359 1840 ἢ
1392 1770 1645 1842 τρεπτδν,
1678 1770 1713 1840 ἢ
1748 1768 2032 1823 ἀλλοιωτὸν

455 1862 547 1914 τὸν
570 1862 694 1914 Υἱὸν
720 1860 815 1914 τοῦ
836 1862 991 1927 Θεοῦ,
1009 1861 1232 1925 τούτους
1255 1860 1643 1931 ἀναθεματίζει
1673 1862 1707 1931 ἡ
1745 1859 2029 1930 καθολικὴ,

459 1958 551 2009 καὶ
582 1955 911 2023 ἀποστολικὴ
950 1952 1042 2007 τοῦ
1074 1953 1210 2005 Θεοῦ
1256 1951 1565 2023 Ἐκκλησία..

529 2047 637 2099 Καὶ
658 2046 721 2115 δὴ
752 2044 957 2115 ταύτης
992 2045 1089 2114 τῆς
1136 2042 1354 2114 γραφῆς
1382 2043 1473 2095 ὐπ’
1504 2042 1681 2097 αὐτῶν
1726 2044 2032 2115 ὐπαγορευ-

458 2139 664 2207 θεὶσης,
706 2138 853 2200 ὅπως
895 2135 1110 2206 εἴρηται
1152 2135 1335 2197 αὐτοῖς
1379 2133 1443 2185 τὸ
1476 2135 1541 2187 ὲκ
1566 2134 1666 2204 τῆς
1696 2134 1883 2198 οὐσίας
1934 2133 2028 2188 τοῦ

458 2232 687 2303 Πατρὸς,
711 2231 806 2283 καὶ
832 2231 893 2283 τὸ
918 2229 995 2299 τῷ
1022 2227 1200 2296 Πατρὶ
1219 2226 1523 2296 όμοούσιον,
1553 2228 1655 2281 οὐκ
1678 2227 2030 2293 ἀνεξέταστον

458 2324 639 2387 αὐτοῖς
669 2320 1174 2392 καταλιμπάνομεν.
1210 2321 1607 2392 Ἐπερωτήσεις
1626 2319 1913 2390 τοιγαροῦν
1937 2321 2030 2374 καὶ

457 2417 775 2486 ἀποκρίσεις
827 2414 1076 2467 ἐντεῦθεν
1123 2412 1499 2475 ἁνεκινοῦντο,
1552 2410 1865 2476 ἐϐασάνιζέν
1892 2429 1951 2464 τε
2001 2412 2030 2463 ὁ

458 2509 613 2575 λόγος
638 2507 735 2577 τὴν
762 2506 995 2559 διάνοιαν
1022 2504 1129 2557 τῶν
1175 2503 1510 2575 εἰρημένων·
1539 2507 1631 2556 xa‘t
1654 2503 1718 2571 δὴ
1752 2505 1847 2556 καὶ
1871 2504 1933 2556 τὸ
1960 2506 2029 2559 ἐκ

458 2599 569 2666 τῆς
594 2600 810 2664 οὐσίας
840 2597 1155 2667 ὡμολόγητο
1184 2597 1319 2668 πρὸς
1343 2595 1544 2660 αὐτῶν,
1578 2596 1872 2664 δηλωτικὸν
1892 2592 2029 2649 εἶναι

458 2691 553 2743 τοῦ
584 2691 649 2743 ὲκ
676 2689 776 2760 μὲν
801 2688 897 2742 τοῦ
926 2688 1141 2759 Πατρὸς
1170 2683 1331 2751 εἶναι,
1358 2688 1419 2740 οὐ
1442 2687 1548 2758 μὴν
1575 2687 1650 2750 ὼς
1679 2688 1842 2758 μέρος
1864 2689 2031 2760 ὑπάρ-

458 2799 576 2849 χειν
602 2780 695 2833 τοῦ
730 2779 960 2850 Πατρός.
1002 2778 1189 2831 Ταῦτα
1218 2778 1274 2831 δὲ
1299 2779 1395 2831 καὶ
1425 2780 1554 2849 ἡμῖν
1583 2779 1755 2831 ἐδόκει
1786 2780 1895 2849 (I9)
1929 2798 2028 2833 κα-

461 2873 567 2934 λῶς
599 2871 743 2941 ἔχειν
778 2869 1266 2938 συγκατατίθεσθαι
1298 2872 1365 2939 τῇ
1410 2869 1619 2940 διανοίᾳ
1647 2872 1746 2940 τῆς
1774 2870 2031 2934 εὐσεϐοῦς

459 2963 824 3025 διδασκαλίας,
881 2962 1326 3032 ὐπαγορευούσης
1374 2964 1439 3015 ὲκ
1493 2960 1587 3014 τοῦ
1638 2963 1849 3033 Πατρὸς
1894 2959 2031 3017 εἶναι

460 3053 551 3105 τὸν
579 3052 725 3115 Υἱὸν,
759 3053 819 3104 οὐ
850 3052 955 3122 μὴν
986 3051 1148 3122 μέρος
1175 3052 1275 3119 τῆς
1304 3049 1489 3113 οὐσίας
1524 3050 1690 3103 αὐτοῦ
1720 3051 2031 3120 τυγχάνειν.

460 3145 659 3214 Διόπερ
686 3146 751 3213 τῇ
784 3142 991 3213 διανοίᾳ
1037 3144 1133 3195 καὶ
1180 3143 1333 3196 αὐτοῖ⁵
1359 3142 1738 3212 συντιθέμεθα,
1771 3144 1891 3196 οὐδὲ
1932 3143 2031 3214 τὴν

464 3233 645 3304 φωνὴν
673 3234 768 3286 τοῦ
794 3232 1079 3302 ὁμοουσίου
1101 3232 1545 3303 παραιτούμενοι,
1567 3232 1661 3285 τοῦ
1683 3232 1781 3303 της
1808 3235 2030 3304 εἰρήνης
2057 3278 2099 3304 η

463 3325 665 3378 σκοποῦ
692 3325 797 3396 πρὸ
820 3324 1112 3395 ὀφθαλμῶν
1134 3328 1265 3395 ἡμῖν
1290 3325 1562 3394 κειμένου,
1589 3327 1683 3378 καὶ
1701 3325 1797 3378 τοῦ
1828 3325 1903 3396 μὴ
1928 3327 2027 3396 τῆς

459 3416 627 3488 ὀρθῆς
658 3417 912 3469 ἐκπεσεῖν
963 3417 1219 3479 διανοίας.
1255 3418 1413 3470 Κατά
1442 3417 1511 3470 τὰ
1556 3416 1695 3469 αὐτά
1723 3417 1802 3479 δὲ,
1836 3420 1930 3471 καὶ
1970 3417 2031 3471 τὸ

461 3508 843 3577 γεννηθέντα,
878 3509 951 3562 οὐ
983 3508 1323 3576 ποιηθέντα,
1369 3508 1799 3579 κατεδεξάμεθα.
1845 3510 2030 3580 ἐπειδὴ

461 3600 520 3652 τὸ
550 3598 816 3666 ποιηθὲν,
848 3599 1026 3652 κοινὸν
1049 3598 1283 3667 ἔφασκον
1313 3595 1452 3653 εἶναι
1476 3600 1768 3671 πρόσρημα
1791 3601 1898 3653 τῶν
1926 3599 2033 3653 λοι-

463 3689 579 3741 πῶν
609 3690 939 3759 κτισμάτων,
970 3690 1078 3743 τῶν
1108 3691 1193 3743 διὰ
1218 3691 1311 3745 τοῦ
1342 3692 1472 3746 Υίοῦ
1494 3693 1817 3763 γενομένων⁸
1841 3686 1915 3745 ὧν
1943 3692 2032 3745 οὐ.

460 3782 549 3833 δὲν
601 3782 783 3853 ὅμοιον
828 3781 971 3852 ἔχειν
1015 3782 1105 3834 τὸν
1136 3783 1295 3835 Υίόνο
1356 3783 1437 3836 διὸ
1487 3784 1551 3855 δὴ
1589 3784 1662 3853 μὴ
1707 3780 1841 3837 εἶναι
1871 3784 2031 3837 αὐτὸν

460 3873 694 3943 ποίημα,
729 3875 839 3937 τοῖς
867 3874 933 3926 δι’
959 3872 1123 3927 αὐτοῦ
1150 3874 1458 3945 γενομένοις
1486 3876 1667 3945 ὅμοιον
1687 3891 1699 3905 ·
1728 3892 2031 3945 κρειττονος

461 3964 575 4035 δὲῆ
622 3966 763 4019 κατά
793 3967 899 4019 πᾶν
925 3966 1135 4035 ποίημα
1170 3967 1460 4035 τυγχάνειν
1486 3966 1692 4030 οὐσίας,
1731 3968 1799 4037 ἣν
1844 3969 1909 4020 ὲκ
1936 3967 2029 4021 τοῦ

460 4055 674 4127 Πατρὸς
702 4055 1026 4127 γεγενῆσθαι
1053 4056 1292 4128 διδάσκει
1325 4056 1391 4110 τά
1431 4055 1548 4109 θεῖα
1573 4055 1762 4124 Λόγια,
1788 4055 1879 4109 τοῦ
1909 4056 2031 4127 τρό-

2136 690 2253 736 tum
2274 699 2341 738 ex
2365 684 2523 737 Patre
2547 682 2793 746 unicum,
2818 681 2922 734 hoc
2945 686 3030 733 est
3051 694 3119 733 ex
3141 675 3446 731 substantia
3480 673 3661 729 Patris
3693 692 3703 724 :

2133 776 2307 831 Deum
2341 775 2409 830 de
2440 776 2573 839 Deo,
2618 775 2803 829 lumen
2829 773 2897 827 de
2938 771 3166 834 lumine,
3204 770 3375 823 Deum
3415 781 3608 821 verum
3640 765 3708 821 de

2134 869 2246 924 Deo
2271 883 2434 934 vero;
2462 867 2728 938 genitum,
2762 881 2872 919 non
2908 864 3113 918 factum
3142 880 3155 914 :
3184 858 3705 917 consubstantialem

2134 959 2304 1025 Patri,
2328 975 2428 1029 per
2450 974 2611 1028 quem
2637 958 2821 1012 omnia
2847 954 2987 1009 facta
3012 962 3159 1018 sunt,
3183 966 3303 1022 qua:
3335 952 3390 1005 in
3414 950 3554 1005 caalo
3581 958 3709 1004 sunt

2131 1051 2266 1105 etin
2296 1059 2443 1105 terra
2470 1069 2481 1102 :
2510 1050 2601 1119 qui
2627 1058 2851 1119 propter
2872 1062 2973 1101 nos
2998 1046 3247 1101 homines
3271 1053 3328 1099 et
3352 1054 3577 1113 propter
3603 1057 3705 1096 no-

2132 1152 2300 1196 stram
2342 1142 2573 1195 salutem
2618 1141 2930 1206 descendit,
2976 1141 3401 1206 inearnatusque
3442 1144 3499 1190 et
3543 1135 3709 1187 homo

2132 1234 2309 1288 factus
2329 1242 2433 1295 est,
2459 1243 2514 1286 et
2537 1247 2762 1301 passus;
2786 1232 2881 1301 qui
2921 1229 3224 1286 resurrexit
3250 1227 3411 1283 tertia
3436 1233 3560 1297 post
3585 1226 3705 1291 die;

2132 1324 2377 1379 ascendit
2400 1324 2466 1378 ad
2494 1324 2681 1387 caelos,
2708 1330 2973 1377 venturus
2996 1330 3081 1377 est
3117 1328 3178 1376 ut
3208 1320 3364 1375 vivos
3399 1318 3611 1389 judicct
3644 1332 3710 1372 ac

2133 1426 2418 1471 mortuos:
2444 1424 2501 1471 et
2536 1416 2593 1469 in
2634 1414 2898 1485 Spiritum
2940 1425 3207 1468 sanctum.
3250 1412 3359 1467 Eos
3394 1419 3577 1466 autem
3611 1410 3705 1480 qui

2133 1508 2362 1563 dicunt:
2391 1508 2515 1562 Fuit
2548 1506 2844 1577 aliquando
2872 1513 3086 1575 tempus
3124 1520 3247 1560 cum
3283 1518 3392 1558 non
3431 1510 3603 1567 esset;
3628 1510 3705 1564 ct,

2131 1599 2438 1668 Antequam
2458 1598 2774 1669 gigneretur
2791 1612 2901 1650 non
2923 1604 3043 1650 erat
3068 1612 3082 1647 :
3108 1594 3194 1649 vel
3220 1592 3367 1663 quod
3392 1592 3461 1647 de
3485 1607 3595 1645 non
3615 1606 3708 1645 ex-

2132 1688 2407 1743 stantibus
2430 1687 2605 1742 factus
2629 1687 2702 1742 sit
2726 1704 2739 1739 :
2766 1696 2861 1740 aut
2882 1685 2977 1754 qui
2998 1700 3064 1739 ex
3088 1684 3257 1738 altera
3281 1681 3584 1737 substantia
3620 1680 3704 1733 vel

2132 1780 2370 1835 essentia
2396 1780 2589 1835 dicunt
2626 1794 2746 1834 esse
2784 1778 2982 1833 Filium
3027 1777 3144 1840 Dei,
3182 1782 3278 1829 aut
3309 1782 3576 1836 creatura,
3611 1780 3706 1825 aut

2135 1872 2481 1927 conversioni
2507 1870 2905 1939 mutationique
2938 1868 3257 1931 obnoxium,
3283 1864 3707 1920 anathematizat

2059 1950 2101 2005 Β
2130 1972 2316 2019 sancta
2339 1963 2605 2017 catholica
2627 1971 2683 2017 et
2704 1961 3001 2031 apostolica
3024 1960 3120 2013 Dei
3150 1958 3413 2013 Ecclesia.

2198 2055 2335 2111 Cum
2360 2056 2475 2109 haec
2512 2054 2582 2108 ab
2626 2054 2735 2107 illis
2772 2053 2974 2108 dictata
3013 2058 3160 2105 esset
3198 2049 3320 2103 fidei
3358 2048 3612 2111 formula,
3652 2047 3705 2101 id

2130 2148 2275 2218 quod
2313 2148 2382 2201 ab
2427 2146 2537 2201 illis
2574 2145 2781 2200 dictum
2813 2153 2953 2208 erat,
2978 2159 3047 2197 ex
3086 2140 3390 2196 substantia
3428 2140 3625 2201 Patris,
3650 2148 3706 2193 et

2130 2238 2641 2299 consubstantialis,
2665 2252 2773 2291 non
2811 2236 3017 2303 absque
3054 2232 3304 2287 examine
3345 2228 3703 2300 praatermisi-

2131 2345 2271 2384 mus.
2299 2329 2438 2383 Ilinc
2462 2328 2628 2397 igitur
2650 2326 2814 2379 varia:
2839 2323 2944 2392 25
2970 2320 3301 2392 quaestiones
3332 2327 3466 2373 orta:
3501 2327 3706 2372 suntet

2131 2419 2515 2490 responsiones
2554 2434 2566 2469 :
2606 2423 2662 2471 et
2704 2429 2951 2484 quamam
2994 2420 3140 2467 esset
3181 2425 3374 2465 eorum
3410 2408 3703 2463 verborum

2129 2512 2432 2574 sententia,
2472 2517 2722 2563 accurate
2766 2504 3196 2575 expcndebatur.
3236 2501 3305 2556 Et
3345 2500 3444 2554 has
3482 2499 3703 2569 quidem

2130 2620 2313 2668 voces,
2339 2620 2400 2657 εις
2430 2601 2743 2663 substantia,
2784 2598 2911 2653 fassi
2952 2605 3079 2651 sunt
3111 2596 3217 2649 hoc
3248 2593 3571 2664 signiﬁcare,
3614 2592 3702 2645 Fi-

2132 2699 2265 2753 lium
2291 2696 2509 2766 quidem
2533 2710 2654 2749 esse
2688 2709 2754 2747 ex
2793 2692 2973 2754 Patre,
3002 2688 3097 2743 sed
3139 2703 3247 2741 non
3284 2698 3539 2754 tanquam
3576 2700 3701 2753 par-

2135 2794 2241 2841 tem
2276 2786 2449 2856 ipsius
2483 2784 2678 2838 Patris.
2706 2782 2860 2836 lluuc
2887 2795 3107 2834 sensum
3134 2787 3194 2832 ut
3219 2793 3319 2830 nos
3345 2790 3562 2846 quoque
3587 2789 3704 2827 am-

2133 2880 2526 2949 plecteremur,
2571 2890 2785 2944 atquum
2830 2872 3054 2926 omnino
3094 2870 3412 2931 videbatur,
3452 2882 3576 2921 cum
3618 2865 3704 2935 pia

2134 2970 2383 3025 doctrina
2421 2966 2700 3038 praedicet,
2725 2964 2923 3019 Filium
2947 2978 3012 3016 ex
3036 2962 3197 3016 Patre
3220 2976 3361 3023 esse,
3388 2974 3495 3011 non
3526 2966 3705 3010 tamen

2132 3070 2342 3131 partem
2377 3075 2498 3113 esse
2538 3058 2682 3111 illius
2720 3053 3056 3109 substantiae.
3099 3050 3461 3117 Quamobrem
3508 3058 3563 3102 et
3606 3063 3707 3101 nos

2134 3152 2264 3206 huic
2286 3150 2496 3205 notioni
2522 3163 2803 3202 assensum
2830 3146 3153 3215 praebemus.
3182 3141 3258 3195 Ac
3295 3156 3362 3194 ne
3390 3140 3560 3209 ipsam
3586 3138 3707 3207 qui-

2133 3244 2259 3298 dem
2280 3256 2468 3295 vocem
2492 3236 2971 3294 consubstantialis
2995 3234 3293 3305 rcjicimus,
3311 3231 3461 3301 pacis
3480 3230 3701 3292 intuitu,

2129 3342 2186 3389 et
2225 3348 2347 3388 nea
2384 3340 2533 3386 recta
2576 3328 2933 3399 intelligentia
2972 3326 3305 3380 exeidamus.
3345 3323 3469 3377 Pari
3497 3322 3705 3376 ratione

2128 3428 2226 3480 has
2250 3426 2415 3479 etiam
2433 3438 2596 3477 voces
2614 3421 3052 3491 approbavimus,
3077 3418 3331 3487 genitum,
3361 3430 3464 3467 non
3484 3413 3699 3482 factum.

2127 3517 2262 3571 Nam
2288 3516 2506 3585 factum,
2549 3513 2778 3567 verbum
2813 3526 2935 3565 esse
2973 3509 3229 3563 dicebant
3252 3520 3543 3561 commune
3569 3504 3699 3558 reli-

2128 3606 2253 3675 quis
2286 3604 2542 3658 omnibus
2576 3602 2845 3657 creaturis
2876 3616 2995 3669 quae
3022 3615 3118 3669 per
3143 3599 3337 3653 Filium
3366 3597 3504 3650 facta
3542 3605 3697 3657 sunt;

2128 3696 2330 3766 quibus
2366 3695 2501 3748 nihil
2539 3694 2715 3748 simile
2753 3693 2950 3746 habeat
2986 3692 3195 3746 Filius:
3225 3706 3288 3744 ac
3312 3689 3540 3761 proinde
3574 3705 3698 3744 eum

2126 3802 2237 3842 non
2263 3802 2384 3841 esse
2420 3786 2706 3849 facturam,
2735 3784 2822 3839 his
2845 3799 2964 3852 qum
2988 3800 3084 3854 per
3109 3784 3284 3854 ipsum
3310 3782 3447 3837 facta
3473 3790 3601 3837 sunt
3623 3784 3699 3836 si-

2127 3879 2341 3944 milem;
2369 3877 2463 3932 sed
2488 3878 2644 3946 longe
2668 3876 3063 3946 prazstantioris
3086 3891 3248 3946 quam
3276 3875 3515 3944 reliquas
3551 3890 3701 3928 crea-

2129 3975 2279 4021 turas
2300 3984 2419 4021 esse
2446 3967 2782 4031 substantiae,
2808 3983 2969 4036 quam
3001 3966 3222 4036 quidem
3258 3982 3324 4019 cx
3358 3966 3515 4019 Patre
3555 3980 3695 4027 esse,

2127 4058 2311 4112 divina
2335 4060 2534 4114 docent
2556 4058 2810 4123 Oraeula,
2833 4074 3033 4113 arcano
3059 4058 3292 4127 quodam
3331 4058 3699 4128 generationis

1652 4235 1922 4290 VALESII
1960 4234 2506 4293 ANNOTATIONES.

534 4358 642 4429 (49)
688 4358 878 4413 Ταῦτα
908 4357 989 4429 δέ
1013 4356 1113 4429 καί
1151 4357 1297 4424 ἡμῖν
1327 4355 1538 4429 ἐδόκει.
1573 4364 1679 4429 etc.
1732 4354 2025 4429 In__codi_ce

458 4423 641 4485 All'atii
674 4438 729 4483 et
758 4429 901 4498 apud
931 4423 1322 4498 'lheodoritum
1353 4426 1406 4480 in
1437 4426 1533 4498 lib.
1564 4427 1740 4498 primo
1758 4423 2027 4498 llistorim

460 4502 660 4569 legitur
686 4494 856 4569 ταύτῃ
873 4498 950 4559 δέ,
976 4497 1213 4569 etc._Sed
1236 4498 1459 4569 vulgata
1482 4494 1644 4569 lectio
1668 4494 1862 4569 melior
1892 4494 2025 4569 mihi

460 4564 702 4626 videtur.
726 4564 1064 4639 Epiphanius
1088 4564 1453 4622 Scholasticus
1484 4566 1682 4636 legisse
1704 4565 1924 4619 videtur
1944 4564 2033 4616 διὰ

2129 4356 2323 4428 ταῦτα.
2360 4356 2449 4428 Sic
2473 4357 2618 4410 enim
2641 4357 2805 4428 vertit
2834 4375 2846 4409 :
2883 4356 3170 4425 Propterea
3217 4358 3358 4410 nobis
3390 4374 3593 4428 quoque
3618 4360 3693 4411 vi-

2132 4426 2352 4479 debatur
2378 4427 2504 4480 bene
2545 4444 2601 4480 se
2642 4427 2850 4492 habere,
2876 4437 2931 4479 ut
2960 4436 3127 4480 mente
3168 4426 3573 4481 consentiremus
3598 4430 3698 4497 pice

2133 4497 2403 4560 doctrinm,
2430 4507 2535 4551 etc.

1892 4714 2195 4773 V'ARIORU
2204 4716 2270 4768 Μ.

550 4839 707 4891 ιούκ
739 4832 819 4903 ἦν
860 4834 1007 4908 πρὶνΔ
1041 4831 1418 4908 rev-molium.
1439 4830 1643 4908 _Huj_u_s_
1682 4830 1850 4908 effati,
1875 4828 2020 4908 quod
2055 4830 2098 4885 D
2126 4838 2271 4881 sente
2304 4845 2328 4881 ε

1914 4828 2020 4908 qod
2055 4830 2098 4885 D
2126 4838 2271 4881 sente
2304 4844 2511 4908 semper
2559 4828 2798 4908 Ρᾘίοιού
2832 4834 3114 4908 χρονικῶς.
3151 4834 3692 4908 οὐδὲ-ἑκ-διαστήμα-

459 4926 559 4981 pro
582 4922 682 4981 suo
704 4900 947 4975 agnoscit
984 4900 1223 4981 Ariu_s_in
1249 4901 1577 4981 Epistolaad
1604 4902 1903 4981 Eusebium
1930 4900 2023 4981 ili-

458 4970 881 5037 comedienseni,
911 4973 1053 5041 apud
1096 4970 1415 5027 Theodorit.
1462 4971 1556 5025 lib.
1604 4988 1642 5035 ι,
1689 4988 1806 5041 cap.
1853 4971 1904 5033 5,
1933 4970 2023 5024 hic

458 4990 881 5037 comeaiensem,
911 4990 1053 5097 ογ)υο
1096 4990 1415 5027 'tneoaom.
1464 4990 1556 5025 uo.
1604 4990 1642 5035 ι,
1689 4990 1806 5041 cap.
1853 4990 1904 5033 ο,
1934 4990 2021 5024 me

457 5058 577 5123 erat
602 5062 795 5123 sensus
812 5086 833 5123 _,
880 5045 938 5099 Fi
965 5046 1095 5123 ium_
1116 5044 1344 5123 aJPatre‘
1364 5057 1460 5123 per
1481 5043 1884 5123 generationem
1905 5041 2021 5123 ori-

456 5120 636 5190 ginem
661 5117 935 5190 habuisse,
954 5114 1098 5184 quod
1122 5114 1283 5167 etiam
1308 5112 1569 5190 (gatholici
1592 5111 2019 5190 confitebantur;

456 5180 551 5245 sed
577 5189 648 5242 ita
675 5187 951 5247 habuisse,
974 5180 1038 5238 ut
1062 5194 1274 5253 tempus
1298 5182 1511 5249 aliquod
1533 5182 1799 5253 assignari
1828 5180 2018 5253 possit,

457 5260 512 5314 in
538 5274 647 5328 quo
674 5273 782 5310 non
807 5257 999 5328 fuisset
1021 5250 1255 5328 genitus.
1282 5253 1505 5328 Péyovsv
1529 5252 1769 5319 ὕστερον.
1815 5251 1842 5301 ὁ
1890 5250 2021 5317 πρό-

454 5323 610 5396 τερον
660 5329 733 5396 μὴ
789 5327 1068 5395 ὑπάρχων,
1100 5325 1202 5396 qui
1229 5323 1372 5391 prius
1416 5338 1539 5396 non,
1564 5329 1699 5384 erat,
1728 5328 1904 5396 postea
1930 5336 2022 5371 cz-

454 5385 588 5452 ειίἰὶι
616 5415 633 5451 :
658 5385 752 5451 et':
784 5385 1098 5465 προηγεῖται
1112 5385 1394 5465 ’διάστημα
1424 5394 1480 5441 έν
1508 5385 1707 5465 ᾧᾼφασι
1832 5406 2019 5457 γεγενο

455 5469 646 5542 νῆσθαι
667 5467 796 5542 Ϊίὸς
824 5461 1054 5542 ἀπὸ-,τοῦ
1079 5461 1308 5531 Πατρός,
1336 5463 2022 5542 prta-cessiispatiumhtem-

455 5529 618 5608 poris,
660 5538 715 5608 in
741 5553 859 5608 rquo
907 5535 1083 5608 dicunt
1130 5529 1232 5585 non
1281 5529 1536 5608 exstitisse
1561 5529 1751 5608 Filium
1779 5548 1816 5608 a_
1837 5529 2017 5591 Patre,

453 5600 620 5678 prout
660 5600 860 5678 Ariana
904 5604 1154 5678 dogmata
1192 5601 1711 5678 recitatAlexapder
1733 5600 2022 5678 episcopus

453 5670 854 5732 Alexandrinus
893 5674 960 5729 ad
982 5670 1360 5737 cognominem
1385 5685 1543 5725 suum
1567 5670 2023 5737 Constantinopo-

453 5745 870 5826 ljtanurn,_apud
896 5739 1233 5826 Theodgritn
1252 5741 1421 5826 Ιὶὶικι,
1443 5756 1561 5826 cap.
1588 5741 1640 5794 4.
1654 5739 1802 5826 rgum
1827 5748 2016 5826 contra

452 5809 717 5872 Catholici
760 5809 1068 5870 assererem
1096 5814 1311 5880 Πατέρα
1346 5813 1431 5864 ἀεὶ
1473 5809 1608 5864 εἶναι
1654 5809 1889 5879 Πατέρα,
1928 5809 2016 5861 ἀεὶ

456 5889 716 5959 παρόντος
737 5885 831 5940 τοῦ
857 5884 1005 5947 Υίοῦ,
1022 5883 1239 5938 Patrem
1262 5898 1465 5951 semper
1487 5897 1594 5935 esse
1615 5880 1849 5944 Patrem,
1878 5894 2014 5939 pra:-

771 5981 1037 6041 PATROL.
1082 5978 1196 6039 Gn.
1239 5977 1469 6037 LXVII.

2128 4915 2219 4959 τος
2247 4899 2455 4966 genito,
2493 4909 2552 4951 ut
2575 4899 2651 4953 ait
2674 4899 2814 4953 idem
2840 4899 3144 4957 Alexander
3170 4904 3326 4965 ibid.,
3355 4906 3548 4960 Filium
3569 4899 3694 4963 'ésse

2130 4969 2397 5049 quvajfitov
2416 4980 2471 5023 et
2488 4969 2854 5049 ἁειγέννητονλ
2898 4988 3033 5049 quas
3059 4989 3221 5049 voces
3240 4975 3321 5049 uti
3344 4991 3374 5028 a
3398 4975 3695 5032 Catholieis

2130 5038 2198 5119 de
2240 5037 2377 5092 Filio
2421 5037 3118 5119 usurpataserimiiiantur
3160 5045 3340 5119 Arius,
3380 5047 3475 5119 ubi
3508 5064 3692 5116 supra.

2129 5110 2353 5189 ejusque
2377 5110 2641 5189 .asseclae,
2676 5110 2730 5163 in
2770 5110 3012 5189 Epistula
3052 5113 3120 5166 ad
3154 5114 3519 5189 Alesaudrum
3551 5110 3693 5189 apud

2130 5178 2484 5232 Athanasium
2517 5178 2583 5231 de
2619 5178 3074 5248 synodIArimin.
3104 5194 3158 5237 et
3185 5184 3395 5241 Selene.
3428 5178 3694 5241 Eumdcm

2129 5264 2347 5303 sensum
2380 5250 2499 5302 aliis
2523 5249 2705 5302 verbis
2728 5250 3040 5317 exprimunt
3068 5253 3255 5307 Patres
3284 5257 3472 5317 synodi
3506 5258 3693 5312 Antio.

2129 5320 2338 5381 chenae,
2372 5315 2857 5394 cum_ana_themzjti
2910 5321 3031 5394 illos
3077 5315 3375 5393 subjiciunt
3418 5326 3509 5394 qui
3542 5344 3697 5381 asse-

2126 5396 2258 5463 runt
2272 5389 2455 5463 καιρὸν
2486 5388 2724 5463 *αἱ-ῶνα
2757 5384 2959 5463 εἶναιῇ
2990 5384 3286 5463 γεγονέναι,
3314 5384 3542 5463 πρὸῖτοῦ
3574 5413 3697 5463 γεν-

2124 5457 2489 5531 νηθῆναιξτρν
2516 5458 2651 5510 Υαίν
2689 5457 2781 5531 τοῦ
2807 5457 2961 5521 Θεοῦ,
2998 5462 3141 5531 apud
3183 5457 3462 5518 Socratem
3504 5457 3600 5520 lib.
3635 5482 3691 5523 II.

2122 5543 2244 5597 cap.
2274 5527 2358 5580 10.
2394 5527 2541 5581 Idem
2563 5527 2820 5604 sentiunt
2840 5527 3093 5604 auctores
3118 5532 3268 5587 Fidei
3305 5536 3691 5604 paxpootixou.

2125 5613 2247 5678 cu":
2290 5597 3529 5678 essent190m“.ﬁaémusspoe‘aomééov
3562 5597 3692 5675 ρι-

2126 5668 2272 5739 στοῦ,
2304 5666 2462 5730 ibid.,
2499 5683 2616 5739 cap.
2654 5667 2736 5739 19.
2772 5667 2945 5739 Aliter
2971 5666 3190 5739 quidem
3237 5666 3341 5727 hoc
3362 5666 3692 5729 Arianorum

2122 5737 2348 5792 effatum
2401 5736 2636 5812 explicat
2671 5736 2751 5791 Cl.
2802 5736 3005 5793 Bullus'
3034 5742 3087 5793 in
3132 5740 3345 5811 Defens.
3401 5742 3494 5810 ῥά.
3548 5744 3689 5812 Nic.,

2121 5816 2257 5865 sect.
2297 5821 2386 5876 ιιι,
2425 5822 2543 5877 cap.
2580 5808 2612 5862 9
2662 5822 2823 5876 quem
2858 5812 3099 5866 consule.
3136 5808 3222 5865 W.
3258 5808 3471 5868 Lowr'u.

3166 5958 3210 6034 '3
