4514 6578
430 476 499 561 $3
1426 470 1753 527 msvonm
1791 458 2210 523 ECCl.ESlAST

1916 458 2346 522 .l.ESlASTlCA.
2388 500 2454 508 —-
2495 469 2622 523 LIB.
2666 468 2703 523 l.
3628 465 3699 526 86

432 607 529 659 μεν
567 588 769 642 πίστιν.
823 590 989 643 Οὐδὲν
1036 588 1224 643 λοιπδν
1271 606 1349 658 τῳ
1389 590 1619 661 διαϐόλῳ
1662 591 1839 656 ἔξεστι
1891 588 2011 643 καθ’
2044 589 2096 646 Δι
2118 600 2215 656 agn

1916 588 2011 643 εαθ⁹
2044 589 2096 646 Δι
2118 600 2498 656 agnoscamus.
2528 586 2675 642 Nihil
2716 585 2980 657 deinceps
3014 587 3236 642 diabolo
3285 586 3549 641 adversus
3596 602 3699 641 nos

428 682 585 751 ἡμῶν
610 697 623 710 ·
666 683 775 735 πᾶν
801 682 856 734 εί
883 700 936 735 τι
974 683 1018 735 δ’
1048 683 1114 737 ἂν
1145 683 1686 753 κακοτιχνησάμενος
1716 681 2009 752 ἐπεχείρη-

430 790 542 831 σεν,
560 774 625 824 ἐκ
650 772 865 843 βάθρων
882 774 1172 844 ἀνῄρηται.
1188 774 1298 838 “ra;
1319 773 1603 843 διχονοίας,
1621 775 1688 827 τά
1710 774 2006 844 σχίσματα.

438 863 562 925 τοὺς
592 862 858 934 θορύϐους
898 865 1174 930 ἐκείνους,
1208 868 1301 919 καὶ
1336 867 1405 920 τά
1447 866 1557 919 τῶν
1584 865 1909 935 διαφωνιῶν,
1941 866 2007 917 ἶν’

428 953 601 1018 οὕτως
622 958 782 1017 εἴπω.
807 956 1087 1028 θανάσιμα
1115 959 1405 1030 φάρμακα,
1440 961 1584 1013 κατά
1611 960 1711 1031 τὴν
1744 958 1837 1012 τοῦ
1872 957 2010 1012 Θεοῦ

431 1043 702 1109 κέλευσιν,
742 1047 776 1115 ἡ
806 1032 904 1115 τῆς
931 1046 1190 1117 ἀληθείας
1241 1048 1459 1118 ἐνίκησε
1495 1048 1839 1119 λαμπρότης.
1876 1049 2013 1102 Ἕνα

430 1137 719 1207 τοιγαροῦν
767 1138 1007 1203 ἅπαντες
1039 1142 1133 1191 καὶ
1180 1139 1260 1211 τῷ
1298 1141 1522 1211 ὀνόματι
1574 1142 2010 1212 προσκυνοῦμεν,

431 1228 525 1281 καὶ
573 1224 713 1281 εἶναι
759 1229 1223 1300 πεπιστεύκαμεν.
1272 1231 1389 1283 Ἵνα
1448 1232 1506 1285 δὲ
1552 1230 1712 1285 τοῦτο
1750 1234 2014 1304 γένηται,

432 1320 738 1390 ιὶπομνήσει
770 1320 936 1387 Θεοῦ,
970 1322 1304 1376 συνεκάλεσα
1337 1324 1419 1385 είς
1453 1322 1552 1392 τὴν
1585 1322 1835 1377 Νικαέων
1864 1326 2017 1378 πόλιν

430 1411 553 1473 τοὺς
592 1410 879 1476 πλείστους
907 1412 1015 1466 τῶν
1067 1415 1412 1477 ἐπισκόπων,
1465 1416 1582 1486 μεθ’
1613 1410 1797 1489 ὦνπερ
1830 1414 1912 1480 εἷς
1959 1417 2019 1482 ἐξ

431 1496 584 1566 ὑμῶν
609 1498 723 1567 ἐγὼ
746 1538 760 1559 ,
790 1501 819 1552 ὁ
844 1501 1200 1572 ωνθεράπων
1234 1504 1500 1574 ὑμέτερος
1542 1506 1663 1559 καθ’
1712 1508 2019 1580 ὑπερϐολὴν

434 1585 575 1643 εἶναι
608 1592 838 1663 χαίρων.
874 1596 969 1648 καὶ
992 1596 1156 1657 αὐτὸς
1195 1596 1293 1665 τὴν
1339 1598 1439 1667 τῆς
1470 1599 1728 1670 ἀληθείας
1772 1600 2019 1666 ἐξέτασιν

434 1682 787 1754 ἀνεδεξάμην.
829 1686 1092 1759 Ἦλέγχθη
1121 1687 1252 1752 γοῦν
1279 1688 1514 1754 ᾶπαντα,
1544 1692 1637 1744 καὶ
1672 1692 1911 1765 ἀκριϐῶς
1936 1694 2022 1758 ἐξ·

433 1775 686 1843 ήτασται,
704 1776 807 1830 ὅσα
828 1777 895 1831 δι’
916 1778 1246 1847 ἀμφιϐολίαν
1268 1779 1301 1849 ἢ
1326 1779 1592 1851 διχονοίας
1613 1783 1885 1853 πρόφασιν
1908 1784 2018 1855 (65)

432 1865 605 1920 ἐδόκει
646 1870 863 1940 γεννᾷν.
918 1870 1029 1923 Καὶ
1060 1871 1341 1938 φεισάσθω
1379 1876 1411 1943 ἡ
1464 1873 1586 1928 θεία
1621 1875 1977 1946 μεγαλειότης
2001 1917 2015 1942 ,

432 1959 595 2029 ἡλίκα
626 1962 718 2013 καὶ
738 1938 812 2023 ὡς
831 1962 978 2016 δεινά
1002 1964 1069 2016 τὰ
1086 1966 1215 2034 περὶ
1235 1965 1328 2017 τοῦ
1347 1938 1584 2035 μεγάλου
1614 1938 1862 2037 έωτῆρος
1879 1938 2013 2039 (ϐξ),
2048 1938 2092 1996 Β

434 2053 684 2123 περὶτῆς
714 2053 927 2119 ἐλπίδος
947 2056 1041 2109 καὶ
1070 2056 1217 2127 ζωῆς
1246 2057 1423 2128 ἡμῶν,
1459 2060 1723 2131 ἀπρεπῶς
1752 2061 2019 2133 ἐϐλασφή-

438 2160 569 2211 μουν
603 2144 772 2209 τινὲς,
800 2146 1059 2199 τάναντία
1097 2151 1217 2212 ταῖς
1246 2147 1623 2214 θεοπνεύστοις
1660 2152 1897 2223 Γραφαῖς
1924 2154 2017 2206 καὶ

433 2237 501 2305 τῇ
535 2234 668 2307 ἁγίᾳ
696 2236 880 2289 πίστει
908 2237 1275 2311 φθεγγόμενοί
1304 2259 1363 2294 τε
1394 2243 1486 2295 καὶ
1521 2243 1797 2296 πιστεύειν
1829 2245 2018 2314 ὁμολο-

433 2326 680 2392 γοῦντες.
718 2329 1057 2399 Τριακοσίων
1085 2331 1225 2399 γοῦν.
1254 2334 1348 2387 καὶ
1387 2334 1647 2387 πλειόνων
1682 2336 2013 2401 ἐπισκόπων,

433 2416 529 2468 ἐπὶ
562 2418 888 2492 σωφροσύνῃ
918 2436 979 2472 τε
1001 2421 1095 2473 καὶ
1128 2422 1379 2493 ἀγχινοίᾳ
1408 2422 1856 2494 θαυμαζομένων,
1888 2426 2016 2496 μίαν

434 2507 531 2558 καὶ
562 2506 660 2577 τὴν
681 2508 851 2579 αὐτὴν
875 2508 1081 2575 πίστιν,
1110 2511 1144 2580 ἡ
1170 2511 1263 2564 καὶ
1286 2516 1403 2575 ταῖς
1428 2513 1707 2583 ἀληθείαις
1734 2516 1829 2567 καὶ
1860 2518 2018 2587 ἀκρι-

437 2598 607 2663 ϐείαις
635 2599 728 2652 τοῦ
751 2600 885 2654 Θεοῦ
916 2602 1081 2672 νόμου
1106 2604 1317 2672 πέφυκε
1334 2606 1518 2668 πίστις
1546 2602 1705 2671 εἶναι,
1736 2607 2017 2677 βεϐαιούν-

435 2707 565 2752 των,
596 2691 753 2760 μόνος
778 2693 994 2760 Ἀρειος
1014 2697 1271 2767 ἐφωράθη
1292 2697 1391 2767 τῆς
1406 2698 1715 2769 διαϐολικῆς
1739 2702 2016 2769 ἐνεργείας

444 2782 579 2852 ηττη
589 2782 888 2852 μένος,,καὶ
912 2783 974 2837 τὸ
994 2785 1163 2837 κακὸν
1180 2787 1337 2839 τοῦτο
1356 2788 1570 2857 πρῶτον
1597 2789 1695 2858 μὲν
1716 2789 1843 2860 παρ’
1866 2791 2016 2860 ὑμῖν,

441 2875 631 2930 ἔπειτα
665 2877 759 2928 καὶ
784 2876 914 2946 παρ’
961 2877 1177 2949 ἑτέροις
1206 2879 1395 2931 ἀσεϐεῖ
1441 2878 1635 2953 γνώμῃ
1677 2879 2015 2951 διασπείρας.

453 2965 861 3037 Ἀναδεξώμεθα
889 2968 1198 3039 τοιγαροῦν,
1217 2971 1282 3039 ἣν
1306 2972 1334 3023 ὁ
1353 2971 1748 3041 παντοκράτωρ
1777 2972 2017 3043 παρέσχε

438 3056 698 3128 γνώμηνο
742 3059 1129 3130 ἐπανέλθωμεν
1183 3062 1276 3113 ἐπὶ
1329 3063 1453 3125 τοὺς
1500 3062 1819 3133 ἀγαπητοὺς
1863 3063 2019 3135 ἡμῶν

440 3149 725 3219 ἀδελφοὺς,
758 3146 833 3203 ὧν
859 3153 1009 3221 ἡμᾶς
1041 3152 1133 3205 τοῦ
1171 3152 1417 3206 διαϐόλου
1448 3154 1670 3225 ἀναιδής
1698 3173 1781 3216 τις
1815 3156 2019 3225 ὑπηρέ-

441 3256 541 3307 της
577 3238 861 3309 ἐχώρισεν.
906 3239 1030 3292 Ἐπὶ
1056 3240 1117 3292 τὸ
1154 3240 1332 3293 κοινὸν
1366 3240 1523 3311 σῶμα
1550 3280 1563 3302 ,
1594 3243 1688 3293 καὶ
1719 3240 1785 3293 τὰ
1822 3242 2016 3309 γνήσια
2045 3279 2087 3335 C

441 3331 598 3400 ήμῶν
621 3331 779 3402 μέλη,
814 3333 1017 3402 σπουδῇ
1054 3332 1204 3405 πάσῃ
1251 3331 1441 3401 ἴωμεν.
1474 3332 1643 3385 Τοῦτο
1684 3334 1793 3403 γάρ
1826 3335 1918 3386 καὶ
1952 3336 2017 3403 τῇ

443 3420 693 3492 ἀγχινοίᾳ
728 3422 823 3473 καὶ
854 3424 921 3492 τῇ
950 3422 1160 3487 πίστει,
1192 3423 1285 3474 καὶ
1316 3425 1382 3492 τῇ
1416 3424 1655 3491 ὁσιότητι
1681 3425 1747 3492 τῇ
1778 3422 2020 3494 ὑμετέρᾳ

442 3510 643 3579 πρέπει
662 3552 677 3575 ,
715 3511 802 3563 ἵνα
829 3512 933 3581 τῆς
966 3512 1173 3582 πλάνης
1201 3512 1549 3581 ἐλεγχθείσης
1581 3513 1807 3576 ἐκείνου,
1837 3514 1896 3567 ὃν
1922 3517 2021 3584 τῆς

443 3600 704 3671 ἀληθείας
730 3597 868 3656 εἶναι
908 3603 1101 3674 ἐχθρὸν
1144 3604 1473 3673 συνέστηκεν
1497 3644 1513 3669 ,
1556 3605 1693 3675 πρὸς
1737 3605 1833 3676 τὴν
1870 3606 2020 3659 θείαν

444 3692 774 3763 ἱπανέλθητε
809 3695 987 3763 χάριν.
1027 3696 1091 3747 Ὃ
1140 3695 1248 3765 γὰρ
1292 3698 1405 3758 τοίς
1441 3697 1772 3766 τριακοσίοις
1825 3698 2021 3767 ἤρεσεν

444 3790 788 3854 ἐπισκόποις,
816 3791 968 3844 οὐδέν
998 3793 1146 3845 ἐστιν
1176 3792 1382 3863 ἓτερον,
1422 3792 1455 3863 ἢ
1494 3792 1587 3844 τοῦ
1623 3792 1758 3845 Θεοῦ
1806 3792 2021 3864 γνώμην

449 3882 687 3952 μάλιστά
717 3900 783 3951 γε
809 3884 943 3937 ὅπου
972 3884 1033 3936 τὸ
1063 3884 1217 3953 ἅγιον
1257 3884 1481 3955 Πνεῦμα
1512 3883 1766 3937 τοιούτων
1798 3885 1893 3937 καὶ
1928 3902 2024 3955 τη-

448 3972 714 4027 λικούτων
736 3975 945 4047 ἀνδρῶν
968 3978 1089 4040 ταῖς
1118 3975 1378 4040 διανοίαις
1398 3975 1735 4047 ἐγκείμενον,
1756 3976 1857 4049 τὴν
1874 3976 2024 4031 θείαν

448 4068 701 4140 βούλησιν
725 4067 1071 4137 ἐξεφώτισεν.
1111 4070 1201 4123 Διὸ
1244 4070 1430 4140 μηδεὶς
1462 4070 1873 4140 ἀμφιϐαλλέτω,
1912 4089 2016 4142 μη-

453 4160 565 4224 δεὶς
602 4162 1008 4232 ύπερτιθέσθωο
1059 4163 1195 4217 ἀ).λά
1234 4163 1528 4233 προθύμως
1558 4162 1761 4227 πάντες
1806 4166 1886 4227 είς
1923 4164 2022 4234 τὴν

446 4252 818 4324 ἀληθεστάτην
860 4253 979 4307 ὁδὸν
1006 4254 1263 4308 ἐπάνιτε·
1298 4254 1362 4307 ἵν’
1408 4254 1627 4308 ἐπειδὰν
1660 4256 1783 4308 ὅσον
1815 4256 2025 4309 οὐδέπω

449 4344 584 4415 πρὸς
628 4346 775 4415 ὑμᾶς
817 4346 1137 4416 ἀφίκωμαι,
1173 4347 1270 4410 τὰς
1319 4346 1671 4418 ὀφειλομένας
1729 4346 1805 4418 τῷ
1858 4365 2028 4402 παντ-

450 4436 628 4508 εφόρῳ
659 4437 779 4507 Θεῷ
808 4439 926 4509 μεθ’
952 4439 1108 4509 ὑμῶν
1156 4439 1477 4510 ὁμολογήσω
1519 4440 1745 4510 χάριτας
1768 4481 1780 4501 ,
1811 4441 1891 4493 ὅτι
1928 4442 2026 4512 τὴν

450 4530 715 4599 εἰλικρινῆ
734 4530 913 4583 πίστιν
936 4530 1229 4597 ἐπιδείξας,
1248 4532 1346 4601 τὴν
1369 4531 1629 4584 εὐκταίαν
1656 4532 1783 4602 ὑμῖν
1805 4532 2026 4601 ἀγάπην

2120 678 2352 735 licebit:
2386 680 2661 750 siquidem
2702 690 2903 735 cuncta
2956 695 3079 749 qua:
3126 681 3181 733 in
3226 688 3474 733 nostram
3514 681 3701 749 perni-

2118 770 2260 825 ciem
2294 771 2669 826 fraudulenter
2704 772 3050 825 machinatus
3088 770 3286 834 fuerat,
3321 786 3468 824 nunc
3512 770 3700 824 fundi-

2122 872 2209 916 tus
2233 862 2449 915 sublata
2472 870 2620 916 sunt.
2656 863 3041 917 Dissensiones
3061 878 3125 916 ac
3151 862 3405 927 dissidia,
3428 861 3700 916 tumultus

2120 957 2262 1020 illos,
2290 966 2347 1011 et
2376 956 2585 1018 letalia,
2611 965 2673 1010 ut
2702 957 2778 1011 ita
2812 956 3012 1019 dicam,
3035 970 3245 1009 venena
3272 955 3698 1018 discordiarum,

2119 1048 2368 1102 veritatis
2408 1048 2671 1118 splendor
2698 1050 2852 1119 juxta
2886 1049 2981 1103 Dei
3015 1057 3349 1118 praeceptum
3404 1047 3594 1101 obruit
3636 1060 3701 1099 ac

2119 1142 2417 1212 superavit.
2451 1142 2628 1199 Unum
2676 1142 2844 1221 igitur
2892 1157 3084 1197 omnes
3131 1142 3303 1195 Deum
3363 1149 3421 1194 et
3476 1139 3700 1194 nomine

2120 1234 2432 1297 adoramus,
2462 1243 2519 1288 et
2558 1243 2681 1289 esse
2728 1234 3027 1289 credimus.
3086 1235 3257 1288 Porro
3297 1242 3359 1287 ut
3409 1231 3465 1286 id
3520 1230 3698 1296 ﬁeret,

2120 1327 2231 1380 Deo
2260 1336 2602 1398 suggerente.
2629 1326 2925 1381 convocavi
2953 1327 3007 1379 in
3026 1326 3219 1379 urbem
3243 1327 3481 1380 Nicaeam
3509 1338 3702 1394 quam-

2119 1416 2389 1486 plurimos
2412 1419 2722 1488 epiSCOpos,
2753 1416 3087 1487 quibuscum
3113 1431 3215 1485 ego
3245 1431 3390 1469 unus
3425 1430 3495 1469 ex
3512 1423 3701 1469 vestro

2121 1523 2374 1573 numero,
2530 1525 2619 1564 me
2650 1518 2896 1563 vestrum
2944 1522 3275 1563 conservum
3306 1522 3426 1560 esse
3470 1521 3700 1576 magno-

2121 1614 2249 1669 pere
2308 1600 2538 1670 gaudeo,
2598 1601 2849 1654 veritatis
2902 1614 3132 1653 examen
3188 1598 3425 1667 suscepi.
3460 1597 3709 1652 Proinde

2122 1701 2317 1746 cuncta
2344 1708 2467 1762 qum
2498 1692 2929 1747 controversiam
2965 1701 3060 1745 aut
3114 1690 3481 1745 dissensionis
3530 1697 3704 1745 mate-

2122 1783 2259 1837 riam
2286 1784 2527 1839 excitare
2548 1782 2901 1849 videbantur,
2932 1792 3189 1837 accurate
3234 1782 3484 1836 discussa
3536 1790 3701 1851 atque.

2122 1873 2432 1928 examinata
2464 1882 2613 1928 sunt.
2644 1875 2840 1929 Pareat
2877 1874 3065 1929 divina
3096 1874 3354 1943 majestas
3381 1891 3393 1924 :
3420 1881 3622 1941 quanta
3644 1883 3703 1925 et

2120 1981 2285 2034 quam
2308 1966 2493 2036 gravia
2518 1966 2585 2020 de
2603 1966 2896 2022 Servatore
2926 1976 3137 2031 nostro,
3157 1966 3336 2037 deque
3365 1982 3463 2036 spe
3487 1982 3551 2021 ac
3588 1967 3701 2020 vita

2121 2066 2315 2111 nostra
2351 2057 2700 2127 impudenter
2755 2058 3204 2128 blasphemarunt
3232 2058 3505 2121 nonnulli,
3548 2056 3701 2112 Scri-

2121 2149 2300 2218 pturis
2333 2150 2601 2205 divinitus
2634 2152 2922 2221 inspiratis
2946 2160 3005 2207 et
3038 2160 3401 2207 sacrosanctae
3424 2150 3550 2205 ﬁdei
3573 2166 3703 2204 con-

2122 2243 2291 2296 traria
2316 2243 2679 2313 proferentes,
2708 2254 2767 2298 et
2803 2244 3034 2299 credere
3070 2259 3127 2299 se
3162 2242 3504 2314 proﬁtentes.
3561 2242 3699 2297 Cum

2122 2332 2289 2402 igitur
2323 2334 2557 2388 trecenti
2608 2343 2665 2388 et
2694 2335 2930 2404 amplius
2954 2335 3221 2404 episcopi,
3257 2342 3372 2387 tum
3402 2334 3474 2387 ob
3508 2332 3699 2387 mode-

2121 2426 2304 2489 stiam,
2342 2434 2458 2481 tum
2490 2426 2562 2480 ob
2604 2426 2887 2481 solertiam
2938 2425 3271 2489 admirandi,
3310 2441 3473 2479 unam
3509 2440 3700 2479 omnes

2120 2516 2438 2571 eteamdem
2463 2516 2811 2587 ﬁdem,qu:e~
2822 2517 2978 2587 juxta
3024 2517 3315 2570 veritatem
3369 2525 3425 2569 et
3468 2530 3697 2569 examen

2120 2605 2320 2659 divina:
2351 2606 2487 2676 legis
2514 2608 2629 2661 sola
2668 2606 2805 2661 ﬁdes
2856 2616 3037 2677 potest
3083 2623 3225 2671 esse,
3285 2607 3534 2661 unanimi
3574 2622 3701 2660 scn-

2120 2698 2289 2752 tentia
2320 2698 2755 2763 conﬁrmassent,
2784 2699 2934 2753 solus
2974 2708 3225 2769 repertus
3252 2709 3336 2753 est
3357 2699 3543 2761 Arius,
3579 2698 3698 2752 dia-

2121 2790 2298 2844 bolica
2323 2789 2513 2844 fraude
2540 2800 2597 2845 ct
2623 2792 3033 2845 machinatione
3064 2801 3360 2861 superatus
3388 2832 3403 2855 ,
3455 2791 3550 2860 qui
3594 2791 3701 2845 hoc

2121 2883 2322 2936 malum
2360 2884 2597 2952 primum
2626 2884 2849 2953 quidem
2881 2884 3024 2953 apud
3079 2900 3197 2947 vos,
3241 2892 3430 2953 postea
3468 2900 3600 2938 vero
3643 2894 3700 2939 et

2121 2975 2261 3044 apud
2285 2976 2421 3029 alios
2460 2976 2625 3045 impia
2649 2985 2833 3030 mente
2854 2976 3250 3031 disseminavit.
3279 2978 3389 3031 Nos
3412 2993 3544 3048 ergo
3566 2992 3689 3033 eam

2121 3068 2445 3123 sententiam
2462 3069 2844 3138 suscipiamus,
2863 3085 3027 3139 quam
3046 3070 3395 3139 omnipotens
3414 3071 3560 3124 Deus
3583 3080 3696 3124 tra-

2120 3158 2279 3213 didit.
2332 3160 2697 3215 Revertamur
2741 3160 2809 3215 ad
2841 3162 3197 3217 charissimos
3227 3162 3424 3217 fratres
3453 3171 3695 3227 nostros,

2122 3266 2150 3303 a
2172 3265 2407 3319 quorum
2437 3252 2719 3306 consortio
2742 3252 3032 3321 impudens
3062 3253 3153 3307 ille
3201 3251 3405 3306 diaboli
3445 3252 3709 3306 minister

2122 3356 2222 3395 nos
2251 3343 2540 3410 separavit.
2565 3343 2645 3397 Ad
2683 3360 2974 3399 commune
3002 3359 3203 3415 corpus
3232 3354 3288 3399 et
3338 3346 3565 3415 propria
3594 3360 3697 3398 no-

2122 3440 2233 3485 stra
2255 3433 2500 3486 membra
2528 3434 2676 3487 omni
2706 3433 2889 3487 studio
2912 3449 3288 3503 properemus.
3310 3435 3425 3488 lloe
3451 3434 3601 3488 enim
3643 3444 3701 3488 et

2122 3523 2446 3592 prudentiae,
2478 3533 2534 3577 et
2577 3524 2724 3588 ﬁdei,
2765 3540 2829 3579 ac
2861 3525 3139 3579 sanctitati
3178 3532 3376 3579 vestrae
3419 3526 3700 3588 conivenit,

2124 3622 2184 3669 ut
2211 3616 2462 3670 convicto
2482 3631 2669 3669 errore
2702 3616 2847 3670 illius
2882 3632 3045 3685 quem
3088 3626 3302 3670 constat
3346 3632 3465 3671 esse
3498 3616 3707 3670 verita:

2124 3708 2196 3761 tis
2218 3707 2522 3770 inimicum,
2586 3707 2654 3761 ad
2690 3708 2933 3761 divinam
2966 3708 3198 3777 gratiam
3249 3708 3505 3761 redeatis.
3552 3708 3697 3762 Nam.

2124 3798 2273 3867 quod
2298 3790 2588 3852 'treeentis
2617 3799 2824 3867 placuit
2852 3800 3149 3869 episcOpis,
3197 3798 3335 3853 nihil
3393 3800 3540 3853 aliud
3578 3800 3703 3857 exi‘

2124 3888 2457 3942 stimandum
2480 3899 2563 3943 est
2584 3906 2747 3958 quam
2772 3892 2869 3945 Dei
2898 3892 3173 3945 sententia
3198 3909 3212 3956 ;
3242 3891 3549 3961 praesertim
3574 3906 3701 3946 cum

2126 3982 2182 4035 in
2226 3988 2501 4036 tantorum
2547 3983 2796 4036 virorum
2845 3984 3124 4039 mentibus
3170 3983 3421 4038 insidens
3462 3983 3701 4053 Spiritus

2125 4081 2367 4137 sanctus,
2417 4073 2659 4127 divinam
2694 4075 3032 4129 voluntatem
3083 4074 3386 4143 aperuerit.
3429 4072 3701 4139 Quocirca

2125 4178 2289 4217 nemo
2316 4172 2556 4217 vestrum
2588 4163 2849 4233 ambigat,
2876 4179 3039 4219 nemo
3065 4163 3289 4217 diﬂ‘erat
3314 4180 3329 4228 ;
3357 4162 3453 4217 sed
3508 4178 3701 4217 omnes

2127 4254 2290 4309 alacri
2319 4255 2503 4309 animo
2528 4254 2596 4308 ad
2632 4255 2892 4309 veritatis
2921 4256 3066 4309 viam
3114 4254 3328 4309 redite:
3381 4262 3442 4308 ut
3482 4270 3607 4309 cum
3631 4254 3701 4307 ad

2127 4362 2226 4400 vos
2258 4346 2661 4416 quamprimum
2709 4361 2936 4409 venero,
2964 4346 3210 4400 omnium
3248 4345 3547 4415 inspectori
3590 4344 3703 4399 Deo

2128 4437 2343 4491 debitas
2363 4437 2648 4490 vobiscum
2668 4438 2872 4507 gratias
2891 4435 3143 4499 referam,
3162 4434 3331 4505 quod,
3354 4435 3571 4489 sincera
3597 4434 3701 4488 ﬁde

2129 4530 2423 4601 patefacta,
2449 4537 2689 4598 optatam
2718 4528 2876 4583 vobis
2913 4528 3245 4582 charitatem
3294 4527 3514 4581 tandem
3540 4527 3701 4580 resti—

452 4622 806 4675 ἀποδέδωκεν.
869 4624 928 4675 Ὀ
974 4623 1106 4685 Θεὸς
1158 4623 1303 4692 ὑμᾶς
1343 4621 1694 4690 διαφυλάξοι,
1750 4623 2025 4693 ἀγαπητοὶ
2057 4614 2103 4672 D
2132 4631 2235 4677 tuel

1913 4623 2025 4693 ητοὶ
2057 4614 2103 4672 D
2132 4622 2317 4677 tuerit.
2346 4621 2611 4675 Divinitas
2642 4636 2740 4675 vos
2764 4628 2968 4683 servet,
3012 4618 3210 4673 fratres
3235 4618 3561 4673 charissimi.
3594 4618 3696 4686 31

449 4712 688 4782 ἀδελφοί.
726 4714 784 4767 '0
814 4714 909 4784 μὲν
930 4714 995 4785 δὴ
1019 4714 1267 4785 βασιλεὺς
1286 4712 1509 4767 τοιαῦτα
1536 4713 1739 4785 ἔγραφε
1763 4714 1839 4785 τῷ
1876 4714 2024 4767 Ἀλε-

454 4804 722 4877 ξανδρέων
764 4805 958 4875 δήμῳ,
1004 4805 1223 4876 μηνύων
1268 4806 1351 4858 ὅτι
1394 4805 1493 4873 οὐχ
1526 4804 1742 4869 ἀπλῶς,
1778 4805 1899 4859 οὐδὲ
1948 4806 2023 4870 ὡς

454 4895 610 4968 ἔτυχε
657 4897 881 4967 γέγονεν
912 4900 940 4950 ὁ
968 4899 1092 4970 ὄρος
1118 4898 1218 4968 τῆς
1258 4898 1493 4961 πίστεως
1527 4908 1549 4934 ι
1573 4914 1587 4928 ·
1628 4898 1745 4951 ἀλλ’
1772 4899 1852 4952 ὅτι
1887 4899 2024 4970 μετά

2129 4713 2197 4767 Et
2243 4713 2540 4782 imperator
2601 4712 2823 4781 quidem
2878 4711 2994 4765 haec
3044 4710 3266 4780 scripsit
3327 4709 3396 4763 ad
3439 4710 3702 4779 populum

2127 4804 2575 4866 Alexandrinum,
2592 4804 2795 4858 docens
2817 4802 3193 4857 deﬁnitionem
3220 4801 3344 4856 ﬁdei
3368 4817 3478 4855 non
3511 4800 3705 4856 leviter

2131 4912 2195 4951 ac
2218 4905 2445 4958 temere,
2475 4895 2571 4949 sed
2600 4910 2724 4950 cum
2756 4895 2928 4949 multa
2978 4894 3341 4964 inquisitione
3368 4908 3433 4947 ac
3455 4892 3702 4963 diligenti

1652 5067 1921 5123 VALESII
1959 5067 2506 5123 ANNOTATIONES.

530 5210 744 5280 (65)?!
764 5211 1071 5279 διχόνοιαν
1118 5210 1436 5280 πρόφασιν.
1485 5209 1549 5280 In
1587 5208 1775 5262 cndiee
1824 5210 2022 5265 Leonis

457 5278 639 5336 Allatii
665 5278 865 5352 legitur
889 5278 1192 5352 διχονοίας,
1216 5282 1361 5351 quod
1413 5278 1585 5348 magis
1611 5280 1804 5352 placet.
1832 5282 2019 5349 Itaque

458 5362 606 5421 totus
637 5350 788 5407 locus
832 5353 905 5406 ita
944 5350 1267 5407 scribendas
1289 5352 1528 5411 videtur,
1554 5352 1652 5401 ὃσα
1682 5350 1744 5419 δὴ
1784 5352 2018 5421 ἀμφιϐο-

456 5420 573 5475 λίαν
609 5424 642 5492 ἢ
673 5425 935 5494 διχονόιας
964 5423 1234 5494 πρόφασιν
1271 5423 1442 5476 ἐδόκει
1478 5421 1691 5489 γεννᾷν,
1726 5422 1809 5477 vel
1830 5420 2016 5491 potius

2128 5210 2161 5281 ἢ
2202 5210 2550 5278 ἀμφιϐολίας,
2597 5218 2728 5273 ete.,
2771 5218 2830 5264 ut
2880 5212 3039 5281 paqu
3091 5210 3388 5281 postdicit
3430 5207 3703 5281 Socrates.

2202 5226 2550 5278 ἀμφιϐολίας,
2597 5226 2728 5273 ριοη
2771 5226 2830 5264 υῐ
2880 5226 3039 5331 FGIIIO
3091 5226 3213 5280 pOSl
3254 5226 3388 5265 αιειι
3430 5226 3702 5262 δοςηιιεε.

2202 5283 2311 5351 (6-4)
2348 5283 2441 5345 Ὠς
2466 5282 2630 5333 δεινὰ
2650 5283 2720 5334 τὰ
2763 5298 2872 5347 περ
2942 5282 3046 5333 τοῦ
3074 5350 3077 5351 ν
3089 5280 3354 5349 μεγάλου
3409 5277 3702 5351 Σωτῆρος..

2127 5348 2309 5405 Codex
2336 5351 2539 5405 Leonis
2565 5351 2747 5405 Allatii
2777 5357 3043 5421 scriptum
3072 5348 3239 5405 habet
3262 5352 3361 5403 ὅσα
3405 5349 3554 5402 δεινά
3578 5348 3705 5417 περὶ

2124 5422 2217 5474 τοῦ
2244 5423 2510 5493 ἡμετέρου
2548 5423 2830 5493 Σωτῆρος;
2859 5422 3004 5492 quod
3031 5422 3201 5491 magis
3224 5422 3415 5490 probo.

1903 5571 2283 5629 VARIORUM.

530 5705 554 5733 ι
588 5694 844 5759 Μηνύων
869 5695 956 5746 ὅτι
988 5697 1101 5762 οὐχ
1125 5692 1349 5758 ἁπλῶς,
1373 5692 1513 5747 οὐδὲ
1537 5694 1616 5759 ὠς
1644 5693 1821 5761 ἔτυχε
1868 5692 2037 5762 τέγος

2146 5694 2394 5762 tiumque
2432 5692 2615 5747 studio
2673 5691 2865 5747 insano
2915 5707 2978 5745 ac
3027 5690 3365 5745 maleferiato
3408 5690 3703 5758 abreptos,

460 5770 624 5819 νενό
657 5765 794 5832 ὅρος
821 5764 932 5829 τῆς
951 5766 1226 5829 πίστεως.
1273 5765 1353 5818 Ex
1402 5764 1490 5818 his
1534 5772 1759 5833 apparet
1799 5763 2038 5818 Simonis
2146 5763 2243 5818 ade

1920 5763 2038 5818 onis
2146 5763 2283 5818 adeo
2328 5773 2387 5818 ut
2430 5763 2733 5833 symbolum
2787 5762 2970 5833 potius
3011 5762 3409 5833 praecipitatum
3464 5775 3630 5833 qu_am_
3658 5775 3703 5833 _a

461 5836 714 5905 Episcopi
764 5842 819 5889 et
843 5835 1171 5889 asseclarum
1202 5836 1257 5889 in
1279 5836 1467 5889 Patres
1494 5835 1737 5889 Nicamos
1755 5834 2035 5905 iniquitas,

465 5906 559 5977 qui
589 5906 1005 5977 depingunleos
1047 5914 1303 5976 tanquam
1351 5906 1538 5960 furore
1588 5905 1844 5975 percitos,
1904 5920 2002 5974 par

2146 5829 2681 5904 compositis'animis
2705 5829 3026 5904 profectum
3047 5829 3221 5904 videri
3260 5832 3473 5886 debeat.
3512 5830 3592 5885 En
3618 5829 3705 5884 hic

2136 5902 2285 5960 falsae
2308 5904 2704 5960 criminationis
2728 5902 3074 5974 redargutiol
