4514 6578
811 448 878 500 87
2277 449 2607 505 SOCRATIS
3983 453 4051 509 88

809 558 1054 612 examine
1077 557 1336 612 dictatam
1363 557 1529 612 fuisse
1555 576 1567 610 :
1599 557 1960 628 necquaidam
1981 557 2035 611 in
2055 573 2120 612 eo
2147 561 2379 615 concilio
2407 572 2453 629 Α
2482 563 2592 617 πολ]

2267 561 2379 615 :ilio
2407 572 2453 629 Α
2482 563 2678 633 πολλῆς
2709 563 3055 634 συζητήσεως
3081 564 3174 616 κα)⁵
3198 559 3521 630 δοκιμασίας
3553 561 3714 615 αὐτὸν
3743 562 4050 634 ὑπηγόρευ-

808 651 972 710 dieta,
997 649 1242 718 quaedam
1271 648 1491 703 silentio
1515 649 1714 703 tradita
1740 667 1754 715 ;
1781 649 1878 703 sed
1925 663 2264 719 quacunque
2306 651 2375 706 ad

806 739 1275 794 confirmationem
1299 739 1571 809 dogmatis
1615 740 1724 794 dici
1770 749 2052 810 poterant,
2093 750 2288 796 cuncta
2319 743 2375 796 in

809 831 1047 884 medium
1075 831 1244 888 fuisse
1272 831 1482 900 prolata
1507 847 1521 895 ;
1548 847 1650 886 nec
1685 847 1904 886 causam
1946 839 2152 886 temere
2175 832 2373 887 defini-

816 931 936 982 tam,
966 922 1060 974 sed
1087 923 1242 990 prius
1267 931 1523 976 accurate
1557 923 1858 976 discussam
1897 922 2065 979 fuisse
2091 940 2103 974 :
2154 923 2290 976 adeo
2315 931 2376 976 ut

812 1027 925 1078 quae
952 1011 1382 1064 controversiam
1409 1019 1503 1064 aut
1525 1011 1894 1065 contentionis
1916 1011 2201 1065 materiam
2224 1013 2372 1065 exci-

809 1111 922 1154 tare
971 1101 1319 1165 videbantur,
1361 1117 1392 1156 e
1427 1101 1608 1156 medio
1653 1103 1863 1157 sublata
1890 1103 2037 1157 sint.
2073 1103 2268 1173 Atque,
2317 1113 2376 1157 ut

808 1194 1121 1248 summatim
1151 1192 1354 1255 dicam,
1397 1193 1645 1247 omnium
1689 1195 1783 1262 qui
1831 1194 1961 1248 illuc
1998 1204 2376 1249 convenerunt

807 1285 1164 1349 voluntatem,
1191 1286 1286 1339 Dei
1321 1285 1660 1339 voluntatem
1700 1285 1938 1355 appellat
1965 1303 1976 1337 :
2030 1300 2132 1340 nec
2161 1285 2376 1340 dubitat

807 1375 940 1442 quin
961 1384 1042 1429 tot
1065 1391 1128 1430 ac
1153 1377 1342 1430 talium
1359 1377 1746 1446 episcoporum
1774 1376 2086 1439 consensio,
2112 1391 2142 1430 a
2165 1375 2375 1445 Spiritu

808 1476 998 1521 sancto
1049 1476 1347 1536 procurata
1393 1470 1484 1522 sit.
1525 1468 1762 1523 Sabinus
1803 1482 1935 1521 vero
1977 1467 2376 1521 Macedoniam:

807 1565 967 1610 secta:
985 1557 1391 1627 antesignanus,
1409 1560 1587 1613 sciens
1601 1574 1662 1613 ac
1677 1560 1918 1628 prudens
1937 1559 2023 1614 his
2049 1559 2376 1613 testimoniis

811 1643 1112 1715 refragatur
1135 1664 1147 1699 :
1176 1663 1379 1716 eosque
1419 1651 1513 1717 qui
1536 1650 1649 1703 illic
1670 1649 1979 1719 congregati
2003 1657 2152 1712 sunt,
2178 1647 2368 1712 rudes,

807 1737 1066 1803 omnique
1092 1739 1324 1792 scicntia
1347 1739 1638 1794 destitutos
1662 1740 1829 1794 fuisse
1865 1741 2034 1806 dicit;
2073 1755 2376 1810 parumque

807 1825 963 1879 abest
1008 1828 1141 1895 quin
1189 1828 1366 1896 ipsum
1425 1828 1590 1883 etiam
1644 1829 2036 1884 Caesariensem
2080 1829 2376 1884 Eusebium

2481 669 2577 705 σαν
2601 668 2615 684 ⁸
2639 653 2732 706 καὶ
2757 653 2854 722 οὐχ
2879 653 2961 704 ὅτι
2989 650 3110 704 τινά
3140 652 3239 721 μὲν
3257 649 3470 721 ἐλέχθη,
3493 651 3615 705 τινὰ
3634 651 3691 705 δὲ
3717 651 4048 724 ἀπεσιγήθη,

2476 743 2590 797 ἀλλ’
2621 745 2703 796 ὅτι
2731 744 2831 795 ὅσα
2853 742 2988 812 πρὸς
3009 741 3264 795 σύστασιν
3286 740 3381 794 τοῦ
3399 741 3664 811 δόγματος
3682 741 3939 812 λεχθῆναι
3954 745 4052 814 ᾕρ-

2480 833 2608 902 μοζε
2626 831 2759 900 (65),
2779 832 2956 884 πάντα
2974 829 3198 901 ἐκινήθη
3219 849 3232 860 ·
3265 831 3360 884 καὶ
3377 832 3459 884 ὅτι
3487 831 3586 901 οὐχ
3607 831 3794 895 ἁπλῶς
3817 832 4046 902 ὡρίσθη,

2475 923 2590 978 ἀλλ’
2630 922 2873 993 ἀκριϐῶς
2905 921 3174 992 ἐξητάσθη
3217 921 3507 992 πρότερον·
3554 921 3696 974 ὥστε
3739 923 3916 976 πάντα
3949 923 4050 976 ὅσα

2475 1016 2508 1085 ἢ
2542 1013 2902 1084 ἀμφιϐολίας,
2954 1013 2987 1084 ἢ
3020 1012 3284 1082 διχονοίας
3315 1013 3584 1082 πρόφασιν
3620 1013 3792 1067 ἐδόκει
3832 1014 4046 1082 γεννᾷν,

2473 1105 2645 1158 ταῦτα
2688 1103 2930 1158 ἐκποδὼν
2963 1103 3311 1173 γεγενῆσθαι.
3359 1101 3432 1156 Τὸ
3478 1103 3774 1172 κεφάλαιον
3820 1101 4048 1172 γνώμην

2475 1195 2634 1260 Θεοῦ,
2663 1197 2760 1266 τὴν
2793 1196 3006 1249 πάντων
3028 1194 3137 1248 τῶν
3165 1195 3281 1247 ἐκεῖ
3306 1193 3665 1248 συνελθόντων
3695 1193 3919 1264 γνώμην
3945 1211 4046 1246 κα·-

2475 1288 2576 1349 λεῖ,
2607 1287 2698 1339 καὶ
2739 1285 3018 1354 Πνεύματι
3045 1283 3205 1355 ἁγίῳ,
3241 1283 3350 1337 τῶν
3372 1285 3643 1337 τοσούτων
3673 1284 3767 1337 καὶ
3793 1282 4046 1354 τηλικού-

2474 1392 2582 1428 των
2621 1374 2932 1426 ὲπισκόπων
2959 1373 3056 1442 τὴν
3076 1373 3384 1443 ὁμοφωνίαν
3404 1373 3655 1442 γενέσθαι
3679 1373 3779 1426 οὐκ
3799 1374 4041 1426 ἀπιστεῖ.

2477 1468 2697 1531 Σαϐῖνος
2722 1468 2777 1520 δὲ
2803 1470 2830 1520 ὁ
2851 1469 2946 1537 τῆς
2965 1465 3296 1521 Μακεδονίου
3316 1467 3579 1536 αἱρέσεως
3599 1464 3900 1536 προεστὼς,
3921 1465 4046 1518 τού-

2475 1575 2588 1621 τοις
2619 1559 2716 1628 μέν
2758 1557 2898 1611 ἑκὼν
2944 1559 3004 1611 οὐ
3053 1559 3338 1629 προσέχει·
3372 1557 3486 1612 ἀλλ’
3525 1557 3738 1620 ἰδιώτας
3763 1599 3777 1621 ,
3825 1557 3920 1611 καὶ
3971 1556 4048 1628 μὴ

2477 1648 2620 1718 ἔχειν
2635 1648 2852 1716 γνῶσιν,
2875 1648 2998 1712 τοὺς
3018 1650 3132 1702 ἐκεῖ
3145 1648 3492 1712 συνελθόντας
3513 1648 3694 1718 φησίν
3726 1646 4046 1700 κινδυνεύων

2481 1739 2576 1791 καὶ
2603 1739 2765 1792 αὑτὸν
2792 1739 2883 1792 τὸν
2917 1740 3198 1810 Καισαρὲα
3233 1739 3488 1792 Εὑσέϐιον
3529 1739 3620 1791 ἐπὶ
3654 1738 3898 1810 ἀγνωσία
3928 1738 4044 1790 δια-

2478 1828 2719 1882 ϐάλλειν·
2747 1831 2838 1883 καὶ
2871 1830 2970 1882 ούκ
2998 1828 3308 1900 ἐνθυμεῖται
3333 1869 3348 1894 ,
3381 1829 3454 1892 ὡς
3485 1831 3533 1882 εί
3556 1829 3650 1882 καὶ
3679 1828 3880 1880 ἰδιῶται
3908 1824 4046 1898 ἦσαν

811 1916 1102 1986 imperitia:
1125 1930 1378 1974 accuset:
1402 1936 1578 1990 neque
1605 1920 1738 1974 illud
1784 1929 2022 1990 reputat,
2047 1936 2142 1974 eos
2173 1920 2267 1990 qui
2312 1919 2378 1973 ad
2412 1903 2452 1957 Β
2478 1922 2527 1973 οἱ
2557 1923 2594 1973 τ

2261 1922 2267 1974 l
2312 1919 2378 1973 ad
2412 1903 2452 1957 Β
2478 1922 2527 1973 οἱ
2557 1921 2656 1990 τῆς
2705 1921 2945 1983 συνόδου,
2985 1921 3398 1991 κατελάμποντο
3423 1921 3478 1973 δὲ
3501 1921 3605 1974 {me
3641 1920 3735 1973 τού
3764 1919 3922 1984 Θεοῦ,
3953 1920 4044 1972 καὶ

811 2007 1078 2076 synodum
1104 2008 1251 2062 illam
1293 2019 1689 2073 convenerunt,
1713 2010 1965 2078 quamvis
2007 2010 2173 2064 rudes
2197 2020 2378 2064 essent
2475 2011 2574 2081 τῆς

2262 2020 2378 2064 sent
2475 2011 2574 2081 τῆς
2597 2012 2815 2082 χάριτος
2832 2011 2924 2064 τοῦ
2949 2011 3102 2080 ἁγίου
3131 2011 3445 2082 Πνεύματος
3467 2024 3514 2075 ⁸,
3539 2011 3788 2082 οὐδαμῶς
3813 2011 4045 2080 ἀστοχῆ-

811 2107 972 2167 atque
998 2099 1260 2169 imperiti,
1284 2101 1380 2156 Dei
1417 2111 1597 2156 tamen
1620 2112 1677 2156 et
1700 2101 1938 2172 Spiritus
1990 2104 2166 2158 sancti
2205 2104 2380 2173 gratia
2479 2120 2594 2156 oar

2261 2104 2380 2157 'atia
2479 2120 2566 2156 σαι
2589 2104 2686 2173 τῆς
2713 2103 2966 2174 ἀληθείας
2995 2103 3270 2158 ἐδύναντο.
3315 2105 3645 2158 Ἐπάκουσον
3679 2103 3808 2172 γοῦν
3837 2097 3924 2156 οἷα
3950 2103 4044 2156 καὶ

813 2188 1130 2254 illustratos,
1159 2192 1473 2247 nullatenus
1497 2209 1527 2246 a
1556 2193 1787 2248 veritate
1829 2193 2092 2249 aberrare
2116 2197 2378 2264 potuisse.

810 2278 1010 2332 Verum
1035 2281 1318 2336 audiamus
1351 2283 1481 2352 quid
1530 2283 1825 2352 imperator
1866 2284 1922 2338 in
1974 2285 2079 2340 alia
2129 2286 2380 2356 epistola,

809 2371 1074 2424 adversus
1097 2371 1214 2424 Arii
1261 2382 1702 2443 sectatorumque
1738 2375 1858 2444 ejus
1900 2375 2152 2446 dogmata
2197 2377 2369 2447 legem

809 2468 1074 2524 statuens,
1101 2463 1167 2516 ad
1193 2480 1385 2520 omnes
1425 2466 1630 2536 ubique
1655 2467 1940 2537 episcopos
1977 2479 2033 2522 et
2063 2470 2376 2538 provincia-

805 2549 883 2604 les
907 2551 1206 2622 scripserit.

1213 2666 1332 2720 Alia
1357 2667 1580 2737 epistola
1607 2667 1964 2725 Constantini.

2478 2193 2543 2246 δι’
2574 2194 2764 2264 ἐτέρας
2817 2195 3106 2266 ἐπιστολῆς
3153 2197 3180 2249 ὀ
3213 2195 3500 2266 βασιλεὺς,
3548 2196 3690 2249 κατά
3721 2211 3781 2248 τε
3831 2194 4044 2264 Ἀρείου

2479 2286 2573 2339 καὶ
2601 2285 2707 2340 τῶν
2734 2287 3004 2358 ὁμοδόξων
3032 2287 3197 2340 αὐτοῦ
3225 2286 3609 2358 νομοθετήσας,
3634 2288 3744 2350 τοῖς
3770 2282 4051 2354 πανταχοῦ

2475 2377 2794 2441 ἐπισκόποις
2817 2395 2875 2430 τε
2909 2379 2999 2431 καὶ
3034 2377 3180 2441 λαοῖς
3207 2377 3565 2448 διεπέμψατο.

2755 2677 2951 2740 Ἄλλη
2978 2672 3270 2740 ἐπιστολή
3301 2673 3782 2726 Κωνσταντίνου.

751 2751 762 2760 ’
809 2754 979 2808 Victor
1020 2754 1415 2822 Constantinus,
1791 2763 2078 2834 Augustus,
2123 2767 2372 2836 episcopis
2398 2842 2411 2854 ⁸
2468 2767 2534 2819 Νι

2261 2767 2372 2834 opis
2398 2842 2411 2854 ⁸
2468 2765 2732 2833 Νικητής
2774 2764 3254 2854 [fariatur-tiro“
3310 2763 3638 2854 Μρηιστρς,
3704 2762 4043 2830 Σεϐαστὸς,

1436 2837 1487 2881 et
1509 2829 1764 2899 plebibus.

874 2940 1009 2994 Cum
1033 2940 1204 2996 malos
1225 2949 1282 2995 et
1306 2941 1502 3011 impios
1545 2943 1794 3000 homines
1824 2947 2067 3002 imitatus
2092 2949 2163 3004 sit
2184 2947 2370 3014 Arius,

806 3030 1054 3084 eundem
1079 3047 1204 3085 cum
1229 3032 1337 3087 illis
1361 3048 1580 3103 penam
1606 3035 1842 3093 infamia:
1887 3048 2136 3094 meretur
2159 3039 2366 3094 subire.

807 3121 1274 3187 Quemadmodum
1290 3138 1422 3194 ergo
1445 3124 1784 3197 Porphyrius
1828 3145 1974 3184 vera:
1999 3129 2219 3199 pietatis
2264 3129 2371 3200 inj-

807 3213 1005 3278 micus,
1033 3214 1352 3284 compositis
1374 3215 1635 3272 adversus
1656 3216 2026 3275 Christianam
2051 3223 2371 3293 religionem

805 3304 1028 3360 nefariis
1048 3306 1437 3372 voluminibus,
1455 3307 1674 3378 dignam
1696 3310 2005 3366 mercedem
2022 3314 2228 3378 retulit,
2244 3323 2303 3368 ut
2318 3323 2374 3368 et

806 3396 922 3464 ipse
947 3395 1166 3450 infamis
1187 3397 1260 3450 sit
1289 3397 1434 3466 apud
1460 3407 1734 3466 posteros,
1762 3400 2060 3471 multisque
2086 3403 2364 3472 appetitus

807 3490 1116 3560 opprobriis
1143 3529 1156 3554 ,
1191 3499 1248 3544 et
1272 3491 1424 3560 impii
1453 3492 1573 3561 ejus
1595 3492 1724 3546 libri
1753 3493 1975 3562 penitus
2007 3494 2217 3549 fuerint
2236 3495 2373 3549 abo-

805 3581 888 3634 liti
929 3599 941 3632 :
997 3581 1072 3634 ita
1118 3596 1265 3634 nunc
1315 3581 1520 3649 placuit
1559 3583 1751 3636 Arium
1791 3593 2200 3655 sectatoresque
2250 3588 2373 3657 ejus

811 3671 1216 3741 Porphyrianos
1235 3672 1440 3737 vocari,
1466 3679 1526 3726 ut
1549 3673 1709 3742 cujus
1753 3674 1950 3728 imitati
2004 3685 2134 3729 sunt
2168 3692 2371 3741 mores,

811 3763 932 3832 ejus
955 3764 1119 3816 etiam
1145 3763 1408 3818 vocabulo
1431 3764 1794 3834 appellentur.
1836 3765 2127 3831 Praaterea,
2176 3769 2222 3820 si
2251 3768 2376 3836 quis

813 3855 955 3908 forte
1009 3855 1150 3908 liber
1200 3854 1269 3908 ab
1323 3855 1457 3910 Ario
1505 3857 1849 3926 conscriptus
1894 3858 2222 3927 reperiatur,
2268 3858 2374 3927 32

814 3946 1045 4002 flammis
1090 3963 1218 4002 eum
1258 3949 1471 4004 absumi
1517 3949 1905 4019 praecipimus:
1947 3960 2008 4005 ut
2043 3967 2155 4008 non
2198 3953 2375 4006 solum

813 4051 979 4104 prava
1009 4037 1158 4091 illius
1201 4036 1454 4092 doctrina
1505 4037 1754 4093 funditus
1797 4039 2114 4104 aboleatur;
2164 4041 2260 4095 sed
2308 4057 2376 4096 ne

815 4137 1227 4182 monumentum
1251 4129 1472 4198 quidem
1496 4131 1615 4200 ejus
1645 4131 1814 4185 ullum
1846 4132 2155 4200 posteritati
2202 4133 2374 4187 relin-

2892 2835 3249 2900 ἐπισκόποις
3278 2834 3376 2887 καὶ
3406 2833 3599 2900 λαοῖς.

2537 2949 2673 3013 Τοὺς
2721 2948 2989 3019 πονηροὺς
3043 2947 3136 3000 καὶ
3195 2945 3413 3009 ἀσεϐεῖς
3489 2944 3606 3015 (66)
3667 2943 4051 3015 μιμησάμενος

2477 3042 2693 3110 Ἀρειος
2712 3079 2727 3102 ,
2750 3039 2956 3102 δίκαιός
2990 3041 3104 3092 ἐστι
3129 3038 3226 3109 τὴν
3246 3037 3413 3107 αὐτὴν
3439 3036 3666 3098 ἐκείνοις
3689 3036 3907 3105 ὑπέχειν
3931 3035 4048 3087 ἀτι-

2479 3131 2626 3202 μίαν.
2682 3131 2892 3203 Ὥσπερ
2939 3131 3118 3184 τοίνυν
3174 3129 3481 3200 Πορφύριος
3525 3129 3554 3180 ό
3587 3128 3687 3197 τῆς
3734 3126 4047 3188 θεοσεϐείας

2475 3224 2700 3296 ἐχθρὸς,
2732 3223 3086 3294 συντάγματα
3126 3222 3417 3293 παράνομα
3447 3220 3590 3274 κατά
3619 3218 3718 3288 τῆς
3745 3209 4046 3289 θρησκείας

2476 3314 2882 3384 συστησάμενος
2907 3355 2922 3380 ,
2956 3312 3106 3380 ἀξιον
3153 3312 3344 3381 εὕρετο
3375 3310 3584 3380 μισθὸν,
3633 3309 3726 3362 καὶ
3782 3307 4045 3371 τοιοῦτον,

2474 3405 2614 3458 ὥστε
2647 3404 3008 3457 ἐπονείδιστον
3044 3404 3141 3474 μὲν
3170 3403 3330 3456 αὑτὸν
3366 3401 3503 3473 πρὸς
3527 3400 3617 3453 τὸν
3640 3399 3770 3468 ἑξῆς
3795 3397 4051 3466 γενέσθαι

2475 3496 2683 3567 χρόνον,
2704 3497 2797 3550 καὶ
2817 3497 3074 3568 πλείστης
3101 3495 3509 3566 ἀναπλησθῆναι
3538 3491 3878 3559 κακοδοξίας,
3909 3491 4044 3560 ἀφα-

2477 3587 2725 3657 νισθῆναι
2749 3589 2806 3642 δέ
2826 3588 2896 3641 τά
2918 3589 3088 3658 ἀσεϐῆ
3120 3587 3281 3641 αὐτοῦ
3308 3586 3743 3656 συγγράμματα·
3775 3581 3917 3635 οὕτω
3946 3582 4043 3634 καὶ

2479 3677 2573 3731 νῦν
2602 3678 2778 3743 ἔδοξεν
2805 3680 3021 3748 ’Ἄρειόν
3038 3697 3097 3732 τε
3123 3680 3216 3733 καὶ
3245 3681 3368 3742 τοὺς
3402 3680 3610 3748 Ἀρείου
3637 3677 4046 3748 ὁμογνώμονας,

2480 3770 2885 3841 Πορφυριανοὺς
2928 3772 3024 3842 μὲν
3055 3771 3333 3826 καλεῖσθαι
3365 3773 3414 3834 b,
3465 3771 3532 3823 ἶν’
3564 3763 3638 3824 ὧν
3664 3770 3788 3832 τοὺς
3814 3768 4045 3838 τρόπους

2485 3861 2820 3930 μεμίμηνται
2846 3901 2863 3924 ,
2904 3862 3108 3916 τούτων
3159 3862 3322 3932 ἔχωσι
3371 3864 3466 3916 καὶ
3509 3862 3605 3932 τὴν
3656 3859 4047 3931 προσηγορίαν.

2483 3948 2626 4020 Πρὸς
2654 3949 2710 4003 δὲ
2761 3951 2970 4016 τούτοις
3011 3954 3104 4006 καὶ
3135 3951 3269 4005 εἴτι
3319 3952 3658 4021 σύγγραμμα
3695 3951 3800 4004 ὑπὸ
3841 3949 4044 4019 Ἀρείου

2484 4041 2908 4111 συντεταγμένον
2935 4041 3259 4112 εὑρίσκοιτο,
3282 4039 3438 4092 τοῦτο
3466 4039 3598 4108 πυρὶ
3627 4035 4013 4108 παραδίδοσθαι
4032 4051 4044 4066 ⁸

2484 4134 2569 4186 ἵνα
2602 4134 2676 4206 μὴ
2711 4135 2870 4204 μόνον
2914 4135 2983 4187 τά
3013 4133 3192 4203 φαῦλα
3216 4133 3377 4186 αὑτοῦ
3401 4133 3499 4202 τῆς
3527 4129 3876 4192 διδασκαλίας
3907 4128 4043 4196 ἀφα-

1997 4303 2265 4359 VALESII
2303 4305 2850 4364 ANNOTATIONES.

1024 4441 1322 4527 Λεῖςᾷῆιςαι
1370 4442 1602 4527 ἥρμοζε.
1647 4443 1779 4498 Post
1831 4443 1947 4497 haec
1990 4443 2157 4496 verba
2205 4443 2377 4498 codex
2411 4451 2453 4504 D
2481 4447 2616 4500 tium
2642 4447 2890 4527 apposui,
2917 4448 3143 4527 proprie
3185 4462 3315 4527 non
3341 4445 3584 4527 pertinet
3627 4443 3695 4497 ad
3739 4440 4046 4527 synodum;

814 4513 994 4596 Allatii
1019 4512 1170 4566 addit
1197 4512 1372 4565 πάντα
1397 4512 1642 4636 ἐκινῂθὟ

887 4583 997 4636 (ὺϐ)
1029 4583 1172 4636 Τοὺς
1197 4582 1296 4634 καὶ
1325 4583 1580 4636 ἀσεϐεις.
1633 4583 1642 4636 l

887 4583 997 4654 (tib')
1029 4583 1172 4654 Τοὺς
1197 4582 1296 4634 καὶ
1325 4582 1580 4654 ἀσεϐεῖς.
1611 4582 1734 4654 llaec
1755 4582 2097 4638 Constantini
2139 4585 2381 4654 impera-

816 4652 950 4705 toris
976 4652 1207 4720 epistola
1229 4667 1340 4706 non
1371 4668 1470 4706 suo
1497 4653 1618 4706 loco
1646 4653 1735 4706 hic
1775 4654 2013 4707 refertur
2057 4670 2086 4706 a
2129 4652 2376 4709 Socrate.

810 4721 1136 4792 collocanda
1163 4722 1347 4790 potius
1368 4730 1487 4776 erat
1533 4731 1653 4791 post
1699 4723 1987 4792 epistolam
2030 4722 2377 4778 Constantini

811 4791 1196 4862 adEcclesias,
1227 4807 1346 4861 qua:
1370 4792 1614 4862 proxime
1661 4791 1908 4862 sequitur
1955 4793 2010 4846 in
2046 4792 2151 4847 hoc
2177 4793 2374 4862 capite.

811 4861 994 4932 Primo
1017 4861 1164 4932 enim
1190 4863 1310 4916 loco
1338 4861 1640 4932 referenda:
1663 4861 1792 4916 sunt
1825 4863 2068 4932 epistola:
2092 4879 2213 4931 quae
2244 4861 2380 4932 iper-

813 4930 989 4985 tinent
1011 4931 1077 4986 ad
1105 4931 1371 5002 synodum
1395 4931 1687 4986 Nic-mnam.
1728 4930 1875 4986 llmc
1897 4948 2025 4986 vero
2071 4930 2228 5002 cujus
2259 4930 2377 4985 'ini-

2479 4532 2582 4592 nec
2626 4510 2793 4592 ngam
2839 4510 3037 4592 synodi
3076 4517 3324 4592 continet
3343 4510 3718 4592 'mentionem.
3767 4510 3938 4592 Porro
3981 4510 4048 4590 ad

2479 4586 2622 4660 hanc
2663 4584 3006 4660 Constantini
3038 4587 3336 4660 epistolam
3384 4585 3578 4660 alludit
3622 4584 4054 4660 Athanasiusoin

2479 4655 2722 4732 Epistula
2750 4658 2816 4732 ad
2844 4651 3257 4732 solitario-subi
3282 4657 3349 4732 de
3375 4654 3694 4732 Constantio
3731 4653 3846 4706 hate
3869 4651 4005 4732 dicit
4032 4667 4044 4702 :

2477 4725 2576 4797 Διά
2619 4728 2670 4779 τί
2702 4729 2828 4789 τοὺς
2883 4727 3202 4797 ΑἈρειανοὺς
3250 4725 3343 4788 οὓς
3391 4727 3594 4797 ἐκεῖνος
3637 4725 4051 4797 -Πορφυριανους

2475 4796 2749 4921 ὠνόμὲισξ,
2803 4789 3022 4859 τούτούς
3056 4789 3210 4859 οὗτος
3251 4799 3330 4859 είς
3393 4789 4049 4865 Ἐκκλησίανέίσαγαγεῖν

2481 4883 2617 4919 σπου
2652 4885 2767 4921 αςει
2790 4885 2808 4921 1

2481 4883 2767 4930 cmuoaga
2790 4885 2808 4932 ;

2245 5089 2624 5145 VARIORUM.

886 5243 911 5272 ι
943 5228 1404 5298 Κατελάμποντο
1437 5227 1504 5280 δὲ
1534 5226 1650 5280 ὑπὸ
1676 5227 1779 5298 τοῦ
1805 5227 1972 5290 Θεοῦ,
2006 5227 2100 5281 καὶ
2138 5226 2246 5293 τῆς
2276 5226 2380 5296 χά-

809 5319 969 5366 ριτος
989 5298 1094 5352 τοῦ
1122 5297 1294 5367 ἁγίου
1332 5299 1692 5366 Πνεύματος.
1740 5297 1799 5351 In
1845 5314 1908 5352 ea
1958 5299 2228 5352 sententia
2274 5298 2378 5352 fuit

812 5372 1086 5431 Socrates,
1115 5377 1176 5422 ut
1214 5368 1483 5430 crederet,
1533 5368 1765 5422 concilio
1821 5368 2203 5437 epise0porum
2249 5384 2376 5422 vere

810 5440 1105 5494 universali
1157 5454 1373 5508 semper
1403 5438 1591 5491 adesse
1652 5437 1888 5506 Spiritus
1942 5438 2115 5492 sancti
2148 5439 2376 5508 gratiam

811 5508 1278 5572 illuminatricem,
1307 5524 1427 5577 quae
1451 5523 1565 5568 eos,
1611 5516 1887 5577 utcunque
1916 5508 2081 5562 rudes
2101 5518 2156 5562 et
2206 5509 2377 5577 impe-

812 5581 948 5633 ritos
1002 5578 1167 5648 (quod
1215 5589 1395 5632 tamen
1443 5577 1679 5644 Sabinus
1728 5577 1795 5631 de
1831 5579 2086 5632 Patribus
2135 5578 2368 5633 Nicaenis

813 5651 948 5704 falso
973 5648 1356 5718 afﬁrmaverat)
1388 5648 1456 5701 ab
1482 5662 1693 5708 errore,
1724 5649 1915 5718 saltem
1943 5649 1999 5702 in
2042 5648 2368 5702 necessariis

808 5719 938 5772 ﬁdei
972 5719 1218 5772 articulis
1242 5760 1254 5778 ,
1285 5717 1553 5788 immunes
1574 5717 1909 5788 custodiret.
1941 5719 2096 5788 (Vide
2116 5718 2195 5774 Cl.
2229 5719 2368 5772 Bulli

811 5789 1022 5851 Drfms.
1051 5789 1174 5853 ﬁdei
1203 5789 1314 5842 .Vit'.
1345 5787 1531 5858 pag/2,
1563 5787 1682 5854 fol.)

887 5861 910 5899 ἓ
941 5858 1191 5924 ’ἔδοξεν
1228 5858 1446 5927 ’.ηδιον
1475 5874 1528 5911 τε
1556 5857 1647 5913 καὶ
1676 5858 1812 5923 τοὺς
1859 5860 2070 5928 Ἀμείσυ
2117 5860 2372 5932 (pm-rdi-

2471 5244 2682 5296 μονας,
2711 5224 3289 5296 Πορφυριανοὺςμὲν
3313 5223 3644 5296 καλεῖσθαι.
3685 5224 4049 5281 Doctissimus

2474 5295 2876 5359 Cudworthus,
2915 5297 2969 5349 in
3009 5295 3364 5350 Intellectuali
3395 5303 3694 5365 systemote,
3747 5310 3869 5365 pag.
3923 5297 4044 5357 592,

2474 5367 2716 5436 conjicit,
2768 5382 2966 5421 nomen
3012 5367 3118 5420 hoc
3151 5365 3276 5419 ideo
3332 5364 3550 5419 Arianis
3598 5364 3851 5436 inditum,
3901 5368 4047 5435 quod

2475 5435 2650 5508 instar
2673 5437 2959 5508 Porphyrii
2990 5437 3332 5508 aliorumque
3360 5435 3619 5508 ejuniori
3644 5435 4047 5490 Platonicorum

2473 5507 2680 5587 s_chola,
2707 5505 3054 5587 gradationes
3079 5507 3342 5586 quasdam
3392 5507 3533 5558 inter
3566 5505 3811 5587 diversas
3845 5515 4048 5560 sanctae

2473 5577 2756 5658 Trinitatis
2777 5578 3096 5658 hypostases
3116 5577 3484 5657 excogitarant
3505 5593 3515 5628 :
3537 5590 3646 5658 quo
3673 5583 3836 5658 pacto
3849 5591 4047 5628 secun-

2474 5647 2600 5702 dam
2625 5655 2681 5702 et
2710 5645 2926 5702 tertiam
2967 5645 3271 5716 personam
3301 5647 3356 5699 in
3406 5645 4050 5716 creaturarumﬂfereor-

2475 5718 2658 5772 dinem
2691 5714 3023 5787 redigerent.
3055 5717 3186 5787 _lmo
3235 5717 3388 5787 Plato
3442 5716 3556 5785 ipse
3582 5730 3611 5768 a
3646 5714 3850 5787 Cyrillo
3889 5714 4043 5787 Alex.

2479 5784 2845 5854 redarguituf,
2878 5787 2973 5840 lib.
2999 5803 3015 5840 ι
3041 5785 3241 5840 Contra
3285 5784 3584 5847 lulianum,
3645 5784 3800 5854 quasi
3856 5784 4048 5853 grada-

2481 5858 2727 5914 tionibus
2757 5859 2870 5915 suis
2900 5858 3040 5913 viam
3065 5857 3373 5913 Arianismo
3391 5865 3676 5913 sterneret.
3708 5856 3794 5912 W.
3825 5854 4044 5911 ιον-τυ.
