4514 6578
494 440 561 498 89
1477 458 1798 517 HISTORIA
1837 448 2393 519 ECCLESIASTICA.
2434 496 2501 504 -
2538 466 2665 519 un.
2709 467 2748 519 1.
3667 468 3735 527 90

493 553 906 652 mentulam
949 561 1083 632 μηδὲ
1117 563 1418 639 ὑπόμνημα
1451 571 1618 625 αὑτοῦ
1668 574 1805 639 ὅλως
1854 575 2067 629 ὑπολεί-
2094 580 2142 637 Α
2168 588 2276 645 qua

1951 575 2067 629 ιλεί-
2094 580 2142 637 Α
2168 586 2389 645 quatur.
2423 580 2560 634 lllud
2590 580 2759 634 etiam
2784 580 3073 645 denuntio,
3111 582 3255 652 quod
3289 582 3332 638 si
3358 583 3484 652 quis
3532 583 3734 638 librum

498 662 667 701 ποπο.
705 647 909 701 Ἐκεῖνο
948 652 1133 719 μέντοι
1163 658 1517 729 προαγορεύω
1542 700 1557 723 ,
1586 662 1662 725 ώς
1708 663 1762 715 εῐ
1798 681 1882 728 τις
1931 665 2066 733 σύγ-

498 750 727 825 γραμμα
748 737 853 789 ὑπὸ
889 739 1098 810 Ἀρείου
1130 748 1389 815 συνταγέν
1412 751 1688 823 φωραθείη
1717 754 1951 825 κρύψας,
1974 756 2068 809 καὶ

617 824 818 892 εὐθέως
854 833 1233 903 προσενεγκὼν
1274 840 1409 909 ’πυρὶ⁸
1459 844 1817 918 καταναλώσῃ
1840 824 1859 912 ί,
1894 847 2069 919 τούτῳ

498 917 722 983 θάνατος
748 921 899 977 ἔσται
929 928 961 996 ἡ
996 926 1167 997 ζημία
1188 947 1201 959 ·
1253 936 1595 1006 παραχρῆμα
1624 937 1732 1008 γάρ
1772 917 1932 1004 ἀλοὺς
1974 917 2069 994 ἐπὶ

496 1009 704 1079 τούτῳ,
743 1014 1043 1087 κεφαλικὴν
1085 1019 1448 1091 ὑποστήσεται
1490 1029 1783 1098 τιμωρίαν.
1830 1029 1889 1084 Ὀ
1937 1030 2069 1094 Θεὸς

498 1100 641 1170 ὑμᾶς
674 1102 1010 1172 διαφυλάέοι.

1026 1243 1209 1312 Ἄλλη
1235 1246 1548 1315 ἐπιστολή.

567 1334 1019 1401 Κωνσταντῖνος
1052 1338 1372 1405 Σεϐαστὸς,
1406 1341 1533 1405 ταῖς
1581 1344 1992 1412 Ἐκκλησίαις.

567 1446 770 1515 Πεῖραν
798 1446 981 1502 λαϐὼν
1021 1450 1084 1502 ἐκ
1124 1452 1223 1522 τῆς
1253 1453 1362 1506 τῶν
1384 1455 1577 1508 κοινῶν
1610 1458 1930 1528 εὐπραξίας,
1967 1461 2065 1532 ὅση

498 1532 598 1601 τῆς
632 1532 782 1596 θείας
840 1535 1120 1606 δυνάμεως
1158 1540 1367 1609 πέφυκε
1402 1544 1592 1612 χάρις,
1625 1546 1811 1600 τοῦτόν
1859 1566 1919 1601 τε
1963 1551 2068 1620 πρὸ

499 1623 714 1676 πάντων
745 1624 933 1696 ἔκρινα
975 1623 1113 1681 εἷναί
1154 1646 1243 1699 μοι
1295 1634 1589 1702 προσήκειν
1637 1636 1872 1702 σκοπὸν,
1919 1639 2066 1703 ὅπως

500 1715 646 1785 παρὰ
666 1720 779 1778 τοῖς
814 1720 1249 1788 μακαριωτάτοις
1276 1722 1374 1792 τῆς
1421 1724 1712 1795 καθολικῆς
1745 1728 2067 1797 Ἐκκλησίας

499 1807 725 1876 πλήθεσι
761 1809 942 1872 πίστις
974 1810 1087 1879 μία,
1121 1813 1215 1864 καὶ
1258 1814 1553 1886 εἰλικρινὴς
1589 1817 1799 1888 ἀγάπη,
1825 1819 2067 1889 ὁμογνώ-

2170 667 2239 722 ab
2267 670 2398 724 Ario
2417 674 2776 742 compositum
2797 674 3100 729 occultasse
3123 675 3497 744 deprehensus
3520 677 3611 739 sit,
3638 692 3739 730 nec

2168 776 2294 815 eum
2329 762 2513 817 statim
2540 764 2783 817 oblatum
2810 765 2933 835 igne
2960 766 3345 831 eombusserit,
3392 767 3583 843 mortis
3619 783 3735 836 pa:-

2169 870 2294 908 nam
2338 856 2587 910 subibit:
2633 858 2793 911 simul
2836 869 3000 927 atque
3044 859 3194 912 enim
3242 858 3297 911 in
3346 859 3448 912 hoc
3494 858 3735 913 facinore

2168 945 2334 999 fuerit
2355 946 2746 1015 deprehensus,
2775 949 2998 1018 capitali
3023 949 3299 1019 supplicio
3326 950 3579 1003 ferietur.
3635 949 3732 1002 Di-

2168 1034 2368 1090 vinitas
2391 1051 2487 1091 vos
2510 1044 2715 1091 servet.

2573 1256 2694 1311 Alia
2721 1259 2943 1328 cpistola
2969 1257 3325 1313 Constantini.

2447 1348 2823 1403 Constantinus
2868 1349 3152 1420 Augustus,
3180 1348 3446 1403 Ecclesiis.

2235 1458 2372 1514 Cum
2396 1475 2463 1513 ex
2489 1460 2705 1514 ﬂorenti
2735 1459 3051 1529 reipublicae
3076 1469 3221 1515 statu
3263 1470 3601 1531 compertum
3632 1461 3733 1517 ha-

2166 1550 2355 1605 berem
2389 1560 2595 1618 quanta
2640 1550 2835 1605 fuisset
2879 1566 3010 1620 erga
3054 1564 3151 1605 nos
3196 1552 3588 1620 omnipotentis
3636 1552 3731 1607 Dei

2168 1638 2475 1709 benignitas
2502 1679 2515 1702 ,
2569 1640 2623 1693 in
2650 1640 2755 1694 hoc
2777 1641 3051 1711 praecipue
3095 1641 3230 1694 mihi
3275 1657 3395 1696 esse
3442 1642 3731 1696 elaboran-

2170 1726 2299 1780 dum
2325 1727 2655 1791 existimavi,
2681 1736 2797 1782 uta
2838 1729 3202 1783 sanctissimis
3244 1730 3500 1785 Ecclesiae
3548 1733 3735 1786 catho-

2166 1816 2283 1871 licae
2307 1818 2521 1886 populis
2549 1834 2655 1871 una
2679 1818 2833 1883 ﬁdes,
2862 1820 3078 1874 sincera
3129 1820 3389 1883 Charitas,
3417 1831 3472 1875 et
3494 1838 3733 1876 consona

501 1915 616 1967 μων
660 1915 718 1950 τε
753 1901 880 1969 περὶ
904 1900 996 1953 τὸν
1026 1903 1318 1973 παγκρατῆ
1358 1905 1491 1958 Θεὸν
1533 1906 1782 1961 εὐσέϐεια
1810 1911 2062 1981 τηρῆται·
2099 1908 2141 1963 Β
2166 1922 2284 1978 erga

1946 1927 2062 1977 ται·
2099 1908 2141 1963 Β
2166 1922 2293 1978 erga
2316 1908 2748 1976 omnipotentem
2774 1910 2947 1963 Deum
2997 1912 3189 1981 religio
3234 1921 3571 1970 servaretur.
3623 1912 3729 1967 Sed

496 1986 610 2038 ἀλλ’
646 1988 828 2059 ἐπειδὴ
870 1988 1026 2042 τοῦτο
1054 1992 1253 2063 ἑτέρως
1283 1995 1380 2063 οὐχ
1413 1992 1522 2047 οἷόν
1552 2013 1611 2049 τε
1641 1993 1709 2068 ἦν
1740 1998 1935 2069 ἀκλινῆ
1974 2001 2066 2053 καὶ

500 2074 719 2144 βεϐαίαν
750 2076 903 2141 τάξιν
937 2078 1138 2146 λαϐεῖν,
1174 2085 1221 2135 εί
1260 2083 1333 2153 μὴ
1368 2086 1447 2149 είς
1477 2087 1641 2139 ταὺτὸ
1670 2089 1885 2144 πάντων
1906 2091 2063 2161 ὁμοῦ,

497 2167 529 2235 ἦ
548 2167 654 2219 τῶν
673 2169 799 2235 γοῦν
816 2171 1075 2225 πλειόνων
1106 2174 1416 2228 ἐπισκόπων
1440 2178 1817 2245 συνελθόντων,
1837 2182 2065 2236 ἑκάστου

496 2262 602 2315 τῶν
645 2266 1027 2335 προσηκόντων
1073 2271 1138 2337 τῇ
1176 2270 1455 2343 ἁγιωτάτῃ
1497 2272 1762 2346 θρησκείᾳ
1798 2276 2066 2348 διάκρισις

498 2355 703 2423 γένοιτο
731 2374 746 2389 ·
774 2358 963 2412 τούτου
991 2360 1175 2414 ἕνεκεν
1199 2362 1464 2417 πλείστων
1489 2364 1627 2419 ὅσων
1662 2366 2066 2439 συναθροισθέν-

497 2464 624 2513 των,
679 2450 772 2502 καὶ
805 2450 969 2515 αὐτὸς
1006 2453 1062 2505 δὲ
1113 2454 1361 2526 καθάπερ
1388 2452 1467 2519 εἷς
1494 2458 1555 2521 ἐξ
1596 2459 1749 2529 ὑμῶν
1774 2460 2066 2531 ἐτύγχανον

499 2541 800 2612 συμπαρών
825 2560 839 2573 ⁸
878 2545 969 2613 (οὐ
1006 2545 1113 2616 γὰρ
1150 2547 1495 2618 ἀρνησαίμην
1543 2549 1607 2602 ἂν
1637 2551 1722 2617 ἐφ’
1749 2544 1793 2619 ᾧ
1834 2552 2065 2622 μάλιστα

496 2634 690 2705 χαίρω,
719 2635 1066 2707 συνθεράπων
1100 2639 1359 2709 ὑμέτερος
1384 2644 1733 2710 πεφυκέναιο)
1768 2645 1897 2715 ἄχρι
1944 2664 2065 2699 τοσ-

498 2726 654 2777 ούτου
706 2726 928 2780 ᾶπαντα
972 2728 1072 2797 τῆς
1127 2731 1512 2801 προσηκούσης
1548 2734 1845 2805 τετύχηκεν
1884 2737 2067 2802 ἐξετά-

500 2834 653 2879 σεως,
677 2817 837 2888 ἄχρις
857 2812 916 2871 οὗ
938 2821 971 2888 ἡ
991 2819 1068 2889 τῷ
1086 2821 1298 2874 πάντων
1319 2822 1500 2893 ἑφόρῳ
1520 2824 1827 2896 ἀρέσκουσα
1851 2826 2063 2899 γνώμη,

497 2908 631 2975 πρὸς
655 2907 751 2977 τὴν
779 2909 877 2978 τῆς
901 2908 1157 2979 ἑνότητος
1190 2914 1507 2982 συμφωνίαν
1534 2918 1613 2979 εἰς
1636 2917 1751 2986 φῶς
1779 2919 2027 2990 προήχθη
2048 2937 2063 2953 ·

494 2996 569 3059 ὡς
591 2996 755 3065 μηδὲν
776 2996 854 3049 ἔτι
881 2999 1017 3069 πρὸς
1030 2999 1310 3070 διχόνοιαν,
1336 3003 1368 3074 ἢ
1392 3003 1627 3069 πίστεως
1654 3009 2065 3079 ἀμφισϐήτησιν

496 3087 901 3144 ὑπολείπεσθαι.
940 3088 1107 3142 Ἔνθα
1147 3093 1239 3144 καὶ
1270 3094 1398 3164 περὶ
1427 3095 1529 3165 τῆς
1554 3096 1648 3149 τοῦ
1675 3098 1863 3167 Πάσχα
1897 3099 2065 3167 άγιω-

492 3176 663 3243 τάτης
684 3178 791 3246 ῆμέ
800 3196 898 3248 ρας
909 3179 1203 3251 γενομένης
1224 3182 1522 3252 ζητήσεως,
1542 3184 1684 3252 ἔδοξε
1708 3191 1857 3259 κοινῇ
1875 3189 2061 3260 γνώμῃ

493 3268 673 3330 καλῶς
698 3269 862 3339 ἔχειν,
898 3272 991 3324 ἐπὶ
1026 3274 1154 3341 μιᾶς
1182 3273 1395 3344 ἡμέρας
1429 3277 1635 3340 πάντας
1665 3281 1791 3343 τοὺς
1818 3281 2060 3334 ἁπαντα-

494 3358 586 3428 χοῦ
613 3360 898 3414 ἐπιτελεῖν.
931 3363 996 3415 Τί
1030 3362 1137 3433 γάρ
1160 3365 1287 3433 ἡμῖν
1310 3366 1546 3432 κάλλιον,
1583 3370 1633 3421 τί
1658 3370 1714 3422 δὲ
1745 3372 2064 3441 σεμνότερον

494 3452 730 3522 ὑπάρξαι
754 3454 1062 3524 δυνήσεται,
1096 3456 1189 3508 τοῦ
1221 3458 1318 3528 τὴν
1350 3458 1540 3529 ἑορτὴν
1567 3461 1788 3532 ταύτην,
1833 3466 1961 3534 παρ’
1997 3460 2065 3535 ἦς

492 3544 593 3615 τὴν
620 3545 720 3614 τῆς
746 3545 1039 3608 ἀθανασίας
1071 3547 1369 3618 εἰλήφαμεν
1394 3551 1607 3617 ἐλπίδα,
1650 3556 1748 3624 μιᾷ
1783 3554 1935 3621 τάξει
1971 3558 2065 3609 καὶ

495 3637 712 3708 φανερῷ
732 3638 892 3709 λόγῳ,
924 3640 1071 3709 παρά
1101 3641 1266 3693 πᾶσιν
1285 3642 1639 3708 ἀδιαπτώτως
1670 3647 2063 3714 φυ).άττεσθαι;

497 3730 590 3780 καὶ
616 3729 832 3799 πρῶτον
863 3731 981 3801 μὲν,
1008 3734 1226 3798 ἀνάξιον
1256 3732 1432 3797 ἔδοξεν
1458 3730 1596 3788 εἶναι
1631 3735 1727 3807 τὴν
1756 3738 2065 3807 ἀγιωτάτην

495 3820 707 3889 ἐκείνην
729 3822 939 3891 ἑορτὴν,
964 3827 1028 3894 τῇ
1053 3824 1162 3877 τῶν
1195 3824 1464 3877 Ἰουδαίων
1485 3826 1780 3896 ἑπομένους
1811 3829 2066 3899 συνηθείᾳ

498 3910 766 3981 πληροῦν
801 3914 849 3965 οἳ
884 3915 982 3976 τὰς
1010 3916 1219 3969 ἑαυτῶν
1249 3920 1437 3988 χεῖρας
1463 3917 1705 3987 ἀθεμίτῳ
1746 3918 2065 3989 πλημμελή-

500 4022 626 4073 ματι
657 4006 969 4075 χράναντες,
994 4008 1214 4072 είκότως
1231 4010 1330 4073 τάς
1351 4009 1528 4080 ψυχὰς
1552 4011 1602 4063 oi
1626 4011 1809 4082 μιαροὶ
1826 4011 2065 4080 τυφλώτ-

495 4110 698 4147 τουσιν.
741 4096 955 4160 Ἔξεστι
994 4098 1103 4168 γάρ
1131 4099 1224 4151 τοῦ
1273 4100 1494 4153 ἐκείνων
1522 4100 1705 4164 ἔθνους
1733 4101 2064 4173 ἀποϐληθέν-

497 4203 586 4248 τος
630 4196 675 4249 ⁸,
711 4187 1047 4258 ἀληθεστέρα
1083 4189 1250 4255 τάξει,
1287 4193 1354 4262 ἣν
1381 4193 1445 4245 ἐκ
1476 4190 1697 4262 πρώτης
1728 4193 1821 4246 τοῦ
1853 4194 2059 4259 πάθους

499 4278 708 4347 ἡμέρας
737 4278 896 4348 μέχρι
923 4280 1016 4332 τοῦ
1044 4282 1302 4353 παρόντος
1327 4283 1690 4355 ἐφυλάξαμεν,
1719 4286 1811 4338 καὶ
1829 4288 1918 4339 ἐπὶ
1940 4289 2065 4351 τοὺς

502 4368 789 4437 μέλλοντας
814 4369 1013 4433 αἰῶνας
1045 4373 1143 4442 τὴν
1170 4372 1270 4441 τῆς
1294 4375 1668 4444 ἐπιτηρήσεως
1693 4375 1896 4446 ταύτης
1927 4394 2065 4446 συμ-

502 4460 776 4531 πλήρωσιν
806 4462 1132 4529 ἐγγίνεσθαι.
1169 4463 1344 4533 Μηδὲν
1366 4466 1542 4518 τοίνυν
1567 4465 1705 4519 ἔστω
1733 4467 1859 4536 ύμῖν
1888 4469 2065 4521 κοινὸν

503 4550 641 4619 μετά
688 4550 783 4603 τοῦ
818 4550 1067 4622 ἐχθίστου
1098 4552 1206 4605 τῶν
1249 4554 1512 4606 Ἰουδαίων
1542 4554 1721 4623 ὄχλου.
1750 4554 2058 4625 Εἱλήφαμεν
2093 4591 2136 4644 D

499 4643 646 4713 παρᾶ
672 4642 764 4695 τοῦ
782 4643 1030 4714 Σωτῆρος
1042 4643 1230 4713 ἑτέραν
1255 4644 1390 4697 ὁδόν.
1415 4644 1706 4715 Πρόκειται
1726 4644 1834 4715 γάρ
1862 4644 2061 4715 δρόμος

497 4735 562 4802 τῇ
595 4734 860 4803 ἱερωτάτη
891 4732 1044 4803 ἡμῶν
1078 4732 1370 4804 θρησκείᾳ,
1408 4735 1500 4786 καὶ
1530 4734 1758 4804 νόμιμος
1796 4735 1891 4787 καὶ
1927 4735 2063 4806 πρέ-

501 4840 635 4877 πων.
655 4823 856 4877 Τούτου
870 4823 1169 4893 συμφώνως
1186 4825 1729 4895 ἀντιλαμϐανόμενοι,
1743 4826 1842 4895 τῆς
1864 4826 2061 4896 ἔχθρας

500 4915 711 4983 ἐκείνης
742 4916 964 4977 ἑαυτοὺς
998 4917 1351 4985 συνειδήσεως
1385 4917 1812 4985 ἀποσπάσωμεν,
1844 4918 2061 4986 ἀδελφοὶ

498 5024 549 5059 τι
557 5006 688 5075 μιώτ
697 5007 995 5061 ατοι.Ἕστι
1013 5008 1121 5079 γὰρ
1135 5008 1208 5071 ὡς
1222 5008 1432 5078 άληθῶς
1445 5008 1808 5073 ἀτοπώτατον,
1822 5010 2061 5073 ἐκείνους

500 5100 701 5168 αὐχεῖν,
751 5100 826 5160 ὡς
866 5098 973 5168 ἄρα
1022 5100 1295 5169 παρεκτὸς
1334 5098 1434 5168 τῆς
1481 5098 1660 5151 αὐτῶν
1715 5100 2062 5162 διδασκαλίας

498 5189 668 5242 ταῦτα
714 5189 1001 5258 φυλάττειν
1046 5192 1144 5243 οὐκ
1190 5186 1331 5261 ἦμεν
1386 5192 1575 5245 ἱκανοί.
1630 5192 1693 5244 Τί
1736 5193 1793 5246 δὲ
1848 5196 2062 5263 φρονεῖν

500 5284 692 5335 ἐκεῖνοι
734 5283 890 5353 ὀρθὸν
928 5283 1265 5354 δυνήσονται,
1294 5284 1342 5337 οἳ
1390 5285 1526 5355 μετὰ
1552 5285 1651 5356 τὴν
1691 5286 2060 5355 κυριοκτονίαν

500 5375 711 5443 ἐκείνην
737 5375 1024 5437 ἐκστάντες
1067 5375 1173 5427 τῶν
1200 5375 1430 5446 φρενῶν,
1472 5377 1691 5445 ἄγονται
1721 5376 1782 5429 ού
1817 5376 2059 5447 λογισμῷ

499 5482 622 5529 τινι,
650 5465 763 5519 ἀλλ’
800 5468 941 5537 ὁρμῇ
989 5469 1365 5538 άκατασχέτῳ,
1413 5469 1536 5521 ὅποι
1573 5468 1638 5521 ἂν
1669 5468 1865 5531 αὐτοὺς
1962 5467 2061 5537 ἒμ-

2169 2000 2425 2069 quoniam
2452 1998 2567 2053 fieri
2593 2015 2702 2053 non
2727 2009 2940 2069 poterat
2981 2010 3039 2055 ut
3065 2018 3129 2056 ea
3157 2018 3243 2056 res
3268 2003 3423 2057 firme
3469 2020 3531 2058 ac
3556 2004 3732 2058 stahi~

2166 2090 2293 2145 liter
2337 2091 2801 2155 constitueretur,
2848 2092 2955 2145 nisi
3004 2094 3261 2148 omnibus
3303 2094 3597 2165 episcopis,
3645 2098 3729 2151 vel

2165 2191 2316 2236 certe
2339 2183 2593 2252 plurimis
2615 2198 2827 2247 eorum,
2854 2182 2909 2236 in
2934 2199 3102 2237 unum
3128 2186 3490 2256 congregatis,
3518 2188 3731 2257 singula

2165 2290 2285 2344 qua:
2306 2274 2372 2327 ad
2400 2274 2818 2327 sacratissimam
2873 2274 3191 2344 religionem
3236 2277 3531 2344 pertinent,
3557 2277 3733 2332 disce-

2164 2375 2312 2437 ptata
2334 2368 2487 2436 prius
2513 2366 2744 2422 fuissent
2769 2384 2785 2419 :
2810 2366 2952 2420 hanc
2977 2367 3047 2420 ob
3074 2382 3293 2421 causam
3342 2368 3545 2422 coactis
3567 2385 3729 2438 quam

2166 2458 2283 2513 fieri
2311 2459 2489 2528 potuit
2511 2458 2764 2528 plurimis
2790 2458 3166 2513 sacerdotibus
3190 2476 3205 2525 ;
3236 2475 3321 2513 me
3345 2476 3564 2531 quoque
3610 2472 3731 2517 tan-

2165 2565 2327 2619 quam
2356 2565 2463 2603 uno
2486 2565 2552 2602 ex
2576 2549 2733 2603 vobis
2758 2558 3027 2618 prtesentc
3054 2549 3256 2620 (neque
3293 2552 3442 2604 enim
3492 2568 3729 2622 negave—

2167 2640 2271 2692 rim
2297 2638 2348 2692 id
2371 2654 2479 2708 quo
2502 2640 2735 2692 maxime
2756 2639 2990 2703 exsulto,
3016 2655 3341 2693 conservum
3368 2657 3454 2695 me
3487 2651 3728 2695 vestrum

2164 2729 2304 2797 esse)
2331 2739 2523 2784 cuncta
2550 2731 2878 2800 competenti
2905 2733 3155 2785 examine
3179 2747 3244 2785 eo
3291 2748 3462 2802 usque
3487 2733 3731 2788 discussa

2166 2833 2312 2886 sunt,
2337 2824 2511 2877 donec
2535 2823 2828 2892 inspectori
2852 2822 3097 2875 omnium
3126 2823 3235 2876 Deo
3261 2834 3482 2893 accepta
3510 2836 3733 2879 senten-

2169 2914 2263 2975 tia,
2288 2913 2356 2966 ad
2381 2913 2603 2965 unitatis
2644 2920 2972 2965 concentum
3028 2912 3367 2981 proferretur
3417 2914 3470 2967 in
3515 2914 3731 2969 lucem:

2168 3002 2239 3057 ita
2270 3012 2328 3056 ut
2374 3003 2557 3056 nullus
2600 3001 2951 3065 dissensioni,
3001 3002 3184 3055 nullus
3230 3005 3617 3058 controversia:
3660 3006 3728 3059 dc

2167 3095 2270 3148 fide
2297 3096 2448 3148 locus
2470 3095 2702 3164 amplius
2726 3094 3150 3162 relinqueretur.
3201 3094 3298 3149 Ubi
3342 3110 3463 3149 cum
3500 3095 3567 3149 de
3609 3112 3733 3150 san-

2167 3183 2409 3236 ctissimo
2434 3183 2596 3236 etiam
2624 3182 2845 3236 Pascha:
2882 3181 2971 3235 die
2999 3184 3287 3251 quaesitum
3317 3183 3527 3247 fuisset,
3579 3200 3731 3239 com-

2168 3275 2317 3328 muni
2344 3274 2589 3327 omnium
2615 3273 2883 3327 sententia
2909 3273 3189 3327 decretum
3218 3284 3323 3339 est,
3348 3292 3468 3329 eam
3514 3275 3730 3331 festivi—

2169 3373 2333 3418 tatem
2360 3379 2470 3418 uno
2491 3364 2793 3433 eodemque
2817 3363 2904 3417 die
2930 3363 2999 3416 ab
3025 3364 3281 3418 omnibus
3331 3366 3535 3434 ubique
3580 3369 3729 3421 cclc-

2166 3454 2313 3507 brari
2338 3462 2606 3523 oportere.
2633 3452 2774 3518 Quid
2797 3453 2943 3506 enim
2969 3453 3273 3522 pulchrius,
3292 3454 3424 3523 quid
3450 3456 3732 3511 honestius

2165 3543 2325 3596 nobis
2350 3558 2469 3597 esse
2514 3543 2704 3611 possit,
2754 3558 2917 3611 quam
2964 3551 3025 3596 ut
3072 3543 3188 3598 hzec
3216 3544 3508 3610 festivitas,
3535 3561 3600 3600 ex
3624 3563 3731 3616 qua

2167 3648 2318 3702 spem
2344 3632 2770 3685 immortalitatis
2791 3618 3123 3701 accepimus,
3154 3649 3263 3688 uno
3286 3635 3589 3708 eodemque
3633 3653 3728 3691 or-

2167 3722 2293 3776 dine
2315 3736 2371 3775 e.
2393 3729 2540 3775 certa
2569 3722 2774 3774 ratione
2801 3719 2868 3775 ab
2891 3720 3147 3776 omnlbus
3173 3723 3439 3779 inoffense
3463 3728 3728 3781 observe-

2170 3820 2293 3872 tur?
2335 3821 2410 3872 Ac
2452 3818 2686 3889 primum
2712 3819 2930 3888 quidem
2955 3819 3133 3873 visum
3178 3827 3264 3872 est
3313 3818 3565 3871 omnibus
3615 3834 3728 3871 rem

2167 3925 2286 3964 esse
2313 3924 2537 3978 prorsus
2561 3910 2834 3979 indignam
2865 3910 3003 3963 utin
3048 3909 3403 3964 sanctissima:
3454 3909 3613 3977 hujus
3637 3925 3729 3963 so-

2166 4000 2471 4055 lcmnitatis
2496 4001 2864 4055 celebratione
2915 4001 3373 4056 consuetudinem
3417 4001 3729 4057 Judzeoruin

2167 4108 2551 4162 sequeremur:
2583 4093 2675 4162 qui
2699 4108 2824 4150 cum
2853 4108 3045 4147 manus
3085 4109 3212 4148 suas
3256 4093 3468 4147 nefario
3520 4095 3728 4148 scelere

2166 4185 2580 4239 contaminarint
2611 4226 2625 4249 ,
2674 4185 2870 4240 merito
2913 4184 3115 4253 impuri
3177 4185 3427 4239 homines
3490 4185 3729 4239 caecitate

2166 4278 2366 4332 mentis
2388 4278 2660 4332 laborant.
2688 4276 2897 4348 Quippe
2923 4279 3125 4347 rejecta
3171 4277 3389 4331 illorum
3435 4285 3729 4330 consuetu-

2166 4368 2313 4433 dine,
2342 4384 2628 4438 possumus
2652 4369 2873 4425 rcctiori
2896 4369 3113 4431 ordine,
3143 4384 3305 4438 quem
3333 4385 3363 4422 a
3389 4370 3565 4438 primo
3591 4384 3719 4437 pas-

2166 4460 2335 4514 sionis
2358 4461 2445 4514 die
2488 4461 2554 4515 ad
2589 4461 2705 4516 hzec
2752 4476 2925 4531 usque
2976 4471 3221 4531 tempora
3269 4461 3631 4524 servavimus,
3660 4460 3727 4514 ad

2167 4549 2348 4603 futura
2371 4552 2536 4604 etiam
2560 4550 2756 4605 saecula
2784 4551 2949 4622 hujus
2971 4552 3337 4605 observantia:
3384 4551 3549 4604 ritum
3598 4568 3729 4621 pro-

2166 4658 2379 4711 pagare.
2406 4643 2551 4696 Nihil
2577 4657 2707 4713 ergo
2731 4642 2890 4697 nobis
2932 4658 3221 4697 commune
3267 4644 3339 4697 sit
3384 4658 3509 4696 cum
3541 4643 3725 4696 inimi-

2166 4734 2383 4789 cissima
2404 4734 2717 4789 Judzcorum
2744 4735 2925 4789 turba.
2952 4735 3125 4789 Aliam
3143 4735 3289 4789 enim
3312 4736 3456 4789 viam
3483 4750 3511 4788 a
3537 4734 3733 4789 Serva-

2169 4837 2285 4882 tore
2309 4830 2637 4897 accepimus.
2682 4828 3000 4897 Propositus
3044 4835 3127 4882 est
3172 4828 3554 4883 sacratissima:
3598 4829 3730 4881 reli-

2164 4917 2309 4988 gioni
2340 4927 2535 4971 nostrae
2580 4932 2777 4971 cursus
2822 4918 3098 4988 legitimus
3144 4927 3199 4971 et
3242 4918 3526 4971 honestus.
3575 4917 3732 4972 llunc

2165 5010 2407 5063 unanimi
2452 5025 2721 5064 consensu
2770 5011 3100 5073 retinentes,
3154 5009 3222 5063 ab
3272 5010 3363 5063 illa
3408 5009 3744 5078 turpissimae

2163 5102 2423 5155 societate
2449 5110 2506 5155 ct
2552 5101 2889 5155 conscientia
2937 5117 3037 5155 nos
3082 5101 3483 5161 abstrahamus,
3533 5099 3733 5152 fratres

2162 5192 2486 5247 charissimi.
2516 5192 2610 5245 Est
2634 5193 2780 5246 enim
2805 5192 3051 5261 profecto
3075 5192 3558 5254 absurdissimum,
3585 5192 3728 5259 quod

2164 5282 2241 5335 illi
2265 5282 2549 5352 magnifice
2570 5284 2798 5352 jactant,
2827 5299 2926 5338 nos
2951 5284 3156 5351 absque
3182 5282 3424 5350 ipsorum
3472 5280 3732 5347 magiste-

2165 5375 2246 5427 rio
2270 5374 2385 5427 haec
2406 5373 2689 5428 commode
2714 5374 3007 5429 observare
3030 5374 3135 5443 33
3179 5388 3287 5426 non
3331 5386 3509 5441 posse.
3559 5368 3733 5435 Quid-

2165 5480 2290 5518 nam
2316 5479 2446 5518 vero
2469 5465 2545 5518 illi
2569 5474 2714 5519 recte
2739 5465 2945 5519 sentire
2972 5467 3204 5534 possint,
3228 5462 3322 5532 qui
3371 5471 3494 5531 post
3538 5474 3731 5514 necem

1631 5651 1990 5707 VARIORUM
2034 5647 2579 5705 ANNOTATIONES.

576 5785 599 5813 ο
636 5775 744 5829 Τοῦ
791 5777 1033 5849 ἐκείνων
1084 5778 1296 5849 ἔθνους
1338 5778 1813 5849 ρποᾶίηθέντος.
1869 5782 2036 5838 Recte
2072 5780 2249 5843 ἔθους
2301 5796 2359 5836 en

1941 5789 2036 5837 :cte
2072 5780 2249 5843 ἔθους
2301 5779 2613 5836 emendavit
2666 5778 2912 5836 V'alcsius
2962 5778 3029 5833 ad
3104 5778 3401 5836 Eusebium
3467 5779 3533 5833 de
3603 5773 3724 5834 Vita

503 5839 784 5902 Gonstant.
820 5848 915 5904 lib.
950 5864 1026 5915 ιιι,
1062 5863 1181 5919 cap.
1216 5839 1299 5902 18.
1337 5848 1407 5902 ιι).
