4514 6578
801 469 863 523 91
2266 469 2600 526 SOCHATIS
3978 472 4046 527 9?.

801 581 1038 647 Domini,
1065 592 1188 653 post
1213 582 1343 638 illud
1369 583 1751 654 parricidium,
1796 565 1979 636 mente
2023 582 2165 652 capti
2197 623 2212 645 ,
2259 598 2367 636 non
2399 588 2443 642 Λ
2474 601 2584 652 φυτι

2262 598 2367 636 non
2399 588 2443 642 Λ
2474 601 2638 652 φυτος
2669 583 2850 638 αὑτῶν
2875 585 3060 660 ἀγάγῃ
3095 585 3260 656 μανία
3286 601 3299 650 ;
3343 586 3582 640 Ἐκεῖθεν
3603 587 3778 640 τοίνυν
3803 586 3904 640 κάν
3928 585 4045 638 τού-

799 673 1042 736 ratione,
1073 673 1168 728 sed
1194 675 1458 744 praecipiti
1484 671 1689 744 impetu
1717 673 1993 736 feruntur,
2041 687 2369 742 quocunque

799 760 1020 814 innatus
1045 760 1200 814 furor
1225 761 1373 830 ipsos
1402 760 1725 831 impulerit?
1749 759 1888 814 lline
1912 769 1998 815 est
2020 759 2166 829 quod
2213 774 2282 813 ne
2312 760 2369 812 in

797 849 900 903 hac
943 850 1164 920 quidem
1210 861 1366 920 parte
1415 852 1703 905 veritatem
1749 851 1922 920 ipsam
1969 851 2309 921 perspiciunt
2350 866 2363 901 :

795 941 933 994 adeo
959 949 1075 996 uta
1097 943 1446 996 convcnienti
1469 942 1854 997 emendatione
1902 943 2218 1014 longissime
2266 943 2367 997 ab-

794 1041 1062 1097 errantes,
1090 1048 1200 1086 uno
1221 1035 1525 1103 eodemque
1579 1049 1725 1088 anno
1770 1033 1881 1088 duo
1926 1035 2191 1107 Raschata
2217 1036 2362 1089 cele-

798 1119 978 1174 brent.
1025 1120 1166 1188 Quid
1214 1138 1345 1192 ergo
1391 1131 1476 1177 est
1520 1139 1621 1177 cur
1668 1123 1803 1177 istos
1847 1138 2181 1194 sequamur,
2226 1141 2367 1194 quos

796 1221 1012 1267 constat
1031 1213 1352 1284 gravissimo
1393 1215 1601 1268 erroris
1647 1215 1840 1268 morbo
1885 1215 2179 1270 laborare?
2229 1218 2364 1272 Nam

797 1317 909 1357 uno
930 1304 1123 1358 eodem
1151 1320 1296 1358 anno
1321 1306 1596 1375 geminum
1623 1305 1828 1359 Pascha
1855 1304 2060 1370 facere,
2084 1323 2362 1377 nunquam

798 1394 1043 1463 profecto
1084 1397 1497 1451 sustinebimus.
1546 1398 1748 1454 Verum
1810 1401 2024 1458 etiamsi
2072 1417 2193 1470 quae
2250 1402 2362 1455 dixi

799 1487 1023 1542 minimc
1047 1497 1425 1557 suppeterent,
1449 1499 1646 1544 vestrae
1671 1499 1851 1544 tamen
1895 1492 2132 1546 solertia:
2175 1502 2261 1546 est
2309 1493 2361 1547 id

796 1592 992 1632 curare
1016 1579 1275 1633 omnibus
1296 1581 1473 1634 modis
1517 1591 1680 1651 atque
1724 1592 1938 1651 optare,
1985 1599 2053 1638 ne
2102 1585 2366 1641 sanctitas

793 1665 1102 1720 animarum
1149 1678 1480 1734 vestrarum,
1533 1672 1588 1724 in
1633 1671 1798 1726 ullius
1848 1673 1928 1727 rei
1976 1673 2360 1740 similitudine,

792 1771 918 1810 cum
942 1758 1406 1828 nequissimorum
1450 1762 1735 1816 hominum
1780 1764 2031 1819 moribus
2078 1767 2276 1820 sociari
2306 1776 2363 1822 ct

791 1849 1133 1904 commisceri
1157 1851 1426 1906 videatur.
1451 1853 1587 1908 Illud
1609 1865 1870 1924 praeterea
1895 1859 2358 1914 considerandum

2474 692 2557 745 τῳ
2597 676 2674 746 τῷ
2704 676 2858 746 μέρει
2887 677 2984 748 τὴν
3032 677 3287 748 ἀλήθειαν
3313 678 3408 747 οὐχ
3437 677 3656 747 ὁρῶσιν,
3684 677 3759 741 ὡς
3790 677 3875 730 ἀεὶ
3904 675 4045 729 κατα

2475 767 2724 820 πλεῖστον
2748 768 2944 831 αὐτοὺς
2988 767 3371 838 πλανωμένους
3399 769 3533 837 (67),
3568 770 3688 821 ἀντὶ
3733 769 3830 838 τῆς
3874 783 4044 838 προσ-

2472 857 2714 927 ηκούσης
2734 857 3179 928 ἐπανορθώσεως,
3207 860 3264 912 ἐν
3295 859 3372 928 τῷ
3399 858 3546 928 αὐτῷ
3575 857 3682 910 ἐτει
3708 857 3956 926 δεύτερον
3981 854 4044 908 τδ

2475 949 2665 1018 Πάσχα
2703 947 2986 1002 ἐπιτελεῖν.
3023 949 3178 1020 Τίνος
3223 945 3315 1002 οὖν
3342 950 3498 1021 χάριν
3525 949 3732 1011 τούτοις
3777 945 4039 1016 ἑπόμεθα,

2472 1037 2521 1090 οῖ
2555 1037 2735 1109 δεινὴν
2764 1037 2970 1106 πλάνην
3017 1041 3190 1091 νοσεῖν
3225 1037 3600 1108 ὡμολόγηνται
3627 1054 3641 1101 ;
3674 1035 3933 1104 Δεύτερόν
3978 1050 4041 1102 γε

2471 1128 2533 1181 τὸ
2565 1129 2756 1199 Πάσχα
2789 1130 2845 1181 ἐν
2877 1129 2957 1182 ἐνὶ
2983 1127 3211 1197 ἐνιαυτῷ
3247 1128 3344 1179 οὑκ
3372 1127 3438 1180 ἄν
3480 1143 3607 1179 ποτε
3637 1129 3808 1178 ποιεῖν
3838 1123 4039 1189 άνεξὼ-

2475 1219 2635 1289 μεθα.
2680 1219 2820 1272 Ἀλλ’
2851 1221 2900 1271 εί
2935 1220 3030 1271 καὶ
3057 1217 3228 1271 ταῦτα
3277 1217 3350 1288 μὴ
3375 1216 3684 1287 προύκειτο,
3719 1215 3816 1286 τὴν
3849 1213 4040 1284 ὑμετέ-

2475 1327 2572 1380 ραν
2605 1310 2884 1379 ἀγχίνοιαν
2920 1310 3086 1381 ἐχρῆν
3132 1310 3227 1362 καὶ
3263 1309 3350 1361 διὰ
3380 1307 3608 1378 σπουδῆς
3647 1308 3739 1360 καὶ
3769 1307 3835 1359 δι’
3872 1304 4038 1374 εὐχῆς

2470 1403 2614 1473 ἐχειν
2648 1403 2900 1465 πάντοτε,
2928 1405 2986 1456 ἐν
3016 1401 3240 1473 μηδενὸς
3268 1400 3548 1470 ὁμοιότητι
3575 1400 3635 1453 τὸ
3669 1398 3907 1469 καθαρὸν
3939 1399 4039 1467 τῆς

2470 1495 2741 1564 ἡμετέρας
2767 1492 2944 1563 ψυχῆς
2973 1494 3268 1554 κοινωνεῖν,
3303 1491 3336 1561 ἦ
3366 1490 3539 1543 δοκεῖν
3567 1487 3866 1561 ἀνθρώπων
3893 1487 4037 1540 ἔθεσι

2470 1585 2792 1653 παγκάκων.
2824 1584 2966 1654 Πρὸς
2997 1583 3224 1645 τούτοις,
3260 1583 3479 1635 κάκεῖνο
3515 1582 3748 1651 πάρεστι
3783 1581 4036 1651 συνορᾷν,

2467 1676 2541 1738 ὼς
2569 1677 2627 1729 ἐν
2677 1674 2983 1746 τηλικούτῳ
3027 1674 3310 1744 πράγματι
3358 1673 3452 1725 καὶ
3479 1672 3701 1742 τοιαύτῃ
3742 1671 4040 1742 θρησκείας

2468 1769 2628 1839 ἑορτῇ
2681 1765 2792 1833 (68)
2848 1764 3141 1832 διαφωνίαν
3180 1763 3466 1834 ὑπάρχειν,
3515 1764 3662 1816 ἐστὶν
3710 1763 4039 1817 άθεώτατον.

2469 1858 2613 1911 Μίαν
2639 1854 2746 1925 γάρ
2776 1855 2908 1924 ἡμῖν
2930 1853 3026 1922 τὴν
3044 1852 3143 1921 τῆς
3168 1851 3443 1922 ἡμετέρας
3474 1849 3783 1921 ἐλευθερίας
3807 1849 4015 1920 ἡμέραν
4021 1900 4040 1928 ,

790 1947 898 2002 est,
921 1940 1075 1994 nefas
1094 1957 1214 1996 esse
1240 1943 1381 1997 utin
1429 1947 1564 1999 tanti
1599 1951 1861 2003 momenti
1911 1951 2152 2020 negotio,
2197 1961 2256 2007 et
2302 1954 2356 2006 in
2388 1946 2430 2000 Β
2457 1967 2573 2005 τουτ

2302 1954 2356 2006 in
2388 1946 2700 2005 Βτουτέστι
2755 1947 2852 2018 τὴν
2908 1945 3002 2001 τοῦ
3059 1945 3360 2014 άγιωτάτου
3410 1943 3639 2007 πάθους,
3698 1945 3742 1996 ό.
3773 1943 4040 2014 ἡμέτερος

794 2028 1105 2100 hujusmodi
1144 2033 1424 2103 religionis
1447 2035 1792 2093 solemnitate
1816 2040 2088 2095 dissensio
2113 2043 2359 2112 reperia-

793 2129 906 2176 tur.
934 2123 1110 2178 Unum
1135 2127 1285 2180 enim
1313 2127 1586 2185 libertatis
1610 2141 1812 2186 nostra;
1835 2132 2035 2187 festum
2062 2133 2230 2195 diem,
2257 2135 2362 2190 hoc

792 2223 877 2270 est
897 2213 1042 2270 diem
1092 2219 1478 2275 sacratissima:
1538 2222 1830 2292 passionis,
1886 2223 2144 2280 Servator
2177 2236 2364 2282 noster

793 2307 956 2362 nobis
985 2309 1228 2378 reliquit,
1254 2327 1528 2381 unamque
1551 2327 1672 2368 esse
1694 2314 1870 2368 voluit
1909 2315 2229 2371 catholicam
2257 2318 2363 2371 Ee-

797 2401 1020 2455 clesiam
1085 2401 1255 2474 Cujus
1301 2404 1542 2459 membra
1588 2406 1718 2462 licet
1739 2407 1909 2461 variis
1932 2408 2068 2462 locis
2116 2408 2364 2478 dispersa

793 2493 927 2557 sint,
955 2510 1065 2551 uno
1090 2503 1270 2550 tamen
1298 2497 1522 2566 spiritu,
1550 2498 1646 2552 Dei
1695 2499 1906 2554 scilicet
1947 2501 2250 2566 voluntate,
2279 2501 2365 2556 fo-

793 2595 1014 2638 ventur.
1038 2583 1385 2651 Consideret,
1435 2605 1644 2658 quaeso,
1675 2598 1870 2645 vestrm
1925 2593 2236 2648 sanctitatis
2272 2609 2366 2648 so-

793 2675 974 2740 lertia,
1001 2693 1162 2746 quam
1186 2695 1350 2749 grave
1377 2680 1450 2734 sit
1471 2689 1529 2734 et
1556 2681 1900 2743 indecorum.
1927 2685 2123 2740 iisdem
2167 2686 2366 2742 diebus

795 2766 934 2820 alios
956 2767 1178 2836 quidem
1213 2770 1440 2840 jejuniis
1465 2771 1707 2827 intentos
1729 2789 1880 2840 esse,
1910 2776 2048 2831 alios
2080 2792 2212 2832 vero
2238 2794 2367 2832 con-

795 2859 938 2914 vivia
962 2861 1245 2916 celebrare
1272 2881 1283 2915 :
1309 2873 1365 2917 et
1404 2849 1667 2933 postdies
1693 2866 1935 2932 Paschae,
1963 2869 2101 2923 alios
2140 2871 2365 2939 quidem

796 2950 851 3004 in
885 2949 1277 3007 festivitatibus
1297 2963 1355 3008 et
1381 2955 1690 3009 animorum
1741 2958 2071 3015 remissione
2116 2963 2326 3016 versari
2350 3003 2364 3025 ,

795 3043 932 3098 alios
955 3060 1086 3098 vero
1112 3044 1354 3101 definitis
1378 3063 1573 3102 vacare
1590 3048 1835 3118 jejuniis.
1865 3049 1979 3105 lloe
2004 3051 2186 3121 itaque
2232 3069 2368 3108 con-

795 3135 1036 3193 venienti
1061 3137 1441 3192 emendatione
1474 3141 1698 3210 corrigi,
1725 3150 1781 3195 et
1803 3141 1871 3196 ad
1899 3159 2062 3198 unam
2088 3145 2368 3200 eamdem-

2462 2040 2745 2112 παρέδωκε
2789 2038 3002 2107 Σωτὴρ,
3053 2037 3181 2108 μίαν
3226 2029 3365 2088 εἶναι
3399 2034 3500 2106 τὴν
3548 2035 3840 2104 καθολικὴν
3875 2031 4038 2086 αὐτοῦ

2473 2130 2792 2200 Ἐκκλησίαν
2825 2129 3162 2200 βεϐούληται.
3210 2122 3317 2191 ἿΙς
3357 2129 3405 2180 εί
3453 2129 3547 2181 καὶ
3571 2127 3640 2180 τὰ
3689 2127 3921 2196 μάλιστα
3958 2126 4039 2188 είς

2466 2221 2692 2286 πολλούς
2721 2239 2778 2274 τε
2808 2223 2900 2274 καὶ
2940 2221 3228 2289 διαφόρους
3258 2219 3456 2282 τόπους
3479 2218 3547 2271 τὰ
3591 2217 3729 2288 μέρη
3762 2217 4038 2289 διῄρηται,

2464 2315 2576 2367 ἀλλ’
2601 2315 2750 2386 ὅμως
2778 2313 2858 2366 ἐν).
2877 2311 3169 2380 πνεύματι,
3193 2309 3443 2362 τουτέστι
3464 2308 3542 2380 τῷ
3563 2308 3693 2378 θείῳ
3717 2308 4035 2378 βουλήματι,

2465 2405 2745 2458 θάλπεται.
2779 2401 3100 2471 Λογισάσθω
3143 2401 3198 2454 δὲ
3245 2400 3408 2471 ήτῆς
3450 2399 3720 2470 ὑμετέρας
3761 2399 4040 2467 ὁσιότητος

2466 2496 2736 2567 ἀγχίνοια,
2784 2495 2931 2557 ὅπως
2981 2493 3096 2545 ἐστὶ
3128 2491 3296 2545 δεινόν
3341 2509 3400 2545 τε
3441 2492 3536 2544 καὶ
3567 2490 3832 2562 ἀπρεπὲς,
3893 2488 4040 2542 κατὰ

2465 2590 2563 2652 τὰς
2585 2587 2752 2652 αὑτὰς
2785 2587 3018 2660 ἡμέρας,
3066 2587 3284 2657 ἐτέρους
3337 2586 3435 2656 μέν
3463 2587 3584 2648 ταῖς
3617 2585 3889 2654 νηστείαις
3917 2597 4037 2653 σχο-

2467 2683 2672 2747 λάζειν,
2718 2683 2938 2753 ἐτέρους
2974 2681 3031 2734 δέ
3073 2680 3347 2750 συμπόσια
3393 2677 3566 2732 τελεῖν
3591 2695 3604 2707 ·
3647 2677 3740 2730 καὶ
3773 2677 3910 2747 μετὰ
3939 2676 4039 2737 τας

2466 2773 2561 2828 τοὺ
2597 2775 2785 2843 Πάσχα
2819 2773 3050 2843 ἡμέρας,
3088 2771 3280 2834 ἄλλους
3333 2771 3430 2842 μέν
3471 2770 3528 2822 ἐν
3557 2771 3769 2838 ἑορταῖς
3811 2769 3902 2820 καὶ
3943 2767 4036 2819 ἀν·

2469 2867 2647 2920 έσεσιν
2676 2865 3040 2930 ἐξετάζεσθαι,
3091 2864 3281 2927 ἄλλους
3306 2863 3362 2916 δέ
3384 2865 3500 2926 ταῖς
3525 2863 3852 2933 ὡρισμέναις
3885 2860 4048 2913 ἐκδει-

2468 2958 2656 3010 δόσθαι
2687 2956 2980 3026 νηστείαις.
3021 2956 3120 3010 Διὰ
3147 2955 3304 3009 τοῦτο
3347 2955 3474 3023 γοῦν
3519 2954 3620 3024 τῆς
3660 2953 4039 3026 προσηκούσης

2469 3048 2892 3120 ἐπανορθώσεως
2936 3051 3142 3119 τυχεῖν,
3195 3049 3290 3101 καὶ
3343 3047 3478 3118 πρὸς
3529 3047 3658 3118 μίαν
3709 3045 4040 3099 διατύπωσιν

2470 3139 2700 3208 ἄγεσθαι
2735 3139 2915 3202 τοῦτο,
2964 3142 2998 3210 ή
3041 3141 3159 3194 θεία
3197 3140 3424 3211 πρόνοια
3464 3139 3728 3210 βούλεται,
3763 3139 3837 3202 ὡς
3867 3137 4040 3206 ἔγωγε

794 3243 901 3296 que
925 3227 1155 3283 formam
1190 3229 1363 3300 redigi
1388 3230 1576 3286 divina
1597 3233 1716 3288 vult
1761 3235 2128 3304 providentia,
2174 3253 2369 3308 quem-
2397 3273 2438 3331 ο
2474 3232 2577 3285 ἄπα

2258 3253 2369 3292 em-
2397 3273 2438 3331 C
2474 3232 2716 3294 ἅπαντας
2739 3231 2979 3302 ἡγοῦμαι
3004 3233 3253 3303 συνορᾷν.
3289 3231 3452 3284 Ὅθεν
3477 3229 3665 3301 ἐπειδὴ
3686 3229 3842 3283 τοῦτο
3871 3229 4041 3292 οὑτως

793 3319 1087 3374 admodum
1121 3335 1315 3376 omnes
1348 3337 1472 3377 meo
1517 3325 1740 3393 quidem
1778 3327 1991 3396 judicio
2039 3328 2360 3399 intelligitis.

796 3410 1030 3465 Proinde
1046 3427 1169 3465 eum
1187 3412 1291 3468 hoc
1318 3413 1391 3468 ita
1415 3415 1696 3470 emendari
1716 3425 2020 3485 oporteret,
2040 3427 2099 3472 ut
2114 3420 2250 3474 nihil
2267 3438 2367 3475 no-

796 3502 883 3556 bis
894 3517 1181 3558 commune
1193 3514 1472 3563 essetcum
1490 3506 1704 3560 illorum
1719 3508 1934 3562 Domini
1954 3510 2365 3566 interfectorum

795 3600 853 3646 et
874 3591 1269 3661 parricidarum
1313 3595 1754 3649 consuetudine:
1803 3612 2040 3666 cumque
2090 3599 2181 3654 hic
2228 3601 2366 3654 ordo

797 3682 1215 3738 decentissimus
1238 3683 1329 3748 sit,
1375 3700 1537 3754 quem
1564 3701 1756 3740 omnes
1790 3695 1901 3741 tam
1944 3689 2366 3744 occidentalium

796 3790 960 3844 quam
987 3775 1416 3830 meridianarum
1444 3785 1500 3829 et
1525 3777 2038 3846 septentrionalium
2063 3780 2216 3834 orbis
2239 3797 2366 3850 par-

799 3865 935 3920 tium
992 3867 1268 3930 Ecclesiae,
1322 3883 1386 3922 ac
1431 3869 1705 3923 nonnullae
1750 3885 1967 3939 quoque
2020 3871 2368 3925 orientalium

798 3966 1019 4011 servant
1045 3975 1058 4010 :
1084 3957 1290 4012 idcirco
1313 3957 1366 4011 id
1388 3973 1606 4029 aequum
1653 3967 1978 4029 rectumque
2015 3976 2135 4018 esse
2179 3977 2371 4017 omnes

793 4046 1201 4118 iudicaverunt,
1235 4049 1380 4119 quod
1405 4057 1462 4104 et
1499 4050 1658 4106 vobis
1699 4051 2029 4121 placiturum
2079 4070 2199 4110 esse
2243 4071 2370 4126 spo-

800 4137 1002 4208 pondi;
1040 4147 1103 4193 ut
1128 4139 1342 4194 scilicet
1362 4141 1511 4210 quod
1539 4142 1596 4196 in
1624 4143 1760 4198 urbe
1784 4143 1976 4210 Roma,
2001 4162 2209 4216 perque
2251 4163 2374 4201 om-

801 4246 926 4285 nem
953 4231 1184 4297 ltaliam,
1209 4233 1477 4299 Africam,
1513 4234 1844 4307 (Egyptum;
1890 4253 1989 4306 per
2033 4239 2371 4308 Hispaniam,

799 4321 1017 4384 Gallias,
1038 4324 1366 4390 Britannias,
1384 4326 1582 4398 Libyas
1606 4343 1619 4392 ;
1647 4343 1746 4397 per
1771 4329 2078 4384 universam
2093 4331 2372 4398 Achaiam;

800 4429 900 4484 per
919 4413 1174 4469 Asianam
1201 4425 1257 4470 et
1280 4417 1560 4472 Ponticam
1604 4418 1928 4485 dioecesim;
1979 4436 2078 4490 per
2125 4421 2375 4477 Ciliciam

801 4505 1039 4576 denique
1078 4506 1340 4561 concordi
1385 4506 1659 4562 sententia
1703 4508 2054 4574 observatur,
2099 4511 2152 4564 id
2193 4522 2376 4567 vestra

2473 3322 2900 3392 ἐπανορθοῦσθαι
2953 3322 3252 3392 προσῆκεν,
3298 3322 3372 3385 ὡς
3417 3321 3582 3392 μηδὲν
3631 3320 3767 3392 μετὰ
3812 3318 3907 3373 τοῦ
3934 3319 4043 3373 τῶν

2467 3414 2842 3485 πατροκτόνων
2872 3431 2931 3466 τε
2951 3414 3046 3466 καὶ
3079 3415 3438 3484 κυριοκτόνων
3466 3413 3689 3466 ἐκείνων
3713 3412 3898 3476 ἔθνους
3930 3412 4042 3482 (69)

2467 3501 2602 3559 εἶναι
2633 3505 2806 3558 κοινόν
2826 3523 2840 3535 ·
2871 3505 2987 3557 ἐστι
3011 3521 3069 3557 τε
3094 3503 3246 3569 τάξις
3275 3504 3574 3576 εὐπρεπὴς,
3606 3504 3673 3574 ἢν
3695 3503 3900 3557 ἅπασαι
3937 3504 4044 3556 τῶν

2466 3597 2697 3650 δυτικῶν
2751 3613 2826 3666 ἱτε
2883 3598 2976 3650 καὶ
3030 3597 3414 3668 μεσημϐρινῶν
3471 3598 3565 3650 καὶ
3630 3595 3894 3667 ἀρκτῴων
3950 3596 4046 3664 τῆς

2467 3689 2787 3760 οἰκουμένης
2828 3688 3012 3760 μερῶν
3057 3688 3571 3758 παραφυλάττουσιν
3612 3689 3669 3741 αἱ
3709 3687 4044 3756 Ἐκκλησίαι,

2468 3781 2562 3834 καί
2588 3798 2733 3844 τινες
2764 3782 2872 3834 τῶν
2919 3780 3056 3850 μετὰ
3087 3780 3183 3851 τὴν
3226 3780 3365 3850 ἐῴαν
3391 3781 3599 3833 τόπωνο
3631 3774 3706 3833 ῶν
3732 3780 3919 3832 ’ἐνεκεν
3956 3781 4048 3832 ἐπὶ

2472 3871 2564 3924 τοῦ
2593 3873 2860 3942 παρόντος
2894 3871 3074 3934 καλῶς
3120 3871 3263 3941 ἔχειν
3311 3871 3548 3933 ἆπαντες
3591 3872 3901 3940 ἡγήσαντο·
3955 3872 4048 3924 καὶ

2469 3962 2630 4026 αὑτὸς
2677 3963 2733 4016 δὲ
2778 3964 2844 4033 τῇ
2877 3961 3114 4032 ὑμετέρᾳ
3144 3961 3395 4032 ἀγχινοίᾳ
3448 3960 3668 4032 άρέσειν
3700 3961 4010 4031 ὑπεσχόμην
4030 3976 4043 3990 ·

2473 4054 2540 4108 ἵν’
2568 4056 2702 4127 ὅπερ
2729 4053 2795 4106 ἂν
2831 4053 2972 4106 κατὰ
3020 4053 3118 4126 τὴν
3166 4054 3458 4124 Ῥωμαίων
3502 4053 3674 4118 πόλιν,
3721 4053 3945 4108 Ἰταλίαν
3990 4069 4048 4106 τε

2474 4147 2570 4200 καὶ
2603 4145 2888 4217 Ἀφρικὴν,
2914 4145 3132 4200 ἅπασαν
3154 4145 3448 4214 Αἴγυπτον,
3485 4145 3780 4209 Ἱσπανίας,
3798 4145 4049 4208 Γαλλίας,

2477 4235 2827 4307 Βρεττανίας,
2888 4235 3115 4306 Λιϐύην,
3174 4235 3304 4307 ὃλην
3365 4235 3609 4301 Ἐλλάδα,
3684 4236 3936 4305 ’Δσιανήν
3987 4252 4048 4287 τε

2474 4327 2736 4398 διοίκησιν
2763 4327 2857 4381 καὶ
2887 4327 3153 4398 Ποντικὴν
3171 4368 3184 4392 ,
3219 4327 3312 4380 καὶ
3353 4326 3627 4390 Κιλικίαν,
3673 4320 3770 4395 μιᾷ
3794 4321 3889 4378 καὶ
3917 4343 4051 4396 συμ-

2478 4419 2638 4489 φώνῳ
2673 4417 3006 4488 φυλάττηται
3041 4417 3252 4488 γνώμῃ,
3285 4417 3535 4487 ἁσμένως
3559 4415 3716 4469 τοῦτο
3739 4417 3830 4469 καὶ
3864 4417 3898 4486 ἡ
3928 4417 4052 4486 ὑμε-

2476 4512 2612 4583 τέρα
2637 4510 2998 4582 προσδέξηται
3047 4511 3292 4574 σύνεσις’
3329 4509 3652 4580 λογιζομένη
3682 4509 3758 4572 ὼς
3801 4510 3860 4561 οὑ
3894 4511 4051 4580 μόνον

801 4613 1021 4669 quoque
1046 4598 1340 4668 prudentia
1380 4599 1685 4656 libentibus
1727 4601 1926 4656 animis
1967 4603 2369 4672 amplectatur:
2407 4608 2450 4665 Ι)
2477 4603 2576 4655 πλε

2266 4621 2330 4658 ur
2357 4623 2369 4658 :
2407 4608 2450 4665 D
2477 4603 2675 4656 πλείων
2706 4604 2851 4657 ἐστὶν
2876 4606 2904 4657 ό
2932 4603 3040 4656 τῶν
3079 4602 3218 4655 κατὰ
3248 4602 3372 4664 τοὺς
3392 4601 3820 4672 προειρημένους
3855 4601 4049 4664 τόπους

803 4688 938 4743 illud
963 4689 1223 4743 nimirum
1246 4689 1560 4755 attendens,
1607 4707 1717 4746 non
1742 4693 1907 4746 modo
1949 4694 2208 4763 majorem
2253 4711 2374 4751 esse

801 4797 1094 4836 numerum
1118 4783 1487 4838 Ecclesiarum
1533 4784 1588 4837 in
1623 4784 1758 4839 locis
1802 4801 1967 4855 supra
2015 4789 2369 4854 memoratis;

803 4889 995 4928 verum
1019 4875 1184 4929 etiam
1230 4875 1606 4945 a3quissimum
1641 4891 1760 4931 esse
1785 4887 1846 4931 ut
1884 4893 2077 4933 omnes
2119 4879 2174 4933 in
2217 4897 2370 4935 com-

806 4983 972 5022 mune
998 4968 1051 5022 id
1077 4969 1246 5023 velint
1269 4969 1416 5038 quod
1461 4970 1652 5024 stricta
1680 4971 1822 5024 ratio
1845 4972 2066 5041 exigere
2113 4973 2334 5028 videtur
2355 5017 2370 5041 ,

806 5073 908 5112 nec
933 5058 1094 5112 ullam
1117 5074 1242 5112 cum
1266 5058 1580 5114 Judmorum
1609 5058 1718 5130 34
1762 5060 2009 5130 perjurio
2055 5062 2376 5116 societatem

807 5151 1030 5206 habere.
1078 5151 1255 5220 Atque
1302 5160 1361 5205 ut
1404 5153 1716 5206 summatim
1760 5167 1824 5206 ac
1871 5152 2113 5207 breviter
2156 5154 2372 5218 dicam,

805 5243 1011 5314 placuit
1055 5238 1332 5298 communi
1375 5245 1619 5298 onmium
1661 5244 1894 5314 judicio,
1924 5253 1986 5298 ut
2028 5246 2373 5300 sanctissima

2495 4695 2828 4765 Ἐκκλησιῶν
2881 4695 3146 4766 ἀριθμός·
3193 4693 3328 4748 ἀλλὰ
3375 4693 3468 4746 καὶ
3518 4693 3594 4756 ὼς
3630 4692 3784 4746 τοῦτο
3822 4694 4052 4763 μάλιστα

2481 4789 2632 4857 κοινῇ
2665 4787 2870 4848 πάντας,
2908 4785 3200 4840 όσιώτατόν
3226 4787 3341 4837 ἐστι
3376 4782 3680 4854 βούλεσθαι,
3734 4784 3870 4854 ὅπερ
3903 4786 3994 4837 καὶ
4023 4787 4051 4838 ό

2478 4877 2712 4949 ἀκριϐὴς
2733 4878 2983 4930 ἀπαιτεῖν
3013 4876 3159 4928 δοκεῖ
3181 4875 3358 4942 λόγος,
3395 4873 3489 4926 καὶ
3515 4873 3771 4944 οὐδεμίαν
3797 4874 3934 4944 μετὰ
3955 4874 4052 4943 τῆς

2492 4969 2759 5022 Ἰουδαίων
2808 4967 3094 5039 ἐπιορκίας
3127 4967 3272 5036 ἔχειν
3299 4965 3603 5018 κοινωνίαν.
3647 4966 3761 5017 Ἵνα
3797 4965 3853 5017 δὲ
3878 4963 3938 5016 τὸ
3965 4982 4053 5016 κε-

2479 5061 2947 5131 φαλαιωδέστατον
2973 5059 3254 5129 συντόμως
3281 5058 3439 5122 εῖπω,
3469 5059 3620 5126 κοινῇ
3652 5057 3868 5110 πάντων
3889 5058 4051 5126 ἤρεσε

2476 5155 2676 5225 κρίσει,
2726 5155 2826 5225 τὴν
2879 5153 3190 5221 ἁγιωτάτην
3231 5150 3324 5202 τού
3372 5150 3564 5220 Πάσχα
3595 5151 3786 5219 ἐορτὴν
3831 5152 3930 5220 μιᾷ
3962 5153 4053 5202 καὶ

2470 5249 2537 5318 τῇ
2587 5247 2722 5317 αὑτῇ
2759 5246 2942 5318 ἡμέρᾳ⁸
2978 5244 3365 5298 συντελεῖσθαι.
3398 5243 3537 5299 Οὐδὲ
3585 5241 3694 5314 γὰρ
3746 5243 3945 5313 πρέπει
3996 5243 4053 5293 ἐν

2001 5400 2268 5455 VALESII
2307 5399 2857 5457 ANNOTATIONES.

880 5491 990 5562 (67)
1026 5490 1124 5562 10¢
1151 5490 1247 5543 δεῖ
1276 5491 1441 5562 κατὰ
1461 5489 1752 5562 πλεῖστον
1802 5490 2021 5562 αὐτοὺς
2061 5490 2369 5562 πὶιμανωμέ-

807 5560 979 5626 robe.
1015 5561 1072 5615 In
1098 5563 1302 5616 nostris
1346 5560 1628 5615 codicibus
1656 5561 1970 5615 Florentino
1993 5570 2049 5614 et
2092 5560 2371 5614 Sfortiano

809 5631 1011 5699 legitur
1034 5632 1109 5693 ὡς
1161 5632 1265 5685 ἀεί.
1316 5633 1488 5697 Quam
1531 5632 1828 5685 lectionem
1873 5631 2160 5684 confirmat
2206 5631 2373 5684 etiam

811 5701 1200 5772 Thcodoritus.
1223 5702 1377 5772 Apud
1403 5702 1698 5756 Eusebium
1726 5702 1780 5755 in
1806 5702 1948 5755 libro
1975 5702 2140 5772 tertio
2164 5700 2231 5772 de
2256 5702 2379 5754 Vita

2543 5491 2654 5567 (68)
2691 5493 2934 5567 Ίξοιαὺτῃ
2977 5491 3302 5567 θρησκείας
3357 5487 3552 5567 ἑορτῇ.
3591 5488 3652 5567 in
3700 5486 3888 5567 codice
3935 5486 4055 5566 Flo-

2470 5559 2690 5636 rentino
2717 5559 2927 5636 legitur
2938 5560 3542 5636 τοιαύτηςηηοη-Ψαιεκ
3575 5559 3752 5636 Atque
3786 5559 4054 5636 _ita.r.scri-

2481 5641 2637 5702 ptum
2665 5626 2831 5686 habet
2854 5632 3025 5685 codex
3047 5626 3227 5686 Allatii
3263 5631 3317 5683 in
3345 5629 3580 5702 Historia
3617 5626 3955 5702 Tlieodoriti'.

2547 5703 2657 5773 (69)
2685 5704 3094 5773 Κυριοκτόνων
3117 5702 3362 5773 ἐκείνων
3382 5701 3615 5773 ἔθνους.
3647 5699 3927 5773 Postrema
3952 5711 4055 5748 vox

809 5769 1156 5842 constantini
1183 5762 1450 5842 scriptum
1485 5781 1570 5825 est
1603 5789 1614 5824 :
1642 5772 1718 5834 ὡς
1745 5772 1809 5842 δὴ
1851 5773 1992 5825 κατὰ
2024 5771 2085 5822 τὸ
2133 5769 2382 5842 πλεῖστον
2480 5762 2592 5827 dect

2268 5786 2382 5842 nov
2480 5762 2651 5828 deest'
2679 5773 2732 5826 in
2759 5762 2963 5827 nostris
2988 5771 3271 5842 codicibus
3295 5762 3612 5842 Florentino
3657 5775 3715 5823 et
3760 5762 4051 5833 Sfortiano,

813 5841 1008 5904 αὑτοὺς
1068 5839 1450 5912 πλανωμένους
1505 5842 1601 5910 τῆς
1654 5839 2034 5911 προσηκούσης
2066 5839 2379 5912 ἐπανορθώ-

819 5927 972 5977 σεως.
1001 5911 1082 5967 Ad
1107 5911 1268 5984 quem
1295 5913 1470 5968 locum
1500 5912 1622 5969 vide
1651 5912 1694 5967 si
1725 5912 1902 5984 placet
1925 5928 2045 5982 quae
2071 5911 2274 5967 notavi.

2483 5860 2584 5900 nec
2611 5844 2844 5901 habetur
2870 5843 3014 5914 apud
3049 5841 3459 5898 Theodoritum.
