4514 6578
435 468 529 525 ιοι

1443 462 1765 520 HISTORIA
1806 457 2356 519 ECCLESIASTICA.
2398 491 2467 499 —
2505 460 2632 513 LIB.
2676 460 2715 513 Ι.

3586 461 3685 516 102

433 581 647 643 σύνοδος
675 580 893 650 ὥρισεν.
938 579 1093 633 Οὕτω
1118 577 1225 650 γὰρ
1251 576 1457 632 ἄνωθεν
1498 577 1590 630 καὶ
1620 576 1678 641 ἐξ
1703 575 1899 647 ἀρχῆς,
1939 576 2005 628 ἐκ
2035 582 2079 638 Α
2110 572 2216 643 ἰηίιι

1897 622 1899 632 .
1939 576 2005 628 ἐκ
2035 582 2079 638 Α
2110 572 2308 643 inquit,
2338 588 2366 626 a
2402 572 2636 626 concilio
2655 570 2939 625 deﬁnitum
2966 580 3069 635 est,
3090 572 3402 641 imperator.
3428 571 3517 627 Sic
3537 573 3680 627 enim

431 673 539 726 τῶν
579 671 955 726 ἁποστολικῶν
998 672 1207 742 χρόνων
1255 669 1569 740 παρείληφα
1614 668 1828 723 καὶτὸν
1882 670 2006 739 ὅρον

431 765 527 833 τῆς
552 764 789 827 πίστεως
818 763 913 816 καὶ
956 763 1046 816 τὸν
1081 762 1269 832 χρόνον
1307 762 1403 830 τῆς
1435 759 1528 812 τοῦ
1564 760 1757 828 Πάσχα
1789 758 2002 829 ἑορτῆς.

446 856 638 908 Ἐπανε
650 855 874 925 ρομένου
898 850 990 907 οὖν
1018 854 1109 907 τοῦ
1133 852 1414 923 βασιλέως,
1449 852 1548 904 Διὰ
1573 852 1625 903 τί
1657 847 1749 904 οὖν
1768 851 1868 921 τῆς
1897 868 2008 903 κοι-

432 946 626 1008 νωνίας
653 945 858 1015 χωρίζῃ
880 962 895 1009 ;
928 947 1132 1006 ἐκεῖνος
1153 944 1220 996 τὰ
1241 943 1333 995 ἐπὶ
1362 943 1552 994 Δεκίου
1572 942 1835 1011 γενόμενα
1866 940 2008 994 κατὰ

430 1037 521 1089 τὸν
564 1037 802 1106 διωγμὸν
854 1036 1133 1089 ἐδίδασκεσ
1186 1037 1280 1089 καὶ
1313 1035 1411 1106 τὴν
1452 1035 1738 1105 ἀκρίϐειαν
1786 1034 1880 1087 τοῦ
1912 1036 2007 1088 αὺ-

432 1127 630 1198 στηροῦ
661 1129 884 1192 κανόνος
918 1128 1123 1195 ἔλεγεν,
1154 1129 1228 1191 ὡς
1259 1129 1367 1200 ἄρα
1397 1128 1457 1181 οὐ
1484 1128 1591 1199 χρὴ
1620 1128 1746 1190 τοὺς
1785 1128 1918 1197 μετὰ
1947 1128 2008 1180 τὸ

434 1221 713 1289 βάπτισμα
758 1221 1149 1291 ἡμαρτηκότας
1190 1220 1484 1290 ἁμαρτίαν,
1520 1221 1585 1290 ἠν
1617 1220 1750 1289 πρὸς
1779 1218 2007 1272 θάνατον

430 1308 682 1365 καλοῦσιν
695 1311 756 1363 αἱ
774 1311 909 1363 θεῖαι
934 1311 973 1363 Γ
980 1311 1166 1380 ραφαὶ,
1186 1312 1283 1379 τῆς
1306 1312 1589 1374 κοινωνίας
1606 1312 1712 1364 τῶν
1733 1311 1891 1364 θείων
1916 1330 2009 1381 μυ·

432 1401 665 1471 στηρίων
682 1399 984 1463 ἀξιοῦσθαι,
1004 1400 1117 1452 ἀλλ’
1137 1401 1227 1453 ἐπὶ
1247 1400 1534 1470 μετάνοιαν
1554 1400 1650 1470 μέν
1671 1400 1866 1462 αὐτοὺς
1884 1416 2009 1469 προ-

428 1494 649 1561 τρέπειν
670 1508 682 1522 ’
710 1492 971 1546 ἐλπίδαδέ
989 1494 1087 1562 τῆς
1117 1493 1363 1561 ἀφέσεως
1392 1492 1466 1564 μὴ
1492 1493 1640 1563 παρὰ
1663 1492 1770 1545 τῶν
1796 1492 2003 1563 ἱερέων,

430 1586 564 1639 ἀλλὰ
594 1586 743 1656 παρὰ
769 1585 863 1639 τοῦ
898 1584 1032 1638 Θεοῦ
1066 1585 1404 1655 ἐκδέχεσθαι,
1443 1585 1536 1638 τοῦ
1569 1585 1866 1656 δυναμένου
1911 1585 2006 1639 καὶ

430 1676 675 1741 ἐξουσίαν
737 1676 950 1746 ἔχοντος
1004 1678 1305 1747 συγχωρεῖν
1357 1677 1751 1746 ἁμαρτήματα.
1822 1677 2005 1729 Ταῦτα

429 1770 672 1832 εἰπόντος
703 1767 797 1821 τοῦ
851 1768 1130 1833 Ἀκεσίου,
1172 1770 1419 1821 ἐπειπεῖν
1447 1768 1538 1821 τὸν
1585 1768 1837 1837 βασιλέα,
1878 1768 2000 1831 Θές,

430 1852 475 1912 ὧ
512 1857 745 1921 ’Δκέσιε,
791 1859 1057 1930 κλίμακα,
1103 1859 1199 1911 καὶ
1234 1858 1391 1928 μόνος
1412 1857 1642 1926 ἀνάϐηθι
1672 1861 1750 1921 εἰς
1778 1859 1867 1910 τὸν
1916 1860 2003 1911 οὐ·

2113 667 2245 721 olim
2280 666 2349 719 ab
2378 666 2534 719 initio
2571 664 2716 718 etab
2751 664 2885 732 ipsis
2924 666 3292 733 apostolorum
3325 665 3683 734 temporibus,

2115 768 2230 813 tum
2266 759 2389 812 lidei
2417 757 2791 812 deﬁnitionem
2814 798 2828 821 ,
2859 768 2971 811 tum
3002 756 3124 810 festi
3154 757 3431 811 Paschalis
3471 764 3685 826 tempus

2116 849 2375 902 traditum
2419 847 2625 915 accepi.
2673 847 2882 900 llursus
2930 847 3284 915 interroganti
3323 847 3682 915 imperatori:

2113 939 2225 995 Cur
2262 956 2393 1011 ergo
2428 948 2481 993 te
2515 954 2545 992 a
2588 938 2975 991 communione
3019 937 3293 1007 sejungis?
3327 937 3416 990 ille
3463 952 3551 991 res
3584 938 3686 992 sub

2114 1034 2280 1087 Decio
2313 1030 2715 1102 persecutionis
2744 1037 2989 1098 tempore
3015 1037 3193 1098 gestas
3214 1029 3683 1091 commemoravit,

2113 1135 2170 1179 et
2202 1125 2445 1196 vigorem
2477 1137 2679 1177 severae
2703 1123 2850 1176 illius
2877 1122 3075 1191 regulae
3097 1121 3454 1190 protulit.cos
3478 1122 3687 1176 scilicet

2115 1217 2208 1285 qui
2238 1224 2361 1286 post
2397 1215 2728 1284 baptismum
2772 1213 3040 1284 ejusmodi
3080 1213 3287 1266 crimen
3338 1212 3682 1275 admiserint,

2114 1309 2260 1378 quod
2293 1316 2574 1378 peceatum
2611 1307 2677 1360 ad
2726 1316 2955 1360 mortem
2989 1305 3186 1359 divina:
3222 1305 3517 1375 Scriptura).
3554 1321 3685 1375 pro-

2114 1396 2387 1467 nuntiant,
2418 1403 2484 1456 ad
2509 1403 2815 1456 divinorum
2837 1401 3214 1473 mysteriorum
3246 1401 3685 1456 communionem

2113 1493 2326 1546 admitti
2362 1508 2468 1546 non
2516 1501 2789 1562 oportere,
2821 1493 2915 1545 sed
2939 1492 3005 1546 ad
3048 1492 3424 1562 pmnitentiam
3464 1492 3685 1561 quidem

2114 1584 2424 1638 invitandos
2461 1600 2580 1638 esse
2613 1602 2624 1636 :
2662 1584 2998 1638 remissionis
3026 1599 3156 1639 vero
3184 1599 3334 1652 spem
3378 1600 3485 1638 non
3527 1600 3556 1637 a
3596 1599 3683 1640 sa-

2113 1674 2430 1729 cerdotibus
2456 1684 2772 1743 exspectare
2802 1690 2897 1729 eos
2919 1675 3143 1739 debere,
3168 1691 3357 1729 verum
3384 1692 3412 1729 a
3439 1676 3572 1738 Deo,
3590 1676 3684 1744 qui

2113 1766 2262 1819 solus
2294 1767 2385 1835 jus
2416 1775 2849 1835 potestatemque
2885 1766 3049 1820 habet
3082 1766 3392 1821 dimittendi
3441 1748 3683 1837 peccata.

2111 1855 2241 1923 Qua:
2286 1872 2410 1910 cum
2455 1856 2680 1911 dixisset
2736 1857 2983 1921 Acesius,
3021 1858 3301 1928 subjunxit
3348 1859 3683 1928 imperator:

429 1948 616 2022 ῥανόν.
654 1948 871 2003 Τούτων
898 1948 1022 2002 οὔτε
1053 1951 1081 2002 ὁ
1106 1950 1393 2018 Παμφίλου
1441 1948 1714 2009 Εὐσέϐιος,
1757 1947 1876 2000 οὔτε
1910 1948 2003 2001 ἄλο
2035 1944 2076 2000 Β
2106 1948 2212 2002 Pon

1910 1948 2003 2001 ἄλο
2035 1944 2076 2000 Β
2106 1948 2253 2003 Pone
2288 1950 2510 2011 scalam,
2556 1951 2735 2011 Acesi,
2781 1958 2837 2004 ct
2886 1951 2939 2004 in
2991 1952 3190 2005 emlum
3239 1953 3386 2005 solus
3430 1952 3682 2007 ascende.

429 2041 519 2104 λος
560 2057 642 2105 τις
680 2040 1056 2111 ἐμνημόνευσε
1084 2039 1325 2093 πώποτε.
1369 2038 1510 2107 Ἐγὼ
1544 2039 1602 2091 δέ
1631 2038 1782 2109 παρὰ
1814 2037 2005 2108 ἀνδρὸς

430 2132 636 2201 ἥκουσα
665 2130 917 2201 οὐδαμῶς
947 2130 1300 2201 ψευδομένου,
1331 2129 1390 2193 ὃς
1423 2128 1649 2193 παλαιός
1680 2146 1739 2182 τε
1770 2124 1837 2199 ἦν
1876 2129 2006 2197 σφό-

430 2222 551 2295 δρα,
584 2222 678 2277 καὶ
710 2222 785 2286 ὡς
815 2223 1107 2293 ἱστορήσας
1137 2220 1204 2274 τά
1234 2221 1374 2274 κατὰ
1415 2221 1513 2292 τὴν
1539 2221 1755 2274 σύνοδον
1784 2220 1967 2289 ἔλεγεν
1987 2236 2002 2253 ο

428 2314 549 2369 ὅθεν
583 2315 677 2368 καὶ
706 2314 1077 2385 τεκμαίρομαι
1116 2313 1274 2367 τοῦτο
1318 2313 1642 2367 πεπονθέναι
1672 2314 1796 2377 τοὺς
1828 2315 2004 2384 σιωπῇ

429 2406 600 2460 ταῦτα
628 2405 1190 2478 παραπεμψαμένους,
1218 2404 1247 2456 ὃ
1274 2403 1588 2458 πολλοιτῶν
1614 2404 1850 2474 ἱστορίας
1879 2421 2007 2473 συγ-

430 2500 800 2571 γραψαμένων
827 2498 1176 2553 πεπόνθασιν.
1223 2500 1448 2552 Ἐκεῖνοι
1477 2498 1586 2569 γάρ
1616 2497 1786 2551 πολλὰ.
1824 2515 2005 2568 παρα-

428 2591 726 2657 λείπουσιν,
776 2592 811 2662 ἧ
873 2592 1324 2662 προσπάσχοντές
1374 2608 1533 2653 τισιν,
1594 2590 1626 2659 ἢ
1698 2589 2007 2660 προσώποις

430 2683 798 2755 χαριζόμενοι.
829 2684 910 2737 Τὰ
942 2684 1040 2756 μὲν
1062 2680 1153 2738 οὗν
1198 2684 1440 2737 Ἀκεσίου
1469 2682 1721 2735 τοσαῦτα.

1036 2955 1283 3006 ΚΕΦΑΛ.
1316 2954 1416 3008 lA'.

678 3047 814 3113 Περὶ
855 3045 1234 3114 Παφνουτίου
1267 3033 1372 3098 τοῦ
1403 3043 1760 3097 ἐπισκόπου.

516 3138 664 3191 Ἐπεὶ
701 3138 755 3189 δέ
793 3137 1128 3206 Παφνουΐίου
1171 3136 1263 3189 καὶ
1304 3136 1649 3207 Σπυρίδωνος
1682 3134 2010 3205 ποιήσασθαι

436 3234 654 3302 μνήμην
688 3231 943 3299 ἀνωτέρω
982 3228 1449 3300 ἐπηγγειλάμεθα,
1494 3228 1747 3298 εὔκαιρον
1777 3228 2009 3281 ἐνταῦθα

433 3320 558 3391 περὶ
587 3319 763 3373 αὐτῶν
796 3322 987 3373 εἰπεῖν.
1020 3318 1353 3387 Παφνούτιος
1376 3318 1483 3388 γὰρ
1513 3320 1640 3389 μιᾶς
1666 3318 1872 3380 πόλεως
1900 3319 2007 3371 τῶν

432 3412 541 3464 ἄνω
567 3410 759 3480 Θηϐῶν
785 3412 1079 3474 ἐπίσκοπος
1098 3406 1165 3481 ἦν
1186 3428 1199 3440 ·
1224 3409 1365 3463 οὕτω
1389 3410 1444 3462 δέ
1470 3406 1537 3480 ἦν
1564 3410 1703 3480 ἀνὴρ
1730 3409 2004 3479 θεοφιλὴς,

430 3501 505 3566 ὡς
538 3503 629 3555 καὶ
658 3505 855 3572 σημεῖα
905 3500 1194 3572 θαυμαστὰ
1223 3500 1466 3569 γίνεσθαι
1497 3500 1587 3553 ὑπ’
1619 3499 1805 3554 αὐτοῦ.
1841 3493 2011 3563 Οὗτος

432 3596 489 3646 ἐν
516 3594 693 3665 καιρῷ
729 3595 821 3647 τοῦ
862 3593 1125 3666 διωγμοῦ,
1155 3594 1245 3647 τὸν
1271 3594 1545 3664 ὀφθαλμὸν
1575 3594 1829 3665 ἐξεκόπη.
1872 3594 2009 3663 Σφό-

431 3686 529 3755 δρα
556 3685 613 3739 δέ
659 3689 687 3739 ό
714 3685 965 3755 βασιλεὺς
992 3686 1155 3756 ἐτίμα
1185 3685 1274 3738 τὸν
1302 3685 1487 3756 ἄνδρα,
1522 3686 1615 3739 καὶ
1650 3684 1888 3755 συνεχῶς
1917 3685 2010 3737 ἐπί

430 3779 498 3830 τὰ
544 3778 788 3848 βασίλεια
838 3777 1256 3848 μετεπέμπετο,
1309 3777 1404 3829 καὶ
1434 3776 1523 3829 τὸν
1566 3776 2012 3848 ἐξορωρυγμένον

427 3869 711 3940 ὀφθαλμὸν
761 3870 1063 3939 κατεφίλει.
1114 3870 1362 3940 Τοσαύτη
1414 3868 1625 3939 προσῆν
1676 3868 1753 3938 τῷ
1811 3868 2019 3938 βασιλεῖ

433 3963 829 4035 Κωνσταντίνῳ
851 3962 1127 4017 εὐλάϐεια.
1164 3962 1259 4015 ’Ἑν
1290 3962 1389 4032 μέν
1415 3957 1506 4014 οὖν
1534 3959 1690 4013 τοῦτο
1716 3960 1844 4030 περὶ
1867 3962 2017 4027 Παφ-

428 4041 642 4108 νουτίου
696 4054 956 4126 είρήσθω.
1007 4055 1072 4107 Ὅ
1114 4054 1172 4107 δὲ
1207 4052 1342 4120 πρὸς
1368 4051 1701 4105 λυσιτέλειαν
1733 4050 1832 4119 τῆς
1890 4052 2014 4104 Ἐκ·-

431 4148 657 4218 κλησίας
695 4149 788 4201 καὶ
818 4147 1021 4218 κόσμον
1046 4147 1153 4199 τῶν
1198 4145 1507 4216 ἱερωμένων
1559 4144 1648 4198 διὰ
1692 4144 1791 4214 τὴν
1845 4144 2011 4198 αὐτοῦ

436 4238 748 4310 συμϐουλὴν
792 4239 1004 4306 γέγονε,
1058 4236 1218 4291 τοῦτο
1262 4237 1610 4306 διηγήσομαι.
1660 4235 1863 4288 Ἐδόκει
1897 4237 2009 4299 τοῖς

431 4333 751 4394 ἐπισκόποις
771 4332 934 4403 νόμον
962 4331 1152 4403 νεαρὸν
1180 4332 1260 4393 είς
1292 4330 1389 4399 τὴν
1426 4328 1748 4398 Ἐκκλησίαν
1774 4336 1798 4375 8
1829 4328 2010 4396 εἰσφέ-

435 4442 567 4496 ρειν,
598 4425 737 4479 ὥστε
765 4426 890 4488 τοὺς
920 4423 1271 4494 ίερωμένους,
1304 4421 1448 4489 λέγω
1471 4420 1528 4474 δὲ
1558 4419 1889 4483 ἐπισκόπους
1914 4420 2007 4473 καὶ

432 4515 834 4588 πρεσϐυτέρους
877 4518 972 4568 καὶ
1016 4514 1294 4575 διακόνους
1331 4511 1471 4582 (80),
1507 4510 1581 4582 μὴ
1604 4510 2006 4578 συγκαθεύδειν

2108 2039 2232 2094 llaec
2260 2057 2436 2111 neque
2458 2042 2726 2098 Eusebius
2742 2044 3031 2113 Pamphili,
3053 2061 3228 2114 neque
3251 2046 3390 2101 alius
3415 2047 3684 2116 quispiam

2108 2134 2306 2187 litteris
2360 2134 2622 2203 prodidit.
2677 2136 2787 2205 Ego
2830 2152 2961 2190 vero
3008 2152 3071 2191 ea
3123 2137 3308 2206 accepi
3354 2137 3422 2190 ab
3464 2137 3686 2192 homine

2108 2224 2529 2294 haudquaquam
2584 2242 2758 2293 vano;
2812 2228 2906 2297 qui
2962 2228 3182 2297 quidem
3220 2229 3513 2283 admodum
3554 2246 3685 2299 pro-

2109 2324 2261 2369 vecta
2287 2325 2403 2370 erat
2434 2325 2613 2380 :etate,
2645 2327 2700 2371 et
2725 2335 2787 2372 ea
2817 2320 3076 2374 narrabat
3104 2336 3225 2389 qua:
3259 2321 3374 2390 ipse
3408 2321 3461 2374 in
3495 2322 3683 2375 conci-

2108 2407 2182 2459 lio
2207 2408 2320 2476 geri
2354 2408 2584 2462 viderat.
2622 2410 2697 2463 Ex
2724 2427 2834 2480 quo
2854 2412 3020 2466 etiam
3060 2414 3295 2483 conjicio
3316 2456 3329 2477 ,
3363 2414 3427 2467 iis
3454 2416 3545 2483 qui
3583 2416 3684 2468 ista

2109 2499 2327 2553 silentio
2360 2502 2844 2569 prmtermiseruut,
2875 2504 3018 2558 idem
3049 2506 3342 2575 contigisse
3370 2507 3514 2575 quod
3542 2509 3685 2561 mul-

2110 2586 2180 2637 tis
2208 2587 2331 2639 aliis
2360 2588 2604 2643 historia:
2640 2592 3018 2660 scriptoribus.
3063 2592 3125 2646 lli
3156 2595 3303 2647 enim
3342 2596 3513 2649 multa
3544 2612 3683 2666 pra:-

2112 2678 2275 2731 terire
2308 2679 2514 2743 solent,
2539 2683 2622 2734 vel
2660 2692 2949 2752 propterea
2980 2684 3125 2754 quod
3158 2687 3295 2740 male
3334 2687 3515 2741 allecti
3558 2700 3687 2744 sunt

2111 2783 2236 2838 erga
2274 2771 2538 2838 quosdam
2560 2813 2573 2833 ,
2610 2774 2694 2826 vel
2735 2782 2795 2826 ut
2827 2776 2997 2829 certis
3032 2776 3347 2831 hominibus
3374 2778 3687 2847 gratiﬁcen-

2115 2870 2221 2914 tur.
2257 2861 2361 2917 Sed
2390 2863 2456 2918 de
2480 2864 2675 2919 Acesio
2698 2865 2979 2919 hactenus.

2761 2956 2907 3011 CAP.
2938 2958 3027 3011 XI.

2549 3047 2626 3101 De
2665 3048 2967 3118 Paplnmtio
2992 3054 3246 3123 episcopo.

2185 3136 2289 3192 Sed
2333 3139 2588 3208 quoniam
2618 3140 2873 3209 superius
2901 3143 3127 3211 polliciti
3162 3160 3371 3209 sumus,
3412 3161 3512 3200 nos
3540 3163 3691 3202 men-

2116 3229 2317 3284 tionem
2346 3232 2658 3301 Paphnutii,
2692 3233 3120 3305 Spyridonisque
3152 3253 3270 3292 esse
3307 3238 3565 3302 facturos,
3592 3256 3689 3310 op-

2112 3330 2407 3391 portunum
2451 3324 2540 3379 hic
2580 3324 2746 3378 fuerit
2773 3327 2839 3379 de
2881 3327 2986 3381 illis
3013 3344 3182 3397 pauca
3206 3330 3407 3384 dicere.
3438 3331 3691 3400 Paphnu-

2110 3414 2220 3467 tius
2246 3414 2411 3483 igitur
2432 3416 2712 3486 cujusdam
2734 3418 2888 3473 urbis
2911 3419 2963 3471 in
2988 3421 3259 3489 superiori
3285 3421 3564 3476 Thebaide
3590 3422 3691 3476 fuit

2108 3507 2433 3577 episc0pus:
2475 3509 2561 3562 \‘il‘
2589 3509 2728 3562 adeo
2758 3511 2882 3578 pius
2913 3510 3133 3579 Deoque
3171 3511 3391 3575 eharus,
3434 3520 3492 3565 ut
3519 3512 3694 3566 admi-

2112 3596 2280 3651 randa
2322 3598 2391 3651 ab
2434 3613 2500 3651 eo
2544 3598 2696 3668 signa
2735 3600 3048 3653 ederentur.
3111 3600 3249 3654 Huic
3289 3604 3690 3670 persecutionis

2111 3692 2357 3757 tempore
2391 3689 2582 3743 oculus
2609 3689 2787 3744 fuerat
2813 3690 3062 3745 eﬂ'ossus.
3089 3691 3391 3761 Imperator
3421 3710 3551 3749 vero
3587 3696 3691 3749 ho-

2112 3782 2314 3836 minem
2343 3796 2670 3850 magnopere
2706 3781 3053 3848 observabat,
3073 3783 3468 3854 etfrequenter
3500 3788 3555 3842 in
3592 3805 3689 3859 pa-

2110 3872 2298 3925 latium
2327 3872 2662 3936 accersebat,
2680 3872 3050 3943 eil'ossumque
3071 3876 3190 3946 ejus
3212 3878 3431 3933 oculum
3454 3879 3687 3936 deoscu-

2110 3964 2344 4019 labatur.
2373 3963 2545 4018 Tanla
2572 3964 2627 4017 in
2657 3966 2904 4035 principe
2928 3966 3289 4024 Constantino
3321 3971 3497 4027 inerat
3519 3974 3694 4044 pietas

2114 4071 2177 4109 ac
2204 4056 2527 4109 reverentia.
2552 4055 2728 4125 Atque
2752 4058 2855 4113 hoc
2876 4059 2942 4114 de
2960 4060 3268 4129 Paphnutio
3294 4078 3323 4116 a
3340 4063 3500 4118 nobis
3516 4066 3693 4134 primo

2119 4147 2237 4200 loco
2266 4146 2473 4201 dictum
2513 4149 2604 4202 sit.
2636 4148 2773 4203 Illud
2807 4166 2941 4205 vero
2979 4152 3124 4221 quod
3164 4153 3232 4207 ad
3270 4155 3559 4210 utilitatem
3586 4158 3692 4213 Ec-

2116 4236 2316 4299 clesiaz,
2348 4244 2403 4291 ct
2431 4237 2499 4292 ad
2530 4238 2875 4294 honestatem
2912 4240 3239 4296 clericorum
3260 4284 3273 4307 ,
3316 4245 3434 4314 ejus
3463 4248 3694 4301 consilio

2115 4338 2327 4399 gestum
2360 4338 2463 4393 est,
2500 4330 2763 4401 deinceps
2793 4347 3081 4402 exponam.
3119 4335 3307 4389 Visum
3335 4345 3453 4391 erat
3480 4338 3695 4407 episco-

2116 4420 2200 4489 pis
2236 4436 2432 4474 novam
2473 4421 2646 4491 legem
2699 4421 2756 4474 in
2809 4422 3108 4477 Ecclesiam
3152 4424 3447 4489 inducere,
3487 4428 3595 4497 39
3636 4438 3695 4483 ut

2115 4513 2430 4582 quicunque
2462 4512 2516 4567 in
2543 4529 2762 4568 sacrum
2788 4514 3037 4571 ordinem
3079 4516 3260 4571 allecti
3284 4529 3499 4584 essent,
3536 4520 3588 4575 id
3613 4531 3696 4576 est

1629 4644 1899 4699 VALESII
1941 4644 2486 4702 ANNOTATIONES.

507 4762 614 4835 (80)
653 4763 1055 4852 ξΕπιίζκόποῐεζς
1085 4756 1647 4852 καὶνπρεσξιζεέρους
1666 4757 1789 4852 ἱκαὶ
1815 4756 2013 4852 arund-
2046 4764 2088 4817 Ι)
2118 4768 2290 4852 specta

2046 4764 2088 4817 D
2118 4760 2873 4852 speeta_mihiyidetur:-l‘iam
2897 4780 2996 4852 nec
3016 4764 3271 4852 Rufinus,
3294 4783 3360 4850 es
3384 4785 3491 4839 quo
3509 4771 3693 4852 priora

433 4827 607 4901 γοὺς(
653 4834 709 4886 lu
740 4832 929 4886 codice
974 4831 1293 4901 Florentino
1333 4829 1554 4901 additur
1594 4827 1687 4879 καὶ
1722 4827 2015 4901 ’ὑποδιακό-

434 4896 574 4965 νουςξ
606 4903 783 4971 Atque
830 4903 903 4955 ita
928 4916 1147 4970 quoque
1189 4900 1354 4954 habet
1400 4899 1737 4971 szomenus
1770 4896 1825 4971 in
1870 4896 2012 4971 libro

434 4977 612 5045 primo
660 4967 779 5045 cap.
818 4973 908 5035 25,
949 4967 1227 5045 ἰώῖιηιηε
1261 4969 1547 5045 historiam
1569 4967 1741 5045 rel'ert
1788 4967 1857 5021 de
1893 4967 2010 5045 _Pa_-

473 5045 686 5099 hnutio.
717 5036 797 5096 Ex
842 5058 947 5112 quo
976 5044 1147 5096 etiam
1176 5049 1404 5110 apparet
1426 5039 1479 5092 id
1511 5038 1659 5112 quod
1683 5053 1848 5112 supra
1875 5036 2009 5112 disi,

473 5063 686 5099 nnuuo.
717 5063 797 5096 nx
842 5063 947 5112 quo
986 5063 1147 5096 etlam
1176 5063 1404 5110 apparet
1426 5063 1479 5092 lu
1511 5063 1659 5107 quuu
1683 5063 1848 5108 supra
1875 5063 2009 5099 ωλι,

434 5063 800 5171 gozomenum
832 5129 928 5167 sua
962 5120 1269 5166 mutuatum
1293 5126 1414 5164 esse
1442 5124 1469 5162 a
1506 5108 1747 5163 Socrate.
1791 5108 1840 5162 ls
1865 5108 2012 5163 enim

434 5186 528 5254 qui
576 5184 763 5255 adjicit
810 5184 1038 5255 alterius
1070 5181 1395 5255 narrationi,
1426 5180 1560 5255 satis
1586 5179 1793 5233 indicat
1818 5195 1876 5255 se
1910 5194 2009 5255 po-

438 5250 718 5309 steriorem
747 5254 1047 5323 scripsisse.
1095 5253 1365 5307 Czeterum
1395 5258 1505 5323 tota
1531 5251 1645 5303 llch
1670 5250 1917 5304 narratio
1942 5250 2011 5303 de

436 5325 741 5395 Paphnutio
790 5322 959 5380 et’de
984 5323 1236 5378 caalibatu
1275 5322 1623 5385 clericorum,
1647 5335 1876 5389 prorsus
1924 5336 2019 5373 su-

2117 4828 2184 4909 d'e
2216 4829 2522 4909 Paph‘nutio
2555 4833 2739 4909 hausit
2764 4834 3037 4909 socratcs,
3064 4836 3229 4909 ullam
3255 4828 3421 4909 hujus
3445 4828 3531 4895 rei
3547 4859 3694 4898 meu-

2120 4901 2325 4981 tionent
2353 4901 2484 4955 facit
2520 4921 2532 4954 :
2570 4918 2669 4981 nec
2707 4904 3048 4981 Paphnutius
3075 4908 3221 4961 ullus
3243 4901 3580 4981 memoratur
3612 4914 3696 4967 in-

2119 4976 2200 5023 ter
2216 4972 2504 5043 episcopos
2549 4972 2763 5043 [Egypti
2784 4972 2882 5043 qui
2914 4975 3135 5031 Nicazno
3159 4980 3398 5035 concilio
3430 4980 3697 5039 interfue-

2117 5049 2263 5093 runt.
2295 5042 2862 5116 Deicaelibatu’autein
2906 5046 3313 5116 episcoporum,
3343 5052 3697 5116 presbytero-

2119 5125 2239 5164 rum
2264 5127 2331 5187 ac
2356 5114 2712 5187 diaconorum
2736 5155 2750 5177 ,
2798 5113 2978 5187 exstat
3022 5113 3308 5172 decretum
3340 5113 3529 5176 Siricii‘
3569 5126 3696 5187 PP.,

2117 5194 2236 5257 cap.
2264 5182 2324 5244 7;
2376 5184 2505 5257 item
2555 5185 2862 5239 Innocentii
2892 5186 3018 5251 PP.,
3053 5202 3172 5257 cap.
3207 5190 3301 5257 16;
3340 5190 3471 5246 item
3500 5182 3698 5250 Leonis

2121 5250 2248 5317 PP.,
2284 5268 2402 5323 cap.
2442 5254 2527 5309 17.

1893 5433 2274 5491 VARlORUM.

438 5536 757 5605 memorata)
783 5536 964 5605 potius
1009 5548 1171 5603 quam
1226 5534 1283 5587 in
1321 5532 1626 5605 eanonibus
1656 5530 2011 5605 promulgan-

439 5609 568 5661 dum
611 5600 750 5661 erat.
784 5600 953 5674 '(Guil.
986 5600 1315 5673 Beveregius
1358 5606 1572 5674 Annot.
1602 5603 1656 5654 in
1703 5618 1822 5674 can_.
1851 5602 1875 5653 1
1905 5600 2015 5654 An-

440 5680 616 5740 tioch.,
647 5694 702 5746 p.
734 5671 878 5745 188.)
901 5676 1087 5730 Canon
1122 5671 1305 5746 autem
1333 5673 1700 5746 apostolicus,
1742 5671 1808 5724 ad
1832 5687 2014 5746 _quem

441 5743 662 5816 respicit
690 5743 938 5809 Acesius,
977 5754 1061 5799 est
1093 5743 1197 5816 YIIA
1224 5762 1234 5796 :
1259 5744 1340 5816 ΔΕί
1361 5762 1444 5816 τις
1464 5744 1782 5816 ἐπίσκοπος,
1825 5743 1857 5812 ἢ
1893 5758 2019 5816 πρε-

442 5810 595 5869 σϐύτε
608 5834 718 5883 ρος,
741 5817 773 5885 ἢ
794 5816 1037 5877 διάκονος
1057 5814 1155 5883 τὴν
1176 5814 1334 5885 ἁγίαν
1356 5814 1449 5866 τοῦ
1470 5813 1661 5885 Πάσχα
1677 5810 1895 5885 ἡμέραν
1910 5810 2017 5881 πρὸ

440 5888 538 5961 τῆς
582 5882 801 5960 ἐαρινῆς
853 5882 1140 5958 ἰσημερίας
1189 5884 1330 5954 μετὰ
1376 5883 1644 5938 Ἰουδαίων
1683 5882 2008 5950 ἐπιτελέσει,

2113 5528 2503 5586 καθαιρείσθω.

2189 5602 2213 5679 8_
2245 5602 2450 5679 Νόμοιν
2472 5603 2679 5679 νεαρὸν
2697 5607 2796 5679 μεὶς
2817 5605 2929 5672 τὴν
2968 5608 3338 5673 Ἐκκλησίαν
3374 5612 3695 5679 εἰσφέρειν.

2114 5670 2288 5751 Ye‘t‘us
2330 5672 2530 5751 quippe
2562 5674 2664 5751 lca
2694 5675 2811 5751 haec
2844 5670 3000 5751 erat;
3033 5680 3130 5751 τὴν
3162 5670 3353 5751 βοηθὸν
3390 5670 3564 5751 ιερὲὺξ
3606 5686 3699 5736 ὲκ-

2118 5740 2347 5822 ϐάλλων,
2380 5740 2798 5822 agamagam,-
2832 5748 2904 5815 μὴ
2940 5740 3174 5812 εἰσάγων
3204 5740 3281 5813 δέ,
3311 5740 3695 5822 καοᾴιρεξσθω,

2076 5823 2080 5827 ·
2116 5810 2306 5880 Apost.
2340 5828 2517 5892 ca_no_n
2563 5810 2844 5892 Vl_.-_l-_dem'
2892 5810 2949 5892 et
2998 5810 3164 5873 scite
3194 5810 3384 5892 synodi
3415 5810 3488 5876 in'
3510 5810 3699 5881 Trullo

2120 5896 2359 5938 canones
2393 5883 2509 5949 Xll,
2538 5893 2591 5939 et
2624 5884 2741 5940 Xlll
2774 5888 3135 5942 constituunt.
