4514 6578
910 429 1012 485 I05

2370 434 2705 492 SOCRATIS

4058 442 4156 496 ιοι

905 546 1172 619 episcopi,
1193 545 1492 618 presbyteri
1515 555 1571 602 et
1591 547 1833 613 diaconi,
1852 547 1923 603 ab
1944 561 2174 603 uxorum
2197 565 2333 620 quas
2356 567 2481 606 cum
2513 562 2554 615 Α
2583 556 2688 616 ταῖς

2372 567 2481 606 :um
2513 562 2554 615 Α
2583 556 2702 616 ταῖς
2736 556 3022 623 γαμεταῖς,
3050 553 3117 619 ἃς
3151 553 3231 608 ἔτι
3261 553 3440 607 λαῑκοὶ
3471 554 3621 620 ὄντες
3663 557 3930 626 ἠγάγοντο
3953 561 4002 611 ιι.
4045 561 4155 614 Κ›ὶ

907 639 1031 695 laici
1061 645 1263 699 essent,
1294 637 1766 710 matrimoniijure
1795 640 1901 694 sibi
1941 641 2316 707 sociaverant,
2346 659 2481 697 con-

907 729 1097 782 cubitu
1123 727 1481 782 abstinerent.
1506 728 1752 798 Cumque
1781 731 1883 785 hac
1905 747 1964 786 re
1995 730 2048 785 in
2081 733 2321 787 medium
2348 750 2481 804 pro-

908 823 1113 891 posita,
1161 821 1501 890 singulorum
1550 824 1834 878 sententia:
1873 834 2217 896 rogarentur,
2251 842 2483 897 surgens

909 913 962 966 in
1000 913 1180 966 medio
1207 914 1588 983 episcoporum
1616 930 1873 970 consessu
1913 918 2255 986 Paphnutius
2273 959 2289 984 ,
2312 920 2481 973 vehe-

907 1019 1120 1064 menter
1144 1011 1475 1065 vociferatus
1497 1019 1604 1074 est,
1627 1028 1735 1066 non
1761 1027 1882 1066 esse
1905 1013 2295 1082 imponendum
2322 1015 2483 1071 cleri-

904 1104 987 1156 cis
1025 1111 1082 1156 et
1119 1102 1498 1156 sacerdotibus
1527 1119 1691 1173 grave
1736 1105 1840 1158 hoc
1870 1105 2098 1175 jugum:
2131 1105 2482 1160 honorabiles

905 1195 1126 1264 nuptias
1147 1202 1204 1249 ct
1224 1202 1402 1248 torum
1431 1195 1836 1249 immaculatum
1865 1198 1908 1228 "
1934 1212 2054 1251 esse
2076 1197 2285 1262 dicens,
2309 1214 2378 1252 ne
2414 1214 2480 1252 ex

904 1286 1072 1340 nimia
1101 1285 1392 1340 severitate
1414 1286 1672 1340 damnum
1699 1288 1882 1356 potius
1902 1288 2167 1342 inferrent
2189 1289 2476 1346 Ecclesiae:

904 1394 1082 1448 neque
1105 1378 1253 1432 enim
1277 1393 1470 1434 omnes
1497 1379 1642 1434 ferre
1672 1395 1833 1450 posse
1867 1389 1976 1435 tam
2002 1381 2267 1436 districta:
2299 1382 2477 1436 conti-

903 1471 1101 1524 nentizz
1125 1469 1488 1540 disciplinam,
1521 1486 1587 1525 ac
1609 1470 1836 1525 forsitan
1856 1472 1982 1526 inde
2005 1480 2331 1527 eventurum
2357 1488 2479 1527 esse

905 1569 965 1613 ut
1008 1561 1273 1630 cujusque
1316 1562 1504 1616 uxoris
1544 1562 1766 1616 castitas
1819 1563 2043 1616 minime
2087 1563 2474 1618 custodiretur.

900 1649 1221 1703 Castitatem
1263 1656 1446 1703 autem
1497 1649 1731 1703 vocabat
1785 1665 2142 1718 congressum
2194 1650 2298 1703 viri
2353 1666 2477 1704 cum

904 1755 1073 1793 uxore
1104 1739 1360 1808 legitima.
1388 1737 1534 1792 Satis
1556 1754 1700 1803 esse,
1723 1747 1785 1792 ut
1806 1741 1898 1808 qui
1932 1741 1987 1793 in
2010 1741 2217 1794 clerum
2249 1741 2481 1796 fuissent

900 1829 1159 1898 ascripti,
1194 1829 1348 1897 juxta
1383 1835 1629 1883 veterem
1665 1828 1924 1884 Ecclesia:
1949 1831 2330 1895 traditionem,
2361 1832 2474 1902 jam

2583 648 2706 700 ἐπεὶ
2736 649 2864 717 περὶ
2900 647 3092 702 τούτου
3135 648 3482 719 βουλεύεσθαι
3517 651 3837 722 προύκειτο,
3868 652 4156 715 διαναστάς

2582 740 2641 790 ἐν
2665 736 2814 808 μέσῳ
2832 737 2927 791 τοῦ
2951 738 3209 807 συλλόγου
3230 740 3338 794 τῶν
3367 741 3678 794 ἐπισκόπων
3698 745 3726 796 ὁ
3755 743 4088 812 Παςνούτιος
4108 757 4149 805 ι,

2579 827 2710 882 ἐϐόα
2742 830 2952 901 μακρὰ,
2979 832 3056 902 μὴ
3085 831 3257 904 βαρὺν
3284 832 3445 901 ζυγὸν
3476 835 3742 888 ἐπιθεῖναι
3780 838 3894 897 τοίς
3922 836 4152 905 ἱερωμὲυ

2580 937 2690 983 νοις
2716 923 2977 992 ἀνδράσι⁹
3006 923 3186 993 τίμιον
3216 919 3354 978 εἶναι
3385 926 3478 978 καὶ
3503 925 3602 996 τὴν
3631 927 3835 994 κοίτην,
3872 928 3963 978 καὶ
3992 927 4152 978 αὑτὸν

2578 1015 2843 1080 ἀμίαντον
2890 1017 2982 1070 τὸν
3012 1018 3190 1089 γάμον
3239 1018 3429 1087 λέγων.
3487 1020 3562 1089 μὴ
3608 1023 3674 1090 τῇ
3725 1019 3996 1090 ὑπερϐολῇ
4047 1020 4153 1088 τῆς

2577 1101 2882 1172 ἀκριϐείας,
2908 1105 3108 1174 μᾶλλον
3134 1107 3235 1176 τὴν
3279 1108 3598 1176 Ἐκκλησίαν
3620 1110 4060 1179 προσϐλάψωσιν·
4087 1113 4149 1164 ού

2577 1195 2687 1266 γάρ
2710 1195 2918 1260 πάντας
2937 1199 3195 1253 δύνασθαι
3227 1201 3412 1271 φέρειν
3435 1201 3535 1271 τῆς
3566 1203 3833 1266 ἀπαθείας
3855 1204 3951 1274 τὴν
3978 1204 4152 1272 ἄσκη-

2579 1307 2683 1356 σιν,
2713 1291 2835 1344 οὐδὲ
2865 1292 2995 1356 ἴσως
3036 1293 3475 1365 φυλαχθήσεσθαι
3523 1295 3620 1364 τὴν
3657 1295 4011 1367 σωφροσύνην
4047 1296 4148 1364 τῆς

2577 1383 2808 1436 ἑκάστου
2834 1387 3099 1457 γαμετῆς.
3127 1389 3488 1458 Σωφροσύνην
3516 1390 3574 1442 δέ
3597 1390 3780 1442 ἐκάλει
3809 1391 3900 1442 καὶ
3931 1391 4027 1461 τῆς
4064 1407 4149 1442 νο-

2580 1475 2748 1545 μίμου
2780 1478 3035 1544 γυναικὸς
3078 1481 3177 1550 τὴν
3224 1481 3552 1535 συνέλευσιν.
3611 1481 3923 1551 Ἀρκεῖσθαί
3969 1498 4029 1534 τε
4059 1483 4150 1532 τον

2577 1567 2859 1635 φθάσαντα
2901 1570 3104 1641 κλήρου
3138 1575 3342 1641 τυχεῖν,
3405 1573 3601 1642 μηκέτι
3635 1573 3728 1624 ἐπὶ
3773 1573 3948 1644 γάμον
3996 1574 4152 1645 ἔρχε-

2577 1656 2734 1722 σθαι,
2771 1660 2913 1712 κατά
2939 1663 3039 1730 τὴν
3061 1662 3161 1731 τῆς
3200 1663 3524 1733 Ἐκκλησίας
3556 1665 3789 1735 ἀρχαίαν
3817 1667 4111 1734 παράδοσιν
4133 1681 4146 1694 ·

2579 1746 2718 1816 μήτε
2751 1747 2857 1818 μὴν
2897 1751 3328 1820 ἀποζεύγνυσθαι
3353 1754 3576 1824 ταύτης,
3607 1756 3672 1822 ἢν
3702 1754 3847 1818 ἅπαξ
3887 1756 3986 1824 ἤδη
4016 1756 4148 1825 πρὸ·

2575 1853 2736 1908 τερον
2764 1840 2950 1904 λαῖκὸς
2977 1840 3053 1894 ὢν
3078 1845 3340 1912 ἠγάγετο.
3385 1847 3494 1900 Καὶ
3524 1846 3676 1899 ταῦτ’
3714 1847 3898 1911 ἔλεγεν
3925 1849 4148 1920 haec;

900 1936 1011 1975 non
1049 1920 1285 1989 amplius
1330 1934 1530 1974 uxores
1567 1920 1862 1974 ducerent:
1908 1937 2015 1976 non
2059 1930 2242 1976 tamen
2279 1939 2474 1992 quem-
2508 1911 2552 1969 Β
2579 1928 2655 1982 ὢν

2365 1939 2474 1977 em-
2508 1911 2552 1969 Β
2579 1928 2655 1982 ὢν
2686 1929 2890 1999 γάμου.
2937 1934 3032 1985 καὶ
3074 1911 3263 1997 ἀπλῶς
3304 1937 3498 2000 εἰπεῖν,
3537 1938 3794 2005 γυναικός
3860 1938 3925 1990 ἐκ
3964 1939 4148 2000 παιδὸς

899 2027 1062 2081 quam
1096 2001 1490 2082 sejungendum
1519 2027 1640 2066 esse
1665 2011 1735 2065 ab
1763 2027 1828 2066 ea
1855 2029 2019 2081 quam
2049 2015 2302 2080 antehac,
2347 2022 2481 2070 tunc

899 2121 1025 2159 cum
1059 2112 1207 2159 esset
1257 2105 1452 2170 laicus,
1501 2105 1743 2176 legitime
1801 2107 2066 2161 duxisset.
2127 2109 2306 2178 Atque
2365 2109 2483 2164 hinc

899 2198 1058 2261 dixit,
1094 2199 1208 2267 ipse
1239 2214 1347 2251 non
1383 2198 1548 2252 modo
1576 2198 1816 2268 conjugii
1838 2239 1853 2262 ,
1895 2198 1991 2253 sed
2029 2201 2316 2254 muliebris
2345 2216 2482 2256 con-

898 2305 1119 2358 gressus
1146 2289 1368 2358 penitus
1394 2305 1628 2359 expers;
1664 2290 1866 2360 quippe
1895 2290 1990 2360 qui
2014 2307 2046 2345 a
2075 2307 2248 2362 puero
2275 2293 2331 2347 in
2359 2310 2481 2348 mo-

898 2381 1139 2436 nasterio
1167 2381 1434 2435 educatus
1466 2379 1698 2444 fuisset,
1725 2388 1782 2435 et
1818 2381 1890 2436 ob
1928 2382 2264 2452 singularem
2311 2386 2481 2439 casti-

898 2473 1136 2526 moniam
1167 2473 1236 2526 ab
1257 2471 1514 2526 omnibus
1541 2473 1870 2527 celebratus.
1891 2473 2160 2530 Caeterum
2190 2477 2480 2534 universus

897 2750 1226 2820 l‘aphnutio.

1539 2863 1689 2918 CAP.
1717 2865 1833 2920 XII.

1175 2951 1254 3006 De
1276 2950 1571 3022 Spyridone
1593 2952 1908 3024 Cypriorum
1935 2959 2190 3028 episcopo.

966 3041 1125 3097 Nunc
1156 3042 1225 3097 ad
1271 3043 1633 3113 Spyridonem
1683 3054 2043 3102 transeamus.
2094 3050 2264 3106 Tanta
2310 3053 2365 3107 iu
2408 3070 2476 3110 eo

895 3133 1078 3188 adhuc
1097 3135 1282 3188 ovium
1306 3144 1523 3204 pastore
1548 3135 1727 3190 inerat
1750 3136 1877 3191 vita:
1891 3139 2172 3207 sanctitas,
2197 3151 2258 3195 ut
2278 3143 2476 3214 dignus

897 3226 1120 3280 habitus
1144 3225 1216 3278 sit
1238 3226 1332 3294 qui
1357 3226 1639 3280 hominum
1683 3243 1901 3298 quoque
1937 3239 2124 3298 pastor
2163 3236 2470 3291 exsisteret.

896 3315 997 3370 llic
1019 3315 1170 3368 urbis
1193 3287 1478 3385 cujusdam
1506 3319 1563 3370 in
1583 3287 1784 3388 Cypro,
1813 3287 2035 3374 nomine
2057 3287 2469 3393 Trimithun‘tis',
2499 3287 2545 3349 ϐ

893 3407 1268 3475 episcOpatum
1293 3407 1520 3460 sortitus
1542 3417 1647 3462 est.
1673 3409 1875 3463 Verum
1903 3410 1974 3464 ob
1999 3411 2330 3482 singularem
2353 3419 2473 3472 ani-

893 3498 967 3551 mi
992 3497 1337 3559 modestiam,
1362 3499 1525 3551 etiam
1556 3499 1610 3552 in
1631 3500 1950 3570 episcopatu
1973 3517 2104 3558 oves
2119 3521 2344 3575 pascere
2359 3526 2471 3565 non

894 3588 1122 3642 destitit.
1155 3589 1214 3642 Et
1242 3589 1411 3642 multa
1441 3588 1662 3656 quidem
1709 3589 1778 3644 de
1819 3591 1924 3647 hoc
1970 3594 2090 3647 viro
2137 3595 2468 3652 referuntur.

894 3681 1008 3751 Ego
1034 3695 1166 3735 vero
1201 3695 1372 3734 unum
1401 3679 1664 3733 duntaxat
1684 3689 1779 3734 aut
1824 3683 2060 3737 alterum
2104 3689 2224 3756 ejus
2265 3688 2478 3746 facinus

893 3771 1356 3835 commemorabo,
1385 3787 1455 3826 ne
1481 3772 1696 3843 longius
1717 3774 1786 3827 ab
1810 3774 2062 3830 instituto
2092 3777 2283 3832 videar
2322 3781 2479 3835 aber-

895 3882 1038 3920 rare.
1067 3865 1238 3920 Fures
1275 3865 1456 3920 media
1498 3875 1660 3921 nocte
1704 3868 1890 3922 caulas
1933 3870 2054 3940 ejus
2097 3871 2344 3926 clanculo
2390 3873 2477 3927 in-

895 3957 1096 4028 gressi,
1123 3972 1254 4011 oves
1274 3956 1399 4011 inde
1424 3956 1700 4013 abducere
1727 3959 2028 4014 tentabant.
2051 3961 2159 4032 40
2183 3962 2288 4017 Sed
2312 3964 2476 4029 Deus,

894 4049 988 4119 qui
1014 4057 1288 4120 pastorem
1312 4047 1490 4118 ipsum
1513 4050 1788 4115 servabat,
1813 4066 1944 4106 oves
1962 4068 2180 4122 quoque
2199 4056 2318 4125 ejus
2342 4071 2475 4110 con-

894 4140 1153 4195 servavit.
1221 4140 1396 4195 Fures
1465 4141 1613 4196 enim
1670 4141 1931 4197 invisibili
1978 4145 2213 4213 quadam
2270 4147 2474 4203 virtute

895 4230 1189 4285 constricti
1216 4230 1284 4285 ad
1308 4231 1472 4286 ovilia
1497 4233 1846 4288 tenebantur.
1887 4234 2005 4290 Iam
2043 4236 2162 4292 dies
2189 4238 2474 4296 illucesce-

894 4320 989 4374 bat
1033 4337 1047 4373 :
1086 4320 1176 4375 ille
1243 4320 1312 4374 ad
1378 4337 1512 4377 oves
1555 4323 1820 4388 veniens,
1885 4334 2175 4395 postquam
2241 4328 2474 4398 juvenes

893 4412 1148 4466 manibus
1180 4421 1304 4481 post
1335 4419 1544 4484 tergum
1589 4415 1848 4470 revinctis
1890 4415 2048 4479 vidit,
2100 4418 2282 4473 statim
2318 4420 2473 4476 intel—

967 4525 1011 4556 "
1038 4525 1206 4580 IIebr.
1235 4543 1352 4592 xm,
1387 4528 1440 4582 ό.

2574 2017 2684 2088 γάρ
2710 2021 2769 2072 ἐν
2797 2021 3119 2094 ἀσκητηρίῳ
3144 2026 3534 2097 ἀνετέθραπτο,
3567 2028 3662 2080 καὶ
3685 2029 3778 2081 ἐπὶ
3806 2029 4145 2100 σωφροσύνῃ.

2575 2111 2625 2161 εί
2654 2111 2748 2164 καί
2771 2129 2855 2174 τις
2889 2112 3067 2177 ἄλλος,
3096 2117 3420 2188 περιϐόητος
3444 2119 3540 2174 ὢν.
3566 2119 3818 2172 Πείθεται.
3857 2121 3963 2182 πᾶς
3987 2122 4015 2172 ὁ
4042 2121 4148 2172 τῶν

2579 2202 2888 2274 ἱερωμένων
2918 2205 3172 2274 σύλλογος
3198 2213 3311 2272 τοῖς
3338 2211 3680 2280 Παφνουτίου
3713 2213 3907 2281 λόγοις.
3940 2214 4030 2265 Διὸ
4056 2215 4148 2266 καὶ

2575 2295 2675 2366 τὴν
2704 2298 2833 2370 περὶ
2856 2299 3043 2352 τούτου
3075 2299 3301 2372 ζήτησιν
3328 2303 3690 2374 ἀπεσίγησαν,
3719 2308 3786 2376 τῇ
3814 2307 4006 2374 γνώμῃ
4038 2305 4144 2357 τῶν

2581 2390 2919 2461 βουλομένων
2945 2394 3245 2464 ἀπέχεσθαι
3269 2396 3368 2467 τῆς
3397 2397 3614 2467 ὁμιλίας
3638 2399 3746 2451 τῶν
3774 2399 4028 2470 γαμετῶν
4055 2415 4148 2450 κα-

2574 2483 2946 2553 ταλείψαντες.
2974 2488 3085 2539 Καὶ
3105 2487 3343 2542 τοσαῦτα
3371 2490 3469 2559 μὲν
3501 2491 3630 2561 περὶ
3659 2492 4014 2561 Παφνουτίου.

3161 2885 3408 2938 ΚΕΦᾹΔ.
3453 2887 3552 2939 ΙΒ’.

2683 2973 2819 3042 Περὶ
2845 2973 3224 3042 Σπιφιδωνος
3251 2976 3357 3030 τοῦ
3385 2979 3658 3046 Κυπρίων
3684 2979 4036 3033 ἐπισκόπου.

2647 3060 2783 3131 Περὶ
2810 3061 2865 3115 δὲ
2893 3063 3233 3134 Σπυρίδωνος
3253 3063 3267 3114 i
3284 3106 3299 3130 ,
3326 3067 3563 3137 τοσαύτη
3590 3067 3667 3139 τῷ
3694 3070 3909 3139 ποιμένι
3938 3072 4146 3141 προσῆν

2575 3149 2824 3220 ὁσιότης,
2875 3151 2952 3215 ὼς
2996 3153 3090 3206 καὶ
3149 3154 3444 3225 ἀξιωθῆναι
3488 3159 3650 3211 αύτδν
3697 3161 3791 3213 καὶ
3844 3160 4145 3230 ἀνθρώπων

2579 3241 2811 3310 ποιμένα
2844 3243 3118 3310 γενέσθαι.
3168 3248 3266 3309 Ὃς
3312 3249 3442 3317 μιᾶς
3472 3249 3582 3302 τῶν
3611 3251 3669 3302 ἐν
3701 3253 3909 3324 Κύπρῳ
3940 3257 4144 3309 πόλεων

2577 3332 2801 3402 ὀνόματι
2848 3335 3238 3407 Τριμιθοῧντος
3256 3381 3271 3404 ,
3320 3341 3419 3411 τὴν
3448 3343 3751 3416 ἐπισκοπὴν
3779 3346 4139 3418 ἐκεκλήρωτο.

2577 3423 2676 3475 Διά
2723 3424 2781 3476 δὲ
2827 3427 3059 3496 ἀτυφίαν
3105 3429 3327 3502 πολλὴν.
3385 3434 3639 3502 ἐχόμενος
3685 3439 3783 3502 τῆς
3839 3440 4144 3508 ἐπισκοπῆς

2577 3514 2862 3584 ἐποίμαινε
2890 3519 2984 3570 καὶ
3008 3519 3076 3573 τὰ
3121 3522 3387 3590 πῴὂατα.
3424 3524 3600 3578 Πολλά
3642 3526 3740 3596 μὲν
3777 3523 3870 3580 οὖν
3908 3529 3972 3583 τὰ
4017 3534 4144 3602 περὶ

2577 3605 2742 3657 αὐτοῦ
2773 3606 3056 3678 λεγόμενα.
3092 3612 3241 3676 Ἐνὺς
3271 3614 3328 3666 δὲ
3355 3614 3387 3685 ἢ
3410 3615 3502 3668 δύο
3526 3619 4024 3690 ἐπιμνησθήσομαι,
4057 3624 4143 3675 ἴνα

2576 3696 2650 3765 μὴ
2681 3697 2785 3762 ἔξω
2816 3699 2909 3752 τοῦ
2937 3703 3299 3771 προκειμένου
3329 3705 3464 3768 δόξω
3495 3707 3819 3763 πλανᾶσθαι.
3859 3713 4144 3784 Μεσούσης

2575 3789 2705 3841 ποτέ
2749 3791 2849 3858 τῆς
2875 3793 3100 3857 νυκτὸς,
3131 3795 3361 3850 κλέπται
3404 3801 3522 3862 ταῖς
3568 3801 3829 3856 ἐπαύλεσι
3862 3805 3968 3857 τῶν
4007 3823 4141 3876 προ-

2574 3877 2753 3931 ϐάτων
2782 3879 3056 3952 λαθραίως
3093 3887 3441 3952 ἐπελθόντες,
3471 3893 3822 3959 ἀφαιρεῖσθαι
3855 3894 3962 3947 τῶν
4011 3915 4139 3967 προ-

2575 3970 2755 4025 ϐάτων
2809 3975 3158 4040 ἐσπούδαζον.
3205 3979 3266 4031 ’0
3294 3980 3426 4044 Θεὸς
3470 3982 3526 4036 δέ
3555 3983 3661 4055 ἄρα
3707 3987 3736 4038 ὁ
3786 3987 3876 4038 τὸν
3908 3989 4139 4058 ποιμένα

2575 4058 2784 4123 σώζων.
2825 4063 2996 4128 ἔσωζε
3037 4069 3133 4120 καὶ
3179 4070 3248 4122 τά
3296 4071 3564 4141 πρόϐατα.
3628 4076 3690 4127 Οί
3737 4075 3843 4147 γάρ
3889 4077 4135 4144 κλέπται,

2571 4151 2790 4224 ἀοράτῳ
2815 4155 3041 4228 δυνάμει
3069 4160 3220 4232 παρά
3245 4165 3365 4226 ταῖς
3398 4165 3688 4219 ἐπαύλεσιν
3717 4169 3971 4224 ἐδέδεντο.
4009 4173 4139 4242 ’ορ-

2572 4241 2699 4314 θρος
2723 4262 2783 4299 τε
2815 4242 2882 4318 ἦν
2901 4265 2917 4280 υ
2950 4249 3046 4302 καὶ
3076 4247 3180 4323 ἧκε
3219 4254 3369 4325 παρά
3393 4255 3463 4309 τὰ
3494 4257 3738 4328 ποίμνια.
3783 4259 3870 4323 Ὠς
3896 4261 3950 4314 δέ
3981 4241 4139 4333 εὗρεν

2570 4335 2747 4390 ὀπίσω
2790 4338 2889 4402 τὰς
2930 4343 3118 4412 χεῖρας
3161 4343 3403 4414 ἔχοντας,
3464 4348 3603 4416 ἔγνω
3635 4351 3695 4403 τὸ
3747 4353 3999 4420 γεγονός’
4043 4357 4136 4407 καὶ

2572 4426 2881 4497 εὐχόμενος,
2902 4430 3018 4484 λύει
3051 4435 3177 4498 τοὺς
3209 4436 3464 4504 κλέπτας,
3489 4440 3658 4493 πολλά
3689 4459 3745 4494 τε
3786 4444 4129 4516 νουθετήσας,

2059 4625 2416 4683 VARIORUM
2464 4630 3015 4694 ANNOTATIONES.

960 4738 989 4772 δ
1018 4737 1074 4787 Μ
1080 4732 1121 4826 ὴι
1136 4737 1569 4826 συγκαθεύδειν
1592 4737 1718 4806 ταῖς
1744 4741 2461 4826 γαμεταῖς-,ἶεῖε-ἐτιλαῖκοὶ
2497 4754 2539 4808 D
2569 4751 2743 4826 riense

2350 4748 2461 4826 τκρι
2497 4754 2539 4808 Ι)
2569 4751 2802 4826 riensem
2833 4754 3185 4826 Expositione
3227 4761 3443 4816 articuli
3489 4762 3681 4818 XXXII
3723 4764 3978 4822 Ecclesia:
4024 4771 4133 4823 An-

895 4803 1063 4881 ὄντες
1087 4805 1403 4881 ἠγάγοντοἒ
1427 4808 1613 4863 Canon
1639 4803 1974 4881 apostolicus
1993 4803 2160 4867 XXVI
2190 4832 2200 4866 :
2226 4815 2346 4866 Τῶν
2380 4820 2461 4881 εἰς

895 4873 1093 4943 κλῆρον
1144 4876 1546 4956 προσελθόντων
1578 4873 1823 4956 ἀγάμων,
1868 4881 2159 4956 κελεύομεν
2190 4873 2464 4956 *βουλομέἷι

894 4960 1017 5005 νους
1073 4948 1287 5011 γαμεῖν,
1335 4947 1701 5019 ἀναγνώστας
1739 4953 1835 5004 καὶ
1867 4947 2076 5019 ψάλτας
2133 4947 2342 5019 μόνους.
2367 4947 2379 4956 ’
2404 4957 2462 5011 In

892 5029 1068 5098 quem'
1096 5029 1361 5111 canone":
1396 5018 1510 5103 hinc
1544 5019 1706 5111 habet
1731 5018 2017 5111 Bals‘a’mou
2054 5040 2066 5075 :
2097 5018 2206 5111 [Iph
2235 5025 2331 5111 τῇς
2355 5044 2466 5111 χει-

898 5083 1136 5152 ροτονίας
1157 5087 1321 5159 πᾶσιν
1342 5088 1549 5159 ἐφεῖται
1575 5089 1936 5144 συνάπτεσθαι
1956 5083 2186 5159 γυναιξὶ,
2206 5083 2465 5148 καῖόῧτω

894 5155 1316 5231 χειροτονεῖσθαι
1353 5157 1574 5231 τούτους
1613 5155 2032 5231 πρεσϐυτέρούς,
2061 5155 2339 5227 διακόνους
2371 5167 2466 5220 καὶ

895 5223 1324 5302 ὑποδιακόνους⁸
1351 5229 1488 5302 μετά
1528 5228 1585 5302 δέ
1609 5223 1720 5302 vir."
1736 5223 2088 5300 χειροτονίαν,
2123 5234 2296 5302 μόνοις
2321 5223 2464 5288 ⁷ἀνα-

894 5293 1169 5368 γνώσταις
1184 5297 1278 5348 καὶ
1297 5293 1526 5364 ψάλταις
1555 5293 1766 5368 ἐνεδόθη
1786 5293 2001 5368 γαμεῖν.
2021 5293 2238 5356 Curione
2261 5293 2423 5360 etiam
2443 5306 2462 5360 I

895 5362 1085 5443 synodi
1125 5362 1559 5444 Neoczesareanie
1593 5362 1872 5444 “statutum
1911 5381 2015 5428 est.
2071 5372 2460 5444 Presbyterum,

893 5433 940 5484 si
985 5449 1200 5486 uxorem
1236 5435 1462 5500 duxerit,
1507 5439 1688 5493 ordine
1732 5457 1828 5493 suo
1867 5456 1975 5494 esse
2015 5433 2340 5498 movendum.
2387 5433 2462 5500 De

896 5504 1148 5571 conjugio
1182 5507 1523 5560 sacerdotum
1555 5507 1666 5562 vid.
1705 5508 1960 5564 Pcarson.
1991 5512 2045 5565 in
2077 5521 2231 5566 tract.
2266 5517 2333 5569 de
2360 5532 2460 5569 an-

896 5572 982 5649 nis
1017 5575 1256 5649 priorum
1290 5577 1478 5649 Itonia:
1520 5578 1922 5647 episcoporum,
1950 5597 2001 5649 p.
2033 5583 2152 5643 l86.
2187 5595 2316 5642 etc...
2361 5587 2464 5639 sub

897 5640 984 5695 his
1017 5640 1187 5723 titulis
1282 5646 1435 5723 {Vi/tif
1458 5640 1765 5723 imminutus
1789 5640 2065 5705 sacerdotii
2102 5640 2267 5707 honor
2299 5640 2467 5723 legiti-

898 5727 982 5792 ιηο
1009 5716 1369 5792 matrimonio.
1398 5717 1524 5782 Quis
1548 5721 1808 5792 cmmchur
1851 5732 2064 5791 propter
2109 5739 2328 5792 regnum
2348 5716 2467 5780 "cm—

899 5779 1088 5836 lorum.
1113 5779 1632 5841 Commoda'autcm
1681 5797 1737 5842 et
1776 5779 2117 5846 inéom'moda
2161 5779 2466 5849 istiusmodi

900 5855 1136 5926 conjugii
1184 5857 1293 5910 vid.
1331 5858 1470 5926 apud
1512 5858 1815 5914 Gilhertum
1848 5862 2164 5932 episcopum
2216 5863 2467 5919 Sarisbu-

2565 4822 2811 4891 glicanaz.

2639 4891 3021 4970 i_A¢arqgtd¢
3044 4898 3115 4970 ἐν
3151 4901 3320 4968 μέσῳ
3367 4902 3473 4956 τοῦ
3514 4906 3824 4970 συλλόγου
3870 4905 3988 4960 τῶν
4009 4910 4131 4962 ἐπι-

2562 4964 2811 5046 σιιόπωο⁸
2840 4964 3232 5046 Ιιαςςνρύτιος.
3262 4971 3511 5027 Narratio
3550 4974 3671 5046 haec
3712 4964 3778 5028 de
3829 4976 4133 5046 Paphnutio

2571 5042 2964 5116 suspecta__est
3011 5038 3258 5105 Valesio;
3305 5056 3495 5095 verum
3549 5044 3774 5116 hujusce
3808 5038 4134 5116 suspicionis

2571 5103 2782 5157 nullum
2815 5106 3073 5181 idoneum
3119 5103 3498 5181 argumentum
3531 5103 3691 5167 aﬂ'ert
3719 5115 3804 5170 vir
3841 5103 4053 5172 doctus.
4093 5103 4132 5174 E

2569 5181 2780 5259 contra,
2815 5179 3081 5259 sententia
3130 5179 3231 5235 ista
3259 5181 3566 5259 Paphnutii
3578 5193 3768 5259 postea
3809 5187 3926 5259 lege
3961 5188 4133 5259 impe-

2571 5241 2693 5320 riali
2716 5246 3036 5320 confirmata
3065 5259 3169 5314 est,
3200 5241 3524 5320 quae-exstat
3553 5241 3648 5308 lib.
3679 5272 3764 5309 xvi
3796 5241 3923 5311 Cati.
3971 5241 4132 5312 ΤΙιὲο-

2569 5312 2705 5396 dos.,
2738 5316 2866 5396 lleg.
2911 5317 3000 5381 44,
3151 5312 3423 5391 episcopis
3456 5332 3512 5377 et
3552 5326 3905 5396 presbyteris.
3947 5327 4132 5396 Itaque

2569 5385 2895 5465 nonrminus
2917 5385 3518 5465 candide-quamiverei
3551 5385 3651 5448 hac
3689 5385 3756 5450 de
3789 5413 3845 5450 re
3892 5385 4127 5465 pronun-

2571 5452 2976 5533 tiavit_doc_tiss.
3012 5459 3091 5512 Du
3125 5452 3244 5533 pih,
3276 5463 3484 5518 scilicet
3510 5464 3669 5533 hujus
3699 5452 3939 5520 historiae
3971 5468 4128 5521 fidem

2561 5538 2670 5576 non
2693 5524 2802 5606 alia
2835 5527 2902 5580 de
2932 5531 3435 5606 causaindubium
3471 5524 3637 5606 fuisse
3660 5547 3924 5600 vocatam,
3967 5553 4128 5606 quam

2562 5593 2707 5677 quod
2741 5605 2972 5677 recepta:
3005 5599 3258 5657 Ecclesiae
3287 5603 3543 5659 Romamn
3571 5604 3874 5677 disciplinae
3912 5593 4127 5662 contra-

2563 5661 2727 5716 dicat.
2752 5665 2838 5719 W.
2869 5661 3083 5724 Lowru.

2638 5735 2653 5782 ι
2694 5737 2831 5820 Περὶ
2858 5736 2927 5789 δὲ
2953 5741 3346 5820 Σπυρί-δωνος.
3379 5744 3454 5798 De
3482 5745 3791 5820 _S_pyridone
3817 5749 3972 5820 plura
4007 5749 4128 5807 vith

2567 5804 2709 5872 apud
2735 5804 3095 5864 Sozomenum
3136 5811 3229 5865 lib.
3258 5804 3441 5884 i,'cap.
3476 5804 3560 5869 Μ’.
