4514 6578
421 477 522 530 I05

1405 467 1735 522 HISTORIA
1774 458 2332 525 ECCLESIASTICA.
2377 494 2445 502 —
2481 463 2610 517 LIB.
2654 463 2691 515 1.

3566 459 3666 511 106

424 592 515 645 καὶ
560 588 893 659 παραινέσας
937 589 1001 639 ἐκ
1054 584 1281 637 δικαίων
1330 583 1507 635 πόνων
1548 581 1889 643 σπουδάζειν,
1923 580 1996 648 μὴ
2027 589 2073 642 Α
2100 576 2207 631 Ιολὶ

1851 600 1889 643 ν,
1923 580 1996 648 μὴ
2027 589 2073 642 Α
2100 576 2235 631 lesit
2261 577 2315 630 id
2347 576 2493 646 quod
2517 585 2732 645 gestum
2758 573 2954 627 fuerat.
2987 572 3257 639 Factaque
3285 568 3533 623 oratione
3564 571 3634 621 ab

428 686 533 755 μὴν
565 681 624 745 ἐξ
660 680 870 740 ἀδικίας
900 676 1227 747 λαμϐάνει-ι’
1265 674 1419 745 κριόν
1458 691 1518 726 τε
1553 674 1733 734 αὐτοῖς
1765 673 1992 743 χαρισά-

2097 669 2259 723 solvit
2280 669 2454 731 fures,
2483 667 2784 721 admonens
2805 680 2901 718 eos
2937 672 3099 732 atque
3140 662 3455 723 exhortans,
3501 668 3560 712 ut
3604 676 3669 713 ex

427 752 583 839 μενος
612 765 848 818 ἀπέλυσε
869 803 884 827 ,
917 765 1010 817 καὶ
1038 763 1335 833 χαριέντως
1364 760 1853 829 ἐπιφθεγξάμενος,
1883 760 1997 813 Ἰνα
2092 761 2206 830 just

1885 760 1997 813 Ἰνα
2092 760 2256 830 justis
2278 758 2580 820 laboribus,
2617 771 2728 809 non
2752 770 2849 825 per
2886 753 3137 808 fraudem
3179 761 3343 821 atque
3390 752 3668 821 injuriam,

426 865 535 930 μὴ,
572 859 732 927 φησι,
773 858 949 927 μάτην
979 856 1392 924 ἡγρυπνηκότες
1442 853 1719 923 φανείητε.
1762 853 1857 904 Ἓν
1900 851 1999 921 μὲν

420 954 484 1021 δὴ
514 950 673 1003 τοῦτο
703 949 810 1000 τῶν
838 950 967 1018 περὶ
992 946 1332 1017 Σπυρίδωνος
1353 945 1667 1016 θαυμάτων.
1694 944 1919 1014 Ἕτερον
1942 943 2000 996 δὲ

422 1041 632 1097 τοιοῦτο
652 1057 665 1069 ·
688 1036 756 1111 ἦν
776 1038 924 1109 αὐτῷ
957 1038 1206 1108 θυγάτηρ
1238 1037 1527 1109 παρθένος,
1557 1036 1656 1104 τῆς
1685 1034 1777 1087 τοῦ
1800 1035 1998 1102 πατρὸς

424 1134 706 1194 εὐλαϐείας
738 1131 1057 1200 μετέχουσα,
1076 1128 1312 1199 τοῦνομα
1336 1129 1560 1199 Εἰρήνη.
1595 1126 1776 1196 Ταύτῃ
1804 1124 2001 1195 γνώριο

398 1228 522 1297 ιμός
544 1242 624 1287 τις
655 1222 947 1292 πολύτιμον
986 1221 1251 1292 παρέθετο
1266 1222 1510 1290 κόσμιον·
1534 1221 1569 1288 ἡ
1594 1218 1652 1272 δὲ
1678 1219 2004 1287 ἀσφαλέστεο

425 1333 516 1387 ρον
546 1312 795 1377 ποιοῦσα,
826 1315 896 1380 γῇ
930 1310 1027 1381 τὴν
1051 1309 1523 1380 παρακαταθήκην
1553 1308 1755 1379 ἔκρυψε
1777 1326 1790 1338 ’
1822 1308 2005 1377 μετοῦ-

423 1407 557 1461 πολὺ
578 1407 633 1460 δὲ
665 1407 755 1458 τὸν
786 1404 897 1473 βίον
922 1402 1373 1456 ἀπέλιπεν.”Ηκει
1406 1400 1543 1470 μετά
1566 1398 1756 1470 χρόνον
1774 1401 1802 1452 ὁ
1822 1415 1895 1451 πα
1905 1415 2001 1466 ρα-

422 1498 668 1567 θέμενος.
720 1496 813 1566 Μὴ
878 1494 1053 1565 εὑρών
1109 1510 1167 1546 τε
1208 1493 1307 1563 τὴν
1349 1490 1638 1561 παρθένον,
1673 1490 2005 1560 ἐμπλέκεται

422 1589 500 1658 τῷ
526 1589 711 1659 πατρὶ,
737 1587 831 1639 νῦν
866 1586 963 1655 μὲν
986 1578 1414 1652 ἐγκαλῶν,’ξστιν
1436 1583 1493 1635 δὲ
1521 1585 1608 1635 ὅτε
1635 1583 1731 1634 καὶ
1754 1596 1995 1651 παρακα-

422 1678 548 1733 λῶν.
594 1679 745 1731 Ἐπεὶ
777 1677 834 1730 δὲ
868 1676 1149 1745 συμφορὰν
1178 1678 1412 1728 ἐποιείτο
1442 1674 1540 1743 τὴν
1566 1672 1658 1725 τοῦ
1690 1670 2003 1741 παραθεμέ-

422 1787 515 1822 νου
560 1769 757 1838 ζημίαν
806 1768 835 1818 ὀ
878 1768 1077 1835 γέρων,
1114 1764 1283 1818 ἐλθὼν
1317 1766 1407 1818 ἐπὶ
1441 1765 1502 1816 τὸ
1536 1767 1724 1834 μνῆμα
1761 1764 1859 1832 τῆς
1911 1761 2005 1812 θυ-

423 1860 647 1928 γατρὸς,
703 1860 1020 1911 ἐπεκαλεῖτο
1080 1857 1171 1909 τὸν
1215 1856 1368 1919 Θεὸν,
1422 1854 1528 1926 πρὸ
1580 1853 1773 1924 καιροῦ
1833 1852 2003 1917 δεῖξαι

2098 850 2303 904 victum
2329 850 2433 903 sibi
2470 862 2663 919 parare
2705 846 3119 901 contenderent.
3172 844 3410 898 Arietem
3456 859 3675 912 quoque

2099 938 2181 992 eis
2203 937 2447 1001 donavit,
2473 938 2686 1008 adjecto
2711 936 2814 991 hoc
2836 935 3011 990 facete
3038 934 3219 988 dicto:
3246 933 3322 986 Ne
3346 933 3544 986 frustra
3591 933 3675 984 vi-

2100 1031 2295 1100 gilasse
2341 1030 2659 1085 videamini.
2706 1029 2882 1099 Atque
2926 1029 3000 1081 ita
3050 1028 3259 1081 solutos
3303 1041 3399 1079 eos
3444 1025 3670 1079 dimisit.

2102 1123 2217 1177 lloc
2241 1132 2327 1177 cst
2349 1138 2517 1177 unum
2542 1138 2572 1176 e
2600 1121 2922 1192 Spyridonis
2948 1119 3245 1174 miraculis.
3271 1118 3516 1173 Alterum
3540 1134 3676 1171 vero

2101 1222 2187 1268 est
2251 1215 2587 1286 hujusmodi.
2634 1215 2826 1269 Filiam
2874 1212 3067 1268 habuit
3100 1211 3391 1282 virginem,
3437 1217 3678 1279 paterna:

2103 1308 2324 1379 pietatis
2354 1307 2627 1370 aamulam,
2669 1306 2890 1360 nomine
2932 1305 3163 1360 lrenem.
3211 1303 3349 1358 lluic
3394 1302 3681 1356 familiaris

2102 1398 2325 1469 quidam
2354 1398 2655 1468 pretiosum
2680 1398 2869 1452 nescio
2894 1398 3041 1467 quod
3067 1404 3451 1451 ornamentum
3489 1402 3676 1449 custo—

2103 1493 2366 1547 diendum
2392 1490 2711 1545 tradiderat.
2739 1490 2830 1543 Illa
2863 1506 2971 1560 quo
3007 1490 3179 1545 tutius
3223 1497 3468 1543 servaret
3510 1487 3676 1555 depe—

2104 1582 2291 1644 situm,
2320 1581 2373 1635 in
2399 1589 2602 1635 terram
2625 1579 2856 1643 abdidit,
2894 1594 2959 1633 ac
2994 1578 3156 1649 paulo
3196 1586 3320 1647 post
3364 1577 3600 1631 decessit
3646 1594 3678 1630 e

2104 1674 2234 1727 vita.
2261 1672 2555 1741 Aliquanto
2581 1680 2704 1740 post
2727 1680 2975 1739 tempore
3011 1671 3162 1724 venit
3204 1670 3250 1723 is
3286 1669 3379 1738 qui
3418 1684 3534 1722 rem
3579 1668 3677 1721 dc-

2104 1770 2383 1830 posuerat.
2414 1763 2628 1815 Etcum
2666 1762 2934 1829 virginem
2977 1775 3087 1814 non
3132 1759 3419 1828 reperiret,
3466 1766 3676 1827 patrem

2104 1854 2333 1908 adortus
2355 1862 2440 1907 est
2458 1893 2473 1917 ,
2511 1869 2659 1908 nunc
2684 1854 3008 1910 insimulans
3029 1868 3178 1916 eum,
3205 1852 3675 1905 nuncobsecrans.

423 1946 572 2017 αὐτῷ
604 1946 702 2018 τὴν
733 1946 1207 2016 ἐπαγγελλομένην
1232 1944 1547 1997 ἀνάστασιν.
1583 1944 1690 1995 Καὶ
1716 1942 1814 2010 τῆς
1844 1940 1996 1993 ἐλπί-
2032 1929 2073 1985 Β
2103 1945 2206 1998 Sen

1894 1942 1996 1992 mi-
2032 1929 2073 1985 Β
2103 1945 2301 2008 Senex,
2327 1960 2451 1997 cum
2479 1944 2737 1998 damnum
2763 1946 2882 2014 ejus
2904 1943 2999 2013 qui
3024 1958 3138 1997 rem
3157 1943 3504 2011 deposuerat,
3526 1958 3677 1995 suam

422 2037 510 2097 δος
541 2037 636 2104 οὐχ
675 2037 909 2105 ἥμαρτε.
952 2034 1109 2087 Ζῶσα
1161 2033 1269 2103 γὰρ
1306 2030 1461 2095 αὖθις
1491 2035 1522 2102 ἡ
1554 2032 1837 2102 παρθένος,
1872 2031 1999 2099 φαί-

424 2144 572 2179 νεται
610 2126 686 2196 τῷ
718 2126 907 2195 πατρί,
957 2125 1064 2178 Καὶ
1104 2125 1192 2177 τὸν
1221 2125 1383 2177 τόπον
1418 2124 1743 2193 σημάνασα,
1785 2122 1912 2174 ἔνθα
1941 2122 2001 2174 τὸ

426 2219 650 2287 κόσμιον
675 2218 1077 2288 ἀπεκέκρυπτο,
1113 2212 1267 2279 αὖθις
1312 2216 1607 2287 ἀπεχώρει.
1639 2214 1881 2267 Τοιοῦτοι
1910 2216 2002 2269 άν-

423 2310 548 2371 δοες
573 2314 629 2361 ἐν
659 2313 767 2372 τοῖς
790 2311 1001 2379 χρόνοις
1020 2309 1113 2361 τοῦ
1138 2308 1400 2378 βασιλέως
1427 2309 1833 2361 Κωνσταντίνου
1860 2307 2001 2360 κατά

425 2402 525 2464 τὰς
567 2401 890 2470 Ἐκκλησίας
918 2400 1240 2470 ὲξὲλαμπον.
1267 2400 1453 2453 Ταῦτα
1480 2400 1536 2453 δὲ
1566 2400 1676 2467 ἐγὼ
1718 2401 1812 2452 καὶ
1864 2401 1999 2469 ἀκοῇ

426 2493 580 2562 παρὰ
608 2493 815 2545 πολλῶν
869 2493 1132 2565 Κυπρίων
1163 2492 1493 2563 παρέλαϐον,
1538 2493 1629 2544 καὶ
1668 2492 2005 2561 συντάγματι

438 2585 718 2652 Ῥουφίνου
764 2585 907 2647 τινὸς
955 2584 1328 2654 πρεσϐυτέρου
1384 2584 1657 2654 ἐνέτυχον,
1725 2582 2003 2654 Ῥωμαϊκῇ

427 2675 568 2741 λέξει
596 2678 1087 2747 συγγεγραμμένῳ.
1135 2677 1250 2744 Ἀφ’
1273 2668 1348 2729 ὧν
1376 2675 1551 2728 ταῦτα
1580 2677 1671 2728 καὶ
1694 2676 1861 2746 ἕτερά
1886 2693 2007 2728 τινα

426 2767 535 2820 τῶν
570 2769 685 2837 μετ’
720 2770 779 2822 οὐ
810 2769 944 2822 πολὺ
978 2767 1365 2839 ῥηθησομένων
1399 2767 1721 2838 συνήγαγον.

2104 2035 2278 2102 ipsius
2304 2034 2531 2088 duceret
2570 2049 2692 2089 esse
2729 2037 3023 2105 jacturam,
3063 2033 3215 2087 venit
3251 2032 3320 2086 ad
3365 2033 3680 2101 sepulcrum

2105 2126 2248 2189 filite,
2276 2127 2557 2195 Deumque
2580 2136 2837 2196 precatus
2873 2134 2959 2180 est
3000 2134 3063 2179 ut
3084 2120 3097 2137 '
3122 2126 3447 2196 promissam
3493 2138 3679 2177 resur-

2104 2216 2406 2270 rectionem
2432 2218 2536 2271 sibi
2582 2227 2710 2272 ante
2752 2226 2971 2287 tempus
3016 2217 3353 2272 ostenderet.
3398 2216 3511 2270 Ncc
3557 2231 3682 2284 spes

2105 2323 2232 2361 eum
2274 2307 2485 2361 fefellit.
2550 2309 2744 2363 Statim
2792 2310 2941 2363 enim
2986 2308 3168 2378 puella
3213 2307 3458 2362 rediviva
3506 2308 3683 2361 astitit

2106 2404 2271 2471 patri.
2305 2403 2551 2472 Cumque
2585 2404 2763 2456 locum
2815 2402 3111 2457 indicasset
3144 2402 3198 2455 in
3236 2418 3346 2471 quo
3387 2400 3682 2455 abscondi-

2107 2503 2224 2547 tum
2248 2504 2370 2548 erat
2392 2503 2799 2559 ornamentum,
2827 2510 3019 2548 rursus
3039 2508 3105 2548 ex
3137 2494 3240 2548 hac
3259 2493 3381 2547 luce
3406 2493 3680 2563 migravit.

2107 2588 2432 2659 Ilujusmodi
2479 2588 2730 2642 homines
2771 2588 3117 2658 imperatoris
3160 2586 3503 2641 Constantini
3543 2595 3683 2639 tem-

2107 2681 2336 2748 poribus
2364 2680 2419 2733 in
2450 2680 2695 2733 Ecclesia
2720 2679 3047 2733 floruerunt.
3090 2678 3263 2747 Atque
3291 2678 3404 2731 haec
3431 2693 3532 2746 ego
3569 2686 3684 2729 tum

2109 2788 2140 2825 a
2165 2771 2350 2824 multis
2370 2770 2584 2841 Cypriis
2605 2770 2797 2823 auditu
2824 2771 3044 2839 accepi,
3084 2779 3199 2823 tum
3241 2770 3295 2823 in
3328 2770 3468 2822 libro
3502 2768 3683 2823 Ruﬁni

426 2860 711 2929 cujusdam
733 2860 1035 2930 presbyteri
1062 2859 1253 2912 Latina
1276 2858 1460 2927 lingua
1486 2859 1797 2927 conscripto
1835 2859 2010 2927 posita
2048 2860 2252 2915 inveni.
2311 2862 2390 2916 Ex
2445 2877 2554 2931 quo
2593 2860 2813 2930 quidem
2863 2859 3026 2925 libro,
3068 2868 3183 2913 tum
3227 2860 3343 2914 ham
3388 2861 3525 2928 ipsa,
3570 2868 3686 2913 tum

428 2951 537 3005 alia
559 2966 679 3019 qum
701 2952 864 3020 paulo
888 2959 1079 3020 postea
1103 2949 1379 3013 dicentur,
1406 2949 1619 3021 collegi.

1020 3064 1273 3118 ΚΕΦΑΛ.
1314 3064 1413 3117 1Γ’.

710 3154 851 3221 Περὶ
885 3155 1261 3223 Εὐτυχιανοῦ
1294 3155 1401 3208 τοῦ
1422 3156 1719 3224 μοναχοῦ.

504 3244 751 3297 Ἤκουσα
782 3245 838 3296 δὲ
871 3242 981 3311 ἐγὼ
1012 3245 1107 3296 καὶ
1154 3245 1281 3314 περὶ
1325 3245 1681 3315 Εὑτυχιανοῦ,
1728 3245 2006 3314 θεοφιλοῦς

432 3339 622 3409 ἀνδρὸς
654 3337 795 3390 κατά
832 3338 957 3399 τοὺς
1005 3336 1199 3399 αὐτοὺς
1234 3338 1457 3406 χρόνους
1503 3338 1874 3408 ἀκμάσαντος.
1912 3340 2007 3402 Ὃς

432 3433 526 3485 καὶ
544 3430 704 3492 αὐτὸς
724 3430 821 3498 τῆς
852 3428 1176 3497 Ἐκκλησίας
1197 3430 1304 3481 τῶν
1324 3430 1681 3483 Ναυατιανῶν
1699 3432 2002 3499 τυγχάνων,

435 3521 785 3592 παραπλήσια
820 3518 955 3589 ἔργα
984 3519 1152 3571 ποιῶν
1199 3519 1554 3590 ἐθαυμάζετο.
1590 3522 1684 3584 Τίς
1719 3538 1775 3574 τε
1810 3524 1837 3574 6
1886 3524 2008 3590 περί

434 3613 622 3666 τούτου
670 3611 1092 3681 διηγησάμενος,
1132 3612 1243 3676 ἐρῶ
1268 3614 1404 3682 μετά
1448 3612 1763 3683 ἀκριϐείας,
1793 3614 1883 3665 καὶ
1907 3615 2008 3666 οὐκ

432 3703 837 3773 ἀποκρύψομαι,
881 3704 980 3756 κᾶν
1027 3703 1161 3769 δόξω
1207 3706 1347 3757 τισὶν
1391 3704 1804 3774 ἀπεχθάνεσθαι.
1831 3705 2007 3769 Λύξά-

437 3815 541 3848 νων
572 3814 655 3858 τις
704 3798 801 3865 τῆς
850 3795 1205 3848 Ναυατιανῶν
1250 3796 1575 3866 Ἐκκλησίας
1623 3798 2005 3867 πρεσϐύτερος,

440 3884 884 3955 μακροϐιώτατος
908 3885 1129 3952 γέγονεν
1149 3902 1162 3915 ο
1191 3882 1248 3946 ὃς
1274 3884 1369 3936 καὶ
1392 3887 1458 3954 τῇ
1491 3886 1547 3936 ὲν
1576 3884 1779 3953 Νικαίᾳ
1810 3885 2009 3954 συνόδῳ

439 3978 634 4045 κομιδῇ
682 3978 873 4045 νήπιος
904 3974 999 4038 ὣν,
1029 3974 1143 4044 ἅμα
1179 3975 1258 4045 τῷ
1301 3974 1528 4044 ’Δκεσίῳ
1560 3974 1884 4043 παρέϐαλλε.
1916 3976 2009 4028 καὶ

442 4069 510 4121 τὰ
541 4068 682 4122 κατά
726 4067 968 4119 Ἀκέσιον
998 4066 1119 4136 ἐμοὶ
1148 4067 1464 4136 διηγήσατο.
1500 4061 1664 4129 Οὗτος
1701 4067 1759 4132 ἐξ
1789 4068 2009 4120 ἐκείνων

436 4159 544 4213 τῶν
566 4159 794 4229 χρόνων,
826 4158 954 4227 ἄχρι
990 4157 1088 4227 τῆς
1129 4156 1405 4226 βασιλείας
1430 4155 1525 4209 τοῦ
1556 4157 1695 4209 Νέου
1723 4157 2007 4211 Θεοδοσίου

437 4249 687 4315 ἐξέτεινε,
713 4248 806 4301 καὶ
828 4250 1073 4318 νεωτέρῳ
1100 4264 1189 4317 μοι
1211 4248 1412 4319 σφόδρα
1431 4247 1767 4317 τυγχάνοντι,
1791 4248 1859 4300 τὰ
1881 4248 2009 4320 περὶ

438 4337 769 4408 Εὑτυχιανοῦ
796 4338 1113 4407 διηγήσατο,
1141 4338 1310 4390 πολλά
1335 4339 1433 4407 μὲν
1450 4338 1745 4405 διεξελθὼν
1768 4342 2008 4411 περὶτῆς

438 4430 745 4501 προσούσης
770 4429 920 4499 αὑτῷ
941 4429 1087 4492 θείας
1112 4430 1332 4501 χάριτος
1350 4446 1367 4461 ο
1392 4430 1449 4483 ἓν
1470 4431 1527 4483 δὲ
1548 4432 1765 4485 κάκεῖνο
1792 4434 2009 4504 μνήμης

437 4524 585 4589 ἄξιον
618 4524 711 4575 ἐπὶ
740 4522 833 4575 τοῦ
866 4522 1132 4593 βασιλέως
1172 4524 1274 4595 ἔφη
1314 4525 1745 4579 Κωνσταντίνου.
1780 4526 1899 4580 Τῶν
1926 4529 2010 4581 δο-

441 4616 688 4686 ρυτόρων
715 4631 800 4678 τις
819 4657 833 4679 ,
858 4614 950 4677 οὓς
982 4615 1212 4678 οἰκείους
1239 4614 1393 4668 καλεῖ
1424 4619 1453 4668 6
1474 4616 1725 4684 βασιλεὺς
1753 4618 1891 4686 (81),
1920 4636 2010 4672 τυ-

441 4707 668 4775 ραννικά
716 4725 839 4760 τινα
894 4708 1152 4777 πράττειν
1206 4708 1593 4771 ὑποπτευθεὶς,
1651 4713 1794 4780 φυγῇ
1850 4713 2010 4780 ἐχρή-

438 4815 583 4851 σατο.
630 4799 689 4851 'O
724 4798 977 4867 βασιλεὺς
1020 4799 1076 4851 δὲ
1116 4798 1402 4853 ἐκέλευσεν
1438 4800 1634 4871 ἀπειλῇ
1680 4802 2015 4872 ἀναιρεῖσθαι

434 4887 621 4951 αὑτὸν,
654 4887 781 4940 ἔνθα
808 4888 873 4941 ἂν
908 4890 1230 4958 εὑρίσκοιτο.
1268 4890 1362 4952 ’ος
1387 4891 1515 4961 περὶ
1556 4891 1645 4943 τὸν
1670 4890 1889 4944 Βιθυνὸν
1917 4896 2008 4944 ὐ-

434 4979 644 5048 λυμπον
685 4980 947 5051 εὑρεθεὶς,
989 4980 1309 5050 βαρυτάτοις
1356 4982 1449 5033 καὶ
1489 4980 1741 5051 χαλεποῖς
1773 4982 2011 5052 σιδήροις

434 5074 492 5124 ὲν
526 5074 714 5142 εἱρκτῇ
759 5073 1195 5139 κατεκέκλειστο,
1236 5074 1364 5143 περὶ
1398 5073 1464 5125 τά
1495 5072 1633 5144 μέρη
1676 5073 1771 5126 τοῦ
1815 5076 2011 5145 Ὀλυμ-

436 5180 559 5226 που,
577 5162 706 5216 ἔνθα
723 5158 791 5233 ἦν
816 5165 908 5217 καὶ
923 5166 951 5217 6
972 5164 1300 5235 Εὐτυχιανὸς
1321 5164 1410 5217 τὸν
1433 5168 1639 5235 μονήρη
1669 5165 1781 5235 βίον
1800 5167 2006 5230 ἀσκῶν,

436 5254 647 5308 πολλῶν
692 5272 752 5308 τε
793 5257 862 5308 τά
896 5256 1123 5327 σώματα
1155 5257 1249 5310 καὶ
1290 5257 1388 5318 τάς
1432 5257 1608 5327 ψυχάς
1656 5256 2005 5329 ἐθεράπευεν.

436 5344 605 5415 Συνῆν
646 5345 702 5398 δὲ
727 5344 876 5415 αὑτῷ
918 5347 1011 5399 καὶ
1043 5348 1071 5399 ὀ
1110 5344 1551 5416 μακροϐιώτατος
1581 5345 1857 5412 Λὺξάνων,
1892 5348 2009 5413 νέος

434 5434 510 5487 ῶν
550 5436 727 5501 πάνυ,
750 5439 845 5491 καὶ
870 5438 937 5491 τὰ
968 5438 1059 5491 τοῦ
1092 5438 1385 5509 μοναχικοῦ
1423 5438 1538 5507 βίου
1577 5439 1667 5492 ὑπ’
1696 5439 1846 5508 αὐτῷ
1888 5456 2010 5492 παι-

434 5528 738 5599 δευόμενος.
769 5529 928 5601 Παρά
952 5529 1140 5584 τοῦτον
1164 5531 1257 5583 τὸν
1285 5530 1614 5599 Εὑτυχιανὸν
1640 5526 1774 5601 ἧκον
1802 5530 2004 5594 πολλοὶ,

2733 3067 2881 3121 (ΖΜ).
2909 3067 3050 3121 XIII.

2525 3158 2603 3212 De
2627 3157 2961 3228 Eutychiano
2984 3160 3258 3212 monacho.

2178 3251 2581 3322 Eutychianum
2604 3265 2821 3319 quoque
2837 3249 3016 3303 virum
3040 3250 3441 3306 sanctissimum
3488 3252 3685 3308 iisdem

2108 3342 2446 3411 temporibus
2472 3338 2722 3394 floruisse
2743 3340 3005 3408 comperi.
3040 3338 3142 3405 Qui
3182 3355 3307 3393 cum
3353 3353 3409 3397 et
3455 3343 3571 3413 ipse
3618 3361 3684 3399 ex

2108 3430 2351 3483 Ecclesia
2394 3429 2821 3483 Novatianorum
2870 3445 3015 3483 unus
3055 3439 3219 3487 esset.
3271 3432 3440 3486 multa
3503 3442 3685 3489 tamen

2108 3536 2270 3590 opera
2311 3520 2397 3574 his
2436 3520 2634 3573 similia
2677 3536 2796 3589 qua:
2838 3536 3004 3589 supra
3046 3524 3365 3588 memoravi,
3402 3539 3510 3579 non
3568 3528 3687 3583 sine

2110 3625 2301 3679 magna
2325 3608 2687 3663 admiratione
2712 3608 2899 3677 gessit.
2940 3608 3202 3674 Quisnam
3245 3624 3427 3667 autem
3475 3616 3543 3670 de
3591 3618 3686 3672 illo

2116 3702 2250 3755 mihi
2301 3701 2576 3763 retulerit,
2618 3700 2795 3754 dicam
2839 3710 3121 3767 accurate;
3172 3718 3274 3758 nec
3330 3704 3686 3764 dissimulabo

2110 3792 2427 3861 quidquam,
2481 3792 2694 3845 tametsi
2744 3792 3041 3863 intelligam
3104 3796 3247 3864 apud
3292 3800 3583 3855 nonnullos
3630 3804 3682 3857 id

2111 3882 2243 3935 mihi
2270 3883 2559 3936 offensioni
2583 3882 2721 3937 fore.
2744 3883 3009 3938 Auxanon
3025 3886 3244 3955 quidam
3257 3889 3685 3948 Novatianoru.»

2110 3973 2365 4028 Ecclesia:
2390 3975 2696 4046 presbyter,
2716 3975 3009 4030 admodum
3042 3978 3316 4049 longaevus
3333 3983 3463 4037 fuit:
3497 3987 3590 4056 qui
3614 3989 3682 4043 ad

2110 4065 2383 4135 synodum
2412 4066 2689 4120 Nicaznam
2718 4083 2825 4121 una
2854 4083 2977 4121 cum
3001 4069 3196 4125 Acesio
3220 4074 3368 4126 venit
3390 4074 3569 4131 adhuc
3584 4078 3652 4133 ad

2111 4156 2334 4211 modum
2358 4157 2699 4222 adolescens,
2727 4168 2783 4212 et
2806 4174 2927 4227 quae
2963 4158 3031 4213 de
3065 4159 3263 4216 Acesio
3302 4167 3554 4234 superius
3597 4169 3683 4223 di-

2109 4259 2197 4304 cta
2213 4249 2499 4312 sunt,mihi
2515 4250 2984 4304 commemoravit.
3011 4250 3110 4305 Hic
3128 4252 3197 4306 ab
3215 4253 3320 4309 illis
3342 4259 3686 4327 temporibus

2110 4341 2178 4395 ad
2202 4341 2570 4411 principatum
2591 4356 2765 4410 usque
2789 4341 3083 4396 Theodosii
3106 4342 3347 4399 Junioris
3369 4348 3535 4402 vitam
3560 4366 3683 4419 pro.

2109 4433 2290 4497 duxit,
2334 4433 2580 4501 mihique
2624 4433 2920 4488 admodum
2977 4435 3164 4504 juveni
3218 4436 3285 4491 de
3344 4439 3685 4511 Eutychiano

2109 4522 2385 4576 narravit:
2416 4524 2581 4576 multa
2606 4524 2826 4592 quidem
2861 4523 3105 4581 referens
3140 4527 3208 4582 de
3242 4528 3429 4584 divina
3472 4549 3592 4601 quae
3627 4534 3680 4589 in

2112 4615 2208 4670 illo
2247 4616 2367 4668 viro
2413 4614 2591 4669 inerat
2631 4616 2833 4685 gratia:
2880 4632 3052 4670 unum
3097 4627 3277 4673 tamen
3321 4637 3433 4690 pra:
3475 4627 3686 4681 caeteris

2112 4707 2374 4761 memoria
2398 4707 2623 4777 dignum
2648 4708 2849 4772 aiebat,
2874 4710 3017 4778 quod
3041 4709 3400 4767 Constantino
3424 4728 3683 4785 regnante

2114 4808 2325 4868 gestum
2348 4809 2449 4853 est.
2476 4798 2706 4864 Quidam
2731 4816 2761 4854 c
2785 4816 3014 4856 numero
3051 4803 3375 4873 stipatorth
3411 4824 3549 4875 quos
3584 4810 3685 4863 im-

2111 4900 2333 4958 perator
2358 4890 2686 4945 domesticos
2705 4906 2903 4947 vocare
2943 4895 3098 4957 solet,
3146 4911 3271 4949 cum
3316 4898 3371 4950 in
3413 4901 3682 4969 suspicio-

2110 4996 2235 5034 nem
2260 4980 2525 5035 afl'ectatze
2548 4983 2854 5053 tyrannidis
2874 4986 3135 5049 venisset,
3171 4985 3292 5057 fuga
3339 4988 3441 5041 sibi
3488 5005 3685 5043 consu-

2107 5072 2228 5125 luit.
2254 5072 2555 5141 lmperator
2575 5073 2678 5145 41
2715 5090 2846 5129 vero
2886 5076 2966 5130 ira
3012 5079 3276 5147 percitus,
3321 5083 3578 5152 praecepit
3622 5092 3684 5136 ut

2114 5163 2431 5233 ubicunque
2456 5164 2835 5234 deprehensus
2856 5167 3071 5233 fuisset,
3099 5172 3463 5228 occideretur.
3482 5175 3683 5245 Captus

2112 5271 2243 5325 ergo
2291 5257 2438 5311 circa
2462 5256 2749 5328 Olympum
2774 5270 3015 5315 montem
3038 5262 3323 5335 Bithyniae,
3348 5268 3684 5336 gravissimis

2112 5351 2330 5403 vinctus
2354 5350 2561 5403 catenis
2585 5350 2639 5404 in
2665 5366 2937 5407 carcerem
2961 5356 3270 5425 conjicitur,
3310 5358 3455 5413 haud
3491 5362 3679 5429 procul

2111 5437 2180 5491 ab
2202 5454 2269 5492 eo
2293 5447 2467 5491 tractu
2491 5438 2703 5510 Olympi
2729 5441 2783 5494 in
2806 5458 2915 5511 quo
2946 5443 3335 5515 Eutychianus,
3380 5448 3680 5503 solitariam

2111 5531 2314 5601 degens
2338 5531 2527 5595 vitam,
2558 5533 2852 5587 multorum
2877 5534 3158 5590 hominum
3198 5552 3425 5607 corpora
3472 5550 3527 5593 et
3566 5543 3684 5595 ani-

1629 5688 1897 5743 VALESII
1936 5686 2483 5743 ANNOTATIONES.

509 5802 619 5880 (ει)
642 5803 1046 5880 Οὒςιοζξείους
1092 5803 1271 5880 κα.ζεῖ
1291 5806 1323 5857 ὀ
1342 5804 1673 5880 ,ϐασιλεῷ-ς.-
1691 5802 2033 5859 Domesticos
2071 5812 2292 5872 protecti

1895 5802 2033 5859 ticos
2071 5812 2419 5872 protectores
2451 5803 2728 5878 intelligit,
2764 5806 2831 5862 de
2859 5806 3061 5878 quibus
3090 5808 3286 5880 scripsi
3334 5808 3391 5864 in
3431 5812 3678 5866 Annota-

442 5871 682 5929 tiunibus
710 5874 778 5929 ad
824 5873 1027 5926 librum
1052 5889 1140 5927 xxv
1172 5874 1349 5928 Amm.
1378 5874 1698 5929 Marcellini.

750 5966 1023 6026 ΡΑτιιοι..
1068 5967 1184 6025 Gn.
1230 5963 1462 6026 LXVII.

3210 5965 3246 6027 4
