4514 6578
433 473 538 527 H5

1435 468 1762 525 lllSTORlA
1800 457 2351 521 ECCLESIASTICA.
2393 492 2461 500 —-
2500 461 2625 515 LIB.
2668 461 2709 515 Ι.

3582 453 3683 507 ill

430 584 559 656 παρ’
592 584 720 654 ὑμῖν
743 583 1108 655 κεκριμένοις,
1132 584 1226 637 καὶ
1264 583 1351 637 διὰ
1383 582 1573 637 τούτου
1606 581 1700 636 τοῦ
1740 581 2001 652 γράμμα·
2029 585 2076 643 Α
2103 591 2213 631 non

1903 598 2001 650 μα·
2029 585 2076 643 Α
2103 591 2213 631 non
2254 586 2647 647 repugnantes,
2669 574 2766 629 sed
2797 570 3206 628 consentientes
3236 568 3303 623 iis
3329 584 3449 638 qua:
3470 584 3499 621 a
3534 568 3686 621 vobis

429 694 521 740 τος
543 674 886 745 πληροφοροῦ
895 692 992 745 μεν
1017 676 1115 745 τὴν
1142 674 1560 743 συγκατάθεσιν
1589 675 1649 728 οὐ
1671 676 1770 745 τὴν
1792 673 2005 744 ὲξορίαν

433 764 644 837 βαρέως
690 766 969 836 φέροντες,
1013 765 1149 819 ἀλλά
1178 767 1277 835 τὴν
1306 766 1561 819 ὑπόνοιαν
1603 765 1703 834 τῆς
1741 764 2007 835 αἱρέσεως

432 857 810 925 ἀποδυόμενοι.
838 860 900 911 Εἰ
931 858 1038 930 γὰρ
1056 856 1425 928 καταξιώσητε
1448 856 1543 911 νῦν
1572 856 1703 925 γοῦν
1731 858 1811 919 είς
1839 855 2008 927 πρόσ-

431 966 578 1003 ωπον
626 949 990 1002 ὲπαναλαΰεϊν
1038 951 1217 1020 ἡμᾶς,
1273 949 1425 1020 ἔχετε
1471 949 1530 1002 ὲν
1601 949 1737 1002 πᾶσι
1790 947 2009 1018 συμψήο

436 1057 567 1109 φους
587 1041 720 1108 (94).
748 1040 1174 1104 ἀκολουθοῦντας
1196 1042 1311 1105 τοῖς
1335 1040 1466 1112 παρ’
1495 1040 1623 1111 ὑμῖν
1644 1039 2007 1110 κεκριμένοις·

2108 671 2331 725 decreta
2370 675 2521 734 sunt,
2553 668 2720 723 etiam
2741 666 2847 721 hoc
2870 664 3057 719 libello
3078 676 3404 717 consensum
3436 667 3684 714 nostrum

2106 761 2536 827 confirmamus;
2594 774 2704 813 non
2752 757 2974 828 quidem
3023 754 3186 810 taadio
3222 751 3423 816 exsilii,
3475 749 3572 805 sed
3626 756 3688 803 ut

2107 854 2477 924 suspicionem
2531 851 2769 906 vitemus
2811 851 3103 904 hmreseos.
3152 846 3287 901 Nam
3338 844 3383 899 si
3442 844 3499 898 in
3552 857 3713 898 con-.

2108 952 2357 1014 spectum
2399 950 2643 997 vestrum
2687 958 2787 996 nos
2826 940 3015 995 venire
3044 937 3351 1009 patiamini,
3396 932 3688 989 invenietis

2107 1050 2209 1090 nos
2232 1035 2290 1091 in
2320 1034 2579 1089 omnibus
2610 1032 2931 1097 concordes,
2962 1038 3020 1085 et
3042 1027 3279 1085 decretis
3297 1025 3497 1080 vestris
3534 1039 3686 1078 mor-

436 1129 596 1183 ὁπότε
628 1129 793 1182 αὐτὸν
832 1129 923 1182 τὸν
957 1130 1049 1183 ἐπὶ
1086 1130 1297 1194 τούτοις
1339 1129 1698 1201 ὲναγόμενον,
1747 1128 1893 1193 εδοξε
1940 1130 2008 1199 τῇ
2102 1125 2219 1179 diCt

1940 1130 2008 1199 τῇ
2102 1125 2264 1179 dicus
2302 1125 2632 1179 inhazrentes
2666 1141 2678 1175 :
2713 1122 2932 1192 quando
2975 1128 3033 1176 et
3086 1134 3212 1175 eum
3268 1117 3448 1187 ipsum
3483 1114 3575 1184 qui
3614 1114 3685 1168 ob

438 1220 591 1290 ὑμῶν
619 1218 877 1291 εὐλαϐείᾳ
918 1219 1501 1291 φιλανθρωπεύσασθαι
1540 1222 1635 1275 καὶ
1676 1220 2011 1275 ἀνακαλέσα-

440 1311 565 1365 σθαι
596 1310 731 1382 (95).
762 1312 994 1365 Ἄτοπον
1019 1312 1095 1375 δὲ,
1117 1312 1210 1365 τοῦ
1230 1312 1511 1377 δοκοῦντος
1531 1308 1666 1366 εἶναι
1688 1312 2010 1375 ὑπευθύνου,

439 1402 878 1474 ἁνακεκλημένου
899 1442 915 1467 ,
946 1403 1041 1458 καὶ
1070 1404 1550 1474 ἀπολογησαμένου
1582 1406 1665 1474 ἐφ’
1694 1398 1775 1467 οἷς
1799 1404 2011 1458 διεϐάλ-

438 1496 579 1559 λετο,
597 1497 745 1565 ἡμᾶς
773 1497 1002 1566 σιωπᾷν,
1022 1495 1144 1549 καθ’
1165 1495 1374 1550 ἑαυτῶν
1398 1496 1636 1559 διδόντας
1660 1496 1750 1549 τὸν
1770 1495 2007 1565 ἔλεγχον.

440 1586 832 1651 Καταξιώσατε
865 1587 1014 1656 γοῦν,
1047 1587 1121 1649 ὡς
1149 1587 1381 1657 ἁρμόζει
1407 1590 1472 1658 τῇ
1506 1586 1833 1657 φιλοχρίστῳ
1862 1586 2014 1657 ὑμῶν

439 1675 715 1747 εὐλαϐείᾳ,
751 1677 844 1729 καὶ
876 1676 966 1729 τὸν
997 1676 1402 1745 θεοφιλέστατον
1429 1676 1651 1747 βασιλέα
1680 1678 2012 1746 ὑπομνῆσαι,

441 1766 534 1817 καὶ
572 1765 672 1827 τὰς
702 1764 913 1836 δεήσεις
950 1765 1107 1835 ἡμῶν
1146 1766 1480 1837 ἐγχειρίσαι,
1516 1768 1611 1819 καὶ
1653 1766 1843 1819 θᾶττον
1891 1766 2015 1837 βου-

2110 1216 2215 1272 ista
2246 1216 2628 1281 accusabatur,
2659 1214 2863 1285 placuit
2895 1211 3214 1267 reverentiae
3249 1216 3446 1264 vestra:
3489 1207 3653 1260 huma
3672 1236 3685 1246 -

2110 1309 2260 1362 niter
2287 1314 2545 1370 tractare,
2583 1313 2639 1360 et
2672 1305 2743 1359 ab
2790 1303 2985 1359 exsilio
3036 1316 3319 1357 revocare.
3370 1300 3544 1354 Porro
3589 1296 3687 1351 ab-

2110 1399 2339 1454 surdum
2368 1398 2551 1463 fuerit,
2583 1413 2708 1452 cum
2736 1399 2781 1451 is
2813 1396 2907 1466 qui
2938 1409 3067 1450 reus
3100 1409 3222 1449 esse
3239 1391 3549 1453 videbatur,
3579 1387 3689 1459 Μ

2112 1496 2399 1545 revocatus
2438 1491 2530 1554 sit,
2567 1505 2739 1559 seque
2761 1488 2829 1543 de
2859 1486 2971 1541 illis
3000 1500 3121 1555 qua:
3151 1484 3254 1555 ipsi
3286 1481 3689 1553 objiciebantur

2113 1582 2453 1653 purgaverit,
2498 1596 2599 1635 nos
2644 1580 2826 1641 silere,
2878 1585 2935 1631 et
2987 1581 3369 1645 argumentum
3425 1570 3689 1626 adversus

2112 1672 2482 1741 nosmetipsos
2508 1671 2653 1725 ultro
2681 1669 3051 1738 suppeditare.
3079 1667 3188 1721 Vos
3222 1678 3373 1733 ergo,
3405 1663 3548 1716 sicut
3597 1676 3686 1717 re-

2112 1763 2418 1819 verentiam
2470 1770 2709 1815 vestram
2751 1758 2960 1814 Christi
3019 1755 3450 1811 amantissimam
3506 1751 3685 1813 decet,

440 1854 733 1907 λεύσασθαι
760 1856 828 1909 τὰ
876 1856 1005 1925 ὑμῖν
1044 1856 1355 1926 ἁρμόζοντα
1396 1857 1481 1924 ἐφ’
1521 1858 1673 1927 ἡμῖν.
1719 1857 1829 1911 Καὶ
1860 1856 2018 1909 τοῦτο
2117 1859 2223 1927 imp

1904 1856 2018 1909 >510
2117 1859 2501 1927 imperatorem
2541 1856 2655 1909 Deo
2701 1851 3081 1909 charissimam
3139 1848 3436 1902 admonere
3496 1844 3687 1913 digne-

444 1945 543 2013 μὲν
572 1943 633 1997 τὸ
662 1947 761 2016 τῆς
792 1945 1119 2015 παλινῳδίας
1152 1945 1351 2015 βιϐλίον
1382 1946 1643 1999 Εὐσεὸίου
1674 1948 1768 1999 καὶ
1799 1945 2016 2013 Θεόγνι-
2048 1942 2090 1997 Β
2116 1950 2227 2002 uin

1907 1964 2016 2013 γνι-
2048 1942 2090 1997 Β
2116 1950 2273 2013 nini,
2329 1949 2492 2017 eique
2541 1962 2732 2017 preces
2774 1951 2994 1999 nostras
3049 1941 3269 2004 offerre,
3300 1948 3357 1994 et
3410 1938 3463 1992 in
3503 1944 3690 1993 nostra

441 2037 527 2100 ἰός
550 2039 732 2089 ἐστιν’
770 2038 877 2091 ἀπὸ
905 2038 961 2091 δὲ
994 2038 1103 2090 τῶν
1139 2040 1398 2108 ῥημάτων
1434 2039 1596 2095 αὑτοῦ
1626 2040 2014 2110 τεκμαίρομαι,
2110 2058 2224 2096 call:

1903 2056 2014 2110 μαι,
2110 2056 2297 2105 mulsa,
2323 2056 2389 2096 ea
2416 2055 2537 2109 qua:
2563 2039 2722 2093 vobis
2751 2044 3085 2107 congruunt,
3119 2042 3334 2089 mature
3371 2031 3686 2085 decernere.

441 2128 523 2181 ὅτι
543 2123 685 2182 οὗτοι
711 2129 809 2194 μὲν
834 2132 900 2201 τῇ
926 2129 1358 2203 ὑπαγορευθείσῃ
1375 2130 1553 2183 πίστει
1571 2131 2011 2202 ὑπεσημήναντο,
2111 2136 2179 2189 Ει
2200 2135 2224 2188 Ι]

1909 2148 2011 2195 ντο,
2111 2136 2179 2189 Ει
2200 2135 2291 2188 hic
2321 2133 2544 2203 quidem
2570 2140 2655 2186 est
2681 2130 2902 2185 libellus
2924 2126 3334 2184 retractationis
3365 2121 3587 2179 Eusebii
3612 2130 3692 2175 at-

444 2225 508 2293 τῇ
536 2222 592 2275 δὲ
644 2223 960 2295 καθαιρέσει
1022 2225 1230 2295 Ἀρείου
1275 2224 1556 2295 σύμψηφοι
1613 2226 1868 2294 γενέσθαι
1920 2226 2019 2278 οὐκ
2112 2242 2219 2296 que

1920 2226 2019 2278 οὐκ
2112 2242 2219 2296 que
2248 2224 2608 2295 Theognidis.
2641 2223 2721 2277 Ex
2759 2222 2916 2292 cujus
2944 2219 3129 2274 verbis
3152 2217 3405 2288 coniicio,
3448 2213 3580 2267 istos
3624 2210 3690 2265 ﬁ-

445 2313 851 2383 ὲῦουλήθησαν·
896 2316 989 2367 καὶ
1017 2314 1097 2367 ὅτι
1140 2316 1353 2385 Ἀρειος
1382 2316 1486 2385 πρὸ
1517 2314 1722 2369 τούτων
1772 2316 2020 2384 φαίνεται
2114 2320 2202 2374 dei

1908 2333 2020 2369 εται
2114 2320 2202 2374 dei
2233 2318 2455 2389 quidem
2482 2331 2604 2386 quae
2634 2315 2689 2369 in
2748 2313 2981 2368 concilio
3011 2312 3157 2367 edita
3203 2310 3404 2371 fuerat,
3449 2304 3691 2361 subscri-

444 2403 786 2477 ἀνακληθείς.
831 2405 969 2458 Ἀλλ’
1014 2407 1063 2457 εί
1108 2407 1201 2459 καὶ
1249 2406 1408 2459 τοῦτο
1451 2406 1625 2470 οὕτως
1664 2406 1810 2478 ἔχειν
1852 2407 2018 2470 δοκεῖ,
2116 2412 2227 2481 psis

1905 2408 2018 2470 ’κεῖν
2116 2412 2324 2481 psisse;
2375 2407 2705 2480 depositioni
2734 2414 2916 2461 autem
2941 2405 3057 2459 Arii
3077 2402 3386 2459 consentire
3419 2398 3688 2453 noluisse:

444 2494 589 2562 ὅμως
615 2492 716 2563 τῆς
761 2492 1163 2565 Ἀλεξανδρείας
1195 2494 1495 2548 ἐπιϐαίνειν
1523 2494 1800 2548 κεκώλυτο
1822 2513 1834 2525 ·
1859 2494 2017 2548 τοῦτο
2108 2512 2166 2558 τι
2208 2503 2227 2556 έ

1906 2494 2017 2548 ὶῦτο
2108 2512 2166 2558 et
2208 2502 2398 2556 Arium
2437 2508 2563 2555 ante
2600 2500 2737 2555 istos
2773 2498 2843 2553 ab
2888 2496 3083 2553 exsilio
3131 2494 3300 2549 fuisse
3354 2496 3689 2545 revocatum.

444 2585 501 2637 δὲ
528 2585 823 2649 δείκνυται,
866 2587 958 2655 ἀφ’
980 2579 1055 2639 ὧν
1083 2586 1306 2657 ὕστερον
1347 2586 1522 2655 ἑαυτῷ
1554 2588 1775 2642 κάθοδον
1813 2590 1893 2651 είς
1918 2589 2017 2659 τὴν
2112 2596 2227 2648 γει-ι

1918 2589 2017 2659 τὴν
2112 2596 2313 2648 Verum
2342 2591 2471 2646 licet
2494 2592 2600 2645 hoc
2622 2590 2695 2644 ita
2723 2604 2782 2644 se
2804 2588 3007 2643 habere
3038 2585 3309 2649 videatur,
3338 2580 3692 2637 nihilominus

460 2676 784 2746 Ἐκκλησίαν
832 2678 926 2730 καὶ
977 2679 1057 2739 είς
1098 2677 1196 2747 τὴν
1254 2676 1657 2749 Ἀλεξάνδρειαν
1702 2680 2015 2749 ἐπενόησεν,
2112 2687 2243 2741 Alex

1910 2696 2015 2741 πεν.
2112 2685 2491 2741 Alexandriam
2514 2682 2723 2753 ingredi
2754 2680 3067 2751 prohibitus
3091 2677 3298 2742 fuerat;
3333 2675 3495 2744 idque
3522 2688 3588 2727 ex
3626 2685 3693 2723 eo

448 2767 763 2839 ἐπιπλάστῳ
821 2769 1078 2842 μετανοίᾳ
1121 2769 1485 2841 χρησάμενος,
1532 2771 1608 2834 ὡς
1646 2770 1787 2824 κατὰ
1834 2770 2018 2841 χώραν
2112 2794 2231 2832 com

1905 2788 2018 2841 »ραν
2112 2778 2477 2839 convincitur,
2503 2773 2648 2845 quod
2677 2782 2863 2843 postea
2904 2772 3141 2827 reditum
3168 2770 3273 2826 sibi
3302 2770 3357 2822 in
3387 2765 3688 2822 Ecclesiam

450 2857 613 2928 ἔροῦμ
2120 2879 2177 2923 et
2217 2869 2273 2923 in
2322 2868 2514 2922 urbem
2562 2864 2948 2919 Alexandriam
3000 2862 3233 2932 paravit,
3280 2859 3531 2914 simulata
3564 2869 3697 2923 usus

2116 2960 2460 3031 paenitentia,
2484 2958 2628 3013 sicut
2666 2972 2765 3012 suo
2789 2957 2911 3010 loco
2936 2954 3139 3009 dicturi
3163 2967 3380 3007 sumus.

2731 3068 2881 3123 CAP.
2923 3066 3036 3121 XV.

2121 3162 2389 3228 Quomodo
2416 3160 2721 3215 Alexandro
2746 3168 2860 3229 past
2902 3158 3155 3228 synodum
3180 3155 3448 3229 Nic-ainant
3474 3158 3697 3215 mortuo,

2420 3228 2753 3285 Athanasius
2778 3236 2986 3282 creatus
3013 3236 3088 3280 est
3116 3228 3403 3296 episcopus.

1037 3062 1289 3117 ΚΕΦΑΛ.
1332 3065 1431 3120 ΙΕ’.

452 3150 571 3203 Ὀτι
618 3150 763 3216 μετὰ
799 3150 915 3227 {ipf
957 3152 1251 3227 σιᾷνοδον,
1311 3155 1700 3227 Ἀλεξάνδρου
1736 3157 2018 3227 τελευτή-

519 3236 774 3296 ᾳαγτος,
809 3222 1164 3296 Α’ᾼθανᾴσιος
1196 3223 1541 3280 καθίσταται
1582 3222 1693 3296 τῆς
1746 3222 2018 3293 Ἀλεξαν-

520 3290 713 3357 δρέων
738 3293 964 3358 πόλεως
992 3293 1347 3359 ἐπίσκοπος.

522 3382 850 3438 Μεταταῖνια
892 3384 949 3437 δὲ
988 3384 1189 3447 εὐθέως
1230 3385 1575 3460 Ἀλεξάνδρου
1602 3388 1713 3459 (96)
1762 3389 1856 3443 τοῦ
1893 3391 2009 3443 ὲπιο
2042 3398 2087 3457 c
2186 3393 2305 3447 Paul

1913 3408 2009 3443 ιπιο
2042 3398 2087 3457 c
2186 3393 2354 3447 Paulo
2377 3401 2501 3462 post
2536 3400 2755 3446 mortuo
2788 3389 3093 3444 Alexandro
3122 3383 3459 3442 Alexandriae
3484 3382 3696 3452 episco-

455 3474 655 3527 σκόπου
682 3474 779 3545 τῆς
812 3476 1209 3548 Ἀλεξανδρείας
1228 3477 1645 3549 τελευτήσαντος
1662 3492 1722 3545 ω,
1742 3481 2001 3552 προϊστα-
2112 3498 2203 3553 po,
2230 3517 2238 3537 Α

1914 3498 2001 3534 ια·
2112 3498 2203 3553 po,
2230 3482 2560 3537 Athanasius
2612 3481 2867 3537 Ecclesiae
2890 3479 3205 3551 praeficitur.
3246 3476 3405 3530 Hunc
3444 3488 3567 3527 cum
3600 3470 3697 3526 ad—

1650 3634 1920 3691 VALESII
1959 3636 2511 3693 ANNOTATIONES.

458 3750 705 3814 nostrum
746 3743 895 3797 omni
933 3759 998 3797 ex
1040 3753 1195 3814 parte
1238 3744 1637 3814 adimplemus;
1664 3756 1719 3801 et
1744 3756 1851 3800 tam
1899 3763 2031 3801 ana-

459 3813 804 3885 thematismo
856 3830 1018 3881 quam
1045 3813 1169 3868 ﬁdei
1219 3813 1463 3869 formula:
1488 3818 1831 3871 subscribere
1858 3818 2034 3885 parati

461 3882 868 3937 sumus.’Vides
890 3891 1149 3951 quantam
1181 3884 1311 3939 huic
1336 3886 1455 3939 loco
1481 3887 1656 3940 lucem
1683 3882 1874 3938 afferat
1896 3886 2031 3939 dua-

462 3968 581 4007 rum
611 3967 803 4007 vocum
829 3954 1091 4023 adjectio,
1116 3956 1237 4005 τότε
1260 3963 1315 4007 et
1340 3955 1451 4006 νῦν.
1480 3956 1548 4007 At
1581 3955 2031 4023 ChristOphorso-

2132 3748 2545 3817 ingrederetur,
2598 3762 2719 3817 cum
2771 3755 2957 3817 tamen
2996 3745 3159 3817 idab
3213 3746 3540 3817 imperatore
3585 3743 3703 3813 ipso

2130 3814 2468 3888 price-cptum
2489 3817 2666 3888 sit,rut
2690 3816 2847 3888 docet
2876 3816 3103 3888 epistola
3130 3814 3491 3888 constantini.

2200 3882 2483 3953 (96)—Merit
2508 3887 2689 3939 ταῦτα
2711 3885 2777 3937 δὲ
2799 3882 3013 3950 εὺθέως
3041 3886 3452 3952 Ἀλεξάνδρου.
3474 3882 3703 3937 Fallitur

2131 3956 2221 4009 hic
2246 3954 2518 4017 Socrates,
2544 3964 2598 4009 et
2622 3955 2974 4015 Sozomenus,
3000 3955 3091 4017 qui
3131 3954 3421 4009 Alexandri
3472 3962 3700 4005 mortem

462 4039 567 4077 nus
605 4023 785 4095 locum
818 4023 964 4095 hunc
987 4023 1147 4095 aliter
1185 4024 1597 4095 interpretatur,
1630 4026 1782 4095 quasi
1822 4026 2033 4094 legere-

464 4103 554 4147 tur
582 4094 627 4144 εί
657 4093 709 4144 δὲ
758 4091 1031 4160 πιστείηὶ.
1061 4093 1273 4146 Etenim
1302 4091 1467 4148 vertit
1496 4112 1508 4146 :
1538 4091 1685 4159 Quod
1707 4096 1752 4149 si
1793 4091 2035 4147 san—ctum

462 4172 693 4233 vestrum
721 4160 1000 4233 concilium
1024 4164 1214 4216 nostris
1238 4164 1404 4216 verbis
1446 4164 1669 4219 voluerit
1695 4162 1855 4233 ﬁdem
1882 4165 2035 4219 adhi-

464 4234 602 4305 bere.
630 4230 831 4285 Verum
885 4232 1221 4287 Sozomenus
1262 4248 1327 4287 ac
1372 4230 1713 4304 Nicephorus
1756 4234 2033 4305 vulgatam

467 4303 761 4363 lectionem
792 4310 1031 4357 tuentur.

539 4371 652 4441 (94)
687 4374 1073 4440 Συμψήφους.
1100 4373 1159 4427 ln
1195 4372 1383 4427 codice
1433 4372 1751 4429 Florentino
1794 4381 1851 4428 et
1893 4370 2038 4441 apud

468 4441 829 4512 Sosiomenum
852 4443 1051 4511 legitur
1073 4442 1413 4512 συμψύχους.

538 4510 799 4583 ,Καὶ
844 4510 1355 4583 ἀνῖακαλέάασθὰι.
1405 4512 1687 4583 Episcopis
1740 4511 1935 4566 tribuit
1982 4512 2034 4567 id

466 4579 611 4649 quOd
637 4579 705 4653 ab
721 4581 1059 4653 imperatore
1080 4583 1281 4637 factum
1316 4579 1514 4637 fuerat.
1539 4579 1724 4651 Neque
1749 4584 1893 4636 enim
1918 4584 2035 4653 epi-

468 4652 617 4722 scopi
643 4650 830 4722 Arium
860 4653 929 4706 ab
952 4653 1143 4707 exsilio
1168 4662 1576 4714 revocaverant,
1596 4650 1689 4707 sed
1720 4650 2032 4722 imperator.

465 4719 669 4774 Verum
697 4720 994 4792 scriptores
1015 4723 1088 4776 ita
1112 4722 1430 4791 plerumque
1451 4724 1596 4792 loqui
1623 4719 1816 4786 solent,
1840 4731 1899 4775 ut
1919 4724 2036 4792 epi-

470 4792 649 4873 scOpis
675 4790 920 4873 tribuant
965 4793 1019 4873 id
1067 4790 1209 4873 quod
1238 4793 1306 4846 ab
1334 4790 1658 4873 imperatore
1696 4794 1896 4873 factum
1924 4790 2034 4873 est'2

470 4870 525 4931 et
564 4870 753 4914 contra
799 4861 1076 4915 interdum
1121 4861 1437 4931 imperatori
1482 4863 1785 4917 attribuant
1811 4863 1862 4916 id
1892 4864 2036 4931 quod

471 4930 672 4983 factum
706 4939 807 5001 est,
837 4931 906 4984 ab
941 4930 1229 5001 episcopis.
1261 4932 1351 4986 Sic
1385 4932 1637 4987 Socrates
1696 4949 1855 5001 supra
1903 4930 2040 4985 dixit

472 5000 740 5070 synodum
766 5000 1039 5055 Nicaenam
1066 5000 1303 5058 vetuisse
1344 5018 1413 5057 ne
1455 5003 1620 5057 Arius
1658 5000 2040 5058 Alexandriam

2130 4035 2186 4079 et
2209 4025 2607 4079 ordinationem
2635 4025 2917 4079 Athanasii
2944 4022 3188 4080 referunt
3225 4032 3346 4094 post
3374 4023 3607 4094 reditum
3634 4022 3703 4075 ab

2131 4096 2323 4149 exsilio
2347 4095 2567 4149 Eusebii
2592 4111 2655 4148 ac
2679 4094 2963 4164 Theognii.
2989 4095 3151 4163 Atqui
3169 4093 3473 4164 Alexander
3493 4093 3702 4164 episco-

2131 4182 2235 4236 pus
2266 4165 2625 4236 Alexandriaa,
2652 4161 2892 4218 nonduin
2925 4161 3167 4236 quinque
3203 4163 3483 4218 mensibus
3506 4161 3704 4236 elapsis

2135 4233 2166 4290 ᾗ
2193 4235 2399 4305 synodo
2440 4236 2680 4297 Nicaena,
2709 4244 2943 4305 mortem
2982 4234 3137 4305 obiit,
3166 4243 3224 4287 ιιι
3260 4240 3491 4305 testatur
3520 4233 3703 4305 Atha-

2132 4302 2319 4359 nasius
2366 4306 2421 4358 in
2464 4304 2815 4373 Apologetico
2862 4304 3101 4358 secundo
3146 4305 3407 4359 adversus
3441 4302 3699 4373 Arianos,

2135 4375 2228 4429 ubi
2257 4376 2367 4446 agit
2394 4375 2460 4446 de
2490 4370 2696 4429 Melitio
2726 4393 2737 4426 :
2778 4374 2913 4446 Ἃλλ’
2939 4377 2995 4426 ἐν
3018 4377 3082 4446 τῇ
3102 4374 3314 4446 ⁸συνόδῳ
3334 4377 3398 4446 τῇ
3435 4371 3576 4446 κατὰ
3604 4370 3702 4446 Ni:-

2135 4440 2317 4503 καιανῖ
2346 4447 2378 4514 ἡ
2407 4444 2503 4513 μὲν
2535 4446 2741 4511 αἵρεσις
2767 4440 3183 4512 ἀνεθεματίσθη,
3212 4440 3303 4496 καὶ
3348 4440 3395 4495 οἷ
3434 4440 3700 4514 Ἀρειανοὶ

2142 4507 2525 4585 ὲξεῦλήθίησαν.
2558 4507 2619 4567 Oi
2663 4514 2720 4565 δὲ
2765 4507 3075 4585 Μελιτιανοὶ-
3113 4507 3459 4585 ὁπωσδήποτε
3490 4507 3705 4585 ἐδέχθη-

2146 4602 2265 4637 σαν.
2293 4581 2365 4637 Οὺ
2391 4581 2501 4652 γὰρ
2547 4586 2842 4650 ἀναγκαῖον
2889 4583 2983 4635 νῦν
3028 4582 3124 4652 τὴν
3169 4582 3344 4652 αἰτίαν
3388 4581 3700 4652 ὀνομάζειν

2144 4652 2297 4707 οῦπω
2324 4653 2378 4705 δὲ
2408 4649 2565 4706 πέντε
2598 4649 2764 4721 μῆνες
2786 4649 3195 4723 παρῆλθον,’καὶ
3217 4654 3245 4704 ό
3274 4651 3369 4720 μὲν
3400 4649 3705 4719 μακαρίτης

2157 4723 2497 4790 Ἀλέξανδρος
2543 4722 2938 4791 τετελεύτηκεν.
2992 4722 3138 4775 ldem
3205 4736 3423 4791 quoque
3476 4727 3705 4791 testatur

2145 4788 2508 4847 Theodoritus
2532 4794 2585 4846 in
2609 4793 2750 4846 libro
2775 4809 2789 4845 ι
2814 4788 3085 4853 Historiae,
3116 4788 3237 4858 cap.
3266 4788 3352 4843 26.
3379 4790 3520 4843 Mors
3543 4788 3707 4858 igitur

2145 4863 2437 4918 Alexandri
2479 4862 2704 4932 contigit
2743 4876 2886 4915 anno
2921 4861 3120 4915 Christi
3149 4859 3284 4925 325;
3312 4859 3579 4932 ordinatio
3606 4873 3705 4911 au-

2148 4943 2256 4987 tem
2284 4934 2561 4986 Athanasii
2590 4930 2674 4986 vel
2723 4932 2914 4986 eodem
2964 4947 3107 4984 anno
3148 4939 3380 4985 exeunte
3415 4930 3553 4983 facta
3600 4936 3703 4990 est,

2148 5004 2234 5057 vel
2258 5004 2359 5057 sub
2388 5002 2606 5056 initium
2633 5004 2759 5056 anni
2783 5002 3077 5071 sequentis.

1909 5162 2286 5218 VARIORUM.

552 5269 569 5309 ι
600 5271 692 5326 Sic
712 5288 901 5345 vocem
945 5273 1087 5345 hanc
1107 5273 1357 5345 exhibuit
1380 5275 1747 5345 typographus
1767 5275 2043 5331 Parisien-

478 5342 555 5395 sis
585 5360 596 5393 :
631 5343 761 5410 quid
787 5344 887 5396 sibi
913 5344 1045 5397 velit
1066 5343 1269 5397 nescio.

551 5423 590 5450 ιιι
630 5412 1016 5476 Ἀλεξάνδρου
1038 5415 1530 5480 τελευτήσαντος.
1558 5414 1707 5469 Obiit
1729 5416 1784 5471 S.
1810 5416 2046 5471 Alexan-

480 5482 581 5535 der
601 5482 691 5554 die
715 5499 823 5554 χχιι
870 5483 1170 5545 Bermudze,
1203 5484 1292 5538 die
1318 5484 1480 5547 lunze,
1507 5486 1685 5554 inquit
1734 5494 1925 5540 auctor
1948 5487 2046 5539 lli-

482 5552 663 5607 storite
682 5553 1115 5622 patriarcharum
1136 5554 1534 5622 Cophtitarum,
1559 5552 1651 5624 qui
1677 5556 1891 5610 Baronii
1916 5566 2050 5611 tem-

482 5637 741 5695 porernon
765 5624 1030 5695 exstabat,
1056 5624 1111 5677 id
1136 5634 1238 5687 est,
1256 5625 1343 5678 die
1366 5625 1574 5679 decima
1597 5627 1822 5695 septima
1851 5628 2052 5681 mensis

482 5692 701 5768 Aprilis,
727 5695 819 5768 qui
846 5694 950 5748 hoc
975 5710 1126 5768 anno
1145 5696 1289 5768 (scil_.
1315 5710 1458 5749 anno
1481 5696 1609 5751 Chr.
1636 5692 1761 5766 526)
1797 5712 1920 5751 cum
1966 5697 2047 5768 fe-

484 5764 563 5837 ria
585 5765 1223 5837 secundaconcurrebat.
1250 5764 1469 5837 Festum
1495 5774 1676 5821 tamen
1722 5764 1840 5837 ejus
1862 5768 1949 5822 die
1970 5767 2039 5821 26

485 5830 682 5904 Aprilis
707 5834 1037 5897 celebratur;
1064 5835 1177 5889 sive
1199 5836 1325 5904 quia
1346 5850 1413 5889 eo
1427 5836 1515 5891 die
1541 5830 1822 5891 ordinatus
1843 5838 2035 5900 fuerat,

486 5903 598 5957 sive
624 5903 693 5957 ob
720 5905 955 5974 aliquam
978 5905 1097 5974 ejus
1140 5903 1569 5962 translationem.
1614 5907 1943 5965 Athanasius
1986 5909 2039 5961 in

2142 5274 2401 5345 Apologia
2428 5290 2486 5335 ιι,
2509 5282 2563 5327 et
2584 5272 2951 5327 Theodoritns
2974 5272 3028 5326 in
3050 5272 3145 5326 lib.
3172 5288 3210 5335 ι,
3240 5286 3356 5341 cap.
3385 5270 3472 5334 9.6,
3491 5267 3707 5345 trador?

2143 5336 2400 5400 videntur
2424 5359 2548 5397 eum
2575 5352 2850 5399 mortuum
2876 5358 2994 5399 esse
3018 5352 3139 5409 post
3176 5336 3389 5397 menses
3412 5341 3652 5409 quinque
3678 5336 3709 5409 if

2143 5416 2377 5469 concilio
2422 5414 2639 5467 Nicaeno
2680 5413 2948 5467 absolute.
3002 5405 3106 5466 Sed
3152 5405 3468 5481 signantius
3498 5405 3714 5481 tempus

2145 5484 2402 5554 exprimit
2446 5492 2638 5554 auctor
2680 5482 2849 5554 libelli
2896 5479 3255 5554 Synodiciin
3302 5479 3509 5554 synodo
3532 5479 3709 5554 Caesa'

2148 5550 2338 5618 riénsi,
2367 5553 2495 5607 dum
2522 5553 2599 5606 ait
2624 5570 2636 5605 :
2666 5550 2967 5606 Alexandro
2992 5569 3129 5622 papa
3149 5550 3504 5611 Alexandriw,
3529 5552 3709 5622 quinto

2149 5635 2262 5694 post
2291 5639 2464 5677 mense
2497 5638 2656 5694 quam
2708 5622 2884 5694 Νίσαια
2935 5620 3146 5694 domum
3190 5637 3423 5694 reversus
3465 5628 3613 5681 esset,
3642 5620 3711 5694 ad

2150 5690 2437 5763 Dominum
2475 5690 2724 5763 digresso,
2762 5692 3080 5763 Athanasius
3120 5690 3475 5763 praesulatum
3522 5691 3711 5763 merito

2147 5765 2360 5833 accepit.
2409 5759 2547 5828 Qno'
2569 5772 2726 5831 pacto
2762 5762 3087 5833 Alexander
3117 5759 3369 5833 insuam
3412 5759 3708 5833 Ecclesiam

2148 5828 2305 5887 initio
2332 5833 2527 5886 hiemis
2551 5828 2819 5902 pervenit,
2843 5841 2899 5887 et
2934 5832 3023 5887 die
3071 5832 3138 5887 16
3179 5831 3381 5901 Aprilis
3414 5828 3711 5902 defunctus

2152 5915 2253 5960 cst.
2282 5934 2348 5943 —-
2374 5902 2528 5970 Quod
2553 5898 2621 5958 eo
2644 5904 2817 5973 magis
2839 5903 3128 5960 dicendum
3154 5898 3257 5960 cst.
3285 5899 3429 5962 quod
3472 5898 3715 5956 Athana-
