4514 6578
758 451 864 508 125

2211 457 2550 516 SCCRATIS

3937 455 4043 512 ίΞᾶ

755 577 915 649 cujus
936 573 1194 647 praesidio
1221 587 1371 635 tutus
1400 580 1605 652 ubique
1626 588 1749 637 erat
1773 578 2189 645 Constantinus,
2216 561 2348 635 tunc
2376 584 2421 639 Α
2449 577 2538 630 tua

2257 561 2348 635 me
2376 584 2421 639 Α
2449 551 2762 649 ἐκκλησίας·
2793 574 2967 641 ἐποίει
2993 591 3010 610 ο
3059 575 3158 632 καὶ
3201 569 3336 648 μίαν
3387 573 3488 646 μὲν
3536 575 3596 632 ἐν
3627 578 3694 650 τῇ
3731 578 4040 652 καλουμένῃ

674 701 678 705 -
758 669 996 740 primum
1023 671 1258 741 amplexi
1281 671 1546 745 sint.lpse
1569 690 1700 730 vero
1723 675 1862 730 alias
1883 676 2076 730 rursus
2090 672 2354 729 ecclesias

759 761 1084 818 aedificavit:
1117 772 1176 820 et
1210 781 1376 820 unam
1411 767 1632 838 quidem
1672 768 1741 824 ad
1780 782 2050 839 quercum
2087 765 2349 832 Mambre,

759 854 864 909 sub
892 871 1000 925 qua
1023 857 1244 928 angelos
1257 858 1506 930 hospitio
1531 870 1790 932 exceptos
1816 860 1886 916 ab
1923 861 2240 916 Abrahamo
2263 860 2352 915 di-

759 944 887 999 vina
917 952 1188 1002 testantur
1207 949 1498 1014 oracula”,
1520 951 1844 1006 construxit.
1861 949 2001 1007 Cum
2025 951 2173 1006 enim
2196 965 2352 1006 com-

759 1023 998 1107 perisset
1035 1053 1160 1094 aras
1193 1039 1298 1095 sub
1337 1056 1402 1096 ea
1428 1056 1634 1112 quercu
1668 1044 1876 1114 positas
1907 1059 2050 1110 esse,
2075 1051 2132 1100 et
2169 1045 2354 1117 genti-

765 1128 901 1183 lium
943 1129 1053 1184 ritu
1090 1131 1202 1187 illic
1237 1131 1504 1189 sacriﬁcia
1545 1136 1731 1207 peragi
1754 1177 1768 1199 ,
1805 1136 2103 1192 Eusebium
2126 1138 2352 1208 quidem

763 1219 1156 1280 Caesariensem
1176 1225 1492 1296 episcopum
1539 1229 1780 1299 graviter
1804 1244 1903 1300 per
1923 1229 2140 1285 litteras
2162 1247 2353 1302 repre-

765 1312 1002 1369 hendit:
1039 1331 1188 1372 aram
1225 1320 1359 1374 Vero
1396 1318 1569 1391 ipsam
1606 1321 1928 1388 disturbari,
1961 1328 2028 1377 et‘
2061 1324 2353 1380 ecclesiam

757 1405 916 1477 juxta
938 1423 1204 1478 quercum
1232 1409 1490 1468 fabricari
1513 1414 1701 1484 jussit.
1729 1413 1974 1471 Alteram
2003 1430 2136 1471 vero
2173 1417 2352 1473 eccle-

748 1497 902 1554 siam
949 1499 1221 1572 Heliopoli
1269 1504 1326 1558 in
1372 1504 1634 1562 Phoenice
1679 1509 1925 1564 construi
1971 1509 2232 1580 prmoepit
2283 1510 2354 1565 ob

766 1591 1084 1663 huiusmodi
1107 1611 1348 1673 causam.
1377 1594 1718 1670 lieliopolitee
1741 1617 1905 1672 quem
1928 1602 2060 1658 olim
2082 1602 2358 1673 iegislato-

767 1697 884 1738 rem
913 1683 1230 1759 habuerint,
1256 1697 1312 1746 et
1337 1691 1645 1763 cuiusmodi
1676 1695 1924 1749 moribus
1949 1694 1996 1750 is
2018 1693 2186 1750 fuerit
2211 1711 2353 1766 prae.

767 1776 946 1842 ditus,
993 1781 1245 1851 equidem
1290 1800 1400 1839 non
1446 1801 1671 1855 possum
1717 1787 1901 1843 dicere
1930 1805 1946 1842 :
1973 1804 2164 1844 verum
2208 1789 2356 1845 illius

2453 669 2587 742 δρυϊ
2604 673 2671 743 τῇ
2692 669 2957 742 Μαμϐρῆ,
2986 669 3076 740 ὑφ’
3093 669 3162 742 ἢν
3176 670 3304 735 τοὺς
3326 656 3590 740 ἀγγέλους
3606 671 3872 737 ἐξενίσθαι
3901 673 4040 744 πρὸς

2451 759 2546 814 τοῦ
2588 760 2836 832 ’Δὸραάμ
2873 759 3096 830 οἰ-ίεροί
3119 759 3269 829 λόγοι
3316 759 3612 832 μηνύουσι,
3645 760 4037 826 κατεσκεύαζε.

2453 853 2658 910 Μαθὼν
2683 856 2791 926 γὰρ
2809 857 2837 910 ὁ
2867 854 3118 926 βασιλεὺς
3141 853 3358 926 βωμοὺς
3385 854 3490 909 ὑπὸ
3509 858 3575 927 τῇ
3606 853 3730 928 δρυῒ
3768 853 4036 927 ίδρύσθαι,

2452 947 2547 1000 καὶ
2580 947 2769 1012 θυσίας
2811 947 3126 1019 Ἑλληνικὰς
3142 946 3412 1002 τελεῖσθαι
3443 948 3528 1002 ἐπ’
3551 947 3720 1019 αὐτῷ,
3765 947 4038 1019 μέμφεται

2459 1039 2563 1110 μὲν
2593 1040 2674 1094 δι’
2689 1040 2979 1112 ἐπιστολῆς
3029 1040 3276 1112 Εὐσεδίῳ
3305 1039 3385 1122 τῷ
3421 1041 3520 1112 τῆς
3548 1039 3884 1112 Καισαρείας
3913 1031 4036 1093 ἐπι-

2455 1132 2681 1204 σκόπῳο
2727 1133 2940 1187 κελεύει
2978 1132 3072 1199 δὲ,
3099 1131 3189 1186 τὺν
3231 1131 3330 1204 μὲν
3383 1133 3567 1205 βωμὸν
3617 1133 4028 1206 ἀνατραπῆναι·

2453 1225 2590 1296 πρὸς
2616 1225 2674 1279 δὲ
2700 1224 2798 1297 τὴν
2826 1225 2955 1298 δρῦν
2983 1225 3497 1298 κατασκευασθῆναι
3523 1221 3672 1280 οἷκον
3717 1226 4029 1298 εὐκτήριον.

2465 1316 2689 1390 Ἑτέραν
2721 1318 2779 1372 δέ
2821 1317 3115 1390 ἐκκλησίαν
3142 1319 3202 1393 ἐν
3236 1317 3416 1372 Ἡλίου
3463 1318 3614 1373 πόλει
3653 1321 3754 1391 τῆς
3787 1319 4037 1389 Φοινίκης

2453 1408 3318 1482 κατασκευασθῆναιπροσέταξε,
3357 1409 3424 1464 δι’
3447 1408 3625 1464 αἰτίαν
3646 1409 3903 1481 τοιαύτην
3934 1427 3950 1442 ε
3979 1410 4030 1464 οι

2441 1500 2648 1570 ῖἮλίου
2683 1501 2914 1566 πολῖται,
2955 1500 3077 1556 τίνα
3118 1500 3404 1571 μὶνἐσχον
3441 1501 3502 1567 ἐξ
3535 1501 3709 1573 ἀρχῆς
3740 1500 4036 1574 νομοθέτην

2453 1594 2554 1648 οὐκ
2585 1593 2693 1666 ἔχω
2719 1596 2913 1657 εἰπεῖν,
2950 1597 3133 1658 ὁποῖος
3155 1589 3224 1666 ῆν
3248 1593 3308 1647 τὸ
3331 1589 3464 1666 ἦθος
3480 1600 3498 1626 δ
3518 1593 3656 1648 τὸδὲ
3688 1589 3818 1665 ἦθος
3844 1595 3909 1648 ἐκ
3935 1593 4036 1665 τῆς

2459 1681 2672 1748 πόλεως
2703 1685 2998 1740 δείκνυται.
3027 1685 3228 1750 Κοινὰς
3261 1685 3369 1757 γὰρ
3396 1681 3535 1740 εἶναι
3558 1687 3691 1759 παρ’
3722 1687 3905 1750 αὐτοῖς
3935 1685 4036 1751 τὰς

2455 1780 2717 1848 γυναῖκας
2773 1777 3037 1850 ἐγχώριος
3080 1778 3244 1850 νόμος
3296 1778 3534 1834 ἐκέλευε.
3586 1779 3697 1834 Καὶ
3717 1778 3804 1833 διὰ
3839 1777 4030 1844 τοῦτο,

767 1881 948 1923 mores
972 1869 1170 1927 civitas
1193 1872 1306 1942 ipsa
1333 1875 1467 1929 satis
1501 1876 1759 1932 ostendit.
1786 1876 1997 1948 Quippe
2035 1879 2180 1949 apud
2232 1879 2356 1936 illos
2390 1931 2428 1949 η
2457 1870 2550 1940 ἀμε

2252 1879 2356 1936 nos
2390 1931 2428 1949 ἢ
2457 1868 2735 1940 ἀμφίϐολα
2763 1864 2859 1938 μὲν
2889 1864 2965 1940 ἦν’
2987 1869 3119 1942 παρ’
3158 1870 3342 1939 αὐτοῖς
3368 1869 3439 1922 τὰ
3477 1870 3791 1940 τικτόμενα.
3827 1869 4033 1923 Γονέων

765 1954 855 2011 lex
889 1959 1067 2028 patria
1103 1961 1262 2031 jubet
1294 1956 1497 2020 uxores
1537 1969 1858 2024 communes
1891 1983 2032 2023 esse.
2060 1967 2241 2035 Quam
2282 1970 2354 2026 ob
2390 1931 2429 1986 Β
2457 1964 2548 2035 τάξ

2390 1931 2429 1986 Β
2457 1931 2568 2035 γάρ
2599 1963 2692 2017 καὶ
2721 1931 2925 2016 τέκνων
2946 1931 3169 2033 οὐδεμία
3198 1931 3465 2033 διάκρισις
3487 1957 3575 2034 ἦν.
3617 1931 3728 2025 ’ἑὰς
3752 1962 3808 2015 δὲ
3831 1961 4032 2033 παρθέ-

769 2060 989 2102 causam
1014 2050 1208 2107 incerti
1225 2053 1370 2123 apud
1395 2069 1489 2109 eos
1505 2062 1663 2110 erant
1688 2047 2184 2115 liberifParentum
2206 2060 2355 2116 enim
2457 2073 2547 2109 νῦν

2247 2060 2355 2115 nim
2457 2073 2581 2120 νους
2615 2057 2724 2119 τοῖς
2758 2054 3016 2126 παριοῦσι
3036 2055 3130 2124 ,(9)
3168 2053 3620 2125 ξένοις.παρεῖχον
3651 2053 4030 2125 πορνεύεσθαι.

769 2126 834 2193 ac
853 2139 1152 2197 liberorum
1176 2143 1328 2199 nulla
1353 2152 1470 2200 erat
1494 2133 1794 2203 distinctio.
1821 2148 2076 2221 Virgines
2096 2166 2229 2206 vero
2243 2151 2355 2206 .lio-
2426 2182 2431 2195 ι
2457 2150 2552 2203 Κα²

2248 2151 2355 2206 lio-
2426 2150 2566 2203 ιΚαὶ
2598 2147 2757 2202 τοῦτο
2803 2146 2863 2213 ἐξ
2893 2147 3122 2218 ἀρχαίου
3159 2146 3395 2218 κρατοῦν
3431 2147 3562 2218 παρ’
3613 2145 3795 2210 αὐτοῖς
3817 2170 3841 2207 ,ν
3871 2145 4031 2200 λῦσαι

769 2231 1004 2303 spitibus
1052 2237 1145 2306 qui
1183 2237 1250 2292 ad
1285 2221 1432 2308 ipsos
1457 2247 1740 2307 venerant,
1773 2245 2209 2314 constuprandas
2248 2251 2358 2322 tra-
2455 2244 2552 2296 ἐστι

2248 2251 2358 2322 tra-
2402 2237 2415 2273 ί
2455 2243 2772 2298 ἐσπούδασε.
2807 2241 2976 2319 Νρμῳ
3026 2241 3135 2312 γὰρ
3185 2239 3367 2322 σεμνῷ
3406 2241 3514 2294 τῶν
3556 2236 3797 2309 αἰσχρῶν
3828 2238 4031 2292 ἀνελὼν

769 2322 992 2379 debant.
1029 2325 1144 2381 Hoc
1186 2327 1524 2396 institutum,
1558 2331 1706 2400 quod
1749 2331 1820 2386 ab
1855 2333 2048 2388 ultima
2083 2315 2356 2391 vetustate
2453 2336 2513 2389 τὸ
2542 2356 2552 2407 ε

2245 2315 2356 2391 tate
2453 2336 2513 2389 τὸ
2542 2336 2730 2407 μῦσος,
2748 2335 2815 2389 τά
2833 2315 2963 2404 γένη
2996 2333 3163 2388 ἑαυτά
3191 2332 3571 2402 ἐπιγινώσκειν
3598 2331 4027 2403 παρεσκεύασεν.

769 2416 916 2486 apud
961 2418 1097 2474 illos.
1127 2419 1464 2487 obtinuerat,
1513 2422 1816 2493 imperator
1856 2425 2078 2482 abolere
2119 2427 2350 2484 studuit.
2465 2428 2552 2482 Ἐκ

2251 2429 2350 2484 uit.
2465 2427 2790 2499 Ἐκκλησίας
2816 2444 2874 2480 τε
2903 2426 3116 2490 κτίσας,
3151 2427 3245 2480 καὶ
3269 2426 3565 2480 ἐπίσκοπον
3593 2423 4031 2498 χειροτονηθῆναι

770 2505 1000 2566 Sublato
1024 2512 1171 2566 enim
1207 2528 1306 2583 per
1344 2515 1632 2572 honestam
1667 2517 1841 2588 legem
1874 2519 2198 2591 turpissima:
2219 2536 2353 2577 con-
2453 2536 2553 2592 παρ

2248 2536 2353 2576 on-
2453 2519 2849 2592 παρεσκεύασε,
2883 2519 2976 2573 καὶ
3005 2517 3208 2591 κλῆρον
3249 2519 3414 2591 ἱερόν.
3450 2518 3607 2572 Οῦτω
3634 2517 3703 2572 τὰ
3751 2517 4031 2572 Ἡλιουπο-

745 2602 1084 2693 δειιειυὰἰιιίε
1127 2604 1338 2678 flagitio
1359 2649 1373 2672 ,
1407 2607 1461 2662 id
1486 2607 1720 2678 perfecit
1741 2618 1802 2664 ut
1824 2611 2031 2681 seipsas
2055 2627 2353 2684 cognosce-

770 2703 892 2751 rent
918 2695 1162 2754 familiae.
1202 2699 1462 2758 Ecclesiis
1493 2709 1758 2772 praterea
1795 2703 2096 2770 aadiﬁcatis,
2135 2695 2371 2777 episeo?

770 2806 900 2864 pum
960 2793 1070 2851 illic
1131 2795 1410 2862 ordinari,
1455 2805 1512 2853 et
1564 2813 1782 2854 sacrum
1835 2799 2044 2855 clerum
2089 2801 2352 2857 constitui

769 2885 1000 2940 curavit.
1021 2885 1082 2942 In
1112 2887 1260 2942 hunc
1294 2887 1515 2943 modum
1552 2888 1851 2959 imperator
1901 2889 2352 2962 fieliopolitarum

769 2989 953 3032 mores
996 2991 1065 3031 ex
1117 2978 1369 3047 pessimis
1439 2979 1802 3037 modestiores
1854 2981 2112 3037 reddidit.
2173 2981 2347 3039 Simili

770 3068 983 3124 ratione
1037 3069 1326 3126 delubrum
1386 3072 1616 3129 Veneris
1683 3073 1738 3128 in
1791 3074 2029 3144 Aphacis
2071 3075 2138 3131 ad
2198 3092 2351 3132 mon.

772 3169 880 3214 tem
908 3160 1172 3217 Libanum
1199 3163 1516 3231 demolitus,
1543 3165 1778 3222 nefanda
1810 3183 1931 3237 qua:
1957 3167 2070 3222 illic
2095 3171 2352 3225 commit-

2453 2611 2613 2665 λιτῶν
2661 2611 2807 2665 κακὰ
2843 2610 3180 2684 μετριώτερα
3223 2612 3614 2682 ἀπειργάσατο.
3661 2609 4032 2683 Παραπλησίῳ

2452 2702 2508 2757 8*.
2541 2705 2728 2774 τρόπῳ
2755 2703 2848 2758 καὶ
2887 2703 3028 2757 τὸέν
3075 2701 3333 2773 Ἀφάκοις
3360 2702 3452 2756 τοῦ
3493 2703 3724 2774 Λιϐάνου
3761 2702 3901 2774 ἱερὸν
3932 2701 4033 2772 τῆς

2465 2794 2780 2867 Ἀφροδίτης
2826 2793 3096 2861 καθελὼν,
3130 2795 3229 2859 τὰς
3275 2797 3392 2849 ἐκεῖ
3434 2794 3761 2867 γιγνομένας
3808 2794 4032 2865 ἀναίδην

2451 2889 2841 2960 ἀῤῥητοποιῖας
2871 2887 3114 2958 ἐξέκοψε.
3163 2888 3228 2941 Τί
3257 2887 3300 2942 δ’
3331 2887 3397 2942 ἂν
3429 2889 3656 2960 εἴποιμι,
3685 2889 3830 2951 ὅπως
3859 2887 3948 2941 τὸν
3975 2888 4033 2941 ἐν

2453 2981 2672 3052 Κιλικία
2723 2976 3034 3033 Πυθωνικδν
3071 2980 3298 3052 ἐξήλασε
3324 2979 3576 3051 δαίμονα,
3605 2982 3694 3034 τὸν
3720 2978 3866 3034 οἶκον
3905 2981 3961 3033 ἐν
3987 2973 4033 3050 ᾦ

2452 3074 2802 3144 ἐνεφώλευεν,
2825 3078 2887 3129 ἐκ
2907 3073 3168 3146 θεμελίων
3188 3075 3566 3147 ἀνατραπῆναι
3589 3075 3869 3139 κελεύσαςς
3895 3074 4032 3127 Τοσ-

2451 3167 2606 3230 οὗτος
2636 3167 2691 3219 δὲ
2722 3162 2788 3237 ἦν
2819 3160 2846 3220 δ
2883 3166 2975 3220 τοῦ
3009 3165 3282 3236 βασιλέως
3318 3167 3446 3238 περὶ
3486 3166 3576 3219 τὸν
3607 3166 4032 3237 Χριστιανισμὸν

773 3253 1029 3309 tebantur
1055 3255 1254 3328 flagitia
1279 3258 1500 3328 penitus
1522 3261 1864 3330 exstirpavit.
1884 3259 2024 3327 Quid
2051 3277 2180 3317 vero
2206 3277 2354 3317 com-
2381 3287 2422 3344 ε
2457 3257 2553 3311 ττέο

2244 3277 2354 3317 om-
2381 3287 2422 3344 ε
2457 3257 2586 3311 πὲθο
2603 3277 2636 3316 ·,
2665 3257 2739 3320 ὡς
2762 3256 2854 3310 καὶ
2873 3254 3140 3327 Περσικοῦ
3174 3254 3458 3327 μέλλοντος
3482 3255 3743 3309 κινεῖσθαι
3763 3253 4027 3326 πολέμου,

771 3361 1091 3412 memorem,
1143 3351 1602 3420 quemadmodum
1645 3353 2006 3424 Pythonicum
2049 3354 2352 3412 daemonem

771 3438 830 3493 in
850 3437 1036 3495 Cilicia
1062 3440 1306 3512 fugavit,
1327 3443 1443 3499 aede
1467 3445 1524 3499 in
1555 3460 1663 3515 qua
1699 3446 1803 3502 iile-
1825 3445 2199 3515 delitescebat,
2227 3450 2353 3506 fun-

771 3531 920 3586 ditus
941 3533 1116 3587 everti
1147 3534 1339 3604 jnssa?
1365 3535 1573 3592 Tantus
1611 3551 1780 3607 porro
1803 3538 1858 3593 in
1896 3537 1988 3596 illo
2014 3548 2132 3596 erat
2152 3544 2356 3599 amoris

773 3624 938 3678 ardor
957 3639 1086 3696 erga
1106 3624 1312 3683 Christi
1339 3629 1684 3700 religionem,
1711 3639 1771 3686 ut
1794 3647 1918 3687 cum
1941 3633 2146 3689 bellum
2171 3624 2354 3691 Persi-

775 3733 911 3783 cum
928 3718 1260 3787 immineret,
1276 3721 1690 3779 tabernaculum
1717 3725 1784 3780 ad
1811 3727 1984 3782 instar
1998 3720 2262 3796 ecclesia,
2289 3747 2356 3786 ex
2410 3737 2412 3739 ’

774 3807 886 3881 49
902 3811 1067 3890 variis
1084 3811 1352 3884 pictisque
1369 3814 1502 3871 velis
1514 3815 1708 3871 conﬁci
1722 3818 1967 3889 jusserit,
1987 3819 2130 3874 sicut
2147 3821 2358 3894 Moyses

776 3903 906 3959 olim
923 3905 978 3959 in
995 3905 1290 3963 solitudine
1309 3907 1516 3964 fecerat
1542 3950 1557 3976 ,
1585 3917 1751 3981 atque
1778 3911 1913 3966 illud
1937 3927 2122 3968 secum
2147 3913 2356 3984 portari

683 4012 695 4044 .'
777 3997 1016 4052 voluerit
1032 4007 1127 4065 ,ut
1149 3999 1205 4054 in
1231 4000 1367 4056 locis
1387 4002 1552 4057 etiam
1577 4003 1966 4061 desertissimis
1988 4014 2239 4076 paratum
2263 4007 2358 4062 ha-

777 4089 937 4146 beret
973 4093 1294 4149 oratorium.
1335 4093 1444 4150 Sed
1487 4095 1690 4151 bellum
1733 4113 1801 4152 eo
1841 4098 2062 4168 quidem
2113 4106 2357 4170 tempore

777 4181 1011 4238 ulterius
1033 4198 1143 4238 non
1182 4185 1468 4254 processit.
1496 4186 1690 4242 Statim
1714 4189 1862 4243 enim
1896 4190 2225 4246 exstinctum
2251 4197 2354 4258 est,

777 4272 849 4328 ob
885 4283 1090 4329 metum
1123 4291 1284 4346 quem
1326 4277 1510 4334 Persis
1545 4279 1844 4350 imperator
1880 4283 2202 4339 incusserat.
2236 4285 2358 4342 Jam

778 4379 910 4419 vero
949 4358 1094 4436 quod
1136 4366 1190 4421 in
1234 4369 1538 4425 condendis
1582 4371 1748 4426 etiam
1795 4373 2027 4428 urbibus
2061 4376 2357 4445 plurimum

779 4455 946 4509 studii
969 4457 1233 4526 posuerit,
1251 4468 1305 4513 et
1322 4462 1782 4530 quemadmodum
1799 4479 1863 4518 ex
1881 4465 2205 4534 quibusdam
2225 4467 2359 4525 vicis

780 4549 1032 4607 civitates
1067 4552 1336 4620 effecerit,
1360 4561 1422 4608 ut
1453 4555 1762 4626 Drepanem
1788 4573 1855 4612 ex
1886 4559 2077 4614 matris
2113 4561 2354 4625 nomine,

780 4650 836 4697 et
857 4642 913 4696 in
934 4642 1219 4698 Palmstina
1241 4644 1619 4701 Constantiam
1636 4663 1704 4702 ex
1728 4647 1934 4704 sororis
1959 4665 2070 4705 sua:
2091 4651 2357 4706 vocabulo

781 4737 1085 4807 appellarit,
1127 4739 1570 4810 intempestivum
1604 4739 1844 4800 arbitror
1867 4741 1958 4797 hic
1993 4741 2219 4798 referre.
2247 4744 2358 4800 Ne»

782 4841 885 4893 que
907 4825 1055 4880 enim
1088 4827 1249 4882 nobis
1271 4829 1609 4898 propositum
1650 4839 1736 4887 est
1784 4847 1872 4887 res
1905 4841 2087 4903 gestas
2121 4833 2358 4904 impera-

783 4918 918 4972 toris
963 4934 1155 4974 omnes
1208 4935 1528 4986 recensere,
1573 4923 1669 4978 sed
1717 4938 1812 4979 eas
1858 4931 2067 4979 tantum
2124 4942 2245 4996 qua:
2289 4927 2358 4982 ad

779 5008 984 5067 Christi
1009 5013 1326 5084 religionem
1351 5016 1649 5086 pertinent,
1678 5024 1734 5072 et
1757 5002 2033 5088 praecipue
2055 5035 2175 5088 qua:
2214 5019 2358 5075 circa

778 5103 1039 5160 ecclesias
1071 5106 1439 5178 contigerunt.
1464 5107 1697 5165 Proinde
1725 5109 1982 5179 praeclara
2011 5109 2358 5180 imperatoris

679 5205 685 5211 ‘
779 5195 1054 5263 facinora,
1094 5199 1294 5270 quippe
1327 5216 1449 5272 qua:
1499 5201 1727 5256 alterius
1772 5201 1882 5256 sint
1925 5204 2264 5274 argumenti,
2302 5211 2360 5258 et

781 5290 1063 5360 proprium
1111 5307 1249 5362 opus
1289 5293 1624 5359 desiderent,
1665 5296 1789 5352 aliis
1836 5296 2109 5366 relinquo,
2157 5296 2251 5366 qui
2295 5311 2360 5351 ea

782 5383 1066 5438 commode
1105 5393 1334 5454 possunt
1362 5386 1724 5456 perscribere.
1751 5387 1863 5457 Ego
1890 5402 2042 5450 vero,
2066 5386 2111 5442 si
2135 5387 2358 5457 quidem

783 5473 1023 5530 Ecclesia
1040 5491 1236 5547 expers
1251 5479 1537 5534 seditionis
1551 5495 1615 5536 ac
1636 5480 1922 5535 discordiae
1936 5480 2347 5550 permansisset,

785 5562 898 5632 ipse.
921 5580 1137 5636 quoque
1159 5566 1378 5638 penitus
1400 5568 1803 5625 conticuissem.
1829 5567 2040 5639 Quippe
2065 5568 2157 5623 ubi
2182 5583 2349 5639 argu-

855 5683 900 5715 ’°
925 5681 1060 5740 Gen.
1091 5701 1238 5752 xviii,
1276 5685 1300 5740 l
1337 5702 1455 5758 sqq.

2457 3352 2869 3411 κατασκευάσας
2895 3351 3099 3422 σκηνὴν
3127 3352 3190 3404 ἐκ
3217 3348 3699 3415 ποικίλης-θοόνης,
3742 3348 4032 3418 ἐκκλησίας

2454 3446 2620 3500 τύπον
2667 3443 3070 3507 ἀποτελοῦσαν,
3121 3442 3310 3514 ὥσπερ
3347 3427 3589 3511 Μωῦσῆς
3619 3445 3676 3494 ἐν
3722 3444 3788 3512 τῇ
3842 3442 4033 3512 ἐρήμῳ

2459 3539 2771 3609 πεποιήκει,
2814 3538 2910 3592 καὶ⁹
2937 3535 3139 3606 ταύτην
3172 3533 3455 3608 φέρεσθαι,
3487 3535 3572 3587 ἵνα
3601 3533 3712 3604 ἔχοι
3749 3532 3889 3588 κατὰ
3909 3535 4032 3598 τοὺς

2457 3631 2824 3702 ἐρημοτάτους
2856 3628 3053 3692 τόπους
3081 3627 3366 3700 εὐκτήριον
3398 3625 3848 3697 ηὐτρεπισμένον.
3895 3625 4033 3678 Ἀλλ’

2456 3725 2516 3778 οὐ
2559 3723 2762 3796 προέϐη
2783 3723 2904 3776 τότε
2945 3723 2973 3775 ὁ
3004 3721 3256 3793 πόλεμος*
3304 3720 3440 3792 ἔφθη
3473 3720 3580 3793 γὰρ
3621 3719 3728 3774 δέει
3755 3719 3848 3772 τοῦ
3880 3717 4033 3790 βασιο

2456 3817 2592 3877 λέως
2644 3814 2952 3886 σϐεσθῆναι.
2988 3815 3106 3868 Ὅτι
3135 3813 3192 3868 δὲ
3241 3813 3334 3866 καὶ
3385 3812 3513 3884 περὶ
3552 3813 3613 3865 τὸ
3647 3809 3904 3894 ἀνορθοῦν
3938 3810 4035 3874 τὰς

2462 3909 2640 3972 πόλεις
2672 3907 2954 3971 σπουδαῖος
3002 3901 3071 3977 ἦν
3106 3896 3455 3976 δ’βασιλεῦς,
3509 3904 3605 3957 καὶ
3647 3905 3795 3968 ὅπως
3840 3902 4035 3976 κώμας

2460 4001 2676 4062 πολλὰς,
2702 4000 2883 4063 πόλεις
2902 3997 3202 4062 ἀπέδειξεν,
3224 3997 3300 4060 ώς
3315 3997 3413 4068 τὴν
3429 3996 3730 4069 Δρεπάνην,
3751 3996 4036 4067 ἐπώνυμον

2457 4090 2556 4161 τῆς
2595 4089 2820 4162 μητρὸς,
2854 4088 2950 4142 καὶ
2996 4090 3055 4141 ἐν
3115 4087 3451 4159 Παλαιστίνῃ
3498 4088 3900 4153 Κωνσταντίαν,
3949 4086 4034 4140 ἐπ’

2458 4183 2679 4254 ὀνόματι
2751 4180 2852 4252 τῆς
2925 4177 3117 4234 ἐαυτοῦ
3177 4179 3409 4249 ἀδελφῆς
3464 4179 3872 4243 Κωνσταντίας,
3937 4180 4035 4234 οὒκ

2459 4274 2712 4346 εῦκαιρον
2744 4272 2984 4345 ἠγοῦμαι
3026 4272 3279 4344 γράφειν.
3327 4273 3402 4325 Οὐ
3459 4272 3566 4342 γὰρ
3617 4271 3900 4343 πρόκειται
3939 4273 4037 4336 τὰς

2462 4367 2689 4438 πράξεις
2719 4364 2812 4419 τοῦ
2868 4363 3130 4436 βασιλέως
3178 4363 3449 4436 ἀριθμεῖν,
3485 4365 3564 4417 ὅτι
3620 4364 3694 4436 μὴ
3739 4366 3856 4419 ὅσαι
3902 4365 4037 4436 πρὸς

2460 4454 2890 4526 Χριστιανισμδν
2923 4453 3278 4526 ἀρμόζουσιν,
3299 4453 3412 4506 ἀλλ’
3432 4456 3552 4508 ὅσαι
3593 4456 3750 4524 μόνον
3783 4456 3908 4526 περὶ
3938 4458 4035 4519 τὰς

2461 4547 2756 4617 ἐκκλησίας
2783 4546 3047 4616 ἐγένοντο.
3097 4545 3189 4600 Διὸ
3213 4545 3281 4599 τὰ
3327 4547 3723 4618 κατορθώματα
3757 4547 3848 4601 τοῦ
3880 4548 4033 4618 βασι-

2389 4633 2596 4702 θλέως
2629 4628 2850 4710 ’ἐτέρας
2913 4637 3222 4703 ὑποθέσεως
3273 4639 3440 4703 ὄντα,
3501 4641 3635 4704 ιδίας
3691 4659 3750 4696 τε
3809 4642 4035 4713 δεόμενα

2457 4731 2858 4804 πραγματείας,
2901 4732 3105 4802 ἑτέροις
3150 4733 3370 4804 ἀφίημι,
3399 4735 3509 4796 τοῖς
3553 4733 3619 4787 τὰ
3650 4733 3872 4790 τοιαῦτα
3908 4751 4035 4804 συγ-

2456 4827 2687 4896 γράφειν
2729 4825 3068 4894 δυναμένοιςο
3123 4824 3235 4895 ἐγὼ
3282 4825 3361 4890 δέ,
3418 4829 3465 4880 εί
3517 4827 3614 4896 μὲν
3662 4827 3962 4897 ἀδιαίρετος
4001 4831 4032 4896 ἡ

2456 4916 2722 4988 ἐκκλησία
2775 4917 3113 4988 μεμενήκει,
3165 4917 3457 4982 καὶ,αὑτὸς
3488 4919 3714 4989 ἡσυχίαν
3768 4919 3832 4973 ἂν
3878 4915 4031 4990 ἦγον.

2461 5012 2634 5063 Ὀπου
2661 5010 2765 5080 γὰρ
2794 5009 3046 5074 ὑπόθεσις
3069 5009 3143 5082 μὴ
3160 5014 3384 5083 χορηγεῖ
3401 5011 3470 5064 τὰ
3487 5014 3765 5083 γινόμενα,
3787 5017 4032 5086 περιττὸς

2457 5105 2484 5156 ὁ
2505 5103 2678 5171 λέγων
2710 5103 2872 5159 ἐστίν.
2922 5103 3139 5174 Ἐπειδὴ
3170 5105 3226 5158 δὲ
3254 5106 3350 5176 τὴν
3383 5107 3746 5177 ἁποστολικὴν
3783 5107 3873 5160 τοῦ
3903 5109 4030 5177 Χρι·

2457 5195 2774 5267 στιανισμοῦ
2827 5197 3039 5261 πίστιν,
3097 5198 3131 5268 ἡ
3179 5198 3488 5271 διαλεκτικὴ
3537 5200 3631 5253 καὶ⁷
3683 5201 3811 5271 κενὴ
3850 5201 4031 5269 ἀπάτη

2459 5289 2704 5359 συνέχεεν
2727 5290 2782 5342 ἐν
2803 5277 2984 5359 ταῦτῷ
3010 5290 3101 5342 καὶ
3132 5291 3462 5363 διέσπειρεν,
3497 5292 3680 5363 ᾠήθην
3707 5293 3815 5346 δεῖν
3849 5296 4030 5363 γραφῇ

2458 5382 2628 5436 ταῦτα
2658 5382 3012 5454 παραδοῦναι,
3065 5385 3211 5448 ὅπως
3261 5385 3324 5438 ἂν
3374 5387 3448 5458 μὴ
3504 5389 3681 5457 ἁσανῆ
3713 5388 3930 5457 γένηται
3967 5388 4034 5440 τὰ

2460 5475 2600 5528 κατᾶ
2633 5476 2730 5540 τὰς
2775 5475 3068 5547 ἐκκλησίας
3099 5480 3385 5549 γενόμεναο
3411 5476 3466 5551 ’ἡ
3517 5480 3625 5550 γὰρ
3657 5480 3784 5550 περὶ
3831 5481 4033 5533 τούτων

2459 5567 2680 5637 γνῶσις,
2716 5569 2867 5642 παρὰ
2895 5570 2991 5641 μὲν
3019 5573 3128 5634 τοῖς
3172 5573 3383 5636 πολλοῖς
3435 5573 3527 5626 καὶ
3569 5574 3816 5626 εῦκλειαν
3858 5575 4028 5643 φέρειο

1899 5771 1905 5778 ’
1988 5791 2253 5864 VALESII
2294 5806 2845 5864 ANNOTATIONES.

861 5900 934 5980 (ρ)
969 5901 1210 5980 Τὰςγᾲρ
1255 5907 1585 5973 πιιρθένσυς
1617 5905 1735 5974 τοῖς
1759 5906 2034 5976 παροῦσι.
2087 5907 2243 5965 llu‘nc
2270 5909 2452 5964 locum
2491 5907 2644 5966 enicn

2270 5909 2452 5964 locum
2491 5907 2776 5966 emendari
2831 5923 2897 5963 ex
2921 5905 3107 5963 codice
3138 5906 3336 5963 Leonis
3389 5905 3593 5968 Allatii.
3642 5906 3857 5980 Reliqui
3887 5909 4028 5966 enim

790 5971 1008 6029 codices
1036 5976 1170 6031 nihil
1209 5985 1473 6052 mutant.~
