4514 6578
398 472 419 528 ί
430 471 500 530 ‘25

1402 475 1726 534 HISTORIA
1766 477 2321 535 ECCLESIASTICA.
2364 511 2432 520 --
2470 479 2600 535 LIB.
2645 481 2683 536 1.

3561 487 3664 544 126

395 613 428 650 α
443 594 555 647 ὒτδν
577 592 635 648 δὲ
657 593 750 649 τὸν
768 595 1126 666 ἐπιστάμενον
1153 595 1556 670 ἀσφαλέστερον
1582 601 1972 672 ἀπεργάζεται·
2008 611 2046 664 Λ
2080 618 2178 658 me]

1918 619 1972 656 ιι·
2008 611 2046 664 Λ
2080 601 2544 671 mentumdeest,
2594 602 2868 672 superﬂua
2918 595 3135 661 exsistit
3182 604 3418 662 dicentis
3464 607 3701 663 oratio.‘

394 687 633 743 διδάσκει
672 687 728 742 δὲ
765 688 878 759 HO)
939 688 1015 760 μὴ
1067 687 1412 756 σαλεύεσθαι,
1476 693 1809 763 κενοφωνίας
1833 693 1974 757 τινὸς

399 780 747 853 ἐμπεσούσης
775 783 842 837 ἐκ
867 781 1087 848 λέξεων.
1246 781 1250 785 ’

2081 695 2187 751 Sed
2202 695 2461 765 quoniam
2487 694 2666 749 inanis
2688 695 2992 752 disserendi
3015 698 3291 754 subtilitas
3335 707 3501 770 atque
3537 715 3664 754 vcr-

2079 787 2222 842 sutia
2266 788 2620 857 apostolicam
2635 787 2959 846 Christianae
2974 790 3255 861 religionis
3281 789 3442 846 ﬁdem
3472 790 3667 846 turba-

397 878 474 932 vit
511 877 672 932 simul
697 894 762 934 ac
793 877 1082 948 dissipavit
1111 921 1124 947 ,
1149 880 1457 937 litterarum
1479 883 1853 938 monumentis
1891 882 2006 938 hinc
2033 883 2338 939 mandanda
2381 901 2502 940 esse
2527 884 2680 950 duxi,
2719 901 2787 940 ne
2840 902 2928 941 res
2959 902 3082 956 quae
3111 886 3168 940 in
3195 886 3458 941 Eeclesiis
3499 893 3668 957 gesta:

397 975 524 1022 suat
554 1007 568 1033 ,
622 968 842 1024 silentio
868 969 1271 1027 oblitterentur.
1313 972 1636 1045 Hujusmodi
1666 973 1814 1028 enim
1862 988 2043 1027 rerum
2092 974 2287 1029 notitia
2327 982 2444 1029 tum
2480 974 2626 1046 apud
2665 975 2803 1030 alios
2852 976 3142 1030 maximam
3188 974 3408 1030 laudem
3469 977 3663 1047 atl‘ert,

397 1069 512 1114 tum
541 1061 720 1130 ipsum
745 1063 839 1134 qui
861 1079 926 1119 ea
947 1063 1210 1136 praeditus
1233 1066 1326 1133 sit,
1363 1067 1540 1122 multo
1561 1065 1732 1122 efﬁcit
1761 1067 2098 1134 cautiorem;
2123 1083 2224 1122 nec
2244 1045 2686 1135 ﬂuctuareisinit,
2717 1067 2811 1124 ubi
2848 1067 3064 1124 novitas
3088 1067 3338 1139 quasdam
3360 1045 3664 1124 dictionum
3736 1045 3739 1049 1

397 1149 671 1206 inciderit.

1000 1271 1251 1329 ΚΕΦΑΛ.
1283 1273 1382 1328 19'.

409 1361 547 1434 Τίνα
572 1364 796 1434 τρόπον
821 1364 918 1418 ἐπὶ
968 1364 1087 1419 τῶν
1131 1367 1364 1434 χρόνων
1403 1351 1770 1420 Κωνσταντίι
1787 1384 1880 1430 ου,
1914 1364 1987 1420 τὰ

507 1433 795 1503 ἐνδοτέρω
835 1435 978 1504 ἔθνη
1031 1433 1374 1491 mensor
1401 1435 1877 1506 ἐχριστιιὲνισαν.

425 1602 434 1606 _
473 1522 638 1606 ᾼῦθις
665 1523 759 1581 οὖν
795 1530 1190 1599 μνημονευτέον
1223 1528 1316 1584 καὶ
1347 1530 1494 1595 ὅπως
1527 1530 1617 1584 ἐπὶ
1641 1530 1750 1584 τῶν
1774 1529 1984 1600 καιρῶν

404 1618 500 1673 τοῦ
534 1618 797 1690 βασιλέως
819 1623 847 1674 ὁ
866 1622 1289 1693 Χριστιανισμὺς
1317 1622 1662 1676 ἐπλατύνετο
1691 1622 1985 1693 τηνικαῦτα

407 1711 515 1780 γὰρ
559 1711 734 1765 Ἰνδῶν
791 1729 851 1764 τε
895 1711 1006 1766 τῶν
1034 1713 1294 1786 ἐνδοτέρω
1329 1714 1422 1767 καὶ
1463 1712 1688 1784 Ἰϐήρων
1720 1712 1788 1770 τὰ
1835 1714 1984 1785 ἔθνη,

409 1802 544 1871 πρὸς
567 1801 629 1856 τὸ
659 1804 1045 1873 χριστιανίςειν
1096 1803 1366 1875 ἐλάμϐανε
1391 1804 1489 1876 τὴν
1529 1805 1722 1876 ἀρχήν.
1754 1805 1909 1869 Τίνος
1933 1805 1988 1858 δὲ

408 1889 594 1943 ἕνεκεν
637 1893 701 1959 τῇ
739 1891 1020 1962 προσθήκῃ
1063 1891 1184 1946 τῶν
1214 1893 1504 1961 ἐνδοτέρω
1536 1896 1872 1965 ἐχρησάμην,
1903 1895 1990 1949 διὰ

411 1981 656 2052 βραχέων
690 1983 819 2054 ἐρῶ.
861 1983 1050 2038 ἸΙνίκα
1107 1987 1154 2040 οἱ
1206 1986 1494 2039 ἀπῦστολοι
1547 1986 1731 2058 κλήρῳ
1776 1987 1872 2057 τὴν
1913 1989 1990 2050 είς

406 2073 477 2125 τὰ
527 2075 654 2142 ἔθνη
696 2075 920 2144 πορείαν
975 2075 1276 2143 ἐποιοῦντο,
1330 2077 1530 2147 Θωμᾶς
1568 2078 1667 2151 μὲν
1715 2078 1813 2148 τὴν
1844 2078 1990 2148 Πάρι
2023 2055 2060 2109 Β

410 2165 517 2219 θίων
578 2166 689 2237 (ii)
736 2167 1037 2239 ἀποστολὴν
1088 2168 1398 2239 ὑπεδέχετο·
1451 2169 1732 2232 Ματθαῖος
1787 2169 1843 2224 δὲ
1893 2168 1987 2241 τὴν

408 2257 711 2311 Αἰθιοπίαν
751 2257 1149 2330 Βαρθολομαῖος
1199 2260 1256 2313 δὲ
1315 2260 1609 2332 ἐκληροῦτο
1656 2260 1753 2331 τὴν
1787 2278 1990 2332 συνημ-

413 2351 580 2420 μένην
607 2350 778 2424 ταύτῃ
813 2350 1020 2404 Ἰνδίαν·
1059 2352 1154 2422 τὴν
1185 2351 1363 2422 μέντοι
1412 2352 1677 2422 ἐνδοτέρω
1716 2355 1920 2420 Ἰνδίαν,

412 2446 693 2513 προσοικεῖ
721 2442 1006 2516 βαρϐάρων
1039 2443 1165 2516 ἔθνη
1198 2444 1390 2512 πολλὰ,
1423 2446 1702 2517 διαφόροις
1729 2447 1990 2519 χρώμενα

411 2535 701 2604 γλώσσαις,
725 2535 845 2590 οὐδέ
879 2553 966 2590 πω
997 2537 1102 2608 πρὸ
1130 2536 1237 2605 τῶν
1285 2539 1690 2593 Κωνσταντίνου
1717 2542 1923 2612 χρόνων
1962 2544 1991 2596 ὁ

411 2629 507 2684 τοῦ
541 2629 966 2701 Χριστιανισμοῦ
1001 2629 1158 2698 λόγος
1181 2628 1434 2699 ὲςςὼτιζε.
1463 2632 1557 2695 Τίς
1586 2632 1641 2686 δὲ
1671 2635 1704 2705 ἡ
1728 2634 1874 2688 αἰτία
1898 2635 1989 2689 τοῦ

411 2725 505 2777 καὶ
564 2725 758 2788 αὐτοὺς
809 2723 1194 2797 χριστιανίσαι,
1253 2723 1347 2777 νῦν
1402 2724 1629 2797 ἔρχομαι
1661 2727 1988 2796 καταλέξων.

413 2817 682 2890 Μερόπιὸς
699 2837 782 2884 τις
815 2820 1122 2890 φιλόσοφος.
1169 2819 1246 2890 τῷ
1287 2819 1433 2888 γένει
1463 2822 1680 2894 Τύριος,
1714 2826 1991 2898 ἱστορῆσαι

409 2911 508 2980 τὴν
535 2911 708 2964 Ἰνδῶν
741 2911 926 2982 χώραν
957 2911 1241 2976 ἔσπευσεν,
1273 2910 1708 2983 ἁμιλλησάμενος
1736 2915 1870 2986 πρὸς
1895 2917 1987 2970 τὸν

414 3003 703 3072 φιλόσοφον
760 3004 1126 3076 Μητρόδωρον
1180 3006 1290 3078 (12)
1331 3013 1377 3071 ⁸,
1429 3008 1486 3070 ὂς
1549 3007 1654 3078 πρὸ
1700 3007 1861 3062 αὐτοῦ
1895 3010 1992 3080 τὴν

413 3097 590 3150 Ἰνδῶν
607 3095 793 3168 χώραν
821 3097 1123 3168 ἱστόρησεν.
1146 3100 1486 3174 Παραλαϐὼν
1509 3097 1600 3154 οὖν
1618 3101 1710 3154 δύο
1733 3102 1994 3170 παιδάρια

415 3189 655 3259 συγγενῆ
704 3190 731 3241 ὁ
777 3189 1077 3260 Μερὸπιος,
1127 3190 1444 3265 Ἑλληνικῆς
1493 3193 1592 3248 ούκ
1625 3193 1830 3264 ἄμοιρα
1882 3194 1995 3248 δια-

412 3283 623 3348 λέκτου,
658 3282 1070 3354 καταλαμϐάνει
1104 3286 1272 3359 πλοίῳ
1307 3288 1403 3360 τὴν
1433 3287 1631 3360 χώραν.
1683 3289 1993 3360 ’ἱστορήσας

2713 1276 2862 1332 CAP.
2888 1275 3030 1332 XIX.

2120 1367 2389 1436 Quomodo
2436 1365 2766 1440 Constantini
2811 1369 3129 1440 temporibus
3198 1367 3473 1421 interiores
3504 1364 3633 1425 Indi

2450 1439 2610 1508 ﬁdem
2656 1437 2847 1494 Christi
2895 1437 3125 1510 amplexi
3166 1446 3309 1491 sunt.

2150 1532 2269 1588 Jam
2296 1535 2427 1586 vero
2458 1531 2694 1601 qualiter
2720 1529 3027 1586 Christiana
3053 1530 3264 1601 religio,
3304 1529 3467 1601 hujus
3488 1527 3668 1598 imp‘e-

2085 1625 2285 1680 ratoris
2334 1623 2702 1694 temporibus,
2740 1623 2907 1678 latius
2946 1623 3241 1693 prepagata
3284 1622 3386 1686 sit,
3433 1636 3464 1674 a
3505 1619 3669 1676 nobis

2085 1716 2624 1773 commemorandum
2680 1723 2782 1770 est.
2841 1715 3171 1770 Interiorum
3215 1715 3362 1769 enim
3407 1711 3667 1768 Indorum

2087 1817 2276 1882 gentes
2309 1818 2363 1864 et
2405 1809 2548 1866 lberi
2579 1851 2592 1874 ,
2631 1808 2999 1865 Christianam
3033 1806 3202 1862 ﬁdem
3257 1814 3389 1860 tunc
3431 1803 3669 1875 primum

2088 1908 2466 1969 susceperunt.
2501 1899 2613 1954 Cur
2639 1915 2767 1954 vero
2833 1898 3106 1952 interiores
3133 1897 3386 1961 dixerim,
3427 1893 3672 1951 breviter

2087 1989 2391 2060 explicabo.
2447 1988 2583 2044 Cum
2630 1989 2862 2059 apostoli
2923 1988 3329 2058 praedicationis
3378 2001 3543 2041 causa
3602 1984 3672 2039 ad

2089 2091 2281 2153 gentes
2317 2081 2638 2152 profecturi,
2678 2097 2773 2136 eas
2814 2082 2959 2135 inter
3003 2096 3060 2135 se
3103 2079 3298 2134 sortito
3339 2077 3670 2137 dividerent,

2091 2171 2328 2226 Thomas
2366 2170 2588 2241 quidem
2625 2171 2882 2238 Parthia},
2906 2171 3191 2237 Matthaeus
3212 2186 3343 2227 vero
3378 2168 3672 2240 Ethiopiae

2090 2265 2456 2335 apostolatum
2501 2265 2727 2319 sortitus
2767 2272 2870 2319 est.
2919 2263 3315 2320 Bartholomaeo
3356 2261 3511 2317 India
3551 2277 3673 2332 qua:

2089 2357 2378 2430 [Ethiopize
2401 2356 2633 2412 conﬁnis
2654 2365 2759 2420 est,
2789 2355 3003 2428 obtigit.
3029 2355 3264 2411 Interior
3285 2363 3470 2412 autem
3492 2353 3670 2420 India,

2091 2466 2254 2521 quam
2278 2459 2469 2522 gentes
2495 2450 2748 2506 accolunt
2773 2450 3041 2520 plurimae,
3067 2448 3299 2502 diversis
3324 2453 3542 2506 utentes
3561 2445 3672 2501 lin-

2092 2542 2233 2611 guis,
2261 2549 2387 2596 ante
2412 2541 2762 2596 Constantini
2797 2547 3045 2610 tempora
3067 2538 3310 2594 nondum
3334 2535 3543 2593 Christi
3565 2534 3674 2592 ﬁde

2093 2637 2273 2690 fuerat
2306 2635 2598 2690 illustrata.
2624 2633 2797 2688 Porro
2821 2648 2940 2702 qua:
2983 2647 3144 2687 causa
3181 2646 3276 2686 eos
3303 2630 3582 2702 impulerit
3613 2637 3676 2684 ut

2091 2727 2458 2783 Christianam
2498 2725 2819 2801 religionem
2843 2725 3330 2795 amplecterentur,
3355 2723 3464 2796 jam
3489 2720 3675 2778 dicere

2091 2822 2396 2893 aggrediar.
2448 2821 2724 2892 Meropius
2766 2819 2989 2890 quidam
3043 2819 3424 2889 philOSOphus,
3473 2831 3675 2889 genere

2095 2916 2322 2988 Tyrius,
2365 2913 2629 2970 Indorum
2689 2914 2968 2984 regionem
3014 2912 3226 2968 visendi
3271 2912 3441 2984 gratia
3486 2919 3676 2982 petere

2093 3009 2343 3066 decrevit
2374 3027 2385 3062 :
2412 3008 2661 3079 exemplo
2692 3007 2987 3062 Metrodori
3021 3007 3332 3076 philosophi
3358 3005 3426 3061 ad
3461 3005 3514 3059 id
3539 3021 3673 3075 pro-

2095 3101 2444 3171 vocatus,qui
2466 3101 2571 3170 50
2587 3099 2835 3154 eamdem
2856 3099 3132 3169 regionem
3151 3099 3314 3169 paulo
3331 3105 3455 3166 ante
3469 3097 3676 3152 lustra-

2095 3203 2267 3251 verat.
2293 3193 2600 3263 Assumptis
2624 3192 2790 3263 igitur
2821 3191 3254 3262 duobuspueris,
3271 3173 3676 3246 necessitudine

2096 3288 2200 3343 sibi
2223 3284 2552 3358 conjunctis,
2579 3283 2673 3354 qui
2709 3282 2908 3353 lingua:
2926 3281 3126 3338 Grecae
3148 3296 3494 3352 nequaquam
3520 3289 3677 3348 erant

411 3392 470 3428 τε
496 3377 593 3428 ὅσα
625 3374 893 3440 ἐϐούλετο,
927 3379 1284 3449 προσορμίζει
1320 3381 1488 3454 χρεία
1520 3380 1627 3433 τῶν
1673 3380 1990 3452 ἐπιτηδείων
2025 3398 2066 3455 ο
2099 3379 2194 3450 ign:

1899 3381 1990 3436 ίων
2025 3398 2066 3455 ο
2099 3379 2292 3450 ignari,
2335 3375 2552 3446 navigio
2591 3375 2649 3430 in
2675 3389 2797 3430 eam
2838 3374 3118 3445 regionem
3160 3373 3395 3444 trajecit.
3430 3371 3675 3441 Cumque

415 3471 564 3540 τόπῳ
606 3469 799 3540 λιμένα
861 3469 1037 3540 ἔχοντι
1082 3473 1319 3545 ἀσφαλῆ.
1381 3473 1723 3546 Συμϐεϐήκει
1771 3474 1823 3526 δὲ
1871 3473 1988 3526 τότε

417 3563 551 3633 πρὸς
580 3563 756 3631 ὀλίγον
777 3563 912 3633 (15).
931 3563 1028 3627 τὰς
1050 3565 1280 3628 σπονδὰς
1299 3565 1642 3630 διεσπᾶσοαι,
1667 3565 1764 3628 τὰς
1788 3565 1988 3635 μεταξὺ

426 3655 713 3725 Ῥωμαίων
744 3673 802 3708 τε
833 3655 926 3708 καὶ
969 3656 1160 3708 Ἰνδῶν.
1187 3657 1543 3720 Συλλαϐὸντες
1567 3658 1621 3710 δὲ
1648 3657 1696 3709 οί
1727 3656 1874 3708 Ἰνδοὶ
1899 3657 1990 3708 τὸν

418 3750 702 3820 φιλόσοφον
725 3751 820 3804 καὶ
853 3751 980 3814 τοὺς
1007 3750 1403 3822 συμπλέοντας,
1426 3750 1562 3823 πλὴν
1593 3749 1702 3804 τῶν
1724 3750 1828 3804 ’δύο
1862 3767 1990 3820 συγ-

2095 3488 2159 3527 ea
2182 3485 2302 3541 qua:
2335 3469 2522 3524 videre
2565 3469 2814 3538 cupierat
2861 3465 3263 3537 contemplatus
3300 3474 3466 3529 esset,
3492 3480 3675 3520 rerum

2095 3579 2215 3634 qua:
2253 3561 2322 3616 ad
2346 3561 2551 3627 victum
2574 3557 2897 3614 necessaria:
2919 3565 3049 3612 sunt
3102 3557 3466 3627 parandarum
3489 3570 3674 3618 causa,

2096 3655 2164 3709 ad
2188 3655 2367 3709 locum
2390 3652 2680 3723 quemdam
2697 3651 2927 3721 appulit,
2949 3649 3003 3703 in
3026 3663 3134 3718 quo
3154 3656 3344 3718 portus
3362 3656 3482 3702 erat
3505 3653 3673 3700 tutus.

2098 3749 2258 3803 Forte
2283 3747 2587 3817 contigerat
2635 3751 2694 3799 ut
2735 3743 2916 3801 fwdus
2947 3743 3224 3800 Romanos
3260 3740 3404 3796 inter
3425 3747 3482 3796 et
3518 3739 3678 3800 Indos

1620 3928 1888 3986 VALESII
1928 3928 2478 4012 ANNO'I‘ATIONES.

491 4055 597 4126 (IO)
629 4052 897 4108 Διδάσκει
923 4055 1007 4108 δέ.
1047 4054 1238 4109 Melius
1269 4055 1605 4126 scriberetur
1635 4054 1874 4126 διδάσκει
1903 4071 1984 4119 τε,

422 4124 586 4196 quod
616 4126 744 4180 licet
774 4126 891 4182 leve
930 4126 1202 4190 videatur;
1236 4125 1545 4180 necessario
1574 4133 1753 4196 tamen
1797 4124 1990 4196 admo-

419 4195 658 4252 nendum
719 4204 822 4258 est,
855 4198 1076 4266 nequis
1123 4197 1284 4251 nobis
1323 4196 1510 4250 forsan
1539 4195 1764 4266 objiciat
1808 4195 1862 4250 id
1902 4196 1991 4250 l'u-

419 4269 562 4339 gisse
582 4267 923 4339 diligentiam
951 4276 1213 4322 nostram.

492 4339 602 4418 )
650 4336 1020 4418 Θωμᾶςημὲν
1048 4339 1161 4418 τὴν
1187 4337 1452 4418 Πςὶρθω-ν.
1481 4337 1619 4418 Vide
1650 4353 1771 4418 qua!
1809 4337 1994 4418 notavi

419 4409 487 4464 ad
523 4409 723 4463 librum
761 4425 816 4463 ιιι
864 4409 1118 4464 llistorise
1143 4410 1338 4464 eccles.
1373 4408 1618 4473 Eusebii,
1664 4408 1716 4461 in
1746 4419 1909 4477 caput
1941 4409 1986 4461 l.

419 4479 629 4546 Quibus
672 4479 811 4534 adde
844 4482 1024 4536 locum
1054 4480 1246 4533 incerti
1281 4479 1563 4548 scriptoris
1591 4495 1658 4534 ex
1685 4480 1918 4533 Homilia
1953 4479 1988 4532 2

419 4551 474 4605 in
503 4550 812 4605 Mattbazum
838 4569 851 4605 :
879 4551 1114 4619 Denique
1144 4567 1261 4604 cum
1285 4559 1398 4619 post
1425 4551 1852 4609 resurrectionem
1885 4550 1996 4604 Do-

422 4622 548 4693 mini
583 4621 802 4676 Thomas
827 4620 1093 4693 apostolus
1116 4622 1239 4675 isset
1264 4622 1327 4693 ing
1347 4621 1669 4693 provinciam
1701 4620 1873 4682 illam,
1905 4620 1998 4674 ad-

2090 4053 2398 4122 τρόδωρον.
2442 4050 2540 4104 llic
2572 4058 2656 4104 est
2699 4049 3043 4106 Metrodorus
3076 4051 3438 4122 philosophus
3459 4047 3679 4122 [cujus

2091 4119 2341 4179 meminit
2389 4122 2751 4193 Ilieronymus
2807 4122 2862 4175 in
2906 4119 3181 4177 Chronico
3214 4141 3225 4175 :
3256 4119 3350 4191 qui
3385 4138 3451 4175 ex
3488 4119 3676 4193 Indica

2092 4193 2533 4266 peregrinatione
2559 4189 2830 4266 reversus,
2848 4194 3047 4266 multas
3075 4189 3315 4263 gemmas
3333 4202 3495 4261 atque
3519 4189 3678 4266 unio-

2094 4263 2191 4321 nes
2223 4263 2424 4319 Obtulit
2449 4263 2837 4328 Constantino;
2875 4272 2930 4316 et
2982 4265 3086 4318 alia
3137 4266 3314 4334 plura,
3363 4279 3488 4334 quae
3521 4263 3680 4334 longe

2095 4338 2320 4406 majoris
2352 4335 2515 4405 pretii
2550 4344 2755 4406 essent,
2789 4352 2820 4389 a
2853 4336 3058 4404 Sapore
3087 4329 3678 4406 Persarum'regeksibi

2096 4404 2286 4476 erepta
2333 4404 2450 4461 esse
2495 4405 2775 4466 mentitus,
2811 4421 3030 4460 causam
3082 4406 3317 4474 przebuit
3370 4406 3513 4476 bello
3547 4404 3680 4476 Per-

2099 4473 2214 4532 sico
2255 4479 2294 4541 ι,
2343 4486 2400 4531 ιιι
2437 4486 2666 4530 testatur
2722 4476 3042 4530 Ammianus
3087 4473 3442 4531 lllarcellinus
3496 4475 3552 4529 in
3609 4473 3678 4527 li-

2104 4549 2204 4604 bro
2232 4564 2356 4601 xxv.
2393 4549 2546 4607 Vide,
2583 4549 2626 4601 si
2663 4548 2860 4617 placet,
2897 4564 3015 4616 qure
3042 4547 3152 4601 illic
3185 4548 3388 4601 notavi.

2177 4619 2287 4690 (15)
2323 4615 2678 4681 Συ,νιίξ’ξ·6ἰξκει
2723 4619 2789 4690 δὲ
2810 4689 2817 4690 7
2837 4615 2966 4671 τότε
2991 4618 3138 4684 πρε-ς
3162 4619 3386 4686 ὀλίγον.
3420 4615 3680 4690 Scriberi-

414 4692 584 4761 juucti
626 4702 749 4747 sunt
781 4694 826 4746 ei
851 4677 873 4757 ς’
901 4700 949 4745 et
993 4692 1244 4762 baptizati
1277 4677 1451 4755 ab'eo,
1481 4691 1609 4762 {acti
1636 4699 1757 4762 sunt
1787 4677 1998 4760 adjuto-
2029 4677 2072 4730 Ῑ)
2101 4677 2236 4762 dum
2257 4677 2480 4743 omnino
2519 4677 2612 4762 est,
2779 4689 2979 4762 ὀλίγον,
3029 4677 3203 4757 ἰιιιΞιιιι
3232 4677 3678 4762 emendationem

419 4778 500 4816 res
523 4762 914 4884 rradicationis
947 4761 1109 4817 illius.
1145 4763 1220 4816 De
1253 4762 1423 4830 magis
1465 4761 1696 4815 Persicis
1731 4762 1990 4830 loquitur.

492 4833 509 4884 l
548 4833 602 4884 2i
647 4833 1147 4884 Ἀωλλιισιὲιιενοι
1183 4832 1332 4884 πούς
1374 4831 1480 4884 τὸν
1504 4833 1840 4884 ςιιλόσοςεγ
1873 4837 1990 4884 .iln-

492 4831 602 4904 (I2)
647 4833 1152 4904 Ἀμιλλησιὶμενος
1183 4832 1332 4909 πρὸς
1374 4831 1480 4884 τὸν
1501 4833 1782 4902 φιλόσοφ,
1803 4850 1840 4908 ν
1873 4837 1922 4886 .31
1935 4852 1993 4900 ιι-

2102 4760 2389 4816 conﬁrmat
2445 4760 2614 4814 codex
2661 4757 2866 4824 All-atii,
2913 4760 2965 4813 in
2999 4776 3109 4829 quo
3139 4759 3402 4830 scriptum
3453 4765 3536 4812 est
3577 4757 3680 4833 πρὸ

2101 4833 2297 4902 ὀλίγον.

1872 4989 2168 5048 VAIlIORU

494 5128 516 5160 ³
580 5116 1097 5187 Ἀμιλλησάμενος
1143 5115 1294 5184 πρὸς
1333 5115 1440 5169 τὸν
1490 5117 1833 5187 φιλόσοφον
1870 5119 1994 5182 Μη-

424 5186 733 5257 τρόδωρον.
761 5187 900 5243 Cum
932 5188 1207 5257 Meropius
1243 5187 1444 5242 dicitur
1476 5186 1770 5240 Metrodori
1806 5202 1991 5240 exem-

423 5261 525 5340 plo_
545 5261 805 5340 invitatus
851 5258 920 5313 ad
964 5257 1826 5340 longinquamperegrinationem
1868 5272 1988 5337 sus-

424 5327 753 5400 cipiendam,
781 5330 890 5384 hoc
947 5327 1186 5384 minime
1211 5327 1624 5400 intelligendum
1650 5329 1716 5382 de
1751 5327 1992 5398 peregri-

424 5399 645 5456 natione
678 5401 858 5470 aliqua
880 5402 935 5454 in
957 5400 1312 5469 ZEthiopiam,
1339 5399 1546 5454 Indiam
1567 5410 1696 5453 tunc
1724 5409 1990 5460 vocatam,

426 5481 485 5524 ut
533 5487 817 5542 perperam
871 5473 1137 5542 intellexit
1176 5470 1552 5542 Ruﬁnusased
1592 5470 1995 5542 simpliciteret

427 5540 675 5597 absolute
704 5542 770 5596 de
798 5541 1238 5612 peregrinatione
1278 5542 1353 5612 ad
1373 5541 1561 5612 orbem
1601 5548 1868 5612 terrarum
1914 5540 1997 5612 lu-

426 5613 706 5667 strandum
741 5610 1008 5667 inStituta.
1047 5613 1191 5682 (Ant.
1233 5611 1360 5681 Pagi
1408 5611 1482 5664 ad
1507 5628 1632 5664 ann.
1677 5611 1872 5672 3‘27,n.
1908 5610 1990 5665 16.

430 5682 560 5738 Vide
579 5683 771 5808 1tétsiam
815 5685 1150 5739 Pearsonum
1186 5683 1382 5738 Vitulic.
1419 5683 1566 5753 epist.
1587 5682 1762 5752 Iguat.
1793 5689 1932 5751 part.
1956 5697 1994 5745 ι,

430 5769 547 5808 nam
687 5769 723 5808 .l
1397 5804 1400 5808 .

427 5769 547 5822 pag.
579 5769 723 5823 163.)
1397 5804 1400 5808 .

505 5828 518 5860 ι
559 5824 683 5878 litec
705 5822 807 5878 Sub
835 5823 1172 5888 Constantio,
1206 5840 1315 5879 non
1349 5839 1480 5877 vero
1510 5823 1612 5878 sub
1635 5822 1996 5878 Constantino

428 5895 710 5964 contigere
736 5913 748 5948 :
778 5912 878 5964 pax
928 5895 1073 5948 enim
1109 5897 1382 5949 lluiiianos
1413 5895 1553 5948 inter
1589 5902 1644 5948 et
1679 5894 1865 5947 I'ersas
1896 5908 1994 5946 an—

434 5983 504 6020 no
531 5967 632 6021 536
664 5974 850 6036 rupta,
873 5967 1157 6021 occasione
1193 5967 1561 6037 irruptionum
1617 5966 1904 6019 l’er:_:;u'mn
1943 5964 1995 6018 iu

2093 5117 2562 5187 Mesopotamiam,
2599 5124 2653 5172 et
2689 5117 2742 5170 in
2785 5117 3035 5187 regiones
3083 5113 3386 5187 orientales
3437 5111 3673 5187 imperii,

2095 5184 2386 5244 utdiserte
2438 5190 2637 5245 docent.
2687 5187 2956 5241 Eusebius
3006 5185 3059 5237 in
3115 5185 3237 5238 Vita
3293 5184 3675 5248 Constantini,

2094 5259 2192 5313 lib.
2230 5277 2300 5323 tv,
2339 5276 2456 5328 cap.
2507 5260 2595 5322 56,
2627 5269 2755 5318 cte.,
2793 5255 3092 5328 Eutropius
3117 5255 3169 5308 in
3200 5253 3460 5328 llisto_ria,
3491 5254 3676 5308 Victor

2095 5330 2164 5383 (le
2214 5326 2540 5393 Cmsaribus,
2576 5339 2629 5383 et
2677 5329 2849 5382 Ilul'us
2898 5328 2951 5382 in
3009 5327 3309 5380 Breviario.
3344 5326 3409 5379 Et
3461 5333 3674 5378 tantum

2095 5401 2250 5454 abest
2278 5411 2337 5455 ut
2369 5401 2542 5470 Sapor
2566 5402 2852 5455 Persarum
2880 5415 2974 5452 rex
2995 5406 3358 5470 acceptaimn
3378 5396 3672 5470 remiserit,

2095 5481 2149 5525 et
2177 5467 2539 5526 Constantino
2567 5488 2673 5525 non
2701 5470 2894 5523 fecerit
2926 5468 3077 5532 satis,
3109 5476 3168 5521 ut
3201 5467 3491 5529 Eusebius,
3521 5467 3679 5520 testis

2096 5545 2376 5607 oculatus,
2429 5544 2521 5612 qui
2572 5543 2627 5596 in
2674 5541 2774 5595 hac
2814 5556 2872 5594 re
2918 5539 3031 5612 falli
3080 5556 3209 5612 non
3243 5538 3439 5606 potuit,
3472 5538 3668 5607 prodat

2098 5615 2310 5675 Persas,
2343 5609 2627 5684 postquam
2659 5613 2714 5665 in
2740 5612 2981 5684 ditiones
3001 5609 3214 5678 imperii
3242 5612 3514 5684 irrupere.
3549 5624 3672 5663 cum

2095 5679 2455 5740 Constantino
2484 5679 2499 5683 ’
2525 5683 2781 5753 congredi
2831 5683 3184 5736 vehementer
3249 5679 3630 5753 reformidasse
3656 5717 3668 5741 ,

2097 5756 2280 5810 missis
2300 5756 2492 5825 legatis
2519 5750 2705 5826 pacem
2733 5755 2800 5826 ab
2830 5768 2896 5806 eo
2930 5753 3236 5826 postulasse
3260 5792 3273 5814 ,
3306 5759 3360 5804 et
3384 5750 3678 5826 imperato-

2099 5843 2212 5880 rem
2246 5820 2434 5890 paeem
2457 5820 2835 5879 et'amicitiam
2861 5820 2984 5876 eum
3011 5822 3092 5877 eis
3124 5821 3360 5878 libenter
3382 5820 3672 5892 pepigisse,

2099 5897 2246 5967 (λιιι.
2288 5896 2410 5968 l’agi
2437 5897 2502 5951 ad
2526 5897 2803 5958 annJZ-ﬂ'],
2847 5911 2900 5948 ιι.
2933 5893 3043 5964 18.)
