4514 6578
778 461 880 520 127

2228 445 2566 504 SOCRATIS

3942 441 4045 498 I28

762 580 922 652 paulo
941 584 1066 630 ante
1083 583 1453 643 rumperetur.
1469 570 1587 626 Indi
1606 570 1790 640 itaque
1809 575 1868 623 et
1880 563 2291 636 philosophum,
2306 577 2363 622 et
2395 581 2433 633 Α
2467 583 2545 632 γει

2263 577 2363 628 ι,οι
2395 581 2433 633 Α
2467 563 2637 632 γενῶν
2670 564 2992 635 παιδαρίων,
3024 564 3271 628 ἅπαντας
3298 560 3676 652 διεχρῄσαντο.
3701 560 3839 622 Τοὺς
3867 560 3925 613 δὲ
3951 561 4046 614 δύο

758 687 856 726 eos
868 667 1174 740 quieadem
1189 681 1327 720 nave
1343 664 1485 719 vecti
1501 677 1680 725 erant,
1694 659 2126 730 comprehensos
2146 673 2360 721 omnes,

759 762 1008 831 exceptis
1041 758 1259 813 duobus
1295 755 1486 826 pueris
1515 755 1635 823 ejus
1665 749 2114 821 consanguineis,
2146 746 2360 802 interﬁ-

761 851 937 905 ciunt.
961 849 1168 904 Pueros
1199 853 1381 900 autem
1408 843 1585 898 aeutis
1608 841 1783 912 gratia
1812 838 2082 902 miserati,
2101 835 2362 891 Indorum

763 941 874 1012 regi
893 940 1044 994 dono
1063 938 1399 992 obtulerunt.
1419 937 1533 997 Ille,
1552 947 1850 1004 puerorum
1871 939 2094 1001 aspectu
2123 927 2363 982 delecta-

764 1029 1425 1095 tus,alterum,1£desium
1442 1027 1686 1089 nomine,
1697 1025 2236 1095 pincernam'mensa':
2251 1033 2364 1072 suze

763 1125 1085 1188 constituit;
1113 1123 1347 1176 alterum
1367 1133 1518 1183 vero,
1538 1117 1626 1172 cui
1647 1131 1844 1170 nomen
1867 1109 2360 1170 eratFrumentius,

766 1217 1094 1272 scriniorum
1121 1228 1308 1268 curam
1335 1226 1530 1282 gerere
1568 1207 1848 1281 praecepit.
1873 1205 1993 1259 Non
2019 1205 2193 1258 multo
2233 1208 2364 1271 post

768 1319 1017 1378 tempore
1049 1323 1144 1360 rex
1177 1304 1440 1367 moriens,
1463 1302 1574 1356 ﬁllo
1605 1298 1899 1354 admodum
1922 1311 2097 1367 puero
2122 1302 2179 1349 et
2201 1293 2362 1347 uxori

769 1399 960 1452 relicta
984 1395 1334 1450 successione
1369 1391 1543 1462 regni,
1571 1391 1711 1444 duos
1738 1389 1861 1443 illos
1893 1387 2272 1442 adolescentes
2297 1384 2364 1437 Ii-

769 1490 983 1544 bertate
995 1488 1187 1542 donat.
1212 1485 1318 1540 Sed
1338 1485 1547 1555 rqina,
1571 1463 1691 1553 quae
1708 1475 1877 1534 ﬁlium
1899 1479 1954 1534 in
1978 1486 2167 1533 tenera
2183 1475 2365 1530 adhuc

768 1588 926 1634 aetate
943 1578 1268 1633 derelictum
1290 1575 1532 1637 videbat,
1550 1572 1790 1643 postulat
1809 1571 1878 1625 ab
1893 1567 2360 1630 adolescentibus,

772 1681 832 1724 ut
847 1671 966 1740 ejus
983 1684 1169 1722 curam
1185 1666 1453 1734 tantisper
1474 1663 1796 1734 suscipiant,
1811 1663 1986 1717 donec
1997 1660 2212 1716 virilem
2230 1659 2362 1716 atti-

771 1759 938 1830 gisset
953 1757 1299 1820 :etatemJlli,
1320 1755 1520 1825 regina:
1545 1753 2009 1822 obtemperantes,
2025 1748 2176 1819 regni
2202 1762 2366 1817 nego-

775 1851 847 1904 tia
883 1863 1180 1919 procurare
1221 1853 1533 1916 coeperunt.
1568 1843 1675 1898 Sed
1722 1857 1910 1897 rerum
1949 1854 2160 1894 summa
2192 1852 2364 1908 penes

2467 650 2677 712 παῖδας,
2719 647 2883 718 οἴκτῳ
2909 649 3007 718 τῆς
3054 647 3271 718 ἡλικίας
3315 643 3702 708 διασώσαντες,
3754 644 3929 712 δῶρον
3967 644 4047 713 τῷ

2479 741 2655 796 Ἰνδῶν
2708 740 2921 810 βασιλεῖ
2981 739 3461 810 προσκομίζουσιν.
3525 737 3584 789 '0
3636 737 3694 790 δὲ
3749 736 3932 804 ⁴ἡσθεὶς
3976 739 4044 806 τῇ

2466 835 2730 905 προσὰᾇει
2757 833 2865 887 τῶν
2911 833 3071 898 νέων,
3119 833 3218 886 ’ένα
3265 832 3362 902 μὲν
3417 830 3616 893 αὐτῶν,
3676 821 3722 895 ᾧ
3775 829 3949 897 ὄνομα
3976 823 4047 898 ἦν

2465 926 2726 990 Δίδέσιος,
2780 925 3016 996 οἰνοχόον
3061 927 3162 994 τῆς
3193 921 3357 976 αὑτοῦ
3399 922 3679 992 τραπέζης
3736 921 4044 990 καθίστησι·

2464 1018 2556 1070 τὸν
2585 1017 2641 1070 δὲ
2666 1018 2872 1088 ἕτερον,
2919 1016 3284 1089 Φουρμέντιος
3307 1015 3477 1085 ὄνομα
3529 1013 3698 1083 αὐτῷ,
3747 1013 3858 1066 τῶν
3893 1011 4048 1082 βασι-

2465 1108 2634 1162 λικῶν
2687 1108 3244 1179 γραμματοφυλάκιον
3307 1105 3621 1178 φροντίζειν
3689 1103 4044 1175 προσέταξεν.

2465 1202 2600 1255 Μετ’
2635 1201 2697 1254 ού
2721 1201 2853 1254 πολὺ
2888 1201 2946 1254 δέ
2977 1199 3244 1254 τελευτῶν
3275 1201 3302 1251 ὁ
3329 1198 3578 1269 βασιλεὺς
3603 1197 3698 1250 ἐπὶ
3723 1196 3825 1267 υἱῷ
3853 1195 4046 1267 κομιδῇ

2465 1294 2645 1365 νηπίῳ
2674 1296 2769 1348 καὶ
2793 1289 3034 1362 γυναικὶ,
3093 1291 3410 1362 ἐλευθέρους
3448 1291 3672 1354 τούτους
3697 1290 3942 1359 ἀφίησιν.
3985 1288 4048 1340 'H

2463 1388 2520 1442 δέ
2545 1387 2681 1458 γυνὴ
2703 1385 2798 1440 τοῦ
2826 1387 3112 1457 βασιλέως,
3166 1385 3280 1438 υἱὸν
3308 1385 3505 1454 ἔχουσα
3558 1381 4050 1453 καταλελειμμένον

2465 1465 2523 1530 ἐν
2553 1477 2735 1549 ἡλικίᾳ
2759 1478 2952 1548 μικρᾷ,
2977 1471 3131 1530 εἶπεν
3156 1475 3339 1538 αὐτοῖς
3362 1473 3618 1545 πρόνοιαν
3643 1471 3809 1526 αὑτοῦ
3833 1471 4052 1541 ποιήσα-

2467 1568 2611 1632 σθαι,
2638 1568 2796 1639 ἄχρις
2824 1561 2888 1620 οὗ
2943 1569 3022 1632 είς
3041 1567 3208 1639 ἄνδρα
3254 1567 3467 1638 τελέσῃ.
3526 1566 3850 1629 Πεισθέντες
3877 1562 3970 1620 οὖν
4001 1565 4052 1618 oi

2466 1659 2742 1712 νεανίσκοι
2764 1699 2780 1723 ,
2827 1659 3086 1730 πρόνοιαν
3142 1657 3424 1711 ποιοῦνται
3479 1657 3586 1712 τῶν
3631 1657 3728 1710 τοῦ
3789 1657 4052 1728 βασιλέως

2465 1751 2830 1821 πραγμάτων.
2865 1750 3229 1823 Φουρμέντιος
3268 1749 3326 1803 δὲ
3380 1745 3450 1821 ἦν
3502 1749 3735 1820 μάλιστα
3770 1750 3800 1802 δ
3836 1749 4052 1803 διοικῶν

2466 1842 2777 1912 σύμπαντα.
2800 1841 3001 1913 Ἔργον
3024 1841 3082 1894 δὲ
3108 1843 3361 1904 ἐποιεῖτο,
3382 1842 3508 1904 τοὺς
3539 1841 3936 1911 ἐπιδημοῦντας
3953 1841 4054 1911 τὴν

774 1939 1150 1994 Frumentlum
1167 1945 1307 1992 erat.
1326 1937 1424 1990 IIic
1445 1935 1608 2005 igitur
1628 1927 1903 1987 Romanos
1926 1938 2260 1987 mercatores
2277 1929 2369 1998 qui
2404 1935 2446 1993 Β
2472 1930 2557 2004 χὼ⁴

2277 1929 2369 1998 qui
2404 1935 2446 1993 Β
2472 1930 2658 2007 χώραν
2699 1931 3004 2002 Ῥωμαίους
3033 1930 3310 2001 ἐμπόρους
3343 1930 3524 2000 ζητεῖν
3544 1972 3560 1996 ,
3593 1930 3749 1983 εῖπου
3796 1931 3918 1984 τινὰ
3945 1930 4053 1984 τῶν

772 2032 828 2089 in
847 2031 936 2083 illa
953 2029 1170 2098 regione
1191 2037 1302 2080 tum
1320 2026 1573 2096 agebant,
1588 2024 1819 2078 sollicite
1852 2022 2020 2091 erepit
2045 2020 2368 2091 perquirere

773 2137 905 2175 nam
940 2120 1064 2188 quis
1102 2119 1243 2172 forte
1289 2119 1433 2172 inter
1471 2118 1593 2172 illos
1629 2114 1978 2169 Christianus
2005 2112 2365 2166 inveniretur.

772 2215 1022 2282 Cumque
1046 2212 1256 2281 aliquot
1284 2209 1603 2280 reperisset,
1623 2215 1674 2261 el
1695 2207 1946 2276 quisnam
1970 2214 2116 2260 esset
2143 2206 2257 2276 ipse
2276 2220 2372 2260 eos

773 2307 1075 2368 decuisset,
1101 2304 1356 2358 hortatus
1395 2309 1480 2355 est
1521 2309 1581 2354 ut
1608 2301 1821 2370 privata
1858 2298 1959 2352 sibi
2001 2298 2119 2353 loca
2162 2297 2369 2367 delige-

777 2409 921 2463 rcnt,
954 2399 1008 2452 in
1050 2398 1256 2468 quibus
1297 2395 1740 2451 Christianorum
1775 2408 1928 2447 more
1965 2391 2134 2446 Deum
2175 2406 2370 2460 preca-

777 2503 988 2548 rentur.
1013 2493 1150 2546 Dein
1174 2505 1432 2561 processu
1451 2487 1718 2557 temporis
1739 2484 2025 2539 ecclesiam
2041 2484 2328 2539 :ediﬁcavit
2349 2517 2368 2548 ,

777 2597 835 2642 et
860 2586 1124 2656 quosdam
1149 2601 1215 2639 ex
1239 2583 1388 2638 Indis
1412 2580 1738 2638 Christiana“:
1765 2578 1890 2634 ﬁdei
1918 2579 2244 2634 rudimentis
2266 2579 2370 2632 im-

776 2681 961 2742 butos,
989 2679 1181 2733 orandi
1207 2690 1371 2731 causa
1394 2690 1581 2730 secum
1607 2675 1662 2728 in
1684 2673 1971 2728 ecclesiam
2001 2673 2360 2728 induxerunt.

779 2772 970 2826 Postea
994 2783 1145 2830 vero,
1179 2781 1302 2821 cum
1339 2765 1486 2835 regis
1509 2779 1647 2834 puer
1684 2764 1752 2817 ad
1795 2762 2094 2833 perfectam
2135 2764 2375 2818 venisset

777 2857 1399 2922 mtatem,Frumentius,
1426 2855 1717 2925 resignatis
1742 2854 1792 2909 ei
1820 2855 1973 2925 regni
2000 2855 2232 2924 negotiis
2253 2871 2374 2924 qua:

779 2952 952 3022 probe
988 2949 1491 3010 administraverat,
1521 2946 1659 3016 petit
1697 2954 1756 3000 ut
1797 2945 1854 2999 in
1894 2945 2128 3015 patriam
2167 2947 2373 3002 reverti

779 3044 884 3097 sibi
908 3043 1130 3096 liceret.
1166 3041 1312 3110 Rege
1347 3047 1540 3093 contra
1574 3038 1802 3107 ejusque
1837 3045 2013 3092 matre
2054 3040 2376 3109 rogantibus

782 3141 846 3187 ut
881 3140 1150 3194 maneret,
1191 3146 1294 3186 nec
1322 3129 1807 3201 persuadentibus,
1848 3130 2149 3185 revisendze
2186 3133 2375 3200 patria:

782 3223 1064 3279 desiderio
1083 3231 1298 3292 captus,
1321 3238 1428 3276 una
1447 3237 1570 3276 cum
1595 3220 1820 3275 Edesio
1843 3221 2066 3276 domum
2091 3223 2273 3277 rediit.
2304 3224 2373 3278 Et

2470 2020 2950 2092 χριστιανιζόντων
3009 2020 3256 2091 ἐφεύροι.
3302 2021 3492 2093 Εύρὼν
3540 2021 3619 2086 δὲ,
3677 2023 3772 2075 καὶ
3816 2021 3883 2074 τὰ
3932 2020 4054 2073 καθ’

2471 2115 2663 2168 ἐαυτὸν
2691 2106 2979 2177 διδάσκων,
3031 2114 3332 2186 παρεκάλει
3369 2116 3566 2178 τόπους
3619 2113 4056 2182 καταλαμόἀνειν

2475 2208 2776 2272 ἰδιάζοντας
2803 2207 2917 2278 (IL)
2974 2208 3067 2260 ἐπὶ
3114 2207 3193 2277 τῷ
3243 2207 3343 2271 τὰς
3378 2206 3767 2279 Χριστιανικὰς
3819 2206 4057 2258 ἐκτελεῖν

2471 2299 2657 2369 εὐχάς.
2707 2298 3046 2371 Καταϐραχὺ
3097 2299 3154 2353 δὲ
3204 2299 3486 2370 προϊόντος
3544 2298 3637 2351 τοῦ
3680 2297 3906 2367 χρόνου,
3961 2296 4057 2348 καὶ

2478 2393 2765 2464 εὐκτήριον
2805 2391 3197 2457 κατεσκεύασε,
3231 2392 3324 2446 καί
3360 2409 3514 2456 τινας
3545 2391 3656 2444 τῶν
3693 2391 3866 2443 Ἰνδῶν
3923 2405 4057 2442 κατ-

2471 2486 2730 2557 ηχούντες
2765 2485 3121 2557 συνεύχεσθαι
3147 2485 3331 2548 αὐτοῖς
3355 2485 3771 2558 παρεσκεύασαν
3793 2523 3805 2537 .
3825 2484 3975 2537 Ἐπεὶ
4001 2483 4060 2536 δὲ

2472 2582 2501 2633 ὁ
2525 2579 2618 2632 τού
2655 2578 2920 2648 βασιλέως
2948 2582 3078 2642 παῖς
3128 2579 3228 2650 τῆς
3256 2579 3465 2642 τελείας
3513 2579 3728 2649 ἡλικίας
3777 2579 3972 2647 ἐπέϐη,
4008 2579 4058 2630 οἱ

2473 2671 2603 2743 περὶ
2626 2671 2718 2724 τὸν
2738 2671 3100 2743 Φουρμέντιον
3121 2671 3451 2742 παραδόντες
3465 2672 3532 2726 τὰ
3553 2671 3730 2736 καλῶς
3763 2672 3857 2724 ὑπ’
3879 2670 4060 2725 αὐτῶν

2473 2763 2818 2832 διοικηθέντα
2868 2764 3192 2836 πράγματα,
3227 2763 3515 2834 ᾖτουνέπὶ
3542 2764 3640 2835 τὴν
3673 2763 3883 2818 ἑαυτῶν
3919 2763 4057 2816 ἁπο-

2473 2855 2721 2926 χωρῆσαι
2750 2854 3011 2926 πατρίδα.
3045 2851 3152 2906 Τοῦ
3180 2853 3237 2906 δέ
3271 2852 3552 2923 βασιλέως,
3595 2855 3691 2908 καὶ
3736 2855 3836 2923 τῆς
3864 2851 4056 2907 ἑαυτοῦ

2477 2946 2682 3017 μητρὸς
2702 2945 2986 3016 ἐπιμένειν
3015 2944 3497 3017 παρακαλούντων,
3515 2947 3610 3000 καὶ
3632 2945 3708 3018 μὴ
3733 2945 4056 3007 πεισάντων,

2474 3036 2780 3109 ἀνεχώρουν
2804 3036 3072 3109 ἐπιθυμίᾳ
3116 3037 3219 3108 τῆς
3249 3039 3640 3110 ἐνεγκαμένης.
3681 3037 3924 3102 Δίδέσιος
3959 3037 4057 3107 μὲν

2473 3125 2566 3182 οὖν
2596 3129 2671 3191 ὡς
2700 3128 2794 3181 ἐπὶ
2822 3129 2920 3200 τὴν
2941 3129 3117 3200 Τύρον
3167 3129 3521 3196 ἐσπούδαζεν,
3561 3130 3824 3201 ὀψόμενος
3865 3129 4056 3198 γονέας

2419 3281 2439 3299 η
2475 3239 2533 3276 τε
2568 3221 2662 3274 καὶ
2716 3225 3021 3290 συγγενεῖς
3078 3223 3439 3294 Φουρμέντιος
3488 3222 3545 3276 δὲ
3592 3221 3914 3277 καταλαϐὼν
3958 3221 4057 3292 τὴν

779 3314 1038 3369 Αἰόρεὴιε
1059 3290 1280 3384 quidem
1309 3313 1513 3384 Tyrum
1546 3313 1811 3367 velociter
1841 3314 2148 3378 contendit,
2176 3323 2236 3368 ut
2270 3331 2367 3384 pa-
2399 3290 2441 3338 υ
2490 3313 2562 3365 Ἀ]

2273 3331 2367 3384 pa-
2399 3290 2441 3338 υ
2490 3311 2918 3384 ’Λλεξάνδρειαν,
2952 3310 3032 3384 τῷ
3054 3290 3340 3385 επισκδπῳ
3386 3313 3688 3386 ’Δθανασίῳ
3714 3314 3835 3367 τότε
3866 3290 4056 3366 νεωστὶ

784 3412 969 3460 rentes
1017 3413 1074 3461 et
1115 3412 1373 3475 cognatos
1426 3403 1539 3458 illic
1579 3405 1802 3458 viseret.
1846 3404 2196 3460 Frumentius
2244 3421 2372 3461 vero

2475 3405 2575 3476 τῆς
2591 3407 2896 3478 ἐπισκοπῆς
2911 3405 3197 3474 ἀξιωθέντι
3216 3407 3350 3478 (15),
3369 3407 3710 3480 ύπαναφέρει
3729 3403 3789 3460 τδ
3804 3406 4054 3477 πρᾶγμα,

1980 3591 2249 3647 V’ALESII
2287 3592 2730 3649 ANNOTATION
2737 3595 2838 3650 ES.

862 3679 973 3750 (ιιι)
1034 3679 1275 3750 Τόπους
1306 3682 1782 3750 καταλαμϐάνειν
1814 3681 2162 3749 ιδιὰζοντας.
2211 3686 2369 3741 IIunc

786 3749 968 3806 locum
995 3764 1103 3803 non
1128 3749 1890 3820 intellexeruntinterpretes.
1925 3751 2198 3809 Musculus
2220 3757 2368 3810 enim

788 3823 867 3876 sic
891 3821 1074 3882 vertit,
1112 3829 1168 3872 ut
1193 3822 1456 3892 separatis
1491 3823 1614 3874 locis
1641 3828 1936 3892 uterentur.
1972 3820 2370 3892 Christophor-

788 3907 958 3946 sonus
980 3905 1130 3952 vero,
1176 3900 1233 3942 ut
1281 3891 1392 3943 loca
1424 3893 1711 3960 separatim
1743 3891 1838 3943 sibi
1864 3903 2149 3944 sumerent.
2181 3891 2374 3947 Socra-

791 3971 874 4016 tes
901 3963 954 4014 in
991 3960 1095 4014 hoc
1137 3961 1314 4028 capite
1363 3962 1621 4015 Ruﬁnum
1656 3976 1794 4030 pene
1834 3960 1900 4014 ad
1931 3961 2161 4016 verbum
2199 3964 2373 4017 inter-

789 4040 1057 4101 pretatur.
1090 4030 1156 4101 Et
1191 4031 1422 4101 Ruﬁnus
1445 4032 1665 4100 quidem
1711 4031 1781 4084 ita
1809 4031 2039 4092 dixerat,
2074 4047 2286 4086 monere
2318 4043 2374 4086 ιιι

790 4099 1147 4170 conventicula
1175 4117 1267 4163 per
1293 4099 1404 4155 loca
1439 4099 1651 4170 singula
1678 4101 1930 4169 facerent.
1959 4101 2214 4158 Socrates
2245 4120 2376 4160 vero

789 4171 988 4232 τόπους
1013 4169 1314 4241 ίδιάζοντας
1338 4173 1570 4235 vocavit,
1597 4187 1717 4241 qua:
1741 4171 1973 4224 Ruﬁnus
2001 4171 2215 4228 dixerat
2246 4190 2379 4228 con-

790 4241 1086 4312 venticula.
1137 4240 1277 4312 Sunt
1329 4243 1475 4296 enim
1521 4240 1923 4312 conventicula,
1980 4245 2202 4312 proprie
2259 4245 2378 4299 loca

790 4310 1025 4380 privata,
1064 4311 1118 4364 in
1153 4311 1363 4379 quibus
1395 4313 1639 4366 collectae
1672 4311 1834 4375 ﬁunt;
1874 4319 1928 4364 et
1951 4311 2021 4364 ab
2047 4310 2155 4369 illis
2180 4315 2380 4368 distin-

791 4389 1033 4504 guuntur
1085 4381 1350 4462 circlesize,
1405 4398 1526 4464 quae
1557 4389 1687 4464 sunt
1731 4381 1935 4451 publici
1965 4382 2135 4452 juris,
2175 4400 2286 4439 non
2320 4385 2378 4439 in

831 4466 1037 4504 011111110
1070 4466 1390 4504 culusauam
1423 4462 1641 4504 ιπινιηι.

831 4453 1037 4522 ominio
1070 4453 1390 4520 cujusquam
1422 4453 1641 4522 privati.

866 4521 1001 4593 (liii
1055 4522 1386 4593 ’Allaraaim
1423 4521 1572 4576 τότε
1622 4525 1838 4579 νεωστὶ
1887 4525 1996 4593 τῆς
2036 4523 2380 4591 ἐπισκοπῆς

792 4590 1119 4654 ἁξιίυήέντι.
1149 4591 1294 4646 Idem
1329 4593 1404 4646 ait
1428 4593 1660 4648 Ruﬁnus
1696 4613 1708 4646 :
1739 4595 1867 4649 Tum
1889 4590 2010 4648 vero
2033 4590 2377 4654 Athanasius.

794 4677 917 4714 nam
945 4662 986 4734 is
1012 4677 1177 4730 nuper
1201 4663 1549 4734 sacerdotium
1577 4675 1902 4734 susceperat,
1927 4674 2033 4720 etc.
2061 4664 2166 4718 Sed
2191 4665 2234 4718 si
2266 4680 2380 4718 rem

793 4731 1473 4804 attentiusexpendamus,
1512 4733 1626 4787 haec
1668 4731 1796 4788 vera
1827 4751 1947 4790 esse
1983 4751 2091 4789 non
2125 4743 2374 4804 possunt.

794 4801 1314 4873 I'ltenilnrhleropius
1362 4803 1722 4873 philos0phus
1770 4805 1823 4858 in
1870 4805 2076 4859 Indiam
2106 4801 2382 4873 profectus

2470 3689 2594 3758 pius
2621 3728 2634 3751 ,
2673 3704 2798 3742 cum
2843 3687 3136 3742 Metrodori
3191 3683 3527 3758 exemplum
3558 3691 3783 3758 secutus
3849 3679 4054 3734 Indiam

2470 3753 2804 3827 perlustrare
2838 3774 3126 3827 aggressus
3159 3755 3250 3817 sit,
3283 3770 3391 3807 non
3424 3753 3528 3827 nisi
3566 3753 3775 3827 aliquot
3800 3758 3922 3827 post
3948 3766 4052 3827 _an-

2469 3821 2556 3897 nis
2587 3829 2728 3882 hanc
2757 3821 3260 3897 peregrinationem
3290 3825 3551 3897 suscepit.
3588 3821 3862 3877 Ponamus
3891 3821 4056 3897 igitur

2471 3891 2775 3964 Μονορίυηὶ
2820 3891 3125 3964 profectum
3159 3911 3278 3950 esse
3312 3895 3366 3947 in
3399 3891 3631 3964 Indiam,
3659 3907 3805 3946 anno
3830 3891 4057 3964 _natalis

2473 3912 2772 3964 meropium
2806 3912 3125 4017 Ξριὀιιξοιιηιι
3159 3912 3278 3950 esse
3312 3912 3366 3947 in
3400 3912 3610 3947 malam
3659 3912 3805 3946 anno
3860 3912 4057 3946 natans

2473 3965 2744 4020 Dominici
2842 3965 2930 4018 27.
2985 3965 3142 4018 Anno
3183 3963 3431 4032 sequenti
3463 3963 3676 4032 cumiin
3704 3961 3934 4030 patriam
3967 3977 4057 4014 re-

2472 4044 2805 4096 verteretur,
2837 4035 3056 4088 occisus
3081 4043 3167 4088 est
3189 4049 3218 4088 a
3247 4031 3512 4086 barbaris.
3546 4031 3800 4085 Edesius
3833 4046 3964 4086 vero
3994 4046 4058 4084 ac

2477 4105 2850 4168 Frumentius,
2878 4105 3061 4158 adhuc
3091 4104 3487 4165 adolescentes,
3529 4102 3699 4155 oblati
3733 4108 3861 4155 sunt
3891 4101 4056 4158 Indo-

2475 4191 2597 4229 rum
2632 4176 2742 4244 regi
2771 4193 2782 4227 :
2815 4184 2871 4229 et
2903 4175 3040 4229 alter
3064 4175 3326 4245 pincerna
3352 4172 3494 4241 regis
3515 4173 3711 4245 factus,
3739 4173 3880 4245 alter
3910 4172 4052 4245 scri-

2476 4246 2584 4300 niis
2612 4261 2674 4299 ac
2697 4241 3006 4299 rationibus
3029 4241 3357 4314 praepositus
3378 4251 3479 4298 est.
3515 4243 3572 4296 In
3606 4258 3717 4311 quo
3743 4241 4055 4314 ministerio

2477 4317 2638 4370 ambo
2665 4330 2836 4384 usque
2881 4315 2947 4369 ad
2979 4311 3189 4369 obitum
3231 4313 3373 4382 regis
3405 4321 3842 4384 permanserunt.
3879 4311 4056 4384 Pona-

2477 4402 2600 4440 mus
2633 4381 2799 4456 igitur
2833 4386 3128 4440 triennium
3175 4400 3272 4456 eos
3300 4381 3659 4456 inii‘nistrasse
3716 4382 3857 4456 regi.
3905 4381 4058 4436 Obiit

2515 4453 2675 4510 ostea
2721 4471 2816 4510 rex
2870 4456 3129 4510 Indorum
3158 4455 3352 4508 relicto
3379 4453 3491 4506 ﬁlio
3534 4453 3829 4508 admodum
3860 4466 4055 4521 puero.

2515 4473 2668 4510 05tea
2721 4473 2816 4510 rex
2873 4473 3129 4510 macrum
3158 4473 3352 4508 renuo
3379 4473 3491 4506 11110
3534 4473 3829 4508 aumoaum
3860 4473 4055 4521 puero.

2478 4473 2583 4581 ἔοι]
2626 4525 2810 4594 regina
2853 4525 3006 4595 pueri
3059 4534 3236 4579 mater
3305 4523 3620 4595 impetravit
3655 4523 3724 4577 ab
3745 4521 3970 4595 Edesio
3993 4539 4058 4577 ac

2479 4593 2796 4650 Frumentio
2856 4593 2914 4649 ut
2984 4603 3422 4665 procurationem
3471 4593 3620 4664 regni
3668 4593 4054 4665 susciperent,

2479 4667 2656 4720 donec
2682 4681 2818 4734 puer
2858 4666 2924 4719 ad
2967 4663 3262 4734 perfectam
3308 4663 3923 4732 aetatem’pervenisset.
3954 4663 4059 4734 De-

2479 4753 2602 4791 mus
2628 4733 2794 4806 igitur
2818 4733 3048 4804 puerum
3075 4745 3198 4789 octo
3230 4734 3451 4806 circiter
3479 4749 3652 4806 ann_os
3674 4741 3861 4806 natum
3887 4733 4057 4788 fuisse

2483 4816 2613 4860 tunc
2641 4804 2765 4860 cum
2801 4815 2954 4874 pater
2988 4806 3124 4860 abiit
3166 4821 3196 4859 e
3230 4804 3361 4858 vita.
3389 4804 3526 4859 Cum
3567 4804 3918 4858 Frumentius
3947 4818 4056 4856 non

793 4886 914 4924 esse
977 4871 1181 4952 dicitur
1231 4871 1481 4953 exemplo
1542 4871 1835 4929 Metrodori
1883 4871 2218 4998 philosoahi,
2283 4875 2376 4944 qui
2411 4887 2454 4944 ο
2482 4877 2584 4930 nisi
2620 4871 2920 4945 puero'jam
2954 4877 3142 4930 adulto
3164 4883 3219 4929 et
3246 4875 3429 4928 tutelae
3457 4889 3568 4928 suae
3598 4874 3742 4928 facto
3799 4889 4057 4928 reversus

795 4948 920 4994 ante
979 4941 1131 4994 illum
1175 4941 1380 4996 Indiam
1414 4945 1861 4998 nerlustraverat.
1898 4947 2062 4998 Atqui
2099 4985 2110 4998 .
2150 4945 2370 4998 etrodo-
2482 4947 2649 4998 fuerit
2697 4946 3100 4998 Alexandriam.
3133 4945 3355 4998 omnino
3403 4960 3625 4998 necesse
3656 4953 3741 4998 est
3773 4952 3834 4996 ut
3864 4944 4054 4998 decem

795 4948 920 4994 ante
954 4941 1131 5014 illum
1171 4941 1861 5014 Indiam'perlustraverat.
1884 4941 2062 5014 'Atqui
2098 4941 2370 4999 Metrodo-

795 5011 1272 5091 rusphilosophus
1329 5011 1435 5091 non
1482 5024 1606 5069 ante
1660 5031 1864 5069 annum
1913 5011 2126 5091 I_)oinini
2168 5016 2270 5069 525
2298 5032 2369 5091 ex

797 5080 978 5135 Indica
1016 5080 1453 5150 peregrinatione
1487 5100 1742 5139 reversus
1773 5095 1874 5139 est.
1920 5086 2194 5141 Reversus
2223 5086 2368 5140 enim

795 5167 860 5204 ex
893 5152 1065 5226 India,
1099 5152 1457 5210 Constantino
1491 5155 1620 5225 imp.
1656 5156 1856 5210 obtulit
1906 5173 2130 5211 munera
2184 5171 2305 5226 qum
2340 5172 2370 5210 a

797 5237 923 5290 rege
963 5223 1218 5276 Indorum
1253 5223 1652 5348 acceperam—ut
1701 5242 1864 5296 supra
1915 5227 2130 5289 notavi,
2180 5223 2374 5296 partim

797 5307 863 5344 ex
895 5293 1180 5347 Ammiano
1208 5294 1383 5348 Marce
1409 5296 1540 5348 lino.
1591 5298 1789 5348 nartim
1841 5313 1907 5348 ex
1938 5298 2170 5348 Cedreni
2207 5297 2374 5348 Chro-

795 5307 863 5371 ex
895 5293 1180 5371 Ammiano
1208 5293 1569 5371 Marcellino,__
1591 5293 1789 5371 partim
1812 5368 1820 5371 _
1841 5313 1907 5371 ex
1927 5293 2380 5371 Cedreni’Chro-

796 5363 940 5416 uico.
976 5363 1032 5417 Id
1066 5373 1352 5437 crgo_post
1393 5363 1725 5437 debellatum
1764 5367 2035 5421 Licinium
2083 5367 2380 5437 contigerit

798 5448 1017 5513 necesse
1044 5444 1147 5488 est.
1190 5433 1531 5513 'I_‘un(_:__cnim
1557 5436 1952 5513 Constantinus
1987 5433 2378 5513 Qrientisvim-

797 5505 1007 5581 perium
1048 5505 1276 5581 accepit.
1312 5506 1510 5581 ‘Victus
1532 5517 1720 5581 autem
1754 5523 1816 5561 ac
1845 5509 2150 5581 debellatus
2177 5516 2261 5581 est
2293 5507 2382 5561 Li-

797 5574 976 5628 cinius
1019 5589 1165 5628 anno
1195 5574 1400 5630 Christi
1448 5577 1552 5631 524
1595 5587 1850 5633 exeunte.
1886 5578 2004 5633 Jam
2047 5595 2182 5633 vero
2209 5577 2382 5633 Mero-

2482 4947 2649 5001 fuerit
2697 4944 3100 5009 Alexandriam,
3133 4945 3355 4998 omnino
3403 4960 3625 4998 necesse
3656 4953 3741 4999 est
3773 4952 3834 4996 ut
3864 4944 4054 5011 decem

2480 5019 2766 5070 minimum
2815 5032 2990 5071 annos
3039 5017 3190 5086 regni
3244 5015 3460 5084 negotia
3517 5015 3912 5086 procuraverit.
3942 5013 4055 5086 _Ita

2480 5087 2829 5142 Frumentius
2863 5087 3011 5142 circa
3045 5082 3248 5141 annum
3286 5082 3498 5139 Domini
3520 5082 3619 5138 3M
3661 5100 3912 5139 reversus
3933 5082 4056 5138 fue-

2480 5159 2552 5212 rit
2573 5156 2980 5221 Alexandriam,
3021 5173 3130 5226 quo
3174 5170 3319 5211 anno
3349 5155 3680 5210 Athanasius
3709 5171 3818 5209 non
3864 5169 4056 5208 recens

2478 5229 2654 5283 factus
2673 5235 2792 5282 erat
2815 5228 3126 5298 episcopus,
3162 5227 3256 5281 sed
3281 5226 3810 5298 quintumde’cimum
3845 5226 4055 5298 episcoj

2480 5309 2650 5369 patus
2696 5295 2899 5351 annum
2953 5295 3280 5352 excesserat.
3336 5299 3508 5369 Porro
3560 5313 3625 5350 ex
3677 5297 3763 5350 his
3792 5311 3914 5369 qua:
3944 5295 4054 5349 dixi

2481 5366 2793 5423 manifeste.
2817 5369 3116 5438 colligitur.
3167 5369 3309 5430 hanc
3353 5368 3608 5422 Indorum
3641 5366 4054 5438 conversionem

2482 5456 2579 5511 per
2604 5434 2982 5494 Frumentium
3019 5439 3216 5511 factam
3234 5446 3506 5511 regnante
3526 5437 3850 5511 Constantio
3877 5434 4054 5511 conti-

2483 5504 2659 5580 gisse,
2712 5524 2822 5580 non
2855 5516 3037 5564 autem
3071 5504 3377 5578 principatu
3408 5507 3773 5580 Constantini,
3823 5514 3882 5560 ut
3905 5504 4054 5560 Ruﬁ-

2485 5577 2589 5634 nus
2612 5590 2668 5634 ct
2694 5579 2783 5633 alii
2816 5595 2942 5634 eum
2977 5577 3267 5647 auctorem
3304 5579 3478 5634 secuti
3513 5577 3879 5648 prodiderunt
3907 5588 3954 5629 ιι.

2263 5738 2644 5794 VARIORUM.

872 5825 1201 5898 "_Valesium
1237 5845 1581 5898 summopere
1631 5831 1732 5884 hac
1773 5832 1825 5884 in
1869 5824 1926 5884 r’e
1953 5832 2367 5894 hallucinatum,

799 5902 854 5945 et
886 5893 1140 5953 Ruﬁnum
1195 5900 1372 5970 quoad
1409 5893 1485 5954 rei
1522 5911 1684 5972 gestae
1741 5911 1954 5972 tempus
1999 5919 2108 5958 non
2140 5893 2372 5969 errasse,

2481 5831 2638 5885 facile
2662 5839 2745 5884 est
2770 5830 3166 5885 demonstrare.
3195 5862 3262 5870 ——-
3285 5830 3630 5890 Athanasius,
3658 5829 3749 5898 qui
3779 5844 3944 5896 nuper
3968 5844 4048 5880 sa-

2487 5901 2772 5955 cerdotium
2807 5910 3127 5971 susceperat,
3169 5903 3296 5957 illuc
3330 5901 3706 5957 Frumcntium
3740 5899 4053 5971 episcopum
