4514 6578
809 466 901 524 ιπι

2246 449 2585 511 SOCRATiS
2613 477 2623 485 ·
3967 452 4069 510 1ῧί

808 584 967 655 Quod
997 552 1133 643 cum,
1152 585 1402 641 viderent
1436 581 1681 650 barbari,
1708 581 1827 654 ipsa
1862 577 1944 636 rei
1987 575 2232 633 novitate
2268 593 2393 649 per-
2420 585 2463 642 Α
2491 575 2587 631 τοῦ

2289 593 2393 637 ιοι-σ-
2420 585 2463 642 Α
2491 575 2587 631 τοῦ
2620 576 2997 650 πραττομένου
3029 574 3362 648 ἐθαύμαζον.
3397 571 3690 646 Συμϐαίνει
3709 574 3775 647 δὴ
3801 574 3895 630 τὸν
3926 574 4072 647 βασι·

810 672 949 730 culsi
981 681 1131 730 sunt.
1168 672 1332 729 Forte
1371 671 1574 729 accidit
1628 676 1695 727 ut
1735 669 1884 743 regis
1918 664 2066 722 illius
2096 664 2393 721 admodum

803 768 950 834 puer
974 764 1031 819 in
1056 763 1311 820 morbum
1333 762 1623 819 incideret.
1657 762 1799 817 Eum
1834 759 2047 832 regina,
2078 774 2148 815 ex
2169 766 2393 829 recepto

811 851 959 909 illius
981 853 1162 924 gentis
1182 869 1359 920 more,
1386 854 1456 910 ad
1488 854 1627 910 alias
1644 852 1909 927 mulieres
1935 850 2239 906 curandum
2261 849 2392 903 mit-

811 946 919 999 tit:
946 944 992 1000 si
1031 944 1182 1017 quod
1229 945 1371 1001 forte
1421 945 1602 1001 morbi
1648 942 1954 1000 remedium
2003 950 2249 1007 nossent,
2285 956 2395 997 usu

811 1035 934 1107 ipso
962 1036 1192 1094 edoetae.
1220 1036 1329 1095 Sed
1359 1052 1486 1094 cum
1518 1036 1991 1094 circumductusa
2020 1036 2233 1091 nutrice
2257 1050 2395 1105 puer

811 1128 1018 1186 nullam
1046 1144 1206 1200 opem
1233 1129 1306 1186 ab
1327 1129 1453 1186 aliis
1483 1129 1810 1186 mulieribus
1843 1127 2161 1199 reperisset,
2185 1134 2399 1199 postre-

810 1237 902 1279 mo
937 1222 1007 1279 ad
1042 1223 1336 1280 mulierem
1383 1221 2009 1293 captivam-deducitur.
2060 1220 2154 1276 illa
2204 1219 2396 1283 multis

811 1315 1143 1372 mulieribus
1178 1315 1574 1387 spectantibus,
1602 1315 1812 1383 nullum
1853 1314 2076 1386 quidem
2112 1311 2394 1391 corporale

811 1404 1119 1461 remedium
1143 1406 1425 1473 adhibuit,
1440 1407 1644 1477 quippe
1665 1406 2020 1476 quaavnullum
2047 1412 2232 1461 nosset
2251 1406 2397 1477 ejus-

814 1496 985 1552 modi.
1028 1495 1137 1553 Sed
1168 1505 1457 1570 acceptum
1497 1514 1753 1569 puerum,
1788 1497 1845 1553 in
1875 1498 2117 1570 stragulo
2147 1498 2295 1569 quod
2324 1514 2396 1554 ex

813 1587 940 1658 pilis
984 1579 1303 1644 contextum
1348 1589 1621 1656 habebat,
1661 1588 1977 1659 deponens;
2022 1589 2141 1644 haec
2182 1589 2396 1643 tantum

813 1680 1043 1748 protulit
1063 1680 1267 1740 verba:
1306 1679 1577 1746 Christus,
1618 1681 1714 1751 qui
1754 1681 1957 1736 multos
1987 1679 2220 1745 sanavit,
2245 1680 2426 1738 hunc.

814 1769 978 1823 etiam
1015 1770 1231 1826 sanabit
1264 1770 1549 1827 infantem.
1580 1772 1714 1826 Post
1753 1771 1870 1827 haec
1905 1770 2070 1825 verba
2110 1786 2235 1826 eum
2267 1786 2394 1826 ora-

817 1860 1019 1917 tionem
1046 1863 1285 1930 fecisset,
1308 1864 1516 1935 Deique
1539 1864 1802 1919 auxilium
1827 1863 2156 1935 invocasset,
2179 1880 2210 1920 e
2233 1864 2399 1919 vesti-

2493 667 2628 733 λέως
2663 662 2831 723 παῖδα
2861 669 3055 741 νήπιον
3086 669 3237 735 ὄντα,
3277 665 3559 747 ᾴρῤωστίᾳ
3591 669 3927 739 περιπεσεῖν.
3962 668 4073 721 Καὶ

2493 758 2605 818 {est
2633 762 2739 815 τινὶ
2785 762 3073 839 ἐγχωρίῳ,
3106 760 3260 834 παρὰ
3292 760 3395 821 τὰς
3419 757 3583 824 ἄλλας
3611 763 3875 829 γυναῖκας
3910 762 3945 834 ἠ
3978 759 4072 827 τοῦ

2496 850 2760 923 βασιλέως
2783 854 2931 926 γυνὴ·
2956 852 3287 926 ἐπεμπι,τὸν
3316 852 3482 906 παῖδα
3512 852 4070 925 θεραπευθησόμενον,

2494 946 2648 1000 εἵπου
2678 964 2734 1000 τι
2763 945 3016 1018 βοήθημα
3044 947 3182 1019 πρὸς
3206 947 3306 1019 τὴν
3330 948 3483 1002 νόσον
3511 947 3579 999 ἐκ
3599 946 3796 1018 πείρας
3821 946 4076 1001 ἐπίσταν-

2493 1053 2603 1092 ται.
2644 1037 2733 1102 Ὠς
2760 1038 2819 1092 δέ
2855 1038 3175 1111 περιαχθεὶς
3196 1040 3224 1092 6
3260 1041 3395 1104 παῖς
3422 1039 3528 1092 ὑπὸ
3558 1041 3657 1109 τῆς
3682 1037 3905 1109 τροφοῦ,
3938 1038 4073 1109 παρ’

2492 1131 2752 1203 οὐδεμιᾶς
2791 1131 2903 1187 τῶν
2929 1130 3207 1201 γυναικῶν
3252 1132 3552 1203 θεραπείας
3595 1130 3880 1201 ἐτύγχανε,
3922 1130 4075 1195 τέλος

2493 1212 2686 1293 ἄγεται
2732 1223 2871 1295 πρὸς
2915 1222 3015 1295 τὴν
3044 1222 3411 1295 αἰχμάλωτον.
3455 1222 3517 1276 'll
3552 1207 3642 1285 δέ,
3672 1223 3767 1276 ἐπὶ
3801 1222 4075 1295 παρουσίᾳ

2497 1314 2706 1371 πολλῶν
2735 1314 3045 1385 γυναικῶν,
3084 1314 3270 1369 ὑλικὸν
3316 1316 3416 1387 μὲν
3443 1314 3697 1387 βοήθημα
3738 1315 4091 1388 προσέφερεν

2494 1408 2678 1462 οὐδέν·
2711 1407 2831 1462 οὐδὲ
2874 1408 2984 1480 γὰρ
3016 1407 3303 1478 ἠπίστατο.
3357 1406 3633 1479 Δεξαμένη
3677 1407 3733 1460 δέ
3765 1407 3858 1462 τὸν
3886 1408 4072 1470 παῖδα,
4170 1424 4173 1429 ·

2496 1502 2587 1554 καὶ
2636 1501 2717 1564 εἰς
2754 1499 2819 1553 τὸ
2865 1501 2931 1553 ἐκ
2970 1499 3177 1571 τριχῶν
3215 1498 3526 1570 ὑφασμένον
3557 1499 3696 1571 αὐτῇ
3732 1497 4077 1570 στρωμάτων

2495 1591 2853 1659 ἀνακλίνασα,
2879 1592 3038 1660 λόγον
3067 1587 3219 1645 εἶπεν
3243 1591 3476 1645 ἁπλοῦν·
3515 1591 3575 1645 '0
3608 1592 3650 1643 Χ
3660 1590 3863 1662 ριστὸς,
3887 1591 4073 1661 φησιν,

2495 1688 2523 1739 6
2561 1686 2791 1750 πολλοὺς
2842 1685 3155 1755 ἰασάμενος,
3195 1685 3292 1738 καὶ
3325 1675 3488 1737 τοῦτο
3517 1683 3580 1737 τὸ
3614 1682 3811 1755 βρέφος
3842 1682 4072 1738 ἰάσεται.
4118 1742 4121 1747 ,

2511 1777 2922 1850 Ἑπευξαμένης
2952 1788 3012 1831 τε
3058 1777 3152 1829 ἐπὶ
3188 1776 3270 1847 τῷ
3296 1776 3439 1849 λόγῳ
3478 1776 3671 1848 τούτῳ,
3700 1777 3795 1831 καὶ
3826 1777 4078 1831 ἐπικαλε-

2500 1870 2739 1942 σαμένης
2767 1868 2924 1933 Θεὸν,
2968 1871 3306 1941 παραχρῆμα
3334 1870 3362 1922 ὁ
3390 1870 3521 1933 παῖς
3557 1868 3957 1939 ἀνερρώννυτο,
3982 1870 4077 1924 καὶ

816 1952 904 2021 gio
926 1955 1255 2010 sanatusest'
1277 1971 1435 2027 puer,
1460 1964 1517 2012 ct
1539 1956 1593 2011 in
1617 1965 2076 2027 posterumrecte
2102 1972 2159 2012 se
2181 1956 2393 2017 habuit.
2426 1965 2470 2018 Β
2497 1958 2599 2034 εἴχπ

2295 1956 2393 2013 uit.
2426 1965 2470 2018 ll
2497 1958 2641 2034 εἶχεν
2668 1961 2729 2026 ἐξ
2755 1959 2964 2017 ἐκείνου
2993 1958 3196 2023 καλῶς.
3233 1960 3397 2030 Φήμη
3422 1976 3482 2011 τε
3510 1958 3758 2013 ἐντεῦθεν
3802 1958 3905 2023 τὰς
3935 1959 4075 2032 Bap-

817 2043 982 2099 Fama
1013 2046 1212 2102 exinde
1250 2048 1319 2103 ad
1344 2049 1582 2119 reliquas
1626 2049 1986 2104 barbarorum
2027 2050 2306 2116 mulieres,
2340 2057 2398 2104 et

817 2135 882 2189 ad
915 2136 1087 2207 ipsam
1112 2154 1285 2209 usque
1308 2141 1552 2211 reginam
1578 2142 1830 2212 pervenit
1856 2160 1868 2195 :
1897 2146 2207 2212 nomenque
2230 2142 2398 2214 capti-

816 2241 899 2282 vae
924 2228 1194 2287 illustrius
1216 2234 1443 2288 exstitit.
1463 2234 1574 2289 Nec
1597 2234 1769 2289 multo
1791 2241 1911 2305 post
1936 2234 2050 2305 ipsa
2072 2250 2288 2305 quoque
2305 2250 2397 2290 rc-

817 2320 943 2391 gina
965 2322 1021 2377 in
1044 2324 1296 2380 morbum
1324 2325 1564 2398 delapsa,
1591 2327 1878 2382 mulierem
1913 2310 2183 2397 captivam
2217 2340 2401 2384 accer-

818 2413 911 2467 sit.
951 2411 1083 2480 Quae
1117 2432 1243 2472 cum
1283 2432 1399 2489 pra:
1438 2418 1647 2490 pudore
1689 2435 1754 2475 ac
1792 2420 2060 2476 modestia
2096 2418 2395 2489 recusaret,

818 2504 943 2575 ipsa,
978 2508 1047 2562 ad
1096 2508 1243 2565 illam
1287 2511 1473 2582 regina
1518 2512 1782 2569 defertur.
1827 2514 1923 2570 llla
1959 2530 2125 2581 vero,
2175 2531 2296 2586 qum
2342 2516 2397 2570 in

819 2612 993 2667 puero
1028 2608 1187 2657 antea
1227 2602 1451 2669 fecerat,
1476 2604 1665 2659 eadem
1702 2613 1757 2661 et
1793 2607 1885 2661 hic
1917 2605 2064 2663 facit.
2096 2607 2397 2678 Statimque

820 2689 1009 2760 regina
1041 2693 1320 2749 cenvaluit
1358 2709 1424 2750 ex
1460 2697 1674 2763 morbo,
1699 2706 1754 2753 et
1790 2698 2006 2754 mulieri
2036 2700 2239 2771 gratias
2264 2699 2395 2772 egit.

820 2779 890 2835 At
935 2781 1060 2848 illa,
1109 2784 1231 2840 Non
1273 2794 1491 2854 meum,
1538 2790 1749 2860 inquit,
1793 2801 1878 2847 est
1922 2792 2029 2848 hoc
2071 2810 2244 2865 opus;
2302 2794 2396 2851 sed

820 2871 1043 2939 Christi,
1076 2878 1169 2948 qui
1198 2879 1369 2935 Filius
1407 2890 1490 2936 est
1527 2883 1622 2937 Dei
1655 2884 1957 2941 conditoris
1990 2887 2153 2957 hujus
2185 2888 2396 2943 mundi.

822 2966 1087 3024 Hortatur
1128 2986 1260 3043 ergo
1298 2981 1361 3028 ut
1403 2974 1555 3029 ilium
1602 2975 1840 3043 invocet,
1882 2994 2185 3050 verumque
2227 2980 2399 3036 Deum

823 3068 1099 3128 agnoscat.
1126 3062 1297 3117 Porro
1319 3063 1603 3127 lbcrorum
1631 3082 1724 3121 rex
1749 3076 1855 3139 tam
1884 3068 2077 3123 subita:
2102 3069 2401 3125 curationis

822 3150 1089 3208 miraculo
1139 3154 1588 3226 obstupefactus,
1629 3168 1984 3229 percontatus
2034 3161 2287 3232 quisnam
2346 3161 2401 3216 id

2498 2053 2684 2124 ϐάρων
2728 2054 3026 2122 γυναῖκας,
3077 2052 3173 2105 καὶ
3203 2050 3373 2123 αὐτὴν
3417 2049 3517 2121 τὴν
3551 2049 3648 2103 τοῦ
3697 2046 3961 2121 βασιλέως
3993 2053 4075 2105 δι-

2499 2145 2685 2217 έτρεχε
2704 2160 2719 2175 ο
2754 2143 2848 2199 καὶ
2879 2142 3233 2216 φανερωτέρα
3262 2145 3295 2214 ἡ
3319 2143 3674 2215 αἰχμάλωτος·
3689 2145 3915 2215 ἐγίνετο.
3941 2147 4074 2200 Μετ’

2504 2240 2565 2294 οὐ
2589 2239 2722 2293 πολὺ
2755 2239 2813 2292 δὲ
2848 2239 2943 2293 καὶ
2968 2239 3003 2310 ἠ
3033 2236 3128 2292 τοῦ
3163 2236 3428 2309 βασιλέως
3457 2238 3595 2309 γυνὴ
3621 2237 3900 2311 ἀρρωστίᾳ
3920 2248 4078 2309 περιο

2499 2333 2761 2397 πεσοῦσα,
2784 2332 2884 2404 τὴν
2902 2332 3247 2404 αἰχμάλωτον
3284 2334 3519 2401 γυναῖκα
3542 2332 3939 2402 μετεπέμπετο.
3965 2333 4075 2403 Τῆς

2503 2420 2560 2479 δὲ
2599 2425 3105 2499 παραιτησαμένης,
3142 2423 3542 2496 μετριαζοὺσης
3567 2441 3625 2480 τε
3642 2425 3698 2477 ἐν
3728 2428 3839 2488 τοῖς
3868 2424 4074 2498 ἧθεσιν,

2499 2518 2636 2590 αὑτὴ
2667 2518 2891 2590 φέρεται
2922 2516 3053 2590 mp‘
3084 2518 3275 2587 αὑτήν.
3308 2518 3459 2570 Ποιεί
3487 2517 3543 2571 δέ
3574 2519 3607 2588 ἡ
3645 2516 4006 2588 αἰχμάλωτος,
4040 2515 4078 2571 ἃ

2501 2616 2594 2673 καὶ
2625 2616 2714 2667 ἐπὶ
2748 2613 2841 2667 τοῦ
2875 2612 3060 2676 παιδὸς
3101 2611 3391 2685 πεποιήκει
3418 2610 3703 2683 πρότερον.
3732 2611 4077 2681 Παραχρῆμα

2500 2710 2587 2773 δὲ,
2619 2711 2652 2781 ἡ
2685 2707 2914 2762 νοσοῦσα
2943 2704 3224 2780 ἐρρώσθη,
3258 2704 3351 2758 καὶ
3382 2702 3700 2775 ηὑχαρίστει
3740 2704 3805 2772 τῇ
3836 2701 4076 2771 γυναικί.

2512 2802 2576 2855 ’Ῑί
2604 2801 2678 2864 δέ,
2716 2800 2827 2853 Οὐκ
2870 2799 3019 2870 ἐμὸν,
3064 2796 3189 2865 ἔτη.
3238 2796 3298 2850 τὸ
3350 2796 3529 2867 ἔργον,
3562 2794 3698 2848 ἀλλὰ
3728 2792 3986 2866 Χριστοῦ,
4020 2793 4077 2858 ὃς

2501 2894 2628 2958 Υἱός
2651 2896 2764 2945 ἐστι
2787 2890 2880 2945 τοῦ
2910 2889 3068 2957 Θεοῦ,
3098 2889 3192 2943 τοῦ
3228 2889 3318 2943 τὸν
3341 2889 3546 2959 πότμον
3573 2889 3918 2961 ποιήσαντος.
3944 2888 4079 2940 Τοῦ-

2500 2988 2591 3043 τόν
2633 3004 2694 3040 τε
2740 2983 3127 3039 ἐπικαλεῖσθαι
3177 2978 3428 3053 παρῄνει,
3450 2981 3541 3034 καὶ
3590 2981 3765 3052 ἁληθῆ
3796 2978 4079 3054 γνωρίζει-ι

2502 3080 2651 3133 (ἳεᾶν.
2702 3077 2998 3149 Θαυμάσας
3039 3074 3095 3128 δὲ
3128 3077 3155 3129 ὁ
3204 3073 3459 3146 βασιλεῦς
3486 3072 3589 3127 τῶν
3633 3074 3860 3146 Ἰϐήρων
3885 3076 3983 3145 τὴν
4014 3076 4079 3128 ἐκ

2501 3174 2600 3243 τῆς
2632 3173 2787 3227 νόσου
2818 3172 2897 3234 εἰς
2921 3170 3111 3239 ὑγείαν
3134 3168 3407 3239 ταχυτῆτα
3426 3209 3440 3233 ,
3477 3166 3778 3239 πυθόμενός
3801 3185 3857 3221 τε
3883 3167 3963 3230 τίς
3992 3168 4077 3237 εἴη

822 3244 1046 3312 egisset,
1072 3248 1343 3318 captivam
1380 3250 1539 3305 donis
1585 3261 1965 3308 remuneratus
2005 3263 2107 3309 est.
2139 3254 2232 3309 llla
2270 3270 2401 3310 vero
2495 3270 2529 3322 1;
2564 3269 2605 3320 0;

2293 3270 2401 3310 ἐκ)
2495 3270 2529 3322 6
2564 3265 2923 3338 θεραπεύσας.
2957 3264 3149 3335 δώροις
3191 3262 3448 3333 ἠμείϐετο
3476 3261 3574 3335 τὴν
3606 3262 3971 3334 αἰχμάλωτον.
4014 3263 4076 3315 'll

824 3335 1033 3392 divitiis
1058 3339 1280 3408 quidem
1319 3357 1378 3397 se
1414 3354 1757 3414 neqhaquam
1783 3361 1919 3416 opus
1942 3346 2145 3402 habere
2170 3362 2398 3417 respon-
2427 3338 2471 3406 C
2501 3362 2556 3415 δὲ
2586 3379 2607 3413 ο

2298 3362 2398 3401 οη-
2427 3338 2471 3406 C
2501 3362 2556 3415 δὲ
2586 3362 2683 3413 οὐκ
2717 3359 2819 3430 ἔφη
2850 3358 3054 3411 δεῖσθαι
3097 3356 3326 3409 πλούτου
3347 3372 3360 3387 ο
3398 3354 3543 3427 ἔχειν
3582 3356 3690 3427 γὰρ
3734 3355 3960 3409 πλοῦτον
3982 3355 4077 3425 τὴν

824 3428 907 3484 dit
937 3449 950 3485 :
975 3431 1233 3501 pietatem
1272 3435 1419 3489 enim
1452 3436 1559 3491 sibi
1592 3453 1692 3507 pro
1724 3437 1935 3492 divitiis
1963 3453 2114 3505 esse;
2143 3447 2400 3494 ueterum

827 3525 1007 3595 magni
1040 3527 1286 3582 muneris
1313 3514 1433 3583 loco
1467 3529 1775 3596 dueturam,
1801 3532 1846 3585 si
1882 3531 2055 3587 Deum
2090 3548 2252 3602 quem
2286 3532 2403 3603 ipsa

828 3619 1055 3685 coleret,
1094 3621 1211 3690 ipse
1253 3638 1474 3693 quoque
1516 3623 1682 3678 vellet
1726 3618 2040 3695 agnoscere.
2085 3625 2183 3679 His
2220 3625 2399 3691 dictis,

827 3710 973 3766 dona
1010 3726 1109 3768 sua
1141 3713 1210 3769 ad
1252 3730 1436 3786 regem
1473 3715 1704 3773 remisit.
1733 3716 1803 3771 At
1827 3732 1924 3773 rex
1945 3732 2252 3773 sermonem
2278 3733 2402 3772 mu-

828 3810 981 3870 lieris
1017 3820 1133 3868 tum
1171 3813 1394 3885 quidem
1438 3815 1494 3870 in
1537 3814 1721 3871 animo
1762 3813 2089 3871 recondidit.
2134 3814 2403 3870 Postridie

827 3921 962 3963 vero
985 3921 1110 3962 cum
1134 3908 1202 3963 ad
1225 3908 1539 3966 venandum
1567 3908 1713 3965 esset
1749 3889 2019 3981 egressus,
2045 3907 2151 3964 tale
2182 3907 2314 3979 quid
2352 3909 2404 3964 ei

829 3999 1097 4073 contigit:
1122 4002 1392 4057 montium
1424 4002 1551 4074 juga
1590 4009 1647 4057 et
1686 4001 1857 4056 saltus
1898 4000 1954 4055 in
1998 4000 2200 4071 quibus
2241 4015 2407 4055 vena.

829 4091 1013 4159 batur,
1041 4092 1243 4150 nebula
1273 4102 1329 4150 et
1356 4094 1629 4166 profunda
1662 4094 1891 4166 caligine
1926 4092 2126 4149 obduci
2164 4108 2402 4165 cmpere.

831 4185 1070 4243 Proinde
1107 4196 1165 4243 et
1202 4189 1421 4244 venatio
1460 4186 1718 4254 diﬂicilis,
1742 4194 1799 4243 et
1826 4186 1916 4242 via
1951 4186 2209 4259 impedita
2242 4194 2406 4256 atque

835 4278 1233 4336 inextricabilis
1252 4279 1605 4336 reddebatur.
1653 4279 1807 4346 Rex,
1847 4278 2007 4350 inops
2061 4277 2308 4342 consilii,
2351 4284 2408 4332 et

832 4368 963 4440 quid
986 4377 1171 4441 ageret
1216 4370 1479 4438 incertus,
1498 4370 1727 4426 deorum
1750 4385 1974 4426 suorum
1995 4385 2154 4442 opem
2177 4377 2406 4425 conten-

835 4462 1045 4519 tissime
1084 4463 1360 4535 implorat.
1405 4463 1512 4519 Sed
1550 4478 1674 4519 cum
1710 4463 1848 4519 nihil
1872 4462 2182 4535 proliceret,
2210 4461 2278 4516 ad
2311 4476 2407 4517 cx-

837 4563 1073 4611 tremum
1096 4556 1250 4613 venit
1272 4556 1349 4612 illi
1378 4556 1431 4612 in
1456 4566 1692 4612 mentem
1720 4540 1946 4628 captiva:
1974 4555 2223 4612 mulieris
2242 4556 2406 4610 Deus.

2503 3452 2803 3509 εὑςέϐειαν,
2855 3451 2948 3504 καὶ
2976 3448 3225 3520 δέχεσθαι
3269 3448 3411 3520 μέγα
3442 3448 3635 3520 δῶρον,
3680 3450 3728 3501 εί
3758 3448 4079 3519 ἐπιγνώσειε

2502 3546 2592 3597 τὶν
2610 3545 2763 3608 Θεὸν,
2785 3542 2874 3595 τὸν
2898 3543 2988 3595 ὑπ’
3005 3541 3175 3609 αὐτῆς
3193 3540 3616 3610 γινωσκόμενον.
3632 3541 3817 3594 Ταῦτα
3832 3541 4076 3606 εἰποῦσα,

2502 3636 2747 3707 τὰδῶρα
2792 3634 3167 3703 ἀντέπεμπεψ
3202 3634 3229 3686 ὀ
3258 3633 3314 3686 δὲ
3365 3633 3640 3704 βασιλεὺς,
3672 3635 3761 3707 τὸν
3792 3637 3888 3707 μὲν
3925 3638 4081 3705 λόγον

2505 3728 2882 3800 ἐταμιεύσατο.
2930 3727 3065 3781 Μεθ’
3112 3726 3323 3797 ἡμέραν
3376 3725 3434 3779 δὲ
3490 3725 3759 3793 ἐξελθόντι
3817 3728 3964 3800 αὖτῷ
4004 3732 4081 3793 τίς

2505 3819 2701 3892 θήραν.
2729 3817 3015 3889 συμϐαίνει
3040 3815 3248 3871 τοιοῦτό
3274 3833 3349 3869 τι.
3379 3818 3489 3880 Τὰς
3517 3817 3757 3889 κορυφὰς
3780 3817 3886 3872 τῶν
3913 3820 4082 3891 ὀρέων

2505 3908 2601 3963 καὶ
2629 3907 2725 3971 τὰς
2764 3906 2939 3971 νάπας
2970 3905 3100 3960 ἔνθα
3132 3906 3324 3978 ἐθήρα,
3356 3904 3614 3977 κατέχεεν
3642 3907 3862 3979 ὁμίχλη,
3893 3912 4083 3974 σκότις

2504 4016 2563 4052 τε
2594 3998 2749 4053 πολύ.
2783 3997 2894 4051 Καὶ
2921 3994 2989 4069 ἦν
3019 3998 3223 4069 ἄπορος
3254 3996 3354 4068 μὲν
3381 3999 3416 4067 ἡ
3456 3982 3599 4069 Θήρα
3619 4038 3634 4063 ,
3669 3997 4003 4071 ἀδιεξίτητος
4026 4000 4082 4053 δὲ

2509 4095 2541 4165 ἡ
2568 4092 2684 4157 ὁδός
2710 4109 2722 4123 ·
2764 4093 2821 4146 ἐν
2851 4091 3129 4162 ἀμηχανία
3155 4090 3209 4145 δὲ
3252 4090 3560 4161 γενόμενος,
3594 4090 3727 4145 πολὺ
3760 4093 3884 4157 τοὺς
3927 4094 4081 4154 θεοὺς

2506 4185 2825 4240 ἐπεκαλεῖτο
2846 4185 2939 4249 οὓς
2963 4184 3170 4239 ἔσεϐεν.
3207 4184 3293 4248 Ὠς
3318 4184 3373 4237 δὲ
3395 4185 3547 4237 οὐδὲν
3569 4186 3697 4256 ἤνυε
3725 4185 3903 4252 πλέον,
3933 4186 4084 4249 τέλος

2508 4278 2589 4341 εἰς
2614 4276 2821 4332 ἔννοιαν
2849 4280 2946 4348 τῆς
2979 4278 3323 4348 αἰχμαλώτου
3370 4275 3635 4345 λαμϐάνει
3667 4276 3759 4331 τὸν
3784 4277 3938 4343 Θεὸν,
3991 4279 4092 4332 καί⁷

2508 4369 2696 4425 τοῦτον
2748 4372 2903 4425 καλεῖ
2934 4370 3144 4441 βοηθόν.
3190 4370 3298 4423 Καὶ
3326 4370 3533 4440 ἆμα’γε
3564 4366 3780 4439 ηὔχετο,
3811 4369 3906 4423 καὶ
3931 4368 3990 4421 τὸ
4020 4370 4084 4421 ἐκ

2509 4462 2608 4533 τῆς
2639 4460 2868 4534 ὁμίχλης
2911 4460 3151 4515 διελύετο
3192 4460 3403 4523 σκότος.
3454 4458 3765 4529 Θαυμάζων
3811 4454 3867 4513 δὲ
3896 4458 3956 4513 τὸ
3988 4476 4083 4528 γε·

2511 4554 2756 4625 νόμενον,
2806 4552 3013 4626 χαίρων
3061 4554 3154 4606 ἐπὶ
3202 4552 3272 4605 τὰ
3305 4552 3480 4605 οἰκεῖα
3526 4550 3810 4622 ἀνεχώρει.
3865 4549 3976 4606 Καὶ
4024 4551 4085 4605 τὸ

837 4646 995 4703 Hunc
1017 4647 1184 4721 igitur
1206 4649 1509 4721 adiutorem
1535 4658 1713 4705 vocat.
1737 4652 1837 4707 Vix
1863 4649 2231 4722 precationem
2255 4647 2412 4704 ﬁnie-
2441 4687 2486 4745 υ
2514 4666 2620 4720 συμ

2300 4648 2412 4745 nie-
2441 4687 2486 4745 υ
2514 4646 2858 4745 συμϐεϐηκὸς
2878 4646 3114 4745 διηγεῖτο
3137 4647 3201 4717 τῇ
3230 4644 3468 4745 γυναικί.
3494 4645 3605 4745 ἰξαὶ
3743 4643 4083 4745 αίχμάλωτον

837 4748 942 4804 rat,
977 4753 1103 4794 cum
1146 4736 1319 4810 caligo
1350 4738 1564 4796 nebula:
1613 4740 1798 4797 subito
1823 4740 2066 4796 discussa
2086 4746 2190 4796 est.
2217 4739 2408 4794 Admi-

838 4837 993 4885 ratus
1032 4829 1140 4886 boc
1184 4829 1389 4885 factum
1436 4848 1565 4896 rex,
1608 4830 1832 4886 domum
1876 4831 2033 4886 laetus
2076 4830 2407 4903 regreditur.

836 4924 1082 4995 Cumque
1118 4939 1235 4980 rem
1271 4938 1489 4980 omnem
1522 4932 1585 4978 ut
1621 4923 1896 4979 acciderat
1940 4922 2097 4978 uxori
2124 4923 2410 4994 exposuis-

839 5026 942 5084 set,
968 5016 1114 5073 illico
1139 5017 1407 5088 captivam
1436 5017 1721 5073 mulierem
1746 5016 1999 5073 accersiri
2025 5016 2202 5087 jubet,
2227 5015 2414 5071 scisci-

841 5117 1099 5181 taturque
1123 5125 1191 5165 ex
1211 5125 1274 5165 ea
1325 5109 1573 5179 quisnam
1612 5117 1757 5164 esset
1790 5109 1936 5164 Deus
1964 5108 2053 5163 ille
2080 5123 2242 5179 quem
2270 5108 2414 5163 coles

844 5210 943 5258 ret.
974 5202 1068 5258 Illa
1102 5218 1227 5258 cum
1269 5203 1325 5257 in
1358 5211 1709 5273 conspectum
1748 5202 1890 5273 regis
1922 5201 2182 5266 venisset,
2211 5200 2263 5254 id
2293 5216 2414 5271 pcr—

842 5293 972 5349 fccit
1017 5300 1078 5348 ut
1121 5307 1220 5348 rex
1276 5290 1561 5348 [berorum
1627 5289 1831 5347 Christi
1878 5290 2167 5348 exsisteret
2192 5307 2410 5363 prmco.

842 5386 1055 5458 Quippe
1091 5384 1181 5441 ille
1217 5385 1321 5457 pia:
1356 5384 1601 5441 mulieris
1641 5384 1893 5450 hortatu,
1934 5384 2217 5455 amplexus
2249 5382 2415 5439 fidem

841 5476 1067 5544 Christi,
1093 5476 1381 5533 universos
1401 5476 1589 5533 Iberos
1611 5475 1708 5548 qui
1736 5475 1911 5549 ipsius
1943 5475 2210 5547 parebant
2246 5474 2417 5547 impe-

844 5572 948 5638 rio,
982 5571 1052 5627 ad
1094 5571 1416 5628 concionem
1449 5577 1629 5628 vocat.
1665 5569 1999 5642 Cunctisque
2042 5577 2151 5625 tam
2196 5584 2319 5640 quae
2358 5568 2415 5623 in

843 5668 1128 5724 curatione
1147 5666 1333 5724 uxoris
1355 5682 1420 5724 ac
1445 5665 1548 5739 53
1571 5664 1691 5733 lilii,
1715 5680 1877 5737 quam
1904 5677 2026 5736 qua
2052 5663 2109 5718 in
2127 5662 2417 5720 venatione

843 5762 1193 5829 accidissent,
1211 5762 1524 5834 singillatim
1546 5759 1828 5832 expositis,
1850 5766 1913 5813 ut
1929 5756 2155 5830 captivae
2169 5756 2418 5813 mulieris

850 5856 1017 5913 Deum
1059 5856 1339 5922 colerent,
1386 5855 1655 5911 hortatur.
1710 5851 1887 5909 Ambo
1932 5851 2097 5923 igitur
2138 5865 2418 5922 precones

851 5956 975 6013 facti
1018 5962 1145 6013 sunt
1180 5953 1385 6013 Christi
1415 5971 1428 6008 :
1454 5967 1554 6011 rex
1593 5950 1815 6024 quidem
1853 5948 2023 6005 viris.
2060 5944 2246 6020 regina
2285 5947 2417 6003 vero

2513 4740 2672 4805 εὐθὺς
2698 4736 3136 4811 μεταπέμπεται,
3164 4736 3259 4791 καὶ
3279 4736 3361 4801 τίς
3391 4736 3476 4805 εἴη
3505 4735 3564 4789 ὃν
3598 4734 3745 4789 σέϐει
3774 4734 3907 4789 Θεὸν
3928 4737 4088 4789 ἐπυν-

2514 4832 2725 4888 θάνετο.
2772 4832 2840 4885 ἹΙ
2890 4831 2967 4895 δὲ,
3004 4833 3083 4894 εἰς
3129 4830 3417 4902 πρόςωπον
3449 4826 3696 4891 ἐλθοῦσα,
3741 4829 3955 4901 κήρυκα
3992 4826 4108 4909 τοῦ(

2512 4925 2749 5000 Χριστοῦ
2771 4926 2861 4980 τὸν
2890 4925 2998 4979 τῶν
3042 4920 3268 4997 Ἰϐήρων
3300 4923 3524 4995 βασιλέα
3554 4922 3775 4992 ἐποίησε
3806 4920 4082 4991 γενέσθαν

2514 5009 2815 5083 πιστεύσας
2831 5017 2939 5089 γὰρ
2959 5016 3035 5088 τῷ
3057 5017 3276 5089 Χριστῷ
3297 5016 3383 5071 διὰ
3407 5016 3504 5087 τῆς
3530 5013 3784 5079 εὐσεϐοῦς
3807 5016 4083 5084 γυναικδς,

2516 5111 2723 5175 πάντας
2752 5113 2879 5175 τοὺς
2929 5111 3020 5163 ὑπ’
3067 5109 3229 5163 αὑτὸν
3272 5109 3498 5181 Ἴϐηρας
3550 5106 3828 5177 συγκαλεῖ.
3876 5107 3986 5161 Καὶ
4019 5106 4089 5162 τὰ

2517 5204 2799 5276 συμϐάντα
2838 5204 2965 5277 περί
3008 5221 3067 5257 τε
3104 5204 3200 5275 τῆς
3228 5202 3523 5275 θεραπείας
3562 5202 3661 5273 τῆς
3692 5200 3948 5271 γυναικὸς
3995 5201 4089 5255 καὶ

2514 5296 2606 5352 τοῦ
2639 5296 2874 5361 παιδίου,
2921 5297 2981 5350 οὐ
3027 5295 3131 5366 μὴν
3164 5294 3300 5350 ἀλλὰ
3340 5294 3435 5360 καὶ
3477 5292 3550 5348 τὰ
3596 5292 3739 5347 κατὰ
3786 5292 3883 5364 τὴν
3917 5290 4089 5364 θήραν

2517 5388 2840 5461 ἐκθέμενος,
2894 5388 3125 5460 παρῄνει
3172 5386 3425 5442 σέϐεσθαι
3465 5386 3557 5441 τὸν
3601 5386 3703 5456 τῆς
3742 5384 4087 5457 αἰχμαλώτου

2516 5480 2667 5535 Θεόν.
2710 5481 2985 5550 Ἐγένοντο
3006 5476 3099 5535 οὖν
3122 5480 3421 5552 ἀμφότεροι
3451 5481 3689 5551 κήρυκες
3713 5478 3806 5533 τοῦ
3830 5477 4084 5551 Χριστοῦ·

2516 5575 2545 5627 6
2575 5573 2672 5644 μὲν
2704 5572 2952 5643 βασιλεὺς
2981 5574 3093 5636 τοῖς
3116 5571 3396 5643 ἀνδράσιν,
3422 5570 3532 5644 ἡδὲ
3552 5571 3685 5643 γυνὴ
3710 5573 3827 5634 ταῖς
3851 5570 4085 5640 γυναιξί.

2518 5664 2722 5721 Μαθὼν
2782 5665 2839 5718 δέ
2890 5665 3040 5736 παρὰ
3089 5663 3190 5734 τῆς
3243 5664 3585 5735 αἰχμαλώτου
3641 5663 3702 5717 τὸ
3740 5664 3926 5735 σχῆμα
3980 5664 4089 5718 τῶν

2520 5757 2671 5830 παρὰ
2701 5756 2990 5828 Ῥωμαίοις
3016 5754 3339 5826 ἐκκλησιῶν,
3365 5755 3649 5827 εὐκτήριον
3672 5750 3817 5808 οἷκον
3838 5753 4088 5808 ἐκέλευσε

2520 5850 2804 5922 γενέσθαιο
2842 5847 3004 5914 εὐθύς
3046 5865 3106 5903 τε
3150 5848 3218 5903 τὰ
3264 5848 3402 5921 πρὸς
3432 5847 3716 5920 οἰκοδομὴν
3761 5838 4090 5919 προσέταξεν

2522 5942 2961 6019 εὐτρεπίζεσθαι.
3006 5941 3111 5998 Καὶ
3148 5945 3177 5995 ὁ
3224 5938 3371 6007 οτκος
3402 5940 3673 6012 ἠγείρετο.
3731 5940 3880 5994 Ἐπεὶ
3908 5940 3967 5995 δε
3996 5940 4086 5993 καὶ
