4514 6578
867 428 968 483 135

2345 424 2676 480 S(‘CRA'I'IS

4005 430 4107 484 158

863 545 985 608 ,μυ
999 553 1189 593 omnes
1214 535 1631 607 deprehendens
1651 577 1666 599 ,
1687 545 1739 588 et
1768 529 2232 605 quemadmodum
2267 536 2435 589 multa
2466 553 2510 606 Α
2540 540 2637 601 τὰς

2326 536 2435 589 ulta
2466 553 2510 606 Α
2540 540 2637 601 τὰς
2667 541 2856 608 τέχνας
2898 539 3076 591 αὐτῶν
3121 539 3215 590 καὶ
3243 536 3367 597 τοὺς
3395 533 3607 599 ἄθλους,
3644 539 3735 590 καὶ
3759 538 3904 600 ὅπως
3941 540 4109 592 πολλά

864 632 1111 704 prodigia
1146 646 1209 684 ac
1234 630 1496 684 miracula
1530 628 1784 691 ediderit,
1823 624 2161 696 superﬂuum
2195 627 2326 680 mihi
2351 629 2434 680 vi-

865 725 1028 777 detur
1053 736 1501 776 commemorare.
1528 719 1860 775 Athanasius
1886 717 2033 770 enim
2061 717 2436 771 Alexandrina:

866 815 1023 869 urbis
1058 816 1353 882 episcopus
1417 813 1468 866 id
1506 818 1888 880 argumentum
1931 809 2090 862 nobis
2136 810 2434 878 pra-ripuit,

863 904 1126 973 peculiari
1151 904 1291 956 libro
1329 903 1396 955 de
1421 902 1568 954 illius
1582 902 1688 954 vita
1713 900 2043 969 conscripto.
2066 900 2236 954 Tanta
2262 902 2434 954 bono-

865 1009 983 1046 rum
1003 994 1160 1063 copia
1200 993 1562 1047 Constantino
1579 1001 1857 1064 regnante,
1878 1007 1987 1045 uno
2007 991 2120 1046 fere
2135 992 2437 1061 eodemque

865 1092 1110 1152 tempore
1133 1082 1454 1136 abundavit.

1476 1213 1627 1268 CAP.
1670 1213 1835 1268 XXII.

863 1303 938 1358 De
971 1303 1125 1357 Mane
1179 1314 1392 1357 auctore
1431 1307 1681 1358 ha'reseos
1724 1305 2156 1370 Municha'orum,
2206 1313 2256 1358 et
2296 1305 2436 1358 unde

1353 1377 1397 1428 is
1417 1377 1670 1446 originem
1695 1377 1937 1429 traxerit.

933 1486 1135 1540 Verum
1181 1489 1324 1541 inter
1377 1488 1580 1541 bonum
1635 1488 1972 1542 frumentum
2017 1488 2185 1543 etiam
2229 1491 2436 1543 zizania

860 1582 1007 1635 nasci
1032 1579 1446 1650 solent.Quippe
1475 1581 1735 1634 dznmonis
1758 1580 1958 1635 invidia
1981 1581 2136 1634 bonis
2163 1582 2326 1635 rebus
2350 1581 2436 1633 in-

861 1671 1049 1724 sidiari
1085 1672 1390 1724 consuevit.
1455 1670 1674 1724 Etenim
1720 1671 1881 1739 paulo
1925 1678 2050 1724 ante
2093 1669 2433 1724 Constantini

864 1767 1108 1828 tempora
1177 1759 1523 1813 Grzecanicus
1557 1759 1778 1828 quidam
1813 1758 2267 1813 Christianismus
2304 1773 2435 1812 vero

859 1851 1277 1904 Christianismo
1350 1849 1569 1904 adnasci
1634 1858 1919 1919 cmperat,
1973 1850 2431 1918 quemadmodum

859 1943 988 1996 olim
1015 1943 1297 2012 prophetis
1333 1942 1843 2011 pseudopropheue,
1869 1951 1925 1995 et
1948 1943 2207 2010 apostolis
2233 1941 2431 2010 pseud-
2464 1926 2502 1978 Β

859 2035 1089 2104 apostoli
1115 2050 1233 2087 sese
1252 2034 1800 2102 inserebant.Quippe
1821 2043 1948 2086 tunc
1975 2034 2235 2102 temporis
2259 2033 2429 2086 Alani-

859 2125 1042 2178 Charus
1053 2126 1296 2193 quidam,
1313 2125 1657 2194 Empedoclis
1672 2128 1891 2194 gentilis
1911 2126 2216 2194 philosophi
2237 2125 2430 2194 dogma

860 2214 915 2266 in
944 2213 1308 2268 Christianam
1355 2215 1670 2283 religionem
1707 2215 1844 2270 clam
1885 2215 2144 2268 inducere
2181 2215 2426 2267 tentavit.

857 2303 934 2357 De
971 2319 1080 2372 quo
1117 2303 1237 2356 viro
1263 2304 1530 2357 Eusebius
1567 2306 1787 2373 quidem
1823 2306 2088 2375 Pamphili
2113 2306 2166 2358 in
2199 2305 2431 2373 septimo

857 2394 1243 2447 ecclesiastica:
1291 2393 1543 2448 Historia:
1581 2396 1724 2450 libro
1759 2398 2090 2450 mentionem
2135 2396 2296 2460 fecit,
2335 2396 2429 2450 sed

857 2500 968 2538 non
1026 2485 1158 2540 satis
1200 2495 1452 2540 accurate
1497 2485 1708 2556 singula
1758 2489 2031 2558 exposuit.
2089 2487 2433 2557 Quapropter

858 2576 1006 2645 quod
1047 2577 1116 2630 ab
1147 2577 1239 2630 illo
1265 2578 1692 2646 przetermissum
1727 2587 1833 2642 est,
1859 2580 1912 2633 id
1937 2580 2246 2633 necessario
2269 2596 2298 2633 a
2336 2596 2434 2634 no-

858 2670 945 2723 bis
976 2671 1338 2739 supplendum
1364 2686 1485 2724 esse
1520 2672 1781 2726 arbitror.
1806 2673 1884 2728 Ita
1925 2674 2069 2727 enim
2099 2674 2434 2743 intelligetur

857 2761 984 2830 quis
1009 2770 1064 2816 et
1088 2762 1229 2815 unde
1254 2762 1530 2830 profectus
1555 2763 1882 2819 Manichzeus
1928 2764 1993 2817 ad
2021 2772 2222 2818 tantam
2259 2765 2430 2819 auda-

857 2851 996 2905 ciam
1070 2854 1402 2920 pruruperit.
1469 2852 1796 2922 Scythlanus
1849 2853 2068 2922 quidam
2128 2855 2431 2908 Saracena;

857 2959 1082 2996 uxorem
1127 2944 1320 2997 habuit
1363 2945 1655 3014 captivam,
1702 2960 1770 2998 ex
1817 2946 2100 3013 superiore
2141 2946 2428 2999 oriundam

858 3032 1158 3087 Thebaide.
1198 3033 1366 3104 Cujus
1390 3035 1563 3105 gratia
1590 3050 1714 3088 cum
1750 3036 1804 3088 in
1832 3035 2122 3106 Aigyptum
2149 3036 2432 3106 migravis-

855 3138 960 3192 set,
985 3136 1041 3182 et
1074 3127 1449 3198 Egyptiorum
1476 3127 1764 3197 disciplina
1791 3128 2075 3183 institutus
2103 3139 2270 3193 esset,
2297 3130 2427 3184 Em-

856 3218 1100 3289 pedoclis
1125 3218 1515 3288 aePythagora:
1536 3218 1848 3289 opinionem
1875 3220 1930 3274 in
1954 3219 2321 3274 Christianam
2345 3239 2431 3278 re-

862 3309 1122 3378 ligionem
1164 3309 1387 3362 invexit.
1417 3310 1562 3363 Duas
1588 3310 1734 3364 enim
1756 3311 1995 3365 asseruit
2025 3327 2145 3366 esse
2172 3320 2428 3377 naturas,

856 3399 1084 3452 alteram
1109 3399 1326 3461 bonam,
1345 3399 1569 3453 alteram
1598 3401 1829 3466 malam;
1857 3400 2085 3471 perinde
2111 3411 2275 3471 atque
2303 3402 2429 3456 Eu-

855 3490 1144 3560 pcdocles:
1172 3491 1264 3557 qui
1299 3491 1493 3544 malam
1519 3492 1742 3561 quidem
1772 3503 2022 3548 naturam
2055 3495 2426 3558 Discordiam,

859 3578 1057 3632 bonam
1089 3594 1222 3631 vero
1252 3579 1559 3632 Amicitiam
1597 3583 1924 3650 appellabat.
1950 3584 2123 3654 Hujus
2151 3582 2428 3653 Scythiin

858 3668 1159 3739 discipulus
1181 3669 1283 3723 fuit
1307 3669 1542 3732 Buddas,
1560 3669 1653 3738 qui
1669 3678 1797 3723 ante
1816 3673 2187 3729 Terebinthus
2204 3675 2429 3729 diceba-

859 3769 969 3814 tur.
997 3758 1099 3825 Qui
1133 3775 1256 3814 cum
1283 3758 1522 3812 venisset
1548 3758 1602 3812 in
1628 3758 1998 3829 Babyloniam,
2025 3753 2146 3830 qua:
2177 3767 2326 3832 regio
2353 3769 2434 3824 in-

861 3853 1062 3907 colitur
1082 3868 1111 3904 a
1145 3852 1347 3914 Persis,
1369 3852 1538 3904 multa
1571 3851 1638 3906 de
1668 3853 1848 3922 seipse
1871 3870 2006 3907 vana
2035 3871 2097 3908 ac
2125 3855 2435 3926 prodigiosa

860 3941 1120 3996 conﬁnxit
1143 3981 1156 4005 ,
1187 3958 1243 3994 se
1272 3950 1537 3995 natumex
1567 3941 1776 4012 virgine
1793 3943 1917 3997 etin
1938 3945 2216 4000 montibus
2230 3945 2434 4001 educa-

860 4042 975 4088 tum
995 4051 1116 4089 esse
1139 4034 1430 4089 aliirinans.
1459 4035 1563 4106 55
1589 4036 1837 4103 Quatuor
1875 4038 2072 4094 deinde
2108 4041 2432 4110 conscripsit

857 4125 1028 4180 libros
1049 4144 1061 4178 :
1081 4142 1311 4195 quorum
1329 4126 1562 4195 primum
1581 4127 1957 4198 )lysteriorum
1978 4171 1991 4193 ,
2010 4130 2237 4184 alterum
2257 4131 2433 4185 Evan-

860 4216 1086 4287 gelium,
1108 4218 1330 4270 tertium
1345 4216 1684 4272 Thesaurum
1705 4259 1720 4284 ,
1739 4228 1993 4290 quartum
2010 4221 2247 4292 denique
2273 4222 2433 4293 Capi-

2537 628 2709 680 ἐποίει
2759 631 3036 698 τεράστια,
3083 626 3338 697 περιττὸν
3370 624 3548 692 λέγειν
3594 628 3739 696 ἡμᾶς
3767 635 3816 680 .'.
3871 627 4110 695 Ἐεξθασε

2537 721 2645 787 γάρ
2688 719 3004 780 Ἀθανάσιος
3044 721 3072 771 ὁ
3117 717 3518 786 Ἀλεξανδρείας
3552 718 3868 779 ἐπίσκοπος,
3899 718 4110 788 μονόει-

2537 807 2661 859 6λον
2692 810 2771 870 εἰς
2799 808 2889 860 τὸν
2921 808 3085 860 αὑτοῦ
3116 807 3230 877 βίον
3256 807 3565 877 ἐκθέμενος.
3599 807 3870 860 Τοιούτων
3892 807 4110 875 ἀγαθῶν

2536 896 2762 968 εὐφορία
2781 898 2920 949 κατὰ
2946 898 3138 950 ταύτὸν
3167 898 3272 950 ὑπὸ
3292 898 3416 961 τοὺς
3447 898 3670 968 χρόνους
3699 897 4108 951 Κωνσταντίνου

2534 988 2628 1040 τοῦ
2652 988 2913 1058 βασιλέως
2944 990 3180 1057 ἐγένετο.

3112 1205 3357 1262 ΚΕΦΑΛ.
3406 1206 3535 1258 KB'.

2535 1293 2673 1362 Περὶ
2709 1293 3014 1360 Μάνεντος
3056 1295 3162 1366 τοῦ
3194 1295 3463 1366 ἁρχηγοῆ
3502 1296 3612 1363 τῆς
3661 1297 3944 1366 αἱρέσεως
3991 1296 4108 1351 τῶν

2735 1368 3102 1432 Μανιχαίων,
3134 1364 3232 1419 καὶ
3268 1364 3406 1419 ὅθεν
3431 1364 3507 1436 ἦν
3539 1368 3652 1434 τὴν
3681 1364 3896 1436 ἀρχήν.

2619 1479 2776 1532 Ἀλλὰ
2802 1479 3005 1550 μεταξῦ
3025 1479 3118 1532 τοῦ
3149 1482 3386 1552 χρηστοῦ
3415 1482 3563 1535 σίτου
3592 1482 3750 1536 εἴωθε
3774 1485 3867 1536 καὶ
3896 1483 4106 1549 ζιζάνια

2535 1572 2787 1640 φύεσθαι.
2821 1572 3015 1636 Φθόνος
3056 1573 3165 1644 γάρ
3193 1576 3306 1636 τοῖς
3347 1573 3571 1638 ἀγαθοῖς
3602 1573 3912 1643 ἐφεδρεύειν
3941 1573 4103 1642 φιλεῖ.

2536 1663 2796 1733 Παρεφύη
2825 1663 2931 1734 γὰρ
2971 1665 3164 1734 μικρὸν
3218 1663 3526 1733 ἔμπροσθεν
3546 1664 3652 1715 τῶν
3698 1664 4104 1716 Κωνσταντίνου

2534 1755 2739 1824 χρόνων
2773 1764 2794 1791 ι
2827 1753 2905 1824 τῷ
2929 1755 3119 1824 ἀληθεῖ
3136 1753 3564 1825 Χριστιανισμῷ,
3611 1754 3934 1823 Ἐλληνίζων
3968 1755 4105 1824 Χρι-

2537 1845 2870 1914 στιανισμδς,
2901 1845 3151 1916 καθάπερ
3196 1845 3292 1898 καὶ
3318 1848 3429 1908 τοῖς
3477 1847 3779 1915 προφήταις
3807 1845 4107 1916 ψευδοπρο-

2535 1935 2718 2004 (θῆται,⁹
2772 1935 2866 1988 καὶ
2911 1935 3228 1997 ἀποστόλοις
3278 1935 3702 2004 ψευδαπόστολοι
3740 1936 4102 2005 παρεφὺοντο.

2533 2025 2848 2093 Τηνικαῦτα
2875 2025 2984 2096 γὰρ
3013 2024 3074 2078 τὸ
3117 2025 3538 2094 Ἐμπεδοκλέους
3574 2026 3666 2078 τοῦ
3709 2026 3840 2097 παρ’
3881 2026 4106 2096 Ἕλλησι

2533 2117 2822 2185 φιλοσόφου
2859 2117 3058 2187 δόγμα,
3104 2118 3191 2169 διά
3219 2116 3312 2169 τοῦ
3344 2118 3646 2187 Μανιχαίου
3681 2119 4105 2188 Χριστιανισμον

2533 2210 2880 2279 ὑπεκρίνατο.
2950 2212 3085 2282 Περὶ
3135 2207 3194 2264 οὗ
3270 2212 3530 2274 Εὑσέὅιος
3588 2212 3685 2281 μὲν
3739 2214 3768 2265 ό
3820 2211 4103 2280 Παμφίλου

2531 2306 2589 2357 ὲν
2616 2308 2682 2375 τῇ
2707 2305 2908 2379 ἑϐδόμῃ
2941 2305 3040 2373 τῆς
3079 2306 3567 2375 Ἐκκλησιαστικῆς
3598 2305 3837 2375 ἱστορίας
3863 2306 4105 2374 ἐπεμνή-

2534 2397 2633 2467 σθη
2654 2412 2668 2426 ⁸
2703 2398 2766 2449 οὺ
2801 2397 2907 2466 μὴν
2962 2397 3204 2466 άκριὸὦς
3246 2396 3560 2468 διηγήσατο.
3607 2396 3811 2467 Διόπερ
3845 2395 3908 2448 τὸ
3933 2412 4106 2465 παραυ

2531 2489 2748 2558 λειφθὲν
2797 2490 2991 2560 ἐκείνῳ
3040 2489 3434 2561 ἀναπληρῶσαι
3496 2491 3791 2556 ἀναγκαῖον
3843 2487 4104 2559 ήγοῦμαι.

2532 2577 2911 2648 Γνωσθήσεται
2937 2578 3067 2648 γάρ,
3094 2578 3178 2641 τίς
3208 2595 3269 2631 τε
3298 2577 3373 2630 ὣν
3413 2581 3442 2632 ὁ
3470 2579 3769 2648 Μανιχαῑος
3800 2580 3894 2632 καὶ
3919 2579 4104 2644 πόθεν,

2529 2671 2754 2726 τοιαῦτα
2781 2672 3066 2741 ἐτόλμησε.
3100 2671 3391 2735 Σκυθιανός
3420 2689 3505 2735 τις
3531 2671 3843 2743 Σαρακηνὸς
3871 2673 4104 2740 γυναῖκα

2529 2758 2674 2832 εἶχεν
2719 2753 3061 2831 αἰχμάλωτον
3112 2763 3178 2814 ὲκ
3226 2761 3335 2814 τῶν
3383 2762 3496 2815 ἄνω
3533 2760 3761 2832 Θηϐῶν
3797 2760 3865 2814 δι’
3913 2761 3981 2832 ήν
4006 2761 4105 2830 τήν

2528 2851 2800 2918 Αἴγυπτον
2833 2853 3079 2922 οἰκήσας,
3105 2854 3199 2904 καὶ
3224 2852 3330 2922 -τὴν
3367 2851 3673 2920 Αἰγυπτίων
3722 2851 3968 2905 παιδείαν
3999 2869 4106 2921 μα-

2530 2943 2658 3008 θὼν,
2704 2945 2802 3014 τὴν
2863 2944 3287 3014 Ἐμπεδοκλέους
3320 2946 3414 2997 καὶ
3463 2945 3782 3015 Πυθαγόρου
3809 2944 3967 3008 δόξαν
4022 2945 4103 3006 εἰς

2528 3034 2619 3087 τὸν
2667 3035 3091 3104 Χριστιανισμὺν
3154 3036 3469 3106 παρήγαγε.
3515 3035 3618 3088 Δύο
3670 3036 3861 3104 φύσεις
3911 3034 4100 3100 εἰπὼν,

2530 3125 2740 3198 ἀγαθήν
2772 3143 2830 3179 τε
2877 3129 2974 3180 καὶ
3012 3128 3272 3200 πονηράν,
3303 3128 3378 3192 ὼς
3415 3129 3510 3182 καὶ
3561 3129 3954 3199 Ἐμπεδοκλῆς,
3995 3132 4104 3181 νεῖ-

2533 3237 2626 3282 κος
2665 3220 2946 3290 ὀνομάζων
2999 3220 3097 3292 τὴν
3126 3221 3387 3292 πονηράν,
3432 3208 3615 3291 φιλίαν
3640 3221 3696 3275 δὲ
3742 3223 3839 3293 τὴν
3868 3221 4100 3293 ἀγαθήν.

2531 3313 2732 3365 Τούτου
2775 3312 2832 3365 δὲ
2865 3313 2959 3366 τοῦ
2999 3313 3296 3366 Σκυθιανοῦ
3332 3314 3578 3386 μαθητὴς
3609 3314 3817 3382 γίνεται
3848 3313 4099 3374 Βούδδας.

2531 3405 2794 3474 πρότερον
2847 3404 3169 3476 Τερέὅινθος
3223 3405 3572 3474 καλούμενος.
3620 3405 3801 3467 Ὂςτις
3848 3404 3941 3456 ἐπὶ
4004 3403 4101 3472 τήν

2532 3495 2879 3550 Βαὸυλωνίαν
2945 3497 3129 3565 χώραν
3193 3498 3474 3566 ὁρμήσας,
3541 3496 3663 3565 ἥτις
3717 3494 3820 3548 ὑπὸ
3878 3493 4103 3564 Περσῶν

2528 3589 2779 3650 οἰκεῖται,
2821 3588 2990 3642 πολλά
3038 3591 3164 3659 περὶ
3216 3588 3408 3643 ἑαυτοῦ
3457 3587 3833 3660 ἐτερατεύετο,
3877 3587 4101 3656 φάσκων

2531 3679 2594 3731 ὲκ
2616 3679 2884 3749 παρθένου
2912 3680 3260 3748 γεγενῆσθαι,
3285 3680 3379 3733 καὶ
3397 3681 3455 3733 ἐν
3475 3680 3656 3751 ὄρεσιν
3676 3677 4098 3748 ἀνατετράφθαι.

2530 3767 2662 3824 Εἶτα
2697 3772 3001 3843 συγγράφει
3037 3771 3217 3842 βιϐλία
3246 3773 3504 3842 τέσσαρα,
3535 3771 3592 3824 ἓν
3625 3771 3723 3842 μὲν
3760 3770 4102 3838 ἐπονομάσας

2530 3863 2637 3910 τῶν
2668 3862 3030 3929 Μυστηρίων·
3079 3865 3264 3934 ἕτερον
3291 3864 3368 3926 δὲ,
3399 3863 3459 3915 τὸ
3487 3863 3847 3930 Εὑαγγέλιονο
3887 3862 3981 3914 καὶ
4011 3849 4102 3913 τόν

2530 3949 2814 4021 Θησαυρὸν
2861 3951 3064 4020 τρίτον,
3105 3957 3199 4003 καὶ
3225 3954 3292 4003 τὰ
3321 3952 3604 4018 Κεφάλαια
3628 3953 3905 4020 τέταρτον.
3940 3949 4102 4002 Τελε-

2535 4044 2632 4106 τὰς
2660 4042 2716 4095 δέ
2749 4059 2902 4108 τινας
2931 4046 3105 4096 ποιεῖν
3145 4044 3633 4115 σχηματιζόμενος,
3677 4043 3960 4113 ὲδισκεύθη
3997 4043 4102 4094 ὑπὸ

2536 4133 2868 4204 πνεύματος,
2899 4136 2994 4188 καὶ
3029 4134 3204 4199 οὕτως
3248 4135 3513 4190 ἀπώλετο.
3544 4135 3685 4204 Γυνὴ
3710 4135 3764 4188 δέ
3793 4151 3877 4198 τις
3905 4136 4031 4204 παρ’

2537 4226 2817 4290 κατέλυεν,
2853 4225 3052 4294 ἔθαψεν
3102 4226 3292 4280 αὐτόν·
3347 4227 3442 4280 καὶ
3489 4227 3558 4280 τὰ
3585 4226 3793 4280 ἐκείνου
3843 4227 4102 4297 χρήματα

2047 4398 2578 4457 ANNOTATIONES
2632 4399 3010 4458 V'ARIORUM.

929 4521 955 4561 γ
1001 4511 1397 4594 Ἕξθαλσεγὰρ
1432 4513 1802 4594 Ἀθανᾴσιος.
1842 4513 2072 4594 Scripsit
2095 4517 2426 4594 Athanasius
2459 4524 2500 4578 D
2528 4519 2631 4594 277
2665 4537 2712 4594 ρ

2317 4519 2426 4594 sius
2459 4524 2500 4578 D
2528 4519 2631 4594 277
2665 4521 3096 4594 consignandam
3125 4538 3246 4577 esse
3282 4525 3479 4593 probat
3503 4524 3628 4580 Ant.
3665 4525 3791 4594 Pagi
3824 4540 3891 4577 ex
3925 4524 4100 4582 Ense-

857 4584 1049 4654 Vitam
1085 4582 1143 4654 S.
1178 4581 1400 4654 Antonii
1430 4586 1819 4654 monachorum
1848 4581 2038 4653 patris,
2078 4602 2238 4654 quam
2289 4588 2426 4643 Eva-

857 4655 1010 4721 ;grius
1032 4652 1289 4724 Latinam»
1312 4652 1578 4724 reddidit;
1624 4655 1784 4724 idque
1822 4652 2224 4710 extreniissuae
2249 4660 2426 4714 aetatis

856 4724 1034 4797 annis,
1075 4721 1204 4797 dum
1233 4721 1912 4797 Alexandrimtranquille
1946 4725 2230 4797 resideret.
2274 4728 2422 4797 (Ant.

857 4794 980 4861 Pagi
1023 4792 1105 4862 ad,
1134 4808 1260 4845 ann.
1294 4791 1454 4862 7528.)
1495 4793 1642 4847 Obiit
1689 4791 2056 4848 SfAntunius
2105 4812 2250 4850 anno
2284 4791 2422 4862 556,

855 4863 944 4936 die
985 4863 1053 4936 17Δ
1083 4861 1344 4936 Januarii.
1398 4863 1613 4936 Annum
1638 4880 1748 4936 nos
1781 4865 1939 4918 docet
1973 4865 2336 4936 Hieronymus
2371 4861 2424 4923 in

854 4933 1145 4986 Chronico.
1187 4933 1235 4985 Is
1297 4941 1353 4985 et
1390 4931 1719 4988 Athanasius
1763 4944 2030 4989 testantur
2081 4931 2205 4990 eum
2253 4953 2426 4994 annos

856 5004 1097 5070 quinque
1133 5017 1294 5074 supra
1325 5013 1570 5074 _centum
1619 5006 1836 5068 vixisse,
1890 5006 2117 5074 ejusque
2170 5007 2427 5064 nativitas

855 5070 1488 5146 an_no__(1hr.‘2_3l,ADe_cio
1533 5074 1853 5144 imperante,
1888 5070 2102 5146 accidit.
2140 5075 2272 5146 Ejus
2315 5080 2424 5134 vita

855 5158 883 5194 a
915 5143 1172 5196 ltollando
1200 5143 1253 5195 in
1286 5140 1435 5198 Actis
1455 5140 1785 5206 sanctarum,
1821 5145 2024 5200 mensis
2053 5140 2295 5201 Januarii
2335 5149 2424 5203 die

856 5213 1074 5286 praefata
1112 5214 1414 5286 illustratur
1445 5231 1456 5265 :
1492 5215 1698 5284 aliquot
1743 5230 1876 5286 vero
1918 5216 2037 5285 ejus
2065 5217 2307 5286 epistola:
2357 5221 2425 5274 ab

856 5283 1164 5358 Abrahamo
1196 5281 1554 5358 Ecchellensi,
1586 5281 1721 5355 ’post
1747 5281 1992 5358 _Baron'ii
2046 5281 2275 5341 mortem
2319 5305 2424 5358 pu-

858 5355 1085 5408 blicatae.
1122 5356 1291 5410 Porro
1321 5353 1580 5424 deceptus
1600 5353 1701 5410 Vest
1746 5355 2029 5420 Baronius,
2055 5358 2275 5425 quando
2312 5353 2425 5413 exi-

856 5425 1096 5477 stimavit
1128 5425 1481 5482 Athanasium
1529 5427 1698 5480 Vitam
1765 5426 1984 5480 Antonii
2026 5442 2093 5480 eo
2124 5428 2300 5481 adhuc
2340 5433 2422 5481 vi-

856 5504 1017 5568 vente
1071 5497 1372 5565 scripsisse,
1408 5497 1768 5568 Romamque,
1783 5509 1906 5549 cum
1940 5497 2088 5568 illuc,
2113 5497 2258 5552 .Iulio
2288 5515 2423 5568 papa

855 5566 1100 5628 sedente,
1156 5569 1322 5630 venit,
1369 5581 1554 5625 secum
1604 5566 1882 5620 detulisse.
1941 5567 2071 5620 Nam
2113 5568 2162 5620 in
2211 5566 2422 5624 ea’Vi—ta

856 5635 1074 5757 ἒξηὲοιιιὶἰ
1117 5637 1299 5692 obitus
1347 5637 1550 5691 diserte
1595 5645 1947 5691 memoratur.
1985 5637 2152 5708 (idem
2191 5639 2258 5692 ad
2290 5655 2417 5695 ann.

893 5731 926 5757 ι)
968 5749 977 5757 .

855 5717 977 5758 ams.
989 5717 1005 5775 j

933 5787 954 5813 ³
997 5777 1222 5844 Μικρὸν
1254 5779 1589 5847 ἔμπροσθεν
1624 5777 1741 5831 τῶν
1779 5780 2236 5832 Κωνσταντίνου
2282 5783 2421 5845 χρό-

859 5864 995 5900 νων.
1044 5847 1316 5916 Originem
1353 5850 1621 5904 haereseos
1655 5849 2071 5918 Manichaeorum
2105 5865 2247 5906 anno
2285 5850 2416 5905 (2hr.

2530 4591 2605 4663 bii
2654 4590 2950 4646 Chronico.
2992 4593 3194 4647 Verum
3231 4590 3335 4656 est,
3374 4595 3570 4663 inquit,
3611 4590 3792 4648 varias
3825 4596 3928 4648 sub
3956 4596 4099 4652 idem

2528 4661 2640 4715 fere
2665 4671 2880 4730 tempus
2905 4664 3220 4731 eruptiones
3252 4661 3482 4718 monstri
3527 4665 3674 4719 illius
3703 4665 3891 4728 fuisse,
3925 4677 3981 4721 et
4014 4669 4101 4721 in-

2527 4731 2775 4802 signibus
2817 4732 3046 4802 alicujus
3083 4733 3342 4789 facinoris
3398 4736 3542 4790 notis
3600 4735 3918 4789 celebratas.
3972 4737 4103 4802 Qua:

2528 4800 2690 4874 causa
2754 4800 2858 4874 l'_uit
2908 4800 3006 4856 cur
3032 4820 3157 4874 non
3194 4803 3384 4858 iisdem
3424 4804 3851 4874 imperatoribus
3881 4800 4104 4863 heresis

2529 4873 2686 4926 istius
2706 4872 2858 4940 origo
2885 4873 3137 4929 mandata
3170 4875 3356 4928 fuerit.
3376 4872 3530 4942 Quod
3562 4876 3762 4934 mirum
3789 4876 3964 4930 videri
3991 4893 4101 4932 non

2527 4941 2729 5004 debet,
2771 4957 2894 4996 cum
2935 4943 3318 4998 haereticorum
3355 4941 3471 5000 mos
3509 4945 3676 4999 luerit
3714 4945 3809 4998 diu
3836 4947 3975 5000 clam
4001 4947 4102 5000 do-

2526 5014 2777 5086 cere,_ita
2815 5023 2875 5068 ut
2919 5023 3050 5068 tunc
3080 5031 3108 5086 a
3132 5015 3457 5084 quibusdam
3492 5025 3912 5086 cognoscantur,
3938 5027 3994 5070 et
4032 5018 4101 5071 ab

2527 5082 2650 5136 aliis
2689 5083 3027 5152 ignorentur.
3070 5082 3248 5151 Quare
3290 5103 3357 5141 ex
3399 5082 3720 5141 auctoribus
3747 5087 3964 5140 diversa
3999 5087 4102 5142 hac

2526 5152 2593 5205 de
2609 5170 2682 5226 _re
2709 5153 3098 5226 scribentibus,
3129 5155 3220 5208 alii
3253 5156 3319 5210 de
3346 5157 3464 5226 ejus
3499 5156 3770 5226 magistris
3803 5155 4101 5226 Scythiano

2525 5232 2581 5296 et
2608 5223 2793 5296 Budda
2828 5225 3187 5296 intelligendi,
3233 5227 3322 5280 alii
3365 5223 3432 5283 de
3466 5223 3824 5296 ipsa—origine
3870 5223 4098 5280 monstri

2527 5292 2719 5367 ipsius,
2753 5292 3097 5367 nonnulli'de
3120 5299 3286 5352 variis
3307 5299 3426 5367 ejus
3453 5292 3504 5350 iii
3523 5292 3821 5351 Ecclesiam
3849 5298 4098 5366 eruptio-

2527 5364 2708 5438 nibus,
2742 5381 2805 5438 ac
2830 5366 3178 5438 demumalii
3205 5369 3273 5424 de
3303 5364 3419 5438 ejus
3443 5383 3692 5438 errorum
3725 5364 4092 5422 damnatione.

2528 5435 2673 5507 (Pagi
2728 5435 2795 5507 ad
2845 5451 2972 5489 ann.
3021 5435 3146 5507 277,
3187 5455 3240 5492 n.
3295 5435 3348 5501 6,
3395 5439 3470 5507 7.)
3500 5437 3634 5492 Vide
3671 5438 4004 5492 Pearsonum
4042 5437 4098 5491 in

2526 5503 2840 5579 Symbolum
2865 5506 3253 5579 apostolicum,
3289 5525 3408 5579 pag.
3450 5503 3549 5571 64,
3584 5507 3677 5576 qui
3733 5509 3872 5562 hanc
3920 5508 4095 5562 haere-

2525 5576 2606 5628 sin
2642 5576 2986 5645 temporibus
3031 5576 3401 5645 apostolorum
3457 5594 3691 5633 eoasvam
3745 5587 3952 5642 censet,
3992 5593 4096 5632 no-

2524 5661 2758 5718 menque
2805 5646 2986 5700 Manes
3036 5663 3143 5702 non
3175 5649 3342 5704 fuisse
3375 5649 3657 5718 proprium
3703 5648 3934 5717 alicujus
3963 5647 4090 5712 viri,

2524 5713 2618 5769 sed
2647 5713 2954 5798 totisectaa,
2983 5718 3067 5772 vel
3103 5719 3288 5789 potius
3315 5713 3602 5790 quibusvis
3635 5713 3905 5775 haretiéis
3940 5732 4092 5774 com—

2525 5802 2690 5841 mune
2717 5795 2928 5842 statuit.
