4514 6578
415 459 513 516 137

1344 440 1347 443 λ
1400 454 1728 513 HISTORIA
1765 451 2325 514 ECCLESIASTICA.
2366 488 2435 497 -
2471 457 2600 512 LIB.
2642 456 2681 513 ι.

3574 466 3676 521 158

413 573 780 647 κατασχοῦσα,
807 573 1094 647 παιδάριον
1125 575 1395 647 ὠνήσατο,
1431 576 1561 647 περὶ
1594 577 1734 630 ἐπτά
1764 577 1860 647 ἔτη
1890 577 1990 649 τὴν
2018 585 2061 636 Α
2091 587 2146 630 ta
2186 576 2196 630 i

1893 577 1990 649 τὴν
2018 585 2061 636 Α
2091 587 2146 630 ta
2186 576 2483 647 inscripsit.
2502 576 2639 632 Cum
2664 584 2847 632 autem
2875 592 3073 633 arcana
3110 581 3355 650 quzedam
3380 595 3531 637 sacra
3554 598 3676 653 per-

410 669 648 740 ἠλικίαν,
681 664 904 736 ὀνόματι
944 665 1279 735 Κούδρικον·
1325 664 1515 719 τοῦτον
1557 665 1993 735 ἐλευθερώσασα,

410 761 503 812 καὶ
532 757 833 828 γράμματα
863 754 1210 824 ἐκδιδάξασα,
1242 756 1380 827 μετά
1413 757 1603 828 χρόνον
1636 755 1992 825 ἐτελεύτησε,

2094 682 2257 737 agere
2290 684 2349 723 se
2384 668 2634 737 ﬁngeret,
2660 685 2692 723 a
2722 669 2970 724 daemone
2992 670 3047 724 in
3086 685 3331 740 praeceps
3359 690 3426 727 ex
3450 675 3673 729 sublimi

2088 761 2329 831 jactatus
2364 761 2565 815 misere
2603 761 2787 830 periit.
2833 761 3027 817 Mulier
3055 778 3187 817 vero
3224 766 3379 835 cujus
3415 769 3676 825 utebatur

407 850 585 902 πάντα
624 846 773 918 αὐτῷ
820 847 890 900 τὰ
930 849 1188 919 χρήματα
1236 849 1329 901 τοῦ
1371 847 1697 920 Τερεδίνθου
1740 849 1994 902 καταλεί-
2093 852 2190 906 hos

1890 849 1994 902 λεί·
2093 852 2353 921 hospitio,
2378 852 2613 906 cadaver
2642 853 2763 922 ejus
2792 853 3088 921 sepultura:
3109 856 3405 911 mandavit.
3426 858 3673 930 Cumque

403 941 573 1009 ψαςα,
622 939 716 991 καὶ
741 938 809 990 τά
838 936 1020 1005 βιὸλία
1053 939 1197 1009 ἅπερ
1225 933 1295 1007 ἦν
1321 938 1584 1002 συντάξας
1627 940 1855 1001 ἐκεῖνος.
1886 939 1993 991 ὑπὸ

404 1029 691 1101 Σκυθιανῷ
723 1029 1135 1101 παιδευόμενος.
1167 1031 1358 1085 Ταῦτα
1380 1031 1561 1085 λαϐὼν
1582 1032 1611 1084 6
1626 1031 1991 1102 ἀπελεύθερος

404 1125 731 1196 Κούϐρικος,
764 1124 861 1176 καὶ
898 1126 992 1177 ἐπὶ
1030 1126 1101 1177 τὰ
1125 1125 1353 1197 Περσῶν
1391 1127 1533 1197 μέρη
1553 1128 1830 1197 χωρήσας,
1862 1144 1992 1197 μετ-

401 1218 660 1287 ονομάζει
695 1216 793 1287 μὲν
829 1216 1021 1269 ἑαυτὸν
1055 1216 1276 1288 Μάνην’
1308 1217 1377 1271 τὰ
1413 1218 1470 1270 δὲ
1504 1217 1602 1271 τοῦ
1637 1217 1841 1272 Βούδδα
1870 1219 1989 1288 ἦτοι

400 1310 727 1382 Τερεϐίνθου
773 1308 972 1378 βιὸλία’,
1014 1309 1088 1372 ὡς
1120 1311 1316 1374 οίκεῖα,
1350 1312 1465 1374 τοῖς
1515 1312 1606 1364 ὑπ’
1646 1310 1810 1365 αὐτοῦ
1849 1311 1989 1364 πλα-

400 1400 641 1469 νηθεῖσιν
667 1397 951 1462 ἐξέδωκεν.
983 1398 1050 1449 Al
1080 1397 1189 1451 τῶν
1220 1398 1421 1468 βίϐλων
1454 1399 1634 1453 τοίνυν
1679 1401 1985 1466 ὑποθέσεις,

401 1491 839 1562 χριστιανίςουσι
867 1489 968 1560 μὲν
998 1492 1066 1560 τῇ
1100 1493 1273 1561 φωνῇ,
1300 1492 1411 1554 τοῖς
1438 1492 1495 1543 δὲ
1522 1492 1787 1562 δόγμασιν
1830 1493 1987 1564 ἑλλη-

400 1579 610 1644 νίζουσι
630 1595 645 1608 ·
679 1578 775 1632 xai.
816 1577 927 1648 γὰρ
958 1577 1187 1642 πολλοὺς
1212 1578 1378 1641 Θεοὺς
1414 1578 1593 1632 σέϐειν
1616 1581 1646 1633 6
1686 1580 1987 1649 Μανιχαῖος

402 1669 769 1739 προτρέπεται
800 1667 960 1731 ἄθεος
982 1666 1079 1730 ὢν,
1109 1669 1202 1720 καὶ
1227 1667 1318 1720 τὸν
1346 1668 1496 1737 ἥλιον
1524 1671 1851 1738 προσκυνεῖν
1873 1670 1984 1739 (22)

400 1758 672 1815 διδάσκει“
710 1761 805 1813 καὶ
839 1760 1186 1829 εἱμαρμένην
1236 1759 1482 1827 εἰσάγει,
1513 1760 1609 1814 καὶ
1640 1759 1702 1813 τὸ
1736 1761 1822 1829 ἐφ’
1852 1761 1984 1831 ἡμῖν

399 1851 647 1920 ἀναιρείο
685 1849 781 1903 καὶ
814 1849 1306 1921 μετενσωμάτωσιν
1340 1850 1655 1920 δογματίζει
1706 1852 1980 1922 φανερῶς,

411 1940 837 2012 Ἐμπεδοκλέους
873 1940 970 1994 καὶ
1014 1939 1333 2011 Πυθαγόρου
1367 1942 1463 1993 καὶ
1510 1942 1825 2010 Αἰγυπτίων
1860 1946 1980 2007 ταῖς
2010 1932 2053 1986 Β

396 2032 575 2097 δόξαις
623 2032 994 2103 ἀκολουθήσας
1016 2046 1030 2064 ⁶
1061 2032 1155 2085 καὶ
1179 2032 1272 2085 τὸν
1313 2034 1548 2106 Χριστὸν
1589 2037 1647 2088 ὲν
1691 2036 1853 2106 σαρκὶ
1886 2052 1980 2105 γεο

396 2125 611 2193 γονέναι
643 2124 705 2177 ού
741 2122 1023 2193 βούλεται,
1060 2124 1356 2195 φάντασμα
1396 2126 1558 2179 αὑτὸν
1595 2126 1768 2194 λέγων
1803 2125 1976 2182 εἶναι’

398 2217 493 2270 καὶ
514 2216 680 2286 νόμον
710 2217 807 2269 καὶ
832 2216 1117 2287 προφήτας
1140 2216 1323 2270 ἀθετεῖ
1340 2231 1355 2247 ⁶
1392 2219 1482 2270 καὶ
1507 2219 1698 2271 ἑαυτὸν
1725 2218 1980 2289 ὀνομάζει

398 2307 783 2377 Παράκλητονο
834 2306 979 2376 ἅπερ
1027 2307 1238 2373 πάντα,
1280 2308 1537 2380 ἀλλότρια
1563 2311 1662 2381 τῆς
1692 2310 1977 2382 ὀρθοδόξου

410 2399 768 2468 Ἐκκλησίας,
826 2401 1189 2470 καθέστηκεν.
1251 2402 1339 2455 Ἐν
1388 2402 1447 2456 δὲ
1484 2406 1600 2467 ταῖς
1646 2404 1977 2469 ἐπιστολαῖς,

400 2494 497 2545 καὶ
551 2492 850 2546 ἀπόστολον
894 2494 1089 2548 ἑαυτὸν
1130 2491 1417 2565 ὀνομάζειν
1454 2496 1773 2569 ἐτόλμησεν.
1819 2495 1980 2552 Ἀλλά

397 2585 492 2638 τοῦ
548 2585 869 2655 τηλικούτου
928 2586 1159 2655 ψεύδους
1217 2588 1375 2653 ἀξίαν
1428 2589 1621 2660 εὕρετο
1682 2591 1839 2662 δίκην
1889 2592 1980 2646 διὰ

399 2677 605 2731 τοιάνδε
629 2678 827 2731 αἰτίαν·
860 2678 965 2731 Τοῦ
994 2680 1254 2748 βασιλέως
1277 2680 1501 2752 Περσῶν
1526 2683 1641 2747 υίὸς
1665 2682 1805 2755 νόσῳ
1831 2701 1981 2754 περι-

401 2770 678 2821 πεπτὼκει
697 2785 709 2797 ο
740 2771 769 2823 6
796 2770 851 2822 δὲ
881 2770 1081 2841 πατὴρ,
1111 2772 1171 2824 τὸ
1195 2772 1259 2841 δὴ
1286 2773 1596 2845 λεγόμενον,
1626 2775 1803 2828 πάντα
1832 2775 1978 2829 λίθον

399 2863 590 2923 ἐκίνει,
613 2864 705 2916 τὸν
731 2864 846 2915 υἱὸν
878 2864 1117 2931 σωῦῆναι
1154 2866 1474 2935 βουλόμενος
1493 2882 1507 2897 ·
1541 2866 1728 2937 μαθών
1752 2885 1811 2920 τε
1850 2869 1980 2939 περὶ

397 2951 861 3020 τοῦ-Μανιχαίου,
916 2954 1012 3005 καὶ
1054 2954 1154 3017 τάς
1197 2955 1484 3026 τερατείας
1534 2956 1701 3010 αὑτοῦ
1752 2959 1979 3028 νομίσας

400 3038 535 3097 εἶναι
566 3043 803 3112 ἀληθεῖς,
842 3042 918 3106 ὡς
956 3044 1250 3099 ἀπόστολον
1285 3046 1722 3117 μεταπέμπεται,
1755 3051 1977 3104 πιστεύ-

402 3149 498 3195 σας
526 3133 592 3185 δι’
618 3133 785 3187 αὐτοῦ
817 3134 1157 3205 σωθήσεσθαι
1190 3137 1280 3192 τὸν
1311 3139 1446 3194 υἱόν.
1485 3140 1542 3193 Ὀ
1568 3140 1645 3205 δὲ,
1676 3144 1980 3213 παραγενό-

2092 944 2381 1013 pecuniam
2417 943 2538 1015 ejus
2575 959 2795 997 omnem
2840 944 3039 1013 adepta
3062 955 3229 1009 esset,
3268 963 3499 1017 puerum
3537 955 3674 1006 emit

2091 1044 2435 1103 septennem,
2478 1036 2700 1090 nomine
2720 1034 3039 1090 Cubricum.
3066 1036 3239 1102 Quem
3264 1056 3388 1093 eum
3416 1042 3673 1098 libertate

2089 1123 2369 1189 donasset,
2391 1138 2457 1180 ac
2475 1126 2674 1180 litteris
2695 1126 3038 1191 instituisset,
3061 1144 3170 1183 non
3203 1132 3374 1184 multo
3394 1142 3516 1202 post
3536 1135 3673 1188 abiit

2088 1229 2121 1267 e
2168 1215 2317 1279 vita,
2354 1217 2571 1271 cunctis
2615 1216 2939 1272 Terebinthi
2978 1219 3356 1286 facultatibus,
3404 1234 3461 1278 et
3512 1225 3673 1280 libris

2087 1322 2228 1377 quos
2262 1309 2353 1364 ille
2387 1326 2416 1364 a
2457 1310 2751 1381 Scytbiano
2777 1312 3005 1369 edoctus
3040 1317 3468 1386 conscripserat,
3499 1326 3673 1376 testa-

2087 1409 2275 1455 mento
2306 1402 2359 1456 ei
2387 1402 2615 1458 relictis.
2650 1403 2747 1458 llis
2776 1406 3037 1474 acceptis,
3058 1407 3292 1461 libertus
3317 1408 3591 1464 Cubricus
3612 1412 3671 1466 in

2088 1489 2369 1545 Persidem
2401 1492 2705 1561 profectus,
2732 1510 2789 1549 se
2813 1496 3035 1565 quidem
3074 1505 3284 1549 nuitato
3318 1499 3538 1553 nomine
3560 1500 3671 1553 Ma-

2087 1596 2213 1634 nem
2233 1583 2545 1651 appellavit.
2566 1584 2764 1640 Libros
2788 1601 2922 1641 vero
2948 1586 3151 1642 Budda:
3176 1587 3290 1642 sive
3318 1587 3665 1652 Terebinthi,

2087 1682 2347 1744 tanquam
2378 1692 2410 1731 a
2441 1694 2499 1732 se
2538 1681 2901 1750 conscriptos,
2932 1684 3300 1737 sectatoribus
3340 1684 3458 1738 suis
3498 1683 3669 1739 tradi-

2085 1764 2187 1819 dit.
2214 1765 2422 1820 llorum
2457 1784 2623 1837 porro
2647 1770 2915 1826 librorum
2952 1782 3298 1843 argumenta,
3321 1775 3507 1831 verbis
3537 1776 3665 1845 qui-

2084 1857 2210 1911 dem
2248 1859 2566 1929 religionem
2598 1861 2800 1917 Christi
2838 1880 2949 1932 pra:
2982 1880 3041 1919 se
3074 1865 3291 1920 ferunt:
3326 1868 3421 1922 sed
3472 1869 3517 1922 s'i
3567 1869 3668 1924 do-

2080 1954 2261 2016 gmata
2285 1950 2609 2014 attenderis,
2625 1952 2854 2020 propius
2876 1953 3148 2007 accedunt
3170 1955 3238 2008 ad
3270 1957 3661 2025 gentilitatem.

2082 2038 2280 2093 Multos
2301 2040 2449 2093 enim
2480 2040 2613 2096 deos
2654 2043 2915 2099 colendos
2940 2060 3061 2099 esse
3096 2046 3446 2112 Manichaeus,
3474 2060 3665 2120 utpote

2081 2130 2303 2200 impius,
2348 2134 2617 2203 praecipit.
2664 2133 2847 2192 Solem
2888 2151 3108 2205 quoque
3161 2137 3502 2194 adorandum
3541 2158 3664 2197 esse

2080 2222 2261 2277 docet.
2308 2224 2500 2277 Fatum
2561 2234 2828 2294 praeterea
2874 2226 3192 2282 introducit.
3241 2229 3310 2283 Et
3348 2230 3663 2287 libertatem

2079 2314 2303 2370 humani
2342 2317 2489 2370 tollit
2527 2318 2766 2372 arbitrii.
2798 2319 2946 2373 idem
2982 2335 3212 2389 corpora
3235 2337 3303 2375 ex
3329 2322 3450 2377 aliis
3475 2324 3529 2377 in
3556 2326 3663 2379 alia

2080 2410 2438 2463 transmutari
2503 2410 2722 2473 asserit,
2790 2410 3141 2480 Empedoclis
3197 2421 3253 2467 et
3318 2414 3660 2485 Pythagorae,

2077 2499 2568 2571 Egyptiorumque
2607 2502 2923 2572 opinionem
2969 2503 3256 2559 manifeste
3300 2516 3539 2561 secutus.
3593 2505 3665 2563 Et

2076 2590 2356 2645 Christum
2373 2592 2595 2662 quidem
2608 2593 2663 2646 in
2680 2609 2844 2647 carne
2856 2594 3131 2649 exstitisse
3153 2596 3662 2667 negat,phantasma

2076 2681 2231 2735 illum
2256 2681 2424 2737 fuisse
2449 2683 2659 2737 dicens.
2687 2682 2886 2752 Legem
2904 2699 3036 2737 vero
3054 2699 3117 2737 ac
3140 2684 3435 2754 prophetas
3457 2686 3658 2756 rejieit,

2076 2789 2247 2843 seque
2291 2775 2407 2845 ipse
2429 2776 2773 2829 Paraeletum
2795 2776 3052 2844 appellat.
3081 2774 3211 2841 Quae
3232 2776 3453 2846 quidem
3476 2779 3662 2833 omnia

2077 2881 2110 2921 a
2156 2876 2306 2921 recta
2360 2867 2617 2921 Ecclesize
2676 2866 2782 2921 ﬁde
2844 2867 3020 2921 aliena
3065 2883 3184 2921 esse
3231 2868 3660 2935 eonstat.Quin-

2076 2957 2245 3013 etiam
2266 2958 2323 3012 in
2347 2958 2596 3027 epistolis
2616 2974 2673 3013 se
2718 2958 2894 3028 ipsum
2922 2973 3090 3011 ausus
3113 2965 3196 3011 est
3221 2959 3529 3028 apostolum
3563 2975 3664 3013 no-

2078 3049 2311 3104 minare.
2348 3050 2551 3105 Verum
2597 3049 2715 3104 falsi
2761 3050 2926 3119 hujus
2950 3050 3158 3105 erroris
3195 3050 3409 3107 debitas
3439 3052 3660 3108 tandem

2078 3154 2273 3209 pmnas
2297 3140 2421 3205 luit,
2446 3141 2517 3195 ob
2558 3140 2873 3212 hujusmodi
2899 3157 3125 3196 causam
3149 3160 3162 3195 :
3189 3143 3479 3199 Persarum
3515 3146 3660 3216 regis

404 3242 563 3295 μενος
609 3227 747 3296 μετά
792 3228 886 3280 τοῦ
928 3229 1264 3285 ὲπιπλάστου
1299 3231 1577 3303 σχήματος
1613 3235 1975 3305 ἐγχειρίζεται
2005 3270 2046 3327 c
2080 3230 2187 3284 ﬁliu

1875 3253 1975 3288 ;ται
2005 3270 2046 3327 c
2080 3230 2229 3327 ﬁlius
2274 3232 2418 3327 forte
2466 3232 2521 3285 in
2566 3233 2823 3287 morbum
2878 3232 3341 3327 inciderati‘Eum
3388 3244 3546 3306 pater
3595 3245 3658 3292 ut.

399 3318 489 3370 τὸν
517 3318 609 3371 τοῦ
653 3320 917 3389 βασιλέως
962 3323 1099 3377 υίόν.
1139 3323 1199 3376 '0
1228 3324 1285 3377 δὲ
1320 3325 1573 3394 βασιλεὺς
1604 3327 1864 3397 ἑωρακὼς
1892 3330 1975 3382 ὄτι

399 3411 427 3460 6
466 3412 593 3472 παῖς
630 3412 688 3462 ὲν
718 3415 836 3475 ταῖς
864 3414 1051 3483 χερσὶν
1088 3414 1256 3468 αὐτοῦ
1301 3415 1601 3486 ἐτεθνήκει,
1652 3418 1977 3485 συγκλείσας

399 3499 578 3561 αὑτὸν.
604 3503 968 3573 τιμωρεῖσθαι
995 3504 1213 3575 ἕτοιμος
1233 3501 1322 3578 ἦν.
1359 3507 1418 3561 ’0
1440 3507 1495 3560 δὲ
1522 3509 1741 3580 διαδράς
1765 3511 1858 3563 ἐπὶ
1876 3511 1977 3581 τὴν

399 3590 825 3662 Μεσοποταμίαν
853 3605 903 3656 ι,
932 3593 1278 3660 διασώζεται.
1316 3595 1519 3651 Μαθὼν
1547 3616 1605 3651 τε
1635 3599 1797 3653 αὑτὸν
1817 3603 1845 3653 6
1871 3601 1977 3654 τῶν

400 3684 623 3756 Περσῶν
652 3686 907 3755 βασιλεὺς
942 3688 1059 3740 ἐκεῖ
1093 3687 1413 3761 διατρίϐειν,
1451 3691 1796 3761 ἀνάρπαστον
1821 3694 1979 3764 ποιή-

401 3792 518 3840 σας,
550 3775 728 3841 ζῶντα
773 3777 1073 3849 ἐξέδειρεν
1127 3780 1222 3832 καὶ
1261 3778 1480 3850 ἀχύρων
1507 3780 1604 3852 τὴν
1644 3780 1806 3851 δοράν
1834 3782 1975 3853 πλη-

2080 3322 2272 3375 morbo
2298 3322 2577 3385 liberaret,
2617 3338 2855 3385 omnem,
2883 3332 2942 3375 ut
2965 3324 3130 3393 vulgo
3153 3323 3375 3391 dicitur,
3401 3326 3657 3382 movebat

2078 3415 2339 3483 lapidem.
2370 3415 2505 3469 Cum
2531 3424 2713 3469 autem
2740 3416 3019 3470 lilnnichzei
3046 3416 3183 3469 fama
3210 3416 3276 3470 ad
3304 3434 3429 3471 eum
3454 3434 3652 3488 perve-

2074 3508 2269 3574 nisset,
2297 3516 2451 3562 ratus
2488 3523 2619 3561 vera
2654 3522 2774 3563 esse
2811 3506 3049 3561 hominis
3081 3507 3326 3577 prodigia
3359 3516 3522 3578 atque
3548 3509 3653 3561 mi-

2074 3600 2290 3664 racula,
2316 3614 2443 3654 eum
2488 3605 2745 3667 tanquam
2791 3598 3095 3667 apostolum
3123 3599 3386 3663 accersit,
3422 3615 3654 3668 sperans

2074 3692 2284 3747 scilicet
2304 3691 2423 3746 fore
2461 3700 2521 3745 ut
2545 3691 2689 3745 ﬁlius
2710 3691 2830 3761 ejus
2849 3706 3016 3760 Opera
3052 3698 3364 3745 sanaretur.
3388 3690 3490 3757 Qui
3525 3707 3651 3745 eum

2074 3784 2319 3838 venisset
2356 3782 2501 3848 ﬁcta,
2538 3798 2601 3838 ac
2640 3783 2895 3837 simulata
2927 3785 3130 3852 specie,
3154 3782 3390 3853 regalem
3419 3798 3648 3852 puerum

1594 3957 1864 4014 VALESII
1901 3957 2453 4015 ANNOTATIONES.

468 4069 589 4142 (22),
616 4071 723 4126 Kal
752 4068 859 4124 τὸν
884 4070 1063 4138 ἥλιον
1082 4074 1471 4142 προσκυνεῖν.
1494 4075 1821 4132 Manichzeos
1873 4093 1965 4133 so-

396 4141 505 4197 lem
526 4141 785 4196 adorasse
810 4141 1163 4199 notissimum
1185 4152 1288 4199 est.
1321 4144 1460 4199 Hinc
1486 4147 1808 4203 adoratores
1836 4149 1970 4203 solis

395 4219 699 4285 voeantur_
729 4213 1136 4285 abHAAugustino
1183 4215 1239 4269 in
1285 4217 1556 4285 psalmum
1606 4233 1772 4285 Lxxx.
1819 4220 1966 4285 Idem

394 4296 617 4363 quoque
671 4281 739 4336 de
799 4281 1139 4363 illis—scribit
1190 4281 1548 4363 Lib—aniusnin
1581 4282 1811 4363 cpistola
1869 4282 1971 4363 HO

394 4350 543 4407 libri'
584 4369 655 4417 IV,
708 4367 817 4423 qua
844 4354 1172 4409 Manichaeos
1215 4352 1307 4425 qui
1344 4356 1398 4404 in
1460 4350 1969 4425 Palinstinajerant,

394 4438 689 4492 suppresso
726 4419 942 4478 'eorum
992 4419 1262 4492 ηοιιτιξπιοζΔ
1289 4419 1637 4492 commendat
1685 4422 1967 4476 Prisciano

394 4486 614 4561 prie-Sidi
643 4494 974 4547 Palmstinazz
1007 4492 1068 4542 Οί
1095 4490 1185 4561 τὸν
1214 4489 1363 4561 ἥλιον
1384 4486 1539 4561 ,οὗτοι
1575 4490 1967 4560 θεραπεύοντες

392 4559 521 4633 ἄνευ
572 4561 825 4633 αἵματος,
859 4561 953 4613 καὶ
997 4559 1440 4633 τιμῶντες-’θεὸν
1473 4559 1813 4633 προσηγορίᾳ
1847 4563 1964 4615 δευ-

2062 4078 2153 4149 qui
2181 4076 2345 4149 39.181.”
2373 4073 2552 4149 colunt
2580 4070 2778 4149 absque
2799 4070 3082 4149 sanguine,
3114 4078 3163 4123 et
3208 4065 3376 4123 Deum
3417 4075 3651 4149 secunda

2065 4141 2423 4212 appellatione
2444 4142 2727 4212 honorant,
2764 4142 2855 4211 qui
2896 4150 3130 4194 ventrem
3173 4144 3645 4212 suumcastigant,

2064 4209 2114 4265 et
2137 4209 2276 4281 diem
2302 4211 2470 4264 obitus
2497 4212 2552 4263 in
2578 4209 2711 4263 lucri
2732 4209 2886 4281 parte
2918 4218 3199 4281 reponunt,
3234 4211 3412 4265 multis
3437 4209 3650 4281 quidem

2064 4283 2122 4335 in
2150 4280 2275 4335 locis
2321 4282 2681 4351 reperiuntur,
2723 4280 2911 4351 ubique
2960 4289 3138 4351 tamen
3185 4283 3340 4351 pauci
3385 4280 3528 4335 sunt.
3576 4283 3647 4337 Et

2067 4352 2167 4422 ipsi
2195 4350 2404 4421 quidem
2448 4352 2710 4405 neminem
2738 4350 2939 4421 injuria
2986 4350 3238 4422 afﬁciunt,
3289 4352 3509 4421 quidam
3565 4363 3647 4406 ta-

2073 4420 2191 4474 men
2210 4420 2889 4492 facessunteisinegotium.
2922 4420 3266 4492 Nondubito
3299 4420 3431 4492 quin
3486 4422 3648 4477 Liba-

2072 4492 2198 4545 nius
2232 4492 2318 4544 his
2355 4491 2539 4545 verbis
2581 4490 2905 4545 Manichzeos
2950 4490 3233 4560 designet;
3272 4490 3452 4561 neque
3495 4493 3643 4547 enim

2074 4562 2198 4615 aliis
2230 4577 2393 4631 quam
2418 4561 2731 4615 Mamehazis
2756 4562 2869 4615 haec
2898 4561 3255 4616 conveniunt.
3289 4563 3397 4616 Eos
3418 4578 3549 4616 vero
3574 4563 3644 4617 de

392 4630 547 4713 τέρᾳ,
607 4626 701 4682 καὶ
730 4633 830 4713 τῂν
863 4626 1106 4713 γαστέρα
1146 4626 1494 4713 κολάζοντες.
1521 4626 1531 4631 ⁷
1554 4626 1747 4713 καξςὲν
1786 4626 1965 4713 Ξεέρδει
1997 4633 2045 4692 D
2070 4631 2175 4685 indi

1860 4633 1965 4713 ρδει
1997 4633 2045 4692 D
2070 4626 2659 4713 industria_noni_inare
2687 4632 2885 4713 noluit,
2930 4647 2997 4687 eo
3029 4631 3178 4713 quod
3217 4633 3454 4713 invisum
3493 4643 3643 4713 esset

394 4699 705 4768 ποιούμενοι
732 4701 832 4771 τὴν
876 4701 975 4770 τῆς
1018 4699 1276 4821 τελευτῐξ
1298 4700 1526 4771 ἡμέραν,
1562 4700 1830 4781 πολλαχοῦ
1857 4699 1968 4772 ’μὲν

394 4770 497 4821 είσι
524 4769 623 4821 τῆς
652 4771 778 4821 γῆς.
811 4770 1088 4821 πανταγοῦ
1125 4770 1180 4821 δὲ
1204 4772 1231 4821 6
1270 4768 1393 4821 ίγοι·
1446 4770 1540 4821 καὶ
1593 4772 1839 4821 ἁδικουσι
1871 4772 1967 4821 μὲν

392 4770 623 4842 είσι-τῆς
641 4770 1088 4842 -γῆςέπανταχοῦ
1125 4770 1180 4842 δὲ
1204 4770 1393 4842 ὀλίγοι·
1414 4770 1421 4771 ί
1446 4770 1560 4842 καὶ-
1593 4770 1839 4842 ἀδικούσι
1869 4770 1967 4842 μὲν

392 4838 606 4905 οὐδένα,
640 4838 1023 4921 λυποῦνται
1045 4841 1136 4893 ὑπ’
1170 4840 1349 4905 ὲνίων,
1372 4848 1478 4895 etc.
1506 4840 1565 4894 Id
1611 4850 1716 4905 est,
1754 4838 1948 4896 Viri'ill

2068 4716 2269 4755 nomen
2320 4702 2760 4755 Manichaeorum.
2802 4702 2974 4755 Porro
3015 4700 3082 4755 de
3131 4700 3273 4755 ﬁctis
3314 4703 3641 4757 Manichaeo-

2070 4786 2193 4826 rum
2214 4772 2443 4843 jejuniis
2459 4771 2585 4825 vide
2608 4771 2872 4843 Cyrillum
2906 4770 3193 4827 Catechesi
3233 4773 3285 4826 6.

1835 5012 2217 5071 VARIORUM.

466 5120 492 5150 ι
527 5108 590 5163 '0
614 5108 683 5162 δὲ
710 5109 956 5178 διαδρὰς
981 5110 1081 5164 ἐπὶ
1100 5108 1214 5177 τὴν
1238 5108 1726 5178 Μεσοποταμίαν.
1755 5106 1961 5175 Manes,

391 5197 528 5236 nono
575 5197 717 5234 anno
773 5180 1043 5235 Valeriani
1091 5189 1140 5233 et
1201 5180 1431 5236 Gallieni
1478 5179 1644 5250 (anno
1686 5179 1803 5233 scil.
1828 5181 1961 5235 Chr.

388 5251 515 5323 272)
561 5267 625 5304 ex
648 5252 942 5305 Persarum
968 5252 1264 5304 carceribus
1280 5251 1516 5373 [ugiemn
1541 5267 1659 5303 cum
1680 5250 1734 5303 in
1788 5250 1962 5305 Meso-

390 5322 679 5373 potamiam
706 5323 949 5373 venisset.
976 5322 1040 5373 ab
1066 5321 1274 5373 admira
1313 5321 1369 5373 ili
1392 5323 1505 5373 viro
1535 5319 1794 5373 Archelao
1820 5322 1962 5373 (erat

390 5319 679 5393 potamiam
706 5323 949 5385 venisset,
976 5319 1369 5393 ab_admirabili
1392 5323 1509 5393 viro
1535 5319 1794 5393 Archelao
1820 5322 1842 5390 (
1847 5330 1963 5374 erat

390 5390 571 5446 autem
593 5408 742 5445 sacer
767 5394 865 5445 iste
916 5395 997 5446 vir
1026 5390 1418 5445 Cascharorum
1462 5390 1695 5461 ejusdem
1738 5394 1964 5461 regionis

389 5464 536 5517 urbis
566 5463 863 5533 episcopus)
887 5464 998 5533 ejus
1025 5463 1267 5531 impietas
1301 5462 1505 5532 egregie
1531 5460 1966 5532 abundanterque

388 5532 664 5603 confutata
690 5542 785 5586 est.
814 5532 944 5586 Inde
976 5533 1047 5603 iob
1073 5533 1441 5603 ignominiam,
1467 5547 1628 5603 quam
1652 5546 1745 5603 nec
1767 5547 1830 5585 ea:
1857 5534 1971 5602 opi-

389 5600 517 5657 nato
532 5617 726 5674 passus
750 5612 848 5667 est,
874 5600 1107 5674 fugiens,
1126 5603 1196 5655 ad
1220 5600 1967 5674 DiodoridemiCa‘scharorum

389 5670 617 5744 regionis
662 5670 1101 5744 oppiduni'clam
1144 5674 1378 5744 accessit,
1416 5673 1503 5744 ubi
1553 5673 1609 5725 in
1638 5670 1966 5742 Tryphonem

388 5741 598 5811 (verius
634 5741 705 5798 ab
727 5741 851 5799 aliis
885 5745 941 5797 in
964 5741 1278 5813 Diodorum)
1302 5743 1582 5813 quemdam
1606 5741 1822 5795 sacrum
1844 5760 1967 5812 pro-

386 5815 669 5884 batumque
691 5818 885 5878 virum,
915 5824 964 5867 et
986 5815 1041 5867 in
1073 5813 1381 5884 presbyterii
1404 5814 1575 5884 gradu
1622 5814 1850 5884 positum
1875 5814 1961 5866 in-

385 5882 716 5953 cidens,non
762 5887 1020 5939 minorem
1070 5882 1419 5955 ignominiam
1462 5882 1701 5955 pertulit.
1746 5882 1885 5949 Quin
1911 5891 1962 5937 et

698 5981 975 6042 ΡΑτιιοῐι.
1008 5980 1125 6042 Gn.
1175 5978 1405 6040 LXVII.

2061 5111 2173 5181 ipse
2195 5107 2486 5163 Archelaus
2528 5106 2792 5162 Manetem
2834 5108 2962 5162 illuc
2986 5109 3256 5181 advenisse
3298 5124 3633 5181 cognoscens,

2062 5191 2177 5234 erat
2200 5182 2339 5233 enim
2364 5180 2445 5233 vir
2478 5195 2619 5242 acer,
2647 5188 2693 5231 et
2716 5181 2925 5249 pictatis
2948 5180 3058 5233 zelo
3080 5180 3376 5245 succensus,
3405 5183 3474 5234 ad
3495 5183 3636 5236 idem

2061 5251 2312 5321 Oppidum
2361 5251 2598 5313 accessit,
2641 5258 2690 5301 et
2736 5250 3063 5320 deceptorem
3107 5251 3264 5304 illum
3311 5254 3381 5304 ad
3429 5252 3636 5307 consilii

2062 5322 2297 5391 inopiam
2325 5321 2615 5381 redactum,
2644 5328 2691 5371 et
2716 5322 3019 5389 confusione
3042 5338 3202 5389 quant
3245 5324 3472 5375 maxime
3493 5323 3635 5375 vita-

2062 5391 2151 5445 bat
2210 5392 2498 5461 perfusum,
2543 5391 2735 5461 iterum
2783 5392 2847 5443 iis
2889 5392 3200 5453 rationibus,
3246 5394 3432 5460 quibus
3475 5408 3635 5445 exosa

2064 5462 2177 5532 ejus
2201 5463 2450 5532 dogmata
2497 5460 2769 5532 subvertit,
2799 5470 2848 5512 et
2894 5463 3091 5513 cunctis
3142 5462 3639 5532 deridendaratque

2063 5531 2371 5585 detestanda
2401 5531 2692 5599 proposuit,
2715 5532 2901 5653 {agant
2926 5547 3163 5601 arripere
3183 5534 3365 5601 coegit.
3404 5531 3639 5586 Photius

2063 5603 2285 5653 inlibro
2324 5617 2341 5653 l
2373 5602 2650 5653 Adversus
2687 5601 2714 5653 ii
2738 5602 3028 5653 auichaaos.
3055 5603 3187 5653 Acta
3224 5602 3433 5653 inteara
3469 5602 3639 5653 huius

2063 5603 2285 5656 inlibro
2324 5617 2341 5654 ι
2373 5602 2650 5654 Adversus
2687 5601 3028 5654 Mauiehazos.
3055 5603 3187 5655 Acta
3224 5602 3433 5671 integra
3469 5602 3640 5670 hujus

2063 5671 2473 5741 disputationis,
2506 5686 2627 5741 quae
2648 5671 2919 5741 Baronius
2968 5688 3078 5725 non
3134 5671 3366 5734 viderat,
3408 5672 3639 5725 exhibet

2060 5740 2365 5812 Zaeagnius
2406 5748 2539 5795 tom.
2578 5740 2840 5812 ICollect.
2883 5758 3127 5812 manum.
3170 5752 3406 5795 veterum
3451 5741 3639 5812 Eccler

2058 5810 2263 5954 sia;u)in
2290 5812 2485 5870 Grwa
2519 5828 2581 5865 ac
2610 5811 2835 5865 Latinae.
2871 5811 3017 5883 (Ant.
3060 5813 3188 5883 Pagi
3238 5812 3307 5867 ad
3337 5828 3465 5867 ann.
3496 5810 3634 5878 281,

2059 5899 2116 5938 n.
2188 5922 2200 5936 .

2059 5899 2116 5938 n.
2146 5899 2200 5938 ἂ.

3196 5974 3232 6025 Ε
