4514 6578
846 441 946 496 139

2308 435 2637 494 ROCRATIS

3987 434 4088 491 ί.ίο

845 555 1142 613 curanthtm
1170 556 1220 608 in
1247 569 1439 610 manus
1459 554 1641 609 sumit.
1666 553 1779 608 Rex
1800 569 1933 608 vero
1962 552 2053 622 qui
2080 567 2306 622 puerum
2330 559 2412 611 in-
2446 563 2487 617 Α
2520 554 2628 626 ρὼσ

2305 559 2412 611 ,in-
2446 563 2487 617 Α
2520 554 2718 626 ρὼσας,
2750 553 2853 624 πρὸ
2876 556 2972 624 τῆς
3005 551 3302 624 πύληςτῆς
3341 549 3544 617 πόλεως
3573 553 3865 627 προῦθηκε.
3904 556 4088 611 Ταῦτα

843 659 928 706 ter
965 660 1156 703 manus
1181 648 1298 717 ejus
1337 656 1608 701 mortuum
1641 662 1760 702 esse
1791 645 2023 710 viderat,
2053 645 2325 703 hominem
2355 650 2410 703 in

843 743 1057 799 vincula
1098 742 1292 812 conjici
1319 742 1499 813 jubet.
1525 750 1772 813 extremo
1795 741 2062 811 supplicio
2092 742 2409 812 propediem

842 833 1156 888 aﬂ'ecturus.
1183 832 1385 888 Verum
1421 825 1508 888 ille
1532 850 1598 889 ex
1623 834 1855 890 vinculis
1876 835 2114 906 elapsus,
2139 835 2194 889 in
2231 835 2409 890 Meso-

840 925 1132 994 potamiam
1159 925 1417 996 profugit.
1449 929 1519 980 At
1543 942 1636 982 rex
1665 927 1975 993 Persarum,
2003 927 2109 998 56
2129 935 2414 998 comperto

838 1017 987 1087 quod
1014 1017 1340 1072 Manichacus
1383 1018 1438 1072 in
1462 1018 1571 1073 illis
1612 1019 1862 1090 partibus
1902 1030 2234 1085 moraretur,
2280 1021 2408 1076 inde

840 1106 1069 1176 abrepto
1093 1115 1277 1162 cutem
1305 1107 1517 1163 detrahi
1548 1109 1732 1179 jussit,
1766 1125 1996 1180 eamque
2023 1110 2194 1182 paleis
2216 1112 2407 1182 opple-

843 1208 950 1253 tam
977 1207 1102 1254 ante
1139 1200 1377 1256 civitatis
1417 1212 1603 1272 portas
1641 1202 1921 1274 appendit.
1959 1202 2137 1274 Atque
2171 1204 2286 1260 haec
2308 1221 2408 1260 nos

841 1291 1261 1363 haudquaquam
1305 1293 1601 1349 commenti
1645 1309 1866 1349 sumus:
1917 1293 2012 1351 sed
2059 1310 2129 1350 ex
2166 1295 2409 1366 disputa-

842 1387 989 1440 tione
1019 1385 1253 1455 quadam
1289 1386 1542 1442 Archelai
1579 1386 1977 1443 Cascharorum
2009 1389 2165 1445 urbis
2198 1389 2254 1444 in
2294 1390 2406 1445 Me-

841 1479 1147 1548 sopotamia
1188 1479 1451 1549 episcOpi,
1470 1494 1500 1534 a
1527 1479 1687 1536 nobis
1721 1480 1862 1536 lecta
1887 1483 2280 1552 excerpsimus.
2309 1483 2408 1538 Hic

838 1573 984 1625 enim
1023 1571 1324 1626 Archelaus
1361 1573 1442 1626 ait
1480 1587 1536 1626 se
1568 1588 1692 1627 cum
1737 1573 2030 1628 Manichaee
2071 1575 2189 1644 ipso
2222 1589 2407 1630 coram

839 1663 1170 1732 disputasse,
1196 1671 1253 1718 et
1282 1678 1345 1717 ea
1383 1679 1503 1733 qua:
1535 1664 1788 1733 superius
1811 1679 1841 1717 a
1883 1665 2043 1718 nobis
2087 1667 2255 1721 relata
2280 1675 2408 1722 sunt

838 1755 905 1810 de
926 1755 1074 1811 illius
1107 1757 1216 1811 vita
1244 1764 1653 1811 commemorat.
1682 1757 1847 1811 Bonis
1875 1757 2040 1828 igitur
2063 1759 2247 1822 rebus,
2275 1771 2407 1814 tunc

836 1863 961 1902 cum
1006 1847 1240 1902 maxime
1265 1847 1483 1910 ﬂorent,
1514 1848 1675 1912 livor,
1721 1859 1778 1903 ut
1810 1848 1942 1914 dixi,
1976 1851 2222 1905 insidiari
2248 1832 2402 1906 solet.

2512 643 2567 696 δέ
2623 645 2796 715 ἡμεῖς,
2849 644 2906 696 οὐ
2961 644 3264 708 πλάσαντες
3315 642 3566 714 λέγομεν,
3618 647 3755 701 ἀλλὰ
3790 647 3879 701 διὰ
3928 647 4085 717 λόγου

2526 737 2817 809 Ἀρχελάου
2852 736 2964 809 (25)
2998 737 3092 792 τοῦ
3124 739 3422 792 ἐπισκόπου
3456 739 3784 812 Κασχάρων,
3823 742 3952 811 μιᾶς
3981 741 4087 795 τῶν

2512 831 2568 884 ἐν
2599 830 2996 902 Μεσοποταμίᾳ
3032 830 3268 898 πόλεων,
3315 831 3624 902 ἐντυχόντες
3682 833 4082 905 συνηγάγομεν.

2510 922 2683 986 Marb;
2727 923 2836 994 γὰρ
2895 922 3187 994 ’Δρχέλαος
3224 923 3570 994 διαλεχθῆναι
3599 921 3747 993 αὺτῷ
3781 939 3913 994 φησι
3945 923 4088 976 κατὰ

2510 1017 2821 1088 πρόσωπον,
2857 1018 2950 1072 καὶ
2969 1017 3037 1071 τὰ
3067 1017 3534 1090 προγεγραμμένα
3559 1018 3638 1080 είς
3665 1015 3756 1068 τὸν
3781 1015 3894 1086 βίον
3918 1015 4084 1068 αὑτοῦ

2509 1109 2799 1162 ἐκτίθεται.
2835 1109 2960 1174 Τοῖς
3001 1104 3093 1163 οὖν
3125 1109 3348 1178 ἀγαθοῖς
3376 1109 3770 1180 ἐνακμάζουσιν
3805 1111 3834 1163 ό
3872 1108 4080 1178 φθόνος,

2510 1200 2652 1254 καθὰ
2679 1200 2838 1272 ἔφην,
2871 1200 3177 1274 ἐφεδρεύειν
3209 1200 3374 1272 φιλεῖ.
3405 1201 3501 1265 Τίς
3527 1201 3584 1255 δέ
3613 1202 3646 1273 ὴ
3673 1200 3841 1266 αἰτία,
3863 1200 3929 1253 δι’
3957 1202 4021 1270 ἣν
4055 1202 4084 1251 ό

2508 1292 2710 1361 ἀγαθὸς
2740 1294 2872 1360 Θεὸς
2897 1294 3056 1350 τοῦτο
3082 1294 3326 1365 γίνεσθαι
3354 1297 3644 1366 συγχωρεῖ,
3676 1294 3905 1364 πότερον
3944 1311 4009 1361 γυ
4019 1311 4083 1363 μ-

2508 1386 2668 1441 νάσαι
2694 1388 2762 1442 τὰ
2798 1389 2979 1457 ἀγαθὰ
3000 1389 3109 1443 τῶν
3137 1390 3422 1460 δογμάτων
3453 1391 3775 1460 βουλόμενος
3810 1392 3906 1460 τῆς
3956 1388 4080 1440 Ἐκ·

2508 1479 2759 1551 κλησίας,
2784 1483 2878 1536 καὶ
2900 1481 2998 1554 τὴν
3023 1482 3114 1535 ἐπί
3135 1485 3199 1553 τῇ
3227 1483 3407 1537 πίστει
3435 1483 3870 1554 προσγινομένην
3893 1481 4081 1544 ἀλαζο-

2508 1575 2658 1629 νείαν
2699 1576 2987 1629 ἐκκόπτειν
3011 1593 3024 1606 ·
3066 1577 3100 1646 ἦ
3140 1578 3287 1639 ὅπως
3334 1576 3464 1629 ποτέ
3505 1576 3637 1647 ἔχοι,
3669 1575 3934 1646 δυσχερὴς
3983 1576 4080 1645 μὲν

2510 1669 2603 1722 καὶ
2638 1668 2824 1740 μακρὰ
2851 1669 2883 1740 ή
2912 1668 3164 1732 ἀπόδοσις
3185 1685 3196 1696 ·
3231 1670 3330 1722 οὐκ
3363 1670 3632 1740 εὐκαίρως
3673 1669 3728 1721 δέ
3767 1667 3860 1720 νῦν
3891 1667 4076 1730 ἐξετά-

2510 1759 2660 1824 ζεται
2681 1778 2696 1792 ·
2720 1759 2844 1814 οὔτε
2869 1760 2978 1833 γὰρ
3011 1761 3258 1832 δόγματα
3286 1761 3572 1832 πρόκειται
3601 1759 3898 1831 γυμνάζειν
3926 1760 4076 1828 ἡμῖν,

2509 1851 2628 1905 οὔτε
2655 1853 2780 1917 τοὺς
2825 1854 2954 1925 περί
2985 1852 3245 1924 Προνοίας
3277 1852 3372 1906 καὶ
3402 1852 3633 1924 κρίσεως
3665 1851 3758 1904 τοῦ
3792 1851 3925 1904 Θεοῦ
3957 1850 4078 1904 δυσ-

837 1939 1007 1994 Porro
1027 1956 1190 2010 quam
1208 1942 1280 1996 ob
1297 1956 1512 1996 causam
1527 1941 1833 2012 benignitas
1855 1942 1949 1996 Dei
1977 1943 2119 1997 istud
2145 1942 2260 1997 ﬁeri
2286 1959 2410 2012 per—
2439 1926 2480 1980 Β
2516 1961 2620 2016 ευρι

2294 1959 2410 2012 per—
2439 1926 2480 1980 Β
2516 1944 2769 2016 ευρέτους
2816 1945 3003 2014 λόγους
3062 1947 3252 2009 κινεῖν,
3325 1945 3441 1998 ἀλλ’
3491 1945 3730 2016 ἱστορίαν
3777 1945 4077 2013 γεγονότων

837 2033 1047 2099 mittat,
1076 2051 1142 2088 an
1190 2043 1250 2089 ut
1282 2043 1430 2090 recta
1472 2035 1728 2091 Ecclesia:
1751 2035 2000 2106 dogmata
2029 2037 2224 2106 probet
2246 2045 2406 2106 atque

835 2128 1133 2190 examinet,
1169 2135 1224 2182 et
1269 2129 1634 2199 arrogantiam
1668 2144 1790 2198 qum
1831 2128 1959 2183 ﬁdei
1998 2127 2219 2182 adnasci
2247 2129 2406 2194 solet,

2515 2039 2639 2108 περὶ
2667 2037 2764 2101 τὰς
2819 2038 3142 2108 Ἐκκλησίας
3186 2037 3526 2108 πραγμάτων
3559 2037 3634 2101 ὡς
3662 2032 3773 2090 οἷόν
3801 2053 3859 2090 τε
3895 2036 4079 2106 διηγή-

2509 2131 2722 2184 σασθαι.
2762 2131 2948 2195 Ὅπως
2979 2132 3076 2203 μέν
3116 2127 3209 2185 οὖν
3239 2132 3432 2202 μικρὸν
3461 2129 3767 2202 ἔμπροσθεν
3795 2129 3900 2182 τῶν
3924 2129 4075 2181 Κων-

835 2220 1055 2289 penitus
1085 2221 1402 2286 cxscindat;
1440 2237 1507 2276 an
1533 2222 1603 2276 ob
1642 2223 1804 2277 aliam
1829 2237 2214 2293 quamcunque
2245 2223 2411 2277 ratio—
2509 2241 2618 2278 arar

2293 2223 2411 2276 itio-
2509 2224 2786 2278 σταντίνου
2863 2225 3069 2294 χρόνων
3130 2225 3163 2294 ή
3227 2221 3545 2294 Μανιχαίων
3615 2221 3883 2293 παρεφύει
3945 2220 4076 2289 θρη-

832 2329 981 2379 nem,
1007 2313 1242 2369 diﬂicilis
1273 2330 1335 2370 ac
1364 2316 1572 2386 prolixa
1605 2325 1688 2371 est
1708 2316 2027 2387 disputatio,
2054 2333 2156 2372 nec
2194 2333 2224 2372 a
2249 2315 2409 2371 nobis
2511 2333 2615 2369 σκει

2294 2315 2409 2371 obis
2511 2320 2664 2369 σκεία
2707 2316 2842 2385 (25),
2880 2317 3092 2387 εἴρηται
3120 2333 3132 2346 ⁸
3182 2315 3567 2386 ἐπανέλθωμεν
3594 2314 3649 2367 δέ
3680 2315 3773 2367 ἐπὶ
3798 2314 3921 2376 τοὺς
3951 2313 4077 2383 χρό-

833 2407 1118 2462 commode
1151 2423 1296 2462 nunc
1325 2410 1652 2478 pertractari
1684 2419 1882 2480 potest.
1918 2410 2037 2465 Non
2070 2411 2215 2465 enim
2247 2408 2409 2464 nobis
2507 2427 2616 2472 νῦυς

1647 2414 1652 2463 i
1684 2419 1882 2480 potest.
1918 2410 2037 2465 Non
2070 2411 2215 2465 enim
2247 2408 2409 2464 nobis
2507 2427 2628 2472 νους
2650 2410 2746 2478 τῆς
2778 2409 3143 2480 προκειμένης
3172 2409 3430 2480 ἱστορίας.

832 2503 1173 2572 propositum
1199 2511 1281 2557 est
1327 2502 1639 2573 dogmatum
1682 2505 1970 2560 veritatem
2007 2505 2340 2569 examinare,
2369 2510 2425 2558 et
2461 2503 2741 2559 abstrusas
2777 2503 3142 2559 Providentiae
3170 2518 3234 2558 ac
3271 2502 3463 2575 judicii
3495 2501 3666 2557 divini
3709 2503 3948 2556 rationes
3985 2515 4077 2550 ex-

830 2603 1052 2661 cutere;
1086 2595 1180 2650 sed
1219 2611 1403 2650 rerum
1443 2595 1499 2650 in
1562 2597 1805 2652 Ecclesia
1869 2605 2143 2668 gestarum
2183 2596 2472 2653 historiam
2507 2611 2610 2668 pro
2659 2597 2861 2650 virium
2929 2605 3241 2651 nostrarum
3309 2596 3531 2651 modulo
3597 2604 3905 2650 contexere.
3955 2590 4077 2657 Quo

832 2689 999 2759 igitur
1042 2687 1206 2744 modo
1255 2683 1674 2745 Manichaeorum
1717 2689 2034 2759 superstitio
2079 2690 2242 2759 paulo
2267 2696 2394 2744 ante
2419 2686 2763 2744 Constantini
2789 2697 3028 2758 tempora
3051 2697 3239 2743 exorta
3270 2689 3360 2754 sit,
3392 2687 3610 2744 abunde
3646 2687 3852 2743 dictum
3903 2698 3986 2741 est
4047 2698 4074 2733 a

832 2781 1008 2837 nobis.
1053 2783 1206 2838 Nunc
1245 2798 1376 2838 vero
1423 2783 1489 2838 ad
1552 2783 1845 2853 propositae
1886 2783 2045 2863 nobis
2089 2784 2332 2839 historia:
2381 2783 2580 2840 seriem
2619 2791 2996 2840 revertamur.

3085 2938 3332 2992 ΚΕΦΑΛ.
3373 2938 3478 2990 Kl"
3491 2982 3504 2996 .

2517 3016 2611 3100 Ὠς
2646 3033 2935 3099 Εὐσέϐιος
2962 3037 2994 3088 ὁ
3015 3031 3430 3102 Νικομηδείας,
3475 3031 3866 3102 καὶΛΘέογνις
3909 3037 3941 3086 ό
3977 3036 4076 3088 Νι-

2575 3092 2749 3172 καίας
2785 3092 3322 3172 ἀναθαρσήσᾶνὲες
3342 3145 3355 3169 ,
3386 3092 3674 3170 σπουδὴν
3722 3092 4072 3170 πεποίηνται

2573 3175 2946 3244 παρατρέψαι
2972 3175 3086 3242 τὴν
3106 3175 3174 3227 ὲν
3203 3174 3417 3242 Νικαίᾳ
3432 3174 3655 3238 πίστιν,
3673 3172 3770 3225 διὰ
3799 3175 3864 3226 τὸ
3890 3191 4071 3227 σχεδι-

2570 3247 2915 3316 ωρήσασθαι
2957 3246 3004 3299 ‘A
3012 3244 3319 3301 θανάσιον.

904 3339 1171 3395 Eusebius
1193 3347 1248 3394 et
1271 3340 1544 3410 Theognis
1569 3338 1637 3394 ab
1659 3339 1851 3393 exsilio
1887 3340 2111 3403 reversi,
2139 3340 2398 3395 ecclesias
2426 3332 2472 3394 C
2574 3340 2635 3392 Ol
2669 3355 2687 3391 ς

2291 3340 2398 3395 sias
2426 3332 2472 3394 C
2574 3340 2635 3392 Ol
2669 3340 2796 3410 περὶ
2827 3336 3084 3391 Εὑσέὸιον
3109 3337 3204 3390 καὶ
3234 3335 3454 3404 Θέογνιν
3478 3335 3579 3407 τῆς
3606 3335 3816 3408 ἐξορίας
3847 3337 3963 3390 ἐπα*
3986 3339 4069 3389 ei-

832 3433 1052 3504 quidem
1080 3449 1204 3488 suas
1245 3440 1592 3502 receperunt,
1616 3432 1874 3502 expulsis,
1904 3433 1981 3486 uti
2024 3432 2278 3496 diximus,
2316 3434 2401 3490 his
2499 3433 2615 3487 Θόντ

2316 3434 2401 3490 his
2499 3433 2701 3496 θόντες,
2729 3431 2827 3495 τὰς
2868 3431 2965 3502 μὲν
2996 3429 3291 3502 ἐκκλησίας
3316 3429 3613 3484 κατέλαϐον
3633 3469 3647 3495 ,
3679 3430 4068 3501 ἐξωθήσαντες,

833 3526 926 3598 qui
962 3527 1017 3580 in
1061 3525 1303 3596 ipsorum
1349 3525 1527 3580 locum
1570 3523 1787 3578 fuerant
1829 3525 2065 3579 ordinati
2130 3523 2400 3579 Caeterum
2496 3525 2616 3590 ὼςὲ

2282 3540 2400 3579 rum
2496 3526 2570 3590 ὡς
2592 3525 2750 3596 ἔφην,
2781 3523 2906 3588 τοὺς
2933 3522 3408 3594 χειροτονηθέντας
3437 3523 3517 3586 εἰς
3555 3521 3645 3575 τὸν
3669 3523 3832 3576 τόπον
3868 3522 4065 3576 αὐτῶν.

834 3618 1126 3673 maximam
1163 3616 1344 3688 adepti
1371 3625 1498 3670 sunt
1533 3617 1911 3671 auctoritatem
1934 3619 2078 3688 apud
2103 3619 2400 3689 imperato-
2498 3619 2617 3688 Παῤ

2287 3625 2400 3673 ato-
2498 3617 2818 3688 Παρρησίαν
2840 3633 2900 3669 τε
2938 3619 2997 3671 οὐ
3029 3615 3125 3688 τὴν
3155 3614 3422 3687 τυχοῦσαν
3467 3617 3764 3688 ἐκτήσαντο
3812 3614 3960 3686 παρὰ
3994 3615 4070 3684 τῷ

835 3725 971 3774 rem,
995 3709 1088 3780 qui
1116 3709 1239 3764 illos
1267 3717 1522 3780 tanquam
1562 3724 1592 3763 a
1631 3707 1762 3763 falsa
1787 3709 1852 3763 ad
1878 3721 2080 3764 rectam
2108 3726 2400 3766 conversos
2499 3707 2618 3780 βασι

2284 3726 2400 3766 rsos
2499 3707 2727 3780 βασιλεῖ,
2749 3707 2807 3770 ὃς
2831 3707 2969 3761 πάνυ
3001 3705 3086 3760 διὰ
3117 3706 3280 3776 τιμῆς
3303 3702 3437 3778 ἦγεν
3463 3706 3657 3769 αὐτοὺς
3681 3747 3695 3771 ,
3727 3705 3801 3770 ὡς
3832 3706 3938 3759 ἀπὸ
3968 3723 4067 3758 κα-

832 3800 1158 3865 doctrinam,
1183 3815 1396 3855 summo
1421 3800 1476 3854 in
1505 3801 1710 3856 honore
1733 3800 1987 3855 habebat.
2017 3801 2097 3855 Illi
2120 3817 2249 3856 vero
2275 3816 2404 3856 con-
2497 3801 2615 3854 κοδο

2284 3816 2404 3856 con—
2497 3800 2738 3867 κοδοξίας
2765 3802 2844 3864 είς
2865 3799 2964 3871 τὴν
2991 3798 3298 3871 ὁρθοδοξίαν
3329 3798 3783 3868 ἐπιστρέψαντας.
3803 3799 3866 3852 Οἱ
3893 3798 3969 3865 δὲ,
4002 3800 4067 3869 τῇ

1429 2942 1576 2997 CAP.
1607 2941 1794 2996 XXIII.

833 3031 1100 3100 Quomodo
1126 3033 1377 3087 Eusebius
1419 3034 1823 3088 Nicomediensis
1867 3043 1916 3088 et
1954 3034 2200 3104 Theognis
2244 3034 2409 3090 Nim-

902 3122 1018 3169 ηαδ,
1039 3114 1304 3174 resumpta
1330 3105 1520 3172 ﬁducia
1542 3105 1808 3160 Nicaznam
1833 3105 1991 3174 ﬁdem
2011 3107 2304 3160 subvertere
2325 3124 2408 3161 ce-

903 3178 1016 3229 nati
1041 3184 1181 3241 sunt,
1206 3177 1416 3229 structis
1440 3177 1728 3231 Athanasio
1752 3177 1972 3230 insidiis.

832 3907 985 3948 cessa
1014 3891 1148 3963 ipsis
1191 3892 1444 3947 libertate
1479 3893 1656 3959 abusi,
1685 3893 1857 3947 multo
1893 3894 2197 3964 graviorem
2240 3907 2402 3962 quam

831 3985 923 4056 qui
948 3991 1108 4040 antea
1131 3983 1326 4049 fuerat,
1357 3985 1650 4039 tumultum
1669 3984 1724 4038 in
1750 3984 1882 4039 orbe
1907 3991 2176 4038 terrarum
2202 3983 2404 4038 excita-

830 4088 1049 4142 verunt,
1096 4077 1308 4134 duabus
1331 4078 1602 4150 praecipue
1625 4058 1807 4133 causis
1845 4092 1940 4134 eos
1975 4077 2400 4148 impellentibus,

831 4183 945 4231 tum
971 4175 1084 4230 Arii
1109 4174 1363 4246 opinione
1386 4191 1491 4246 qua
1509 4173 1838 4247 jampridem
1858 4173 2119 4246 implicati
2143 4173 2404 4228 teneban-

2495 3893 2712 3965 δοθείσῃ
2731 3893 3014 3965 παρρησίᾳ
3042 3892 3539 3963 καταχρησάμενοι,
3567 3889 3788 3962 μείζονα
3816 3889 3914 3960 τῆς
3944 3909 4070 3963 προ-

2495 3983 2767 4056 λαὸούσης
2795 3984 3040 4056 ταραχὴν
3092 3987 3159 4056 τῇ
3195 3985 3482 4057 οἰκουμένῃ
3532 3984 3810 4054 ἐκίνησαν,
3859 3983 4070 4054 διχόθεν

2496 4077 2825 4150 ὁρμώμενοι,
2847 4079 2910 4132 ἐκ
2924 4095 2984 4132 τε
3011 4079 3106 4150 τῆς
3128 4077 3611 4151 προκατασχούσης
3633 4078 3830 4142 αὐτοὺς
3867 4078 4070 4150 Ἀρεια-

2499 4175 2598 4244 νῆς
2631 4171 2810 4243 δόξης,
2846 4173 2940 4226 καὶ
2967 4172 3033 4226 ἐκ
3059 4171 3156 4243 τῆς
3188 4172 3321 4244 πρὸς
3362 4171 4054 4243 Ἀθανάσιονιιάπεχθείας,

2023 4332 2286 4388 VALESII
2324 4333 2873 4390 ANNOTATIONES.

899 4448 1009 4521 (25)
1053 4452 1227 4504 Ἀλλὰ
1254 4450 1352 4503 διὰ
1406 4452 1590 4520 ,λόγου
1646 4445 1983 4521 Ἀρχελάου.
2024 4447 2388 4521 scribendum

826 4518 917 4592 ρει
933 4518 1160 4591 διαλόγῳ
1197 4518 1504 4592 Ἀρχελάου.
1554 4520 1811 4592 Sequitur
1855 4518 2021 4592 enim
2052 4519 2383 4592 ἐντυχόντες.

827 4591 926 4663 llic
974 4589 1611 4663 Archelaus"episc0pus
1644 4589 2093 4663 ’Mesopotamiae,
2134 4590 2382 4663 disputa-

829 4662 1030 4716 tionem
1059 4678 1220 4732 quam
1246 4659 1527 4718 habuerat
1544 4663 1805 4732 adversus
1850 4659 2231 4724 Manicheum,
2247 4661 2380 4732 Syro

829 4680 1030 4716 uoncm
1059 4680 1220 4732 quam
1246 4680 1512 4718 naoucrat
1544 4680 1805 4717 adversus
1850 4680 2225 4724 mamenaeum,
2247 4680 2282 4716 δ
2304 4680 2380 4715 το

827 4748 1079 4804 sermone
1113 4735 1437 4804 composuit,
1468 4749 1588 4804 quze
1619 4733 1681 4804 in
1704 4730 1948 4786 Graecum
1986 4732 2243 4804 translata
2285 4680 2386 4786 iia-
2421 4741 2468 4800 ι)

827 4803 986 4858 betur
1012 4821 1042 4858 a
1078 4801 1283 4867 multis,
1318 4813 1377 4857 ut
1399 4801 1589 4860 scribit
1639 4803 2000 4872 Hieronymus
2042 4801 2096 4855 in
2143 4802 2285 4858 libro
2313 4804 2388 4858 De

825 4875 1187 4944 scriptoribus
1233 4875 1636 4930 ecclesiasticis.
1656 4874 1804 4944 Ejus
1841 4871 2225 4944 disputationis
2271 4890 2388 4928 me-

828 4942 986 4997 minit
1009 4945 1173 5000 etiam
1193 4945 1428 5016 Cyrillus
1450 4942 1975 5014 Hierosolymitanus
2009 4943 2066 4997 in
2103 4944 2389 5016 Catechesi

827 5015 1392 5087 scxta.llujusoperis
1439 5017 1797 5087 fragmentum
1846 5029 2152 5087 penes__me
2192 5015 2389 5087 habeo,

827 5102 935 5154 quo
956 5082 1269 5141 continetur
1294 5082 1701 5156 historia‘impii
1747 5101 1810 5140 ac
1849 5082 2050 5153 perfidi
2083 5083 2385 5140 Manichwi.

830 5157 935 5212 Sed
966 5157 1270 5228 disputatio
1308 5159 1428 5228 ejus
1469 5174 1591 5214 cuin
1632 5156 1902 5210 Archelao
1955 5156 2234 5225 episcopo,
2269 5171 2392 5226 quae

2499 4449 2565 4504 ad
2603 4449 2804 4521 calcem
2830 4447 3072 4521 historia:
3095 4445 3327 4521 adtexta
3355 4455 3494 4521 erat,
3515 4447 3878 4521 desideratur.
3899 4450 4066 4521 Cujus

2493 4520 2617 4575 loco
2639 4519 2920 4589 subjicitur
2951 4518 3181 4589 epistola
3203 4517 3457 4572 Archelai
3487 4518 3576 4589 ad,
3610 4518 3906 4574 Diodorum
3940 4517 4064 4589 pre-

2489 4588 2787 4661 sbyterum.
2815 4589 2928 4661 Hoc
2957 4588 3368 4661 monumentum
3400 4588 3649 4644 Emerico
3676 4589 3886 4661 Bigotio
3916 4588 3975 4647 ν.
3999 4591 4061 4647 C.

2486 4659 2610 4715 cum
2643 4660 2828 4714 multis
2867 4659 2987 4713 aliis
3019 4659 3213 4714 debeo.

2564 4730 2674 4813 (24)
2758 4728 3548 4813 ἸρΜαν-ιχαίωζπροεφρει
3603 4733 3908 4813 θρησκεία.
3949 4734 4057 4813 Ile-

2493 4799 2703 4874 ctiusin
2734 4800 2921 4874 codice
2941 4799 3140 4874 Leonis
3159 4799 3643 4874 Allatiiscriptum
3664 4811 3747 4857 est
3771 4805 4057 4874 παρεφύει.

2493 4872 2587 4944 Sic
2608 4873 2754 4926 enim
2778 4871 3022 4944 loquitur
3052 4871 3308 4944 Socrates
3349 4872 3425 4944 in_
3449 4873 3724 4944 principio
3774 4871 3936 4944 hujus
3965 4889 4060 4929 ca-

2493 4943 2661 5014 pitis:
2701 4940 2954 5012 παρεφύη
3005 4942 3114 5012 γὰρ
3149 4942 3356 5064 ἔκχεον
3403 4940 3714 5014 ἔμπροσθεν
3753 4940 3862 4995 τῶν
3901 4947 4058 4998 Κων-

2498 5014 2773 5064 σταντίνου
2804 5013 3008 5064 γοόνων
3040 5013 3116 5063 τῶ
3185 5011 3247 5064 λη
3289 5014 3744 5064 εῖγοιστιανισμῶ
3772 5014 4058 5064 ἐλλτνίῖων

2498 5011 2773 5066 σταντίνου
2804 5013 3019 5084 χρόνων.
3040 5011 3116 5081 τῷ
3149 5011 3744 5084 ᾁληθεῖχριστιανισμῷ
3772 5014 4058 5084 ἑλληνίζων

2496 5082 2926 5155 χριστιανισμός.
2973 5082 3291 5155 bletaphora
3341 5092 3426 5138 est
3474 5099 3506 5138 a
3540 5082 3671 5139 lolio
3718 5082 3774 5140 et
3810 5082 4053 5150 ziianiis,

2495 5152 2616 5224 quae
2639 5153 2915 5208 frumento
2953 5152 3170 5207 adnasci
3194 5154 3387 5207 solent.

2275 5310 2359 5366 VA
2366 5310 2649 5369 RIORUM.

902 5443 928 5482 δ
961 5439 1112 5507 Πρὸς
1148 5437 1514 5493 Ἀθανάσιον.
1540 5428 2260 5507 Athanasius,Alexandriae
2277 5430 2381 5507 ho-

826 5500 1336 5582 nestis'parentibus
1359 5515 1539 5582 natus,
1574 5507 1642 5560 ab
1666 5502 1994 5582 Alexandro
2021 5500 2224 5582 ibidem
2265 5501 2383 5570 epi-

826 5596 991 5650 scopo
1019 5574 1283 5636 'notarius
1337 5587 1393 5634 et
1433 5579 1790 5652 diaconorum
1823 5574 2211 5652 primicerius
2242 5587 2376 5652 con-

828 5642 1050 5724 stitutus
1080 5659 1182 5706 est.
1219 5652 1277 5705 In
1306 5650 1517 5724 synodo
1548 5650 1778 5724 Nycaana
1806 5642 2138 5724 Alexandro,
2184 5642 2375 5724 Arium

824 5720 1038 5794 fortiter
1067 5717 1421 5794 oppugnanti,
1446 5717 1944 5794 mira'dcxtcritate
1984 5717 2260 5794 suppetias
2288 5723 2376 5766 tu-

825 5792 906 5856 ιη,
947 5801 1004 5848 et
1045 5787 1415 5865 disputatione
1445 5793 1628 5846 habita
1680 5787 1923 5865 hmretici
1965 5787 2238 5865 versutioas
2284 5802 2378 5838 cx-

825 5864 1078 5933 pugnavit
1103 5881 1117 5928 ;
1138 5857 1303 5918 'unde
1329 5880 1423 5933 per
1445 5872 1610 5917 totam
1641 5861 1803 5933 vitam
1833 5859 2061 5933 Arianos
2083 5857 2184 5909 sibi
2213 5871 2374 5924 quam

824 5929 1217 5990 infensissimos
1263 5929 1519 6006 expertus
1559 5941 1661 5988 est.
1710 5931 1918 6001 Elapsis
1966 5929 2206 5997 quinque
2255 5935 2375 5997 post

2490 5429 2760 5503 synodum
2799 5435 3100 5501 mensibus,
3125 5443 3343 5489 mortuo
3381 5433 3709 5497 Alexandro,
3746 5448 3889 5487 anno
3930 5433 4052 5499 5‘26,

2491 5504 2769 5575 communi
2801 5503 3211 5561 Catholicorum
3236 5503 3498 5575 suffragio
3549 5505 3806 5559 Ecclesia:
3826 5503 4056 5560 Alexan-

2484 5574 2656 5630 drina:
2708 5575 3041 5642 praeficitur,
3101 5576 3277 5630 ablatis
3322 5574 3432 5630 suat
3482 5591 3663 5639 anno,
3707 5584 3766 5628 ut
3799 5576 4053 5643 videtur,

2483 5660 2668 5717 xxviii.
2691 5645 2827 5700 Vide
2850 5648 2969 5716 ejus
2991 5647 3307 5717 Apologiam
3331 5662 3388 5708 ιι,
3423 5663 3476 5716 p.
3503 5647 3634 5717 726,
3661 5646 3753 5699 ubi
3785 5646 4055 5701 refutatur

2483 5716 2753 5772 calumnia
2807 5716 3155 5781 Arianorum,
3199 5718 3291 5787 qui
3333 5718 3582 5771 dixerant
3614 5716 3968 5770 Athanasium
4022 5733 4053 5774 τι

2483 5799 2690 5857 septem
2744 5799 2952 5843 tantum
3009 5789 3282 5859 episcopis
3329 5791 3468 5842 clam
3522 5790 3834 5859 ordinatum
3886 5787 4052 5859 fuisse

2483 5869 2668 5914 contra
2693 5860 3028 5917 voluntatem
3047 5857 3306 5915 omnium
3365 5859 3719 5928 reliquorum.
3752 5857 3913 5924 (λινε,
3942 5858 4046 5913 Du~

2483 5945 2587 5982 ΗΝ.
